2254 3225
203 211 253 238 An.
271 211 299 240 C.
322 213 388 239 1602
434 206 497 238 (ΗΟ
960 216 1136 240 ssutmmmi
1163 217 1315 241 nomnen

394 265 552 305 regularis
584 264 807 297 observantiae
842 264 941 297 sancti
970 265 1127 298 Bernardi
1148 270 1201 317 1οἱ
1225 265 1449 308 prohibemus,
1488 276 1523 298 ac
1559 265 1590 297 in
1626 267 1742 298 virtute
1775 269 1902 298 sanctae

394 326 568 357 regnorum
589 317 756 357 Castellae,
775 328 877 361 aeque
895 328 931 351 ac
949 318 974 350 si
991 328 1052 362 pro
1073 317 1127 351 ea¹
1170 317 1375 351 obedientiae
1388 318 1564 351 districtius
1575 318 1807 362 praecipiendo
1818 328 1903 350 man-

394 368 585 402 nominatim
621 369 725 403 editae
752 370 898 410 fuissent,
923 371 984 403 sub
1014 370 1128 413 poenis
1149 385 1150 400 ι
1170 370 1294 410 damus,
1313 381 1353 403 ne
1377 370 1463 404 ullo¹
1482 382 1623 414 unquam
1650 377 1809 414 tempore,
1836 381 1901 403 non

394 421 544 455 omnibus
562 423 592 455 in
611 423 675 455 illis
694 423 982 456 constitutionibus
1001 434 1039 455 eo
1057 423 1127 465 ipso
1169 424 1271 455 solum
1298 423 1335 456 de
1361 424 1549 456 huiusmodi
1574 424 1690 464 causis,
1723 424 1779 456 sed
1806 423 1900 456 etiam

394 474 611 515 incurrendis,
624 475 776 508 inviolate
789 481 949 519 perpetuo
959 475 1127 508 observari
1146 513 1147 516 Ἴ
1169 475 1207 507 de
1233 475 1489 518 quibuscumque
1510 476 1580 508 aliis
1597 476 1695 509 rebus
1715 481 1746 509 et
1762 476 1901 518 negotiis

395 527 514 559 debere
551 528 757 561 decernimus
795 534 828 561 et
854 529 1053 561 mandamus.
1092 527 1130 559 Et
1168 525 1447 569 Congregationis,
1462 528 1499 560 ad
1515 538 1901 571 quascumquepersonas

393 580 609 614 nihilominus
624 581 684 614 hac
698 583 808 614 nostra
822 585 980 624 perpetuo
992 580 1128 613 valitura
1168 581 1351 613 saeculares
1377 585 1409 613 et
1426 581 1659 614 ecclesiasticas
1677 586 1767 613 extra
1784 581 1901 613 dictam

395 634 629 667 constitutione
656 634 815 666 sancimus
842 644 879 666 ac
903 632 1073 678 statuimus
1098 637 1129 664 et
1148 661 1150 664 .
1169 630 1472 675 Congregationem,
1499 633 1594 666 etiam
1619 644 1725 677 reges,
1750 634 1847 667 duces
1872 638 1903 666 et

393 686 579 719 ordinamus
601 697 660 729 pro
678 686 846 729 perpetuis
866 685 981 718 suturis
1004 690 1128 728 tempo·
1148 713 1151 718 ,
1169 685 1248 717 alios
1265 679 1432 729 principes
1450 687 1648 726 saeculares,
1664 696 1790 720 necnon
1808 698 1903 730 quos-

392 739 482 772 ribus
507 740 560 772 ιη’
584 740 662 772 nulli
684 739 818 772 omnino
843 738 1128 782 personae-dictae
1168 748 1304 782 cumque
1330 737 1361 771 in
1387 739 1603 772 ecclesiastica
1635 740 1793 783 dignitate
1826 751 1903 773 con-

393 791 662 834 Congregationis
700 792 860 834 regularis
900 791 1128 825 observantiae
1168 791 1306 832 stitutos,
1342 792 1622 837 archiepiscopos,
1663 794 1834 837 episcopos
1873 799 1904 827 et

393 845 496 877 sancti
516 845 669 877 Bernardi
689 845 784 877 liceat
800 845 838 877 ab
853 844 1126 884 ordinationibus,
1169 845 1250 877 alios
1287 845 1526 879 ecclesiasticos
1552 848 1730 890 praelatos,
1757 848 1901 880 scribere

391 897 642 936 visitationibus,
676 897 945 937 correctionibus,
977 897 1129 930 reforma·
1168 897 1279 940 culpas
1314 898 1541 941 religiosorum
1573 905 1604 932 et
1628 911 1752 943 poenas
1786 901 1902 944 quibus

392 950 547 990 tionibus,
573 950 821 993 privationibus,
856 949 1126 993 depositionibus,
1168 949 1364 992 plectuntur,
1384 957 1415 984 et
1439 952 1516 985 alias
1541 963 1605 993 res,
1632 964 1713 996 quae
1739 954 1901 987 extraneis

392 1003 527 1046 aliisque
549 1004 662 1046 poenis
687 1009 719 1036 et
738 1004 906 1036 sententiis
924 1014 1053 1037 suorum
1072 1005 1128 1036 ab·
1146 1027 1148 1031 «
1167 1004 1317 1046 personis
1341 1009 1419 1038 nota
1445 1015 1516 1038 esse
1541 1006 1674 1039 minime
1701 1007 1802 1048 decet,
1838 1013 1900 1040 tarn

1912 217 1959 243 Au,
1977 217 2004 243 C.
2028 219 2093 245 mot

391 1057 510 1095 batum,
535 1057 748 1097 visitatorum,
775 1058 980 1100 aliorumque
1005 1058 1127 1100 praela·
1146 1039 1148 1093 i
1167 1066 1228 1099 per
1252 1056 1378 1089 litteras
1396 1062 1427 1090 et
1447 1059 1664 1099 memorialia,
1682 1070 1776 1103 quam
1798 1065 1902 1093 orete-

393 1115 509 1148 torum,
534 1120 590 1142 seu
618 1109 714 1142 etiam
744 1110 868 1142 abbatis
901 1110 1127 1144 reformatoris

391 1162 553 1203 generalis
578 1163 722 1195 eiusdem
741 1163 1021 1206 Congregationis,
1036 1164 1074 1196 ad
1095 1174 1127 1196 a·
1146 1146 1147 1186 i

390 1217 514 1259 liquem
539 1216 676 1250 iudicem
694 1217 757 1250 sive
776 1217 1032 1251 ecclesiasticum
1059 1218 1125 1251 sive

390 1271 599 1309 saecularem,
615 1276 668 1302 aut
687 1271 781 1303 aliam
800 1282 1039 1314 quamcumque
1056 1282 1126 1315 per-

390 1332 502 1355 sonam
540 1323 649 1366 quavis
687 1324 879 1358 auctoritate
905 1331 935 1357 et
960 1324 1126 1367 dignitate,

391 1375 487 1407 etiam
514 1376 645 1417 regali³‚
666 1377 780 1415 ducali,
800 1382 855 1409 aut
872 1378 933 1410 alia
950 1378 1124 1417 mundana,

390 1434 445 1460 aut
463 1428 557 1460 etiam
576 1429 862 1472 archiepiscopali,
881 1431 1061 1474 episcopali
1076 1433 1125 1465 vel

390 1482 450 1513 alia
476 1481 693 1514 ecclesiastica
719 1483 988 1525 praefulgentem,
1014 1485 1127 1527 appel-

389 1535 467 1573 lare,
494 1541 547 1567 aut
571 1535 649 1568 alias
675 1546 806 1578 quoquo
831 1537 927 1569 modo
958 1547 1125 1570 recursum

390 1587 532 1627 liabere;
552 1588 606 1620 sed
626 1588 664 1620 ab
690 1598 803 1621 eorum
828 1590 1053 1632 superioribus
1079 1601 1126 1623 or-

390 1640 524 1673 dinariis
555 1642 593 1674 ad
627 1641 776 1674 abbatem
806 1643 1002 1685 generalem,
1030 1648 1062 1676 et
1086 1643 1124 1676 ab

390 1693 448 1726 illo
466 1694 504 1726 ad
519 1694 691 1736 capitulum
706 1694 941 1734 intermedium,
958 1701 989 1728 et
1006 1697 1045 1728 ab
1063 1695 1125 1729 isto

389 1746 428 1778 ad
455 1746 631 1788 capitulum
650 1747 802 1788 generale
820 1757 1003 1787 recurrere,
1024 1753 1055 1781 et
1073 1759 1124 1781 co-

389 1809 458 1831 ram
473 1798 517 1831 eis
536 1799 575 1831 de
595 1809 706 1831 eorum
727 1798 851 1832 iuribus
870 1800 1019 1842 experiri,
1038 1801 1124 1834 iuxta

389 1850 464 1883 dicti
481 1850 609 1883 Ordinis
628 1857 658 1883 et
672 1851 937 1894 Congregationis
955 1853 1125 1896 privilegia

389 1909 421 1935 et
434 1903 597 1945 regularia
615 1903 773 1943 instituta,
794 1911 980 1946 teneantur;
999 1916 1017 1938 a
1032 1917 1126 1949 prae-

389 1956 474 1988 dicto
507 1961 613 1989 tamen
645 1956 787 1999 capitulo
813 1959 955 1999 generali
980 1969 1041 2002 pro
1068 1970 1125 1992 no-

389 2007 471 2042 toria
496 2014 527 2042 et
547 2009 718 2042 manifesta
743 2010 910 2051 iniustitia,
931 2021 966 2043 ac
983 2012 1014 2044 in
1032 2023 1125 2046 even-

388 2067 454 2094 tum
474 2061 650 2104 denegatae
677 2063 830 2104 iustitiae,
850 2064 887 2097 ad
906 2064 1021 2098 Sedem
1040 2066 1125 2108 Apo-

389 2115 545 2155 stolicam,
566 2121 601 2148 ut
617 2116 815 2159 praefertur,
835 2117 998 2150 dumtaxat
1015 2129 1125 2152 recur-

1167 1120 1237 1149 nus,
1255 1120 1314 1152 per
1332 1120 1365 1143 se
1382 1111 1430 1143 vel
1446 1111 1656 1154 peraliquam
1675 1112 1900 1157 interpositam

1166 1164 1353 1204 personam,
1387 1163 1509 1196 directe
1533 1165 1582 1197 vel
1607 1164 1778 1206 indirecte,
1806 1166 1901 1199 tacite

1167 1216 1216 1248 vel
1235 1225 1395 1259 expresse,
1415 1217 1529 1259 quovis
1547 1218 1696 1260 quaesito
1716 1219 1827 1252 colore
1852 1221 1900 1253 vel

1167 1267 1296 1310 ingenio
1329 1269 1511 1311 significare
1537 1276 1567 1303 et
1592 1276 1683 1303 notas
1712 1271 1837 1312 facere,
1864 1273 1902 1306 de

1167 1331 1278 1353 eorum
1312 1322 1466 1364 praelatis
1502 1328 1556 1355 aut
1587 1324 1626 1356 de
1659 1324 1810 1357 omnibus
1848 1331 1903 1358 aut

1167 1374 1304 1416 singulis
1329 1375 1499 1418 utriusque
1532 1387 1624 1409 sexus
1654 1378 1794 1410 eiusdem
1821 1379 1902 1412 Con-

1167 1427 1366 1468 gregationis
1392 1429 1597 1470 regularibus
1616 1431 1765 1473 personis
1791 1442 1901 1474 supra-

1166 1470 1339 1512 nominatis
1379 1491 1479 1523 peues
1519 1483 1700 1524 praedictas
1743 1494 1899 1526 personas

1166 1533 1349 1576 conquesti,
1377 1539 1429 1566 aut
1454 1545 1562 1567 coram
1588 1535 1653 1568 illis
1686 1537 1794 1580 aliqua
1818 1538 1902 1580 ipso-

1167 1596 1237 1618 rum
1263 1587 1483 1629 praelatorum
1509 1593 1540 1620 et
1566 1588 1725 1622 dictarum
1750 1601 1900 1633 persona-

1166 1649 1238 1671 rum
1274 1639 1409 1672 crimina
1440 1640 1594 1681 obiicere,
1621 1647 1676 1674 aut
1699 1642 1760 1675 alia
1786 1644 1899 1684 facem,

1166 1691 1284 1732 dicere,
1303 1697 1452 1732 tractare,
1470 1703 1551 1736 quae
1570 1694 1609 1727 ad
1627 1695 1820 1737 religionem
1846 1708 1900 1730 seu

1166 1744 1337 1787 religiosos
1363 1745 1451 1788 ipsos
1469 1747 1668 1789 pertineant,
1688 1749 1828 1782 audeant
1844 1760 1901 1783 seu

1165 1804 1387 1840 praesumant.
1414 1797 1470 1836 Qui
1495 1810 1571 1832 vero
1604 1800 1634 1833 in
1669 1801 1778 1845 aliquo
1808 1814 1903 1846 prae—

1166 1850 1337 1884 missorum
1363 1857 1476 1884 contra
1500 1854 1721 1896 praesentium
1754 1860 1899 1888 tenorem

1165 1903 1275 1936 venire
1301 1909 1356 1936 aut
1387 1904 1509 1948 aliquid
1543 1911 1702 1940 attentare
1734 1918 1902 1951 praesum-

1165 1957 1300 1999 pserint,
1341 1967 1395 1989 eos
1432 1959 1777 1994 excommunicationis
1818 1962 1900 1995 latae

1165 2010 1357 2049 sententiae,
1387 2021 1422 2042 ac
1448 2017 1626 2054 perpetuae
1652 2013 1842 2056 privationis
1868 2026 1901 2047 a-

1166 2063 1266 2097 ctivae
1292 2069 1322 2096 et
1347 2064 1494 2107 passivae
1520 2065 1618 2106 vocis,
1641 2077 1676 2099 ac
1695 2067 1898 2110 dignitatum,

1166 2118 1342 2150 officiorum
1362 2123 1392 2150 et
1410 2117 1725 2152 administrationum
1745 2131 1899 2163 quorum-

388 2178 463 2200 rere
489 2168 628 2201 valeant.
654 2169 790 2212 Insuper
814 2170 960 2203 eiusdem
986 2170 1126 2214 Congre-
1144 2181 1148 2216 g
1165 2180 1309 2213 cumque,
1331 2169 1609 2213 inliabilitatisque
1635 2172 1673 2203 ad
1699 2171 1755 2204 illa
1780 2178 1811 2205 et
1835 2173 1898 2206 alia

389 2220 530 2262 gationis
569 2221 676 2253 abbati
718 2222 920 2256 reformatori
961 2225 1122 2266 generali,
1165 2223 1195 2255 in
1211 2228 1376 2265 posterum
1390 2223 1576 2263 obtinenda,
1593 2225 1797 2268 carcerisque
1814 2237 1898 2259 man-

389 2272 527 2315 aliisque
545 2273 728 2313 abbatibus,
744 2274 928 2314 abbatissis,
944 2276 1120 2319 prioribus,

388 2324 564 2368 priorissis,
589 2325 770 2365 monachis,
797 2327 1005 2368 monialibus,
1034 2334 1066 2361 et
1088 2340 1124 2362 u-

388 2377 526 2410 niversis
552 2382 583 2410 et
607 2377 742 2419 singulis
760 2378 928 2422 utriusque
954 2390 1048 2413 sexus
1073 2392 1124 2414 re-

389 2430 553 2473 gularibus
567 2431 713 2473 personis
725 2437 885 2474 perpetuo
900 2432 1122 2468 interdicimus

428 2511 433 2535 l
459 2509 527 2534 Edit.
544 2509 623 2535 Main.
639 2509 702 2543 legit
716 2518 769 2544 per
789 2518 820 2537 ea
840 2511 876 2540 (R.
893 2511 941 2543 Τ.).

422 2554 438 2579 ⁶2
461 2554 621 2580 Particulain
637 2556 666 2581 ut
687 2562 734 2580 nos
755 2554 877 2581 addimus
899 2558 934 2589 (n.
951 2557 1000 2591 T.).

422 2598 437 2626 3
459 2599 527 2624 Edit.
550 2599 625 2626 Maiu.
649 2599 710 2635 legit
729 2600 816 2635 legsali
837 2602 873 2636 (R.
893 2600 941 2637 T.).

1165 2276 1359 2319 cipationem
1384 2276 1478 2308 unius
1505 2277 1591 2316 anni,
1616 2277 1647 2309 in
1679 2278 1771 2310 cuius
1796 2280 1899 2312 omni-

1165 2330 1222 2361 bus
1247 2329 1366 2372 quartis
1392 2334 1424 2361 et
1448 2329 1545 2362 sextis
1580 2329 1670 2362 seriis
1707 2331 1897 2374 disciplinas

1165 2383 1196 2415 in
1222 2382 1361 2425 capitulo
1386 2381 1571 2424 suscipiant,
1596 2387 1628 2415 et
1660 2382 1692 2414 in
1723 2384 1897 2418 refectorio

1165 2446 1281 2479 panem
1307 2440 1339 2467 et
1363 2445 1476 2477 aquam
1504 2436 1727 2469 tantummodo
1753 2437 1783 2469 in
1812 2441 1897 2471 terra

1165 2489 1512 2531 manducent,poenas,
1530 2489 1569 2521 ad
1588 2499 1667 2532 quas
1685 2490 1896 2525 incurrendas

1165 2541 1252 2574 solae
1278 2540 1530 2583 appellationum
1561 2541 1830 2584 interpositiones
1860 2555 1897 2578 ac

1200 2604 1210 2629 1
1230 2602 1328 2630 Vocem
1347 2602 1404 2631 ulto
1425 2610 1473 2630 nos
1488 2603 1610 2631 addimus
1629 2606 1670 2641 (a.
1687 2606 1737 2641 τ.).
