2254 3225
426 264 489 297 952
970 275 1146 299 nummum
1179 277 1329 300 nnumin

469 326 662 369 regularium
689 337 782 370 super
806 326 1017 369 assignatione
1041 327 1228 361 familiarum
1259 329 1288 361 in
1318 334 1472 361 conventu
1497 329 1730 369 Montissancti‚
1755 333 1784 361 et
1808 329 1846 361 de
1871 334 1914 361 la-

469 380 551 413 bella
577 390 743 412 munerum
771 380 1041 420 versiculatorum,
1067 379 1275 419 confirmavit,
1294 380 1358 412 744
1376 392 1396 413 a
1411 386 1440 413 et
1463 391 1541 424 seq.;
1567 381 1713 424 praefatis
1729 381 1914 414 electionem

469 437 500 465 et
527 432 755 466 restitutionem
784 438 919 476 quatuor
943 433 1153 465 assistentium
1180 433 1374 475 generalium
1401 434 1617 474 confirmavit,
1643 433 1706 466 846
1730 445 1750 467 α
1781 441 1810 467 et
1834 445 1914 478 seq.;

468 496 564 529 super
587 485 824 518 Carmelitarum
851 485 1052 518 institutionis
1077 496 1094 517 a
1119 486 1282 529 prophetis
1304 486 1368 518 Elia
1389 492 1418 518 ct
1436 487 1537 519 Eliseo
1558 488 1740 530 quaestione
1757 487 1915 520 silentium

470 544 656 582 perpetuum
683 537 739 570 sub
764 538 1098 571 excommunicationis
1123 540 1223 581 poena
1248 538 1415 581 imposuit,
1437 549 1472 572 ac
1498 540 1594 573 libros
1618 540 1797 584 scriptaque
1821 551 1918 583 super

469 592 550 626 dicta
575 591 778 636 quaestione,
804 591 911 624 relicta
936 592 1071 634 utraque
1096 596 1184 634 parte
1213 591 1243 623 in
1268 593 1323 623 sua
1349 592 1579 635 probabilitate,
1605 593 1788 635 prohibuit,
1813 593 1877 626 863
1901 594 1918 626 b

471 652 500 678 et
524 657 608 690 seq.,·
626 645 817 678 corumdem
843 643 1102 687 Congregationis
1128 644 1310 677 Mantuanae
1334 644 1459 678 decreta
1483 645 1635 688 quaedam
1661 645 1692 677 in
1717 645 1799 677 dieta
1823 655 1918 688 gene-

470 698 527 731 rali
553 698 635 731 edita
659 703 819 738 recenset,
844 697 908 730 914
932 698 964 736 b,
990 697 1086 730 relata
1111 696 1237 730 decreta
1262 708 1333 730 cum
1359 697 1518 731 additione
1541 703 1571 731 et
1596 698 1819 731 reformatione
1843 698 1920 732 Con-

470 751 662 794 gregationis
686 761 782 794 super
807 750 972 794 disciplina
997 750 1136 793 regulari
1162 751 1376 791 confirmarit,
1402 751 1465 785 916
1488 753 1514 785 b.

382 804 555 838 Carmelitis
579 803 778 836 Discalceatis
802 803 967 846 utriusque
993 803 1248 846 congregationis
1274 804 1439 848 Hispaniae
1475 809 1505 839 et
1528 805 1643 847 Italiae,
1668 804 1794 838 decreta
1825 815 1921 849 quae·

470 857 541 890 dam
566 856 818 890 definitoriorum
844 860 873 890 et
897 856 1107 900 capitulorum
1134 857 1339 900 generalium,
1364 869 1422 902 pro
1447 868 1524 902 pace
1547 858 1711 902 utriusque
1736 858 1921 901 Congrega-

471 910 565 944 tionis
600 910 760 951 confecta,
786 909 954 942 confirmat
989 909 1189 943 Innocentius
1215 910 1290 952 XII,
1315 911 1378 943 477
1403 911 1420 943 b
1444 917 1474 944 et
1497 921 1579 955 seq.;
1612 910 1730 944 eisdem
1762 910 1846 944 aliud
1870 910 1921 944 de·
1970 952 1973 955 ι

473 968 592 997 cretum
619 963 747 1007 capituli
772 962 928 1006 generalis
953 963 1209 1006 congregationis
1226 963 1395 1007 Hispaniae
1411 975 1509 1008 super
1534 957 1686 997 electione
1710 963 1826 1007 prioris
1851 973 1922 997 con-

472 1017 627 1057 firmatur,
652 1015 715 1049 7023
740 1016 757 1049 b
782 1022 812 1049 et
835 1027 896 1060 seq.

384 1069 639 1114 Chirographum
664 1079 761 1113 super
784 1069 981 1104 restitutione
1002 1070 1162 1103 fructuum
1188 1069 1458 1104 vice-cancellario
1483 1074 1513 1102 et
1544 1069 1730 1103 summatori
1765 1069 1803 1102 ab
1824 1069 1919 1103 Inno-

472 1123 575 1156 centio
600 1123 639 1156 XI
665 1122 841 1156 ablatorum
867 1123 963 1156 refert
986 1129 1015 1156 et
1040 1122 1205 1156 confirmat
1232 1123 1407 1156 Alexander
1433 1122 1508 1163 Ylll,
1533 1122 1575 1155 40
1599 1134 1619 1156 α
1644 1128 1674 1155 et
1697 1132 1758 1166 seq.

384 1175 615 1216 Cistercienses,
639 1176 709 1209 vide
731 1176 873 1209 Monaclii
895 1176 1020 1209 Ordinis
1044 1176 1267 1210 Cisterciensis.
1387 1174 1390 1182 ’

385 1229 467 1263 Cleri
493 1229 643 1264 Gallicani
669 1229 700 1262 in
725 1229 861 1262 comitiis
885 1235 916 1262 et
942 1234 1029 1264 extra
1054 1230 1181 1263 comitia
1206 1229 1278 1262 anni
1309 1239 1480 1263 MDCLxxxll
1510 1234 1635 1273 peracta
1660 1228 1787 1269 omnia,
1811 1238 1925 1272 nempe

473 1293 634 1316 assensum
660 1283 832 1316 extensioni
859 1283 995 1326 regaliae
1020 1283 1217 1327 praestitum,
1242 1282 1486 1315 declarationem
1511 1282 1678 1325 quamdam
1711 1281 1925 1315 continentem

473 1340 609 1381 quatuor
634 1337 868 1381 propositiones
892 1337 929 1370 de
954 1342 1109 1381 potestate
1142 1336 1363 1376 ecclesiastica,
1388 1336 1511 1379 aliaque
1536 1335 1705 1376 nonnulla,
1733 1334 1926 1378 improbavit

474 1397 504 1425 et
527 1391 698 1424 annullavit
723 1391 898 1424 Alexander
923 1391 998 1431 vill,
1020 1390 1060 1423 67
1085 1391 1111 1423 b.

385 1444 495 1479 Clerici
520 1445 668 1479 Gamerae
692 1444 908 1488 praesidentes
938 1444 1076 1488 exempti
1111 1455 1128 1477 a
1149 1443 1353 1486 vectigalibus
1368 1469 1375 1483 ,
1408 1444 1476 1475 vide
1512 1442 1696 1485 Vectigalia3
1721 1442 1760 1475 de
1783 1442 1924 1486 ipsorum

473 1498 703 1538 emolumentis,
728 1498 798 1531 vide
822 1498 929 1531 Officia
954 1498 1113 1531 vacabilia.

386 1551 498 1586 Clerici
538 1551 700 1594 regulares
739 1551 998 1593 Congregationis
1034 1551 1220 1584 Scholarum
1246 1550 1370 1583 Piarum
1408 1550 1491 1581 iuxta
1516 1549 1756 1582 constitutiones
1779 1549 1926 1582 incedere

474 1604 627 1638 debebant
653 1604 817 1637 denudatis
842 1604 986 1648 pedibus:
1012 1604 1097 1647 quod
1121 1604 1342 1637 confirmatum
1368 1603 1427 1636 fuit
1450 1603 1489 1635 ab
1514 1603 1690 1636 Alexandro
1717 1603 1766 1635 VII
1799 1607 1829 1635 et
1859 1602 1927 1636 Cle-

475 1661 579 1691 mente
602 1657 664 1698 IX,
697 1662 730 1690 ut
756 1663 802 1690 est
829 1657 911 1701 apud
936 1657 1146 1690 Alexandrum
1173 1657 1248 1698 VIII,
1273 1656 1314 1691 :38
1339 1657 1355 1689 l)
1380 1660 1410 1690 et
1433 1667 1517 1700 seq.·,
1543 1657 1666 1689 clericis
1692 1666 1768 1689 vero
1795 1656 1924 1696 eisdem,

475 1717 509 1744 ut
533 1711 680 1755 deinceps
704 1714 868 1744 uterentur
886 1711 998 1744 calceis
1016 1716 1045 1743 et
1062 1710 1230 1751 tibialibus,
1256 1714 1341 1744 motu
1362 1710 1492 1754 proprio
1516 1710 1674 1743 ordinavit
1691 1710 1772 1743 idem
1793 1710 1926 1743 Alexan·

476 1764 532 1798 der
559 1764 643 1805 VIII,
669 1764 762 1804 ibid.;
788 1764 904 1797 eisdem
938 1775 954 1797 a
990 1764 1264 1797 constitutionibus
1296 1764 1438 1807 ipsorum
1474 1763 1733 1806 Congregationis
1764 1762 1925 1796 biennium

476 1817 645 1851 novitiatus
669 1817 861 1859 assignatum
887 1818 953 1857 fuit,
982 1816 1045 1850 166
1063 1828 1099 1857 α;
1125 1818 1300 1851 facultatem
1319 1816 1480 1850 emittendi
1499 1816 1739 1860 professionem,
1756 1826 1820 1850 uno
1836 1815 1926 1849 dum-

476 1876 559 1903 taxat
575 1870 744 1904 novitiatus
761 1880 842 1903 anno
869 1876 1003 1914 peracto,
1033 1870 1189 1904 concessit
1213 1869 1387 1903 Alexander
1411 1869 1487 1910 Vlll,
1511 1869 1575 1902 166
1600 1869 1626 1902 h.

389 1924 501 1959 Clerici
526 1924 689 1967 regulares
713 1923 865 1964 Tlieatini,
890 1923 963 1956 vide
988 1923 1140 1957 Theatini.

388 1977 500 2013 Clerici
523 1977 686 2021 regulares
711 1977 918 2010 Ministrantes
943 1977 1089 2019 Infirmis,
1110 1977 1174 2011 5¹19
1190 1978 1224 2015 b;
1248 1977 1323 2021 ipsis
1341 1977 1531 2010 erectionem
1556 1976 1737 2020 provinciae
1763 1976 1927 2020 Hispania-

476 2042 558 2072 rum,
578 2033 640 2064 una
665 2041 736 2064 cum
762 2030 1006 2073 reintegratione
1031 2030 1214 2074 provinciae
1238 2031 1462 2072 Bononiensis,
1487 2035 1517 2063 ct
1540 2030 1699 2063 nonnullis
1723 2030 1927 2064 ordinationi-

476 2085 546 2125 bus,
570 2084 767 2118 confirmavit
793 2085 991 2117 Innocentius
1016 2084 1089 2125 XII,
1114 2084 1178 2118 5020
1202 2095 1223 2117 α
1246 2090 1277 2117 et
1300 2096 1382 2129 seq.;
1410 2084 1599 2118 clericorum
1621 2083 1805 2117 eorumdem
1829 2083 1926 2124 laicis,

476 2149 515 2172 ne
539 2139 673 2182 amplius
696 2138 869 2181 gauderent
894 2148 969 2171 voce
992 2138 1092 2171 activa
1117 2142 1147 2172 et
1169 2138 1304 2182 passiva,
1328 2138 1500 2182 probibuit,
1526 2136 1583 2171 801
1614 2148 1633 2170 α
1658 2141 1687 2171 et
1710 2148 1772 2181 seq.

389 2191 502 2227 Clerici
526 2191 702 2224 saeculares
726 2190 985 2233 Congregationis
1008 2191 1174 2225 Doctrinae
1197 2191 1390 2225 Christianae
1414 2191 1444 2224 in
1474 2191 1583 2225 Gallia.
1615 2191 1709 2235 Ipsis,
1734 2194 1767 2224 ut
1790 2201 1926 2234 exequu-

477 2245 554 2279 tioni
575 2245 760 2278 mandarent
784 2245 877 2277 vitam
902 2255 1102 2278 communem
1117 2272 1124 2286 ,
1148 2244 1309 2288 praecepit
1333 2244 1531 2278 Innocentius
1556 2243 1629 2283 XII,
1655 2242 1717 2276 748
1742 2255 1762 2276 a
1787 2248 1818 2276 et
1841 2253 1925 2286 seq.;

478 2298 598 2332 eisdem
625 2298 883 2331 constitutionem
906 2298 1050 2341 Gregorii
1071 2297 1131 2337 XV,
1152 2307 1214 2341 qua
1238 2302 1386 2330 statutum
1405 2297 1463 2330 suit
1479 2301 1513 2331 ut
1536 2297 1621 2330 solus
1643 2296 1781 2329 Pontifex
1806 2295 1926 2339 dispen-

479 2356 563 2384 saret
587 2351 634 2383 vel
660 2355 869 2385 commutaret
900 2356 1005 2384 votum
1027 2354 1057 2384 ct
1081 2350 1292 2383 iuramentum
1318 2349 1503 2383 eorumdem
1530 2349 1717 2383 clericorum
1736 2349 1767 2381 in
1791 2348 1926 2390 Congre-

481 2405 606 2449 gatione
635 2410 789 2449 perpetuo
823 2404 989 2446 manendi,
1011 2406 1073 2437 una
1102 2414 1173 2437 cum
1207 2403 1289 2436 illius
1321 2403 1551 2444 declaratione,
1585 2401 1797 2443 confirmavit,
1821 2399 1880 2435 881
1910 2400 1927 2433 b

480 2464 510 2493 et
533 2469 615 2503 seq.;
641 2458 759 2491 eisdem
784 2457 912 2491 ordines
936 2458 975 2490 ad
999 2458 1123 2491 titulum
1149 2456 1408 2500 Congregationis
1432 2455 1623 2500 suscipiendi
1649 2455 1794 2495 indulsit,
1818 2453 1882 2488 882
1907 2464 1926 2487 α

480 2518 512 2546 et
534 2513 551 2545 b
560 2523 568 2553 3
593 2512 665 2545 vide
689 2513 786 2546 etiam
810 2512 1020 2554 Congregatio
1045 2511 1211 2544 Doctrinae
1235 2509 1438 2544 Christianae.

393 2565 504 2601 Clerici
529 2565 706 2599 saeculares
730 2565 778 2598 vel
802 2565 964 2608 regulares
988 2565 1121 2598 aliarum
1142 2564 1440 2608 Congregationum,
1457 2564 1527 2598 vide
1546 2561 1755 2605 Congregatio
1776 2562 1822 2595 vel
1837 2561 1927 2595 Pres÷

480 2619 593 2664 hyteri.

396 2671 628 2715 cluniacenses,
647 2673 718 2707 vide
741 2671 885 2708 Monachi
909 2671 1034 2707 Ordinis
1057 2670 1279 2707 Cluniacensis,
