2254 3225
187 228 234 252 ltu.
254 225 283 251 C.
304 224 363 249 itsll

415 215 478 247 ⁶352}

379 278 455 311 trent,
482 283 588 316 neque
623 282 692 305 cum
724 272 819 305 bonis
844 271 1109 305 conventualibus

378 326 604 369 permisceant,
620 327 674 359 sed
689 325 852 359 discretim
866 336 936 358 cum
954 324 1111 358 fidelitate

378 384 592 421 reponantur,
621 384 652 411 et
676 378 741 410 sint
765 388 893 421 semper
918 377 949 409 in
975 376 1110 420 proprio

379 431 551 474 deposito,
584 436 618 464 ut
648 431 709 463 iam
737 435 887 464 statutum
913 435 974 463 est.
1001 429 1110 471 Neque

378 484 507 516 demum
539 484 659 515 fructus
693 483 926 526 redemptionis
957 482 1010 525 pie
1036 492 1051 513 a
1079 481 1109 511 fi-

377 536 506 569 delibus
531 536 653 578 erogati
679 547 751 569 cum
779 535 934 568 fructibus
949 534 1111 567 conventi-

376 587 454 621 hus¹
480 589 728 629 confundantur,
754 589 808 621 sed
830 587 964 621 scorsim
989 587 1110 630 pariter

377 647 408 674 ct
432 652 502 674 cum
528 641 734 674 distinctione
760 647 938 674 serventur.

419 705 462 727 xt.
489 694 532 726 De
557 694 634 737 ipsis
652 695 758 727 adliuc
783 694 937 726 fructibus
961 692 1110 736 prohibe-

375 757 456 787 mus,
482 757 520 779 ue
545 746 674 790 possint
709 757 726 779 a
750 746 1014 780 conventualibus
1045 745 1106 778 emi

374 800 424 831 vel
450 798 556 841 pretio
576 798 825 842 quomodolibet
844 797 1032 841 comparari,
1046 798 1105 830 nisi

375 851 464 894 prius
481 852 568 883 iuxta
584 851 809 894 aequalitatem
831 855 991 890 taxentur,
1008 855 1040 883 et
1056 861 1106 893 pe-

375 904 471 936 cunia
490 904 566 938 inde
583 904 777 948 proveniens
796 904 885 936 illico
906 908 937 936 et
957 902 1025 935 sine
1041 913 1107 935 mo-

374 959 409 989 ra
434 958 579 990 solvatur
603 962 635 990 et
665 957 797 1000 proprio
829 956 988 989 inferatur
1012 957 1106 999 depo-

374 1008 448 1041 sito.
477 1008 567 1046 Quod
594 1010 618 1041 si
651 1008 722 1051 quis
747 1009 990 1041 commendator
1014 1019 1105 1040 secus

374 1062 485 1103 egerit,
501 1062 550 1094 vel
565 1062 852 1104 quicumquealius
867 1067 929 1094 tam
943 1063 1105 1104 praelatus

374 1124 468 1156 quam
493 1114 639 1146 visitator
669 1119 723 1146 aut
740 1114 880 1156 claviger
904 1114 1042 1157 depositi
1060 1125 1107 1147 re-

373 1166 569 1209 demptionis
587 1166 890 1209 quomodocumque
908 1166 976 1199 fieri
993 1167 1108 1210 permi-

371 1219 448 1251 serit
472 1224 528 1252 aut
551 1219 757 1259 simulaverit,
782 1221 831 1253 vel
850 1220 944 1252 etiam
963 1221 1108 1263 quicum-

373 1282 435 1314 que
462 1272 562 1304 frater
587 1272 669 1304 haec
686 1272 791 1305 sciens
815 1282 880 1305 non
898 1272 1108 1305 denunciave-

372 1325 424 1363 rit,
453 1324 573 1357 eisdem
592 1324 707 1367 poenis
731 1324 879 1367 superius
903 1325 935 1357 in
960 1325 1021 1357 hac
1037 1336 1108 1358 con-

371 1376 539 1410 stitutione
575 1377 688 1420 positis
725 1377 923 1417 subiacebit;
954 1382 985 1410 et
1013 1379 1106 1421 quasi

372 1439 446 1462 reus
471 1435 502 1462 et
527 1430 645 1462 fractor
668 1430 827 1472 praedicti
852 1430 997 1463 formalis
1018 1441 1107 1474 prae-

371 1481 455 1524 cepti
481 1482 644 1524 puniatur.

413 1544 467 1567 x11.
493 1534 523 1567 Si
542 1545 619 1567 vero
641 1535 740 1567 frater
756 1535 881 1579 aliquis,
902 1546 1104 1580 quacumque

372 1587 568 1626 conditione,
587 1587 753 1630 dignitate,
772 1589 876 1621 officio
889 1590 938 1622 vel
953 1590 1105 1632 qualitate

372 1639 525 1676 munitus,
553 1640 638 1672 bona
662 1640 898 1683 redemptionis
925 1642 1031 1684 quoad
1049 1642 1105 1674 ali-

371 1692 448 1733 quid
474 1693 681 1725 defraudasse
706 1693 872 1726 couvictus
905 1694 1012 1733 fuerit,
1039 1705 1104 1727 non

373 1745 475 1776 solum
500 1754 578 1777 voce
604 1745 704 1777 activa
737 1751 769 1778 et
797 1745 921 1788 passiva
950 1746 1103 1789 omnique

372 1798 477 1829 oflicio
493 1802 523 1829 et
541 1797 696 1839 dignitate
718 1804 878 1841 perpetuo
896 1804 1019 1831 maneat
1039 1799 1104 1842 pri-

372 1856 475 1889 vatus,
500 1850 555 1882 sed
580 1850 671 1883 illum
697 1861 803 1894 neque
821 1851 1027 1894 provincialis
1055 1863 1106 1885 ne-

372 1912 434 1944 que
451 1902 604 1944 magister
622 1902 749 1935 Ordinis
763 1904 867 1936 valeat
884 1904 921 1936 ad
939 1905 1106 1947 praedicta

371 1954 420 1986 vel
446 1954 576 1997 aliquod
603 1965 716 1987 eorum
741 1955 934 1995 restituere,
959 1966 1063 1999 neque
1089 1967 1106 1989 a

371 2010 464 2037 reatu
491 2007 540 2038 vel
566 2007 679 2048 poenis
708 2007 849 2050 eripere,
871 2008 932 2040 nisi
958 2008 1106 2042 definito-

371 2057 454 2089 rium
472 2060 624 2100 generale
642 2060 806 2092 dumtaxat
819 2061 969 2094 unanime
983 2066 1015 2093 et
1032 2071 1107 2093 con-

371 2109 498 2149 forme,
525 2121 562 2142 ac
586 2111 714 2144 nemine
746 2112 969 2155 discrepante,
995 2114 1105 2146 fraude

371 2166 479 2195 tamen
504 2164 608 2195 soluta
632 2169 662 2196 et
687 2165 841 2197 restitutis
866 2166 994 2198 ablatis.

412 2225 482 2248 xm.
509 2215 595 2253 Quae
616 2217 724 2248 omnia
740 2216 772 2249 in
794 2218 853 2250 hac
874 2218 1105 2252 constitutione

370 2267 547 2310 praemissa
572 2268 618 2300 sic
642 2269 681 2300 ab
706 2269 854 2302 omnibus
874 2271 1026 2313 praelatis
1047 2282 1107 2314 per

370 2325 472 2352 totum
497 2319 650 2353 Ordinem
685 2321 846 2354 observari
880 2323 1104 2365 praecipimus,

369 2378 417 2413 ut,
436 2372 460 2405 si
486 2373 594 2416 aliquo
619 2373 716 2407 modo
741 2375 937 2407 contrarium
959 2376 1103 2417 fecerint,

369 2426 418 2458 vel
437 2425 600 2465 facientes,
622 2427 857 2469 permittenteS,
875 2428 1052 2461 scientesve
1074 2435 1105 2462 et

370 2488 435 2511 non
460 2479 688 2512 denuntiantes
713 2480 743 2512 in
765 2483 822 2513 sua
839 2483 923 2513 noxa
943 2482 990 2514 vel
1011 2483 1105 2525 culpa

405 2548 418 2574 1
442 2547 487 2575 Vel
511 2551 699 2577 conventuum
725 2549 768 2577 vel
788 2551 1025 2579 conventualibus
1045 2551 1103 2587 lege

370 2593 407 2626 (n.
428 2592 476 2627 r.)-

949 222 1127 247 BULLARH‘M
1153 222 1169 244 r.
1176 221 1217 245 (ΠΙ
1227 221 1306 244 tNt'tt

1154 269 1374 308 toleraverint,
1400 273 1428 300 et
1455 278 1512 301 ecs
1537 268 1689 311 praefatis
1723 268 1837 311 poenis
1854 279 1886 301 e-

1153 324 1307 356 mendare
1332 321 1510 361 noluerint,
1527 321 1615 364 ipsos
1639 323 1801 364 praelatos
1825 322 1886 355 eis-

1153 378 1225 410 dem
1251 380 1425 420 praecepto
1450 379 1482 407 et
1498 375 1611 417 poenis
1628 375 1799 408 innodatos
1816 386 1884 409 esse

1153 429 1367 462 decernimus.

1194 493 1256 515 xiv.
1283 480 1539 514 Provincialibus
1570 491 1646 514 vcro
1674 481 1810 516 sollicite
1834 494 1885 516 su-

1152 546 1209 576 per
1226 535 1289 567 ltoc
1301 534 1467 576 invigilare
1483 532 1709 577 praecipimus,
1728 539 1825 578 atque
1842 536 1884 569 ita

1152 587 1325 629 dilig-*uter
1349 592 1540 620 cunctorum
1565 587 1694 620 fratrum
1724 588 1811 621 bona
1834 598 1885 622 re-

1151 640 1346 683 demptionis
1371 640 1576 672 tractantium
1602 639 1710 680 tidem,
1729 642 1833 674 zelum
1853 647 1885 674 et

1150 703 1283 725 munera
1307 692 1499 736 perscrutari
1519 698 1549 725 et
1569 693 1613 726 sic
1632 693 1751 726 acriter
1771 704 1885 727 censu-

1148 756 1202 779 rae
1227 746 1324 778 huius
1348 745 1429 778 labis
1454 745 1633 786 intendere,
1651 751 1686 778 ut
1702 756 1742 779 ne
1759 747 1883 790 apicem

1149 798 1279 841 quidem
1296 798 1335 831 de
1353 798 1409 831 illa
1421 798 1575 831 convictis
1589 798 1775 841 ignoscant;
1794 799 1885 843 quin-

1148 851 1210 884 imo
1236 862 1303 892 eos,
1329 851 1395 883 sive
1420 851 1712 891 commendatores,
1729 852 1795 885 sive
1813 853 1884 886 sub-

1148 903 1336 946 ‹litos,quos
1367 903 1569 946 negligentes
1599 909 1630 936 et
1654 903 1730 936 liuic
1754 909 1881 937 nostrae

1149 961 1210 988 tam
1235 956 1355 989 salubri
1373 955 1596 989 constitutioni
1615 957 1820 990 adversantes
1839 957 1884 990 in-

1148 1008 1303 1047 venerint,
1322 1008 1362 1041 de
1387 1008 1469 1041 sacto
1492 1007 1671 1051 privatione
1689 1019 1822 1042 suorum
1841 1010 1884 1043 of-

1148 1060 1294 1093 ficiorum
1320 1065 1416 1104 atque
1440 1061 1608 1104 utriusque
1632 1061 1717 1094 vocis
1734 1061 1882 1102 afficiant,

1148 1113 1281 1156 aliisque
1293 1113 1408 1157 poenis
1422 1124 1480 1157 pro
1498 1113 1641 1146 criminis
1659 1114 1883 1157 magnitudine

1149 1166 1301 1209 plectant.

1190 1229 1239 1251 xv,
1266 1219 1401 1262 Insuper
1425 1219 1743 1253 commendatoribus
1769 1219 1883 1252 eodem

1149 1272 1217 1304 zelo
1252 1271 1479 1314 subiungimus
1512 1282 1553 1304 ne
1592 1272 1767 1312 animalia,
1800 1282 1882 1315 quae

1149 1323 1325 1356 ministerio
1350 1324 1584 1367 redemptionis
1611 1324 1798 1365 inserviunt,
1825 1325 1883 1357 ali-

1148 1377 1210 1418 qua
1235 1381 1411 1410 conventus
1429 1379 1530 1419 opera
1547 1378 1657 1420 quavis
1678 1377 1802 1411 ratione
1821 1378 1883 1411 dis-

1149 1429 1286 1469 trahant,
1301 1439 1408 1472 neque
1426 1430 1615 1468 vendantur,
1637 1440 1745 1473 neque
1759 1441 1884 1473 permu-

1149 1486 1268 1522 tentur,
1293 1482 1355 1514 nisi
1380 1481 1469 1525 prius
1493 1479 1624 1515 licentia
1652 1482 1684 1514 in
1709 1483 1840 1526 scriptis
1865 1493 1883 1516 a

1148 1534 1340 1577 provinciali
1365 1535 1510 1567 obtenta.

1188 1597 1251 1621 xvi.
1279 1587 1420 1620 Tandem
1454 1598 1531 1621 vero
1555 1593 1591 1620 ut
1622 1588 1706 1631 apud
1729 1588 1882 1622 iudicium

1146 1641 1277 1684 capituli
1302 1641 1510 1683 provincialis
1527 1651 1591 1674 non
1610 1641 1707 1674 lateat
1728 1652 1791 1685 qua
1805 1641 1883 1675 side-

1147 1693 1235 1726 litate
1252 1694 1338 1726 bona
1356 1693 1590 1736 redemptionis
1615 1698 1800 1734 tractentur,
1819 1704 1883 1737 qua

1147 1745 1320 1779 securitate
1352 1751 1522 1779 serventur
1550 1746 1735 1790 praedicta,
1762 1752 1794 1780 et
1817 1757 1881 1790 quo

1148 1798 1272 1831 fervore
1297 1804 1474 1831 conventus
1499 1809 1610 1832 omnes
1636 1809 1671 1832 ac
1695 1809 1806 1832 eorum
1831 1810 1882 1832 su-

1147 1861 1206 1893 per
1231 1851 1294 1884 hoc
1317 1851 1456 1884 ministri
1493 1856 1525 1884 et
1549 1852 1744 1885 collectores
1770 1852 1801 1884 in
1827 1862 1882 1895 ag-

1147 1904 1335 1946 gregandis,
1373 1904 1558 1937 excolendis
1595 1909 1627 1937 et
1662 1905 1881 1938 custodiendis

1148 1956 1359 2000 eleemosynis
1384 1957 1562 1997 elaborent,
1589 1957 1648 1989 sub
1663 1957 1788 1990 formali
1810 1958 1883 1990 obe-

1147 2009 1270 2042 dientia
1307 2009 1526 2053 praecipimus
1563 2010 1881 2042 commendatoribus

1147 2062 1307 2095 universis
1332 2067 1367 2094 ut
1391 2062 1538 2095 deferant
1562 2063 1601 2095 ad
1635 2062 1811 2106 capitulum
1831 2063 1880 2095 vel

1148 2115 1273 2148 mittant
1295 2116 1359 2147 una
1383 2125 1456 2147 cum
1487 2115 1668 2147 rationibus
1701 2120 1880 2147 conventus

1148 2168 1242 2200 aliam
1259 2167 1432 2210 specialem
1450 2174 1482 2201 et
1494 2173 1677 2210 separatam
1695 2167 1881 2201 authentice

1148 2226 1179 2253 et
1203 2231 1220 2253 a
1244 2220 1449 2263 depositariis
1474 2220 1688 2263 subscriptam
1720 2231 1802 2263 quae
1840 2220 1883 2253 sit

1149 2278 1384 2316 transumptum
1412 2273 1449 2305 ad
1475 2272 1614 2305 litteram
1640 2272 1783 2304 omnium
1809 2282 1882 2305 con-

1148 2331 1309 2359 tentorum
1334 2326 1367 2358 in
1392 2326 1475 2358 libro
1515 2324 1750 2367 redemptionis
1784 2335 1881 2368 quem

1146 2379 1304 2412 maiorem
1328 2378 1485 2417 diximus,
1509 2388 1527 2410 a
1557 2377 1718 2420 principio
1749 2377 1881 2411 triennii

1146 2442 1249 2474 usque
1274 2431 1313 2464 ad
1338 2431 1447 2470 finem,
1467 2435 1529 2462 tarn
1550 2430 1635 2463 circa
1659 2430 1766 2463 datum
1786 2440 1881 2474 quam

1146 2488 1322 2526 acceptum,
1337 2483 1566 2525 cuiuscumque
1583 2482 1623 2515 sit
1640 2482 1786 2525 generis;
1802 2493 1882 2516 com-

1146 2536 1352 2568 mendatores
1378 2540 1485 2568 autem
1510 2535 1680 2568 domorum
1699 2535 1755 2568 ubi
1772 2540 1884 2568 extant

1147 2587 1292 2629 deposita
1310 2587 1484 2630 generalia,
1501 2592 1630 2630 praeter
1648 2587 1822 2631 specialem
1836 2597 1882 2620 ra-

1889 218 1937 245 Au.
1959 221 1988 246 (Ξ.
2011 219 2073 247 1691
