2227 3225
125 233 176 259 An.
191 232 220 258 C.
244 231 309 258 1694

908 230 1118 255 ῘΝΝΟΕῈΝΤΠΥΞ
1143 231 1188 254 xit
1211 232 1260 255 ΓΡ.

321 280 374 314 liei
401 284 494 319 statu,
516 279 684 322 regimine,
712 279 884 322 gubernio,
911 280 1058 312 directio-

322 344 374 373 ne,
399 344 435 365 ac
461 343 598 365 onerum
619 332 683 365 illis
701 332 958 364 incumbentium
985 342 1060 374 sup-

321 386 514 429 portatione,
533 386 719 425 missarum,
746 386 900 418 horarum
927 385 1060 419 canoni-

321 450 443 479 carum,
462 439 643 472 divinorum
663 442 726 471 tan'i
746 439 937 472 diurnorum
964 449 1059 482 quam

323 497 556 525 nocturnorum
583 492 773 532 officiorum,
799 491 1060 535 processionum,

323 545 531 585 suneralium,
557 545 854 578 anniversariorum
873 551 903 578 et
923 545 1059 578 aliorum

322 599 540 642 praefatorum
580 599 812 638 celebratione,
854 609 980 632 necnon
1022 599 1060 631 de

323 652 545 695 dignitatibus,
576 653 820 686 canonicatibus
847 658 877 686 et.
902 652 1059 696 praeben-

323 705 384 745 dis,
411 705 548 748 aliisque
573 705 740 738 beneficiis
760 711 791 738 ct
808 705 995 738 ministeriis
1013 715 1062 738 ec-

322 758 511 791 clesiasticis
527 768 586 802 pro
613 764 758 801 tempore
784 758 1060 801 providendorum

322 811 522 854 receptione,
547 811 758 851 admissione,
786 811 964 843 residentia
988 821 1063 853 per-

322 863 437 903 sonali,
469 864 731 897 distributionum
768 864 866 897 etiam
903 864 1062 907 quotidia-

322 927 435 949 narum
460 922 490 950 et
511 917 648 950 aliorum
667 918 962 950 emolumentorum
984 927 1062 960 quo-

322 981 531 1014 rumcumque
567 970 743 1011 divisione,
781 970 993 1014 repartitione
1032 976 1063 1003 et

322 1023 533 1063 admissione,
558 1034 738 1066 poenarum
764 1035 825 1067 per
849 1024 1008 1064 absentes,
1031 1029 1062 1057 et

323 1077 452 1115 divinis,
476 1077 540 1110 suis
565 1078 636 1110 loco
659 1083 689 1110 et
712 1083 867 1120 tempore,
894 1088 959 1110 non
985 1077 1063 1109 assi-

322 1135 455 1169 stentes,
481 1140 538 1162 seu
565 1140 665 1162 onera
691 1135 721 1162 et
745 1130 927 1162 ministeria
952 1130 997 1162 eis
1017 1130 1064 1162 in-

322 1182 508 1215 cumbentia
533 1182 642 1215 subire
672 1183 873 1225 negligentes
899 1183 1063 1215 incurren-

323 1235 435 1267 darum
449 1235 671 1278 impositione,
689 1235 889 1278 singulorum
907 1246 1062 1279 praescn-

322 1288 374 1320 tiis
387 1288 589 1321 etabsentiis
603 1289 780 1327 notandis¹‚
800 1289 1012 1321 caeremoniis
1032 1295 1063 1321 et

321 1342 439 1374 ritibus
461 1341 492 1374 in
515 1342 695 1374 cathedrali
716 1342 863 1381 ecelesia,
881 1343 993 1383 choro,
1011 1353 1062 1375 ca-

321 1395 439 1438 pitulo,
475 1394 737 1438 processionibus
772 1400 803 1427 et
838 1395 908 1427 aliis
938 1397 1060 1428 actibus

320 1447 484 1491 praefatis,
500 1446 650 1480 servattst
663 1447 839 1487 servandis,
858 1452 888 1480 et
905 1448 1060 1481 ministris

1102 279 1266 312 nimodam
1287 279 1467 312 facultatem
1493 280 1699 313 concedimus
1725 287 1756 313 et
1781 281 1836 312 im-

1102 332 1281 375 partlmur;
1309 343 1435 366 necnon
1456 334 1620 376 episcopo,
1638 340 1671 365 nt
1697 334 1838 376 praefer-

1104 390 1175 425 tur,
1200 396 1236 418 ac
1261 386 1435 428 dignitates
1468 387 1500 418 in
1526 387 1670 429 praefata
1704 387 1838 419 ecclesia

1105 438 1262 471 Alesiensi
1289 438 1534 479 obtinentibus,
1568 450 1604 472 ac
1635 439 1775 481 capitulo
1808 443 1839 470 et

1103 491 1268 524 canonicis
1305 491 1451 524 eiusdem
1489 491 1664 530 eeclesiae,
1701 491 1838 533 aliisque

1104 543 1237 586 capituli
1262 549 1293 576 et
1310 544 1465 577 ecclesiae
1484 543 1669 577 huiusmodi
1687 543 1839 587 personis

1104 601 1134 629 et
1159 596 1313 629 ministris
1336 608 1396 641 pro
1423 602 1569 641 tempore
1605 596 1839 637 existentibus,

1081 645 1083 661 ¹
1104 654 1137 682 ut
1168 650 1317 683 omnibus
1343 655 1375 683 et
1398 651 1534 693 singulis
1557 651 1737 694 privilegiis
1752 677 1760 691 ,
1782 650 1841 682 irn-

1082 696 1083 713 ³
1104 703 1322 744 munitatibus,
1342 704 1612 747 exemptionibus,
1628 703 1840 744 libertatibus,

1105 757 1393 798 praeeminemus,
1418 757 1672 800 praerogativis,
1708 767 1841 789 conces-

1104 809 1262 850 sionibus,
1282 810 1499 851 facultatibus,
1517 810 1662 851 indultis,
1680 810 1843 843 favoribus

1105 866 1134 896 et
1155 863 1276 905 gratiis,
1295 864 1409 906 quibus
1427 863 1481 896 alii
1500 864 1635 907 praefati
1655 869 1687 897 et
1706 864 1842 897 aliarum

1106 916 1312 949 ecclesiarum
1339 917 1514 959 dignitates
1539 917 1739 956 obtinentes,
1756 916 1843 959 capi-

1106 971 1169 1002 tula
1196 974 1227 1002 et
1252 970 1421 1009 canonici,
1448 970 1595 1013 aliaeque
1632 970 1777 1002 civitates
1813 975 1843 1002 et

1105 1022 1293 1063 dioeceses,
1314 1034 1349 1055 ac
1383 1033 1494 1056 eorum
1527 1023 1626 1063 cleri,
1653 1023 1781 1056 incolae
1813 1028 1844 1055 et

1106 1075 1317 1115 habitatores,
1337 1086 1514 1118 eorumque
1541 1087 1592 1109 res
1618 1081 1648 1109 et
1673 1076 1760 1108 bona
1779 1076 1843 1107 fru-

1105 1134 1212 1168 untur,
1233 1129 1405 1171 potiuntur
1423 1134 1454 1161 et
1471 1129 1622 1171 gaudent,
1645 1139 1681 1161 ac
1705 1129 1761 1168 uti,
1781 1129 1841 1161 frui

1106 1188 1135 1215 et
1161 1183 1301 1225 gaudere
1326 1188 1464 1226 possunt
1488 1189 1516 1215 et
1536 1188 1689 1225 poterunt
1706 1193 1844 1226 quomo-

1106 1235 1227 1268 dolibet
1252 1236 1284 1268 in
1303 1236 1454 1275 futurum,
1473 1235 1568 1268 etiam
1589 1236 1694 1279 quoad
1715 1236 1843 1268 babitus

1105 1288 1312 1327 delationem,
1338 1294 1373 1320 ut
1397 1289 1590 1332 praefertur,
1609 1288 1669 1329 uti,
1697 1288 1768 1328 frui,
1785 1298 1844 1330 po-

1106 1341 1156 1373 tiri
1183 1347 1214 1374 et
1238 1342 1378 1384 gaudere
1407 1341 1507 1374 libere
1543 1347 1574 1374 et
1604 1341 1690 1374 licite
1716 1341 1844 1384 possint

1105 1400 1136 1427 et
1160 1396 1299 1435 valeant,
1328 1396 1536 1427 concedimus
1562 1400 1593 1428 et
1618 1395 1841 1438 indulgemus.

1147 1448 1162 1491 ξ
1183 1447 1214 1480 5.
1235 1449 1278 1480 Ac
1298 1448 1403 1481 cidem
1426 1448 1588 1481 Ludovico
1606 1448 1675 1490 regi
1705 1448 1843 1491 eiusque

1738 223 1801 256 (3⁶29)
1846 231 1895 258 An.
1912 231 1940 257 c.
1965 231 2028 257 ιω

1880 1457 1930 1482 Regi
1940 1457 2038 1479 christia-

1854 1484 1954 1507 nissimo.
1980 1486 2038 1504 atus-

321 1501 425 1533 dictae
471 1499 626 1533 ecclesiae
663 1500 821 1533 Alesiensi
867 1502 1060 1535 necessariis

1103 1501 1347 1534 successoribus
1362 1502 1495 1543 (attenta
1516 1502 1736 1544 assignatione
1754 1512 1958 1548 μαθων-,ιμ’
1973 1517 2038 1547 noim·

321 1553 519 1597 deputandis
559 1558 591 1586 et
623 1554 835 1595 amovendis,
863 1555 1004 1588 servitiis
1029 1561 1061 1589 et
1854 1543 1888 1558 ⁰¹
1949 1545 1952 1551 ¹

1869 1545 1878 1558 a
1892 1537 1917 1557 idi
1930 1538 1960 1557 ul
1977 1544 2038 1563 praa·

1103 1555 1185 1587 fatae
1211 1565 1341 1587 mensae
1363 1555 1545 1595 abbatialis,
1567 1560 1599 1588 et
1615 1555 1735 1588 unione
1762 1555 2039 1600 eius-sequana·coute-

1854 1591 1919 1612 diiun-

320 1608 510 1641 ministeriis
532 1618 592 1651 per
609 1618 664 1641 eos
684 1608 844 1641 obeundis
864 1614 895 1642 et
913 1609 1058 1652 agendis,

321 1660 448 1694 salariis
468 1666 499 1693 et
519 1660 690 1704 stipendiis
716 1671 828 1694 eorum
855 1662 988 1696 cuilibet
1012 1674 1060 1695 as-

323 1713 501 1756 signandis,
537 1723 573 1746 ae
611 1714 778 1757 quibusvis
810 1715 881 1748 aliis
905 1715 1002 1748 rebus
1026 1716 1058 1748 in

322 1766 511 1809 praemissis
547 1777 584 1799 ac
619 1767 705 1800 circa
741 1778 778 1800 ea
813 1769 1083 1811 quomodolibet‹

324 1819 517 1852 necessariis
554 1824 585 1852 et
605 1820 811 1863 opportunis)
837 1831 1059 1865 quaecumque

323 1876 450 1909 statuta,
475 1871 696 1912 ordinationes
724 1878 754 1905 et
779 1873 918 1916 capitula
942 1879 974 1907 et
1006 1875 1060 1908 de-

323 1930 422 1964 creta,
440 1924 528 1957 licita
553 1929 660 1956 tamen
685 1930 717 1957 et
738 1925 886 1966 honesta,
907 1936 941 1959 ac
959 1927 1059 1960 saeris

324 1977 503 2011 canonibus
531 1978 725 2020 praesertim
750 1988 827 2011 vero
845 1978 978 2012 Concilii
997 1980 1061 2012 Tri-

323 2030 447 2063 dentini
469 2031 606 2064 decretis
626 2036 657 2064 et
680 2031 968 2065 constitutionibus
986 2044 1060 2077 apo-

322 2083 443 2117 stolicis
468 2094 534 2116 non
566 2083 737 2125 contraria,
764 2085 891 2125 edendi,
918 2092 949 2119 et
974 2087 1060 2120 edita

322 2147 382 2180 pro
418 2142 599 2180 temporum
629 2142 658 2170 et
692 2147 801 2170 rerum
836 2139 991 2172 varietate
1028 2145 1060 2173 et

323 2190 478 2233 qualitate
515 2190 698 2228 limitandi‚
724 2191 928 2234 corrigendi,
955 2193 1059 2226 decla-

322 2242 430 2283 randi,
463 2243 722 2286 interpretandi,
749 2254 785 2276 ac
821 2244 852 2277 in
889 2245 1058 2279 meliorem

322 2296 459 2329 formam
491 2296 683 2338 redigendi,
715 2307 772 2330 seu
810 2298 871 2330 alia
903 2299 942 2331 de
974 2310 1058 2333 novo

323 2349 420 2382 etiam
449 2359 485 2382 ex
510 2348 636 2391 integro
663 2351 834 2391 condendi,
853 2357 884 2385 et
908 2363 966 2395 per
990 2364 1057 2395 eos,

322 2403 361 2435 ad
376 2412 456 2445 quos
474 2412 532 2445 pro
552 2406 697 2446 tempore
717 2405 887 2447 spectabit,
909 2405 968 2437 sub
985 2417 1060 2450 poe-

322 2455 371 2488 nis
395 2455 426 2487 in
452 2455 736 2489 contravenientes
772 2458 951 2491 statuendis
1002 2459 1059 2492 oh-

967 2485 975 2499 7

321 2507 440 2541 servari
465 2507 610 2548 faciendi,
630 2509 770 2552 plenam,
792 2510 925 2543 liberam
944 2516 975 2545 et
992 2522 1059 2546 om-

359 2580 368 2604 i
393 2578 463 2605 Edit.
483 2578 563 2606 Main.
585 2580 650 2614 legit
668 2581 793 2608 notandi
811 2581 848 2615 (a.
866 2582 914 2615 T.).

358 2625 370 2652 1
393 2623 446 2651 Vox
466 2625 586 2652 servatis
606 2625 720 2653 delenda
741 2626 846 2654 videtur
864 2628 902 2663 (n.
917 2627 966 2663 Τ.).

1104 1607 1175 1640 dem
1202 1608 1345 1650 capituli,
1362 1608 1400 1641 de
1426 1607 1559 1650 praefati
1578 1607 1729 1641 Ludovici
1755 1608 1842 1651 regis

1103 1671 1275 1701 consensu,
1301 1660 1404 1693 dictae
1425 1671 1556 1693 mensae
1583 1661 1784 1704 episcopali,
1806 1672 1842 1694 ac

1103 1714 1244 1757 capitulo
1271 1713 1452 1753 Alesicnsi,
1479 1719 1513 1746 ut
1538 1724 1644 1757 supra,
1672 1714 1766 1752 facta)
1792 1713 1841 1746 ius

1104 1767 1293 1800 nominandi
1315 1767 1353 1799 ad
1379 1767 1555 1810 praefatam
1582 1767 1749 1800 ecclesiam
1769 1767 1842 1799 Ale-

1103 1820 1253 1860 siensem,
1271 1820 1346 1852 dum
1364 1820 1418 1853 illa
1436 1820 1578 1863 pastoris
1600 1821 1719 1853 solatio
1744 1820 1842 1853 desti-

1103 1878 1170 1906 tuta
1188 1873 1304 1913 fuerit·,
1330 1872 1377 1906 illi
1401 1883 1490 1913 vero,
1517 1884 1574 1906 seu
1602 1873 1666 1906 illis
1693 1873 1731 1906 ad
1758 1884 1840 1916 quos

1102 1925 1319 1969 praesentatio
1345 1936 1400 1959 seu
1426 1926 1606 1959 nominatio
1637 1926 1675 1958 ad
1701 1926 1840 1969 dignita-

1103 1985 1159 2019 tes,
1182 1979 1389 2012 canonicatus
1415 1985 1447 2012 et
1470 1979 1684 2023 praebendas,
1710 1990 1838 2012 necnon

1101 2033 1260 2066 beneficia
1295 2038 1326 2065 ct
1361 2033 1539 2065 ministeria
1578 2033 1763 2065 huiusmodi
1801 2043 1838 2065 ex

1102 2087 1293 2119 fundatione
1319 2086 1368 2119 vel
1394 2087 1558 2119 dotatione
1591 2087 1630 2119 de
1659 2086 1840 2129 iurepatro-

1102 2146 1196 2173 natus
1220 2139 1403 2182 pertinere¹
1423 2139 1627 2182 dignoscitur
1648 2139 1746 2182 (quae
1767 2140 1837 2182 qni·

1103 2195 1173 2226 dem
1199 2193 1376 2226 nominatio
1395 2193 1432 2225 ad
1452 2193 1621 2226 ecclesiam
1638 2193 1837 2226 Alesiensem

1101 2247 1194 2280 nobis
1220 2257 1277 2279 seu
1302 2246 1449 2279 Romano
1475 2246 1622 2279 Pontifici
1653 2246 1836 2279 successori

1101 2306 1212 2333 nostro
1237 2310 1295 2343 pro
1321 2305 1466 2343 tempore
1492 2300 1642 2333 existenti
1668 2310 1727 2343 per
1745 2310 1838 2343 prae-

1101 2353 1199 2386 fatum
1230 2353 1428 2386 Ludovicum
1465 2363 1597 2396 regem,
1625 2353 1778 2396 eiusque,
1802 2357 1837 2385 ut

1101 2406 1294 2450 praefertur,
1315 2417 1518 2439 successores
1535 2405 1709 2439 Galliarum
1727 2415 1834 2448 reges,

1102 2470 1166 2503 quo
1193 2469 1269 2493 vero
1301 2460 1340 2492 ad
1364 2460 1646 2503 praesentationes
1671 2459 1709 2492 ad
1731 2459 1836 2501 digni-

1101 2517 1191 2553 tates,
1210 2512 1418 2546 canonicatus
1443 2518 1475 2545 et
1499 2512 1704 2556 praebendas
1721 2522 1756 2544 ac
1781 2511 1835 2544 be-

1138 2585 1147 2610 1
1170 2583 1236 2610 Male
1256 2583 1320 2611 edit.
1343 2583 1421 2611 Maia.
1444 2584 1505 2620 legit
1521 2584 1687 2619 pertinente
1706 2591 1753 2619 pro
1765 2589 1835 2618 pcr=

1100 2629 1190 2656 tinere
1209 2629 1246 2664 (n.
1263 2629 1310 2665 Τ.).
