2227 3225
114 207 166 233 An.
187 206 214 234 C.
235 208 295 234 tom

885 208 1092 231 tNx‘octtx'rtt's
1117 208 1161 232 Nn
1187 209 1233 232 ΓΡ.

307 261 335 286 ct
359 260 386 286 te
407 256 534 287 donante
565 256 616 286 tibi
645 257 750 296 placita
773 256 912 295 cupiant,
935 261 963 286 et
985 258 1044 286 tota
1063 256 1065 267 ¹

306 303 414 333 virtute
435 304 599 343 perficiant,
613 309 641 335 et
657 305 827 343 magistrum
851 308 980 334 nostrum
996 314 1045 341 ge-

307 352 434 382 neralem
448 356 476 382 et
489 354 695 392 provincialem
713 357 740 383 et
758 353 895 384 Ordinem
911 357 1043 383 nostrum

307 404 335 429 et
357 410 408 430 nos
431 401 553 431 famulos
576 406 639 432 tuos
657 402 692 431 ab
710 403 788 432 omni
808 402 981 432 adversitate
995 411 1045 432 cu-

308 448 396 478 stodi.

348 497 502 535 Fidelium,
514 497 599 534 Deus,
609 499 739 529 omnium
755 499 885 529 conditor
894 502 921 528 et
932 498 1045 528 redem-

309 550 395 584 ptor,
429 547 582 576 animabus
611 548 783 577 famulorum
812 548 1044 587 famularumque

309 598 425 625 tuarum
448 596 651 626 remissionem
674 601 847 627 cunctorum
869 596 964 626 tribue
981 606 1046 636 pec,-

309 646 466 682 catorum,
495 648 526 674 ut.
552 644 786 682 indulgentiam,
816 654 902 684 quam
930 653 1046 684 semper

309 696 492 732 optaverunt,
510 693 565 732 piis
580 693 844 732 supplicationibus
865 703 1046 733 consequan-

310 745 367 772 tur.
389 741 445 778 Qui
466 743 540 772 vivis
562 747 590 772 et
613 751 728 781 regnas,
751 747 801 773 etc.

354 800 395 824 iv.
423 791 517 823 Hisce
549 791 699 833 peractis,
716 792 878 834 praelatus
907 791 1045 825 novitios

310 852 424 876 omnes
450 843 560 885 egredi
586 842 681 876 faciat
705 854 722 877 a
746 845 899 888 capitulo,
916 850 951 877 ut
968 845 1047 878 libe-

310 895 378 929 rius
402 896 504 939 possit
528 905 723 939 proponere,
744 908 877 940 arguere
896 903 928 930 et
944 898 1048 931 incre-

310 959 388 993 pare
413 959 493 992 quae
517 949 557 982 ad
583 949 788 983 honestatem
821 956 852 984 et
874 952 1047 985 correctio-

311 1012 386 1035 nem
412 1003 544 1035 fratrum
566 1003 782 1036 communiter
804 1004 854 1037 vel
875 1005 1048 1047 particula-

310 1055 391 1088 riter
421 1055 538 1088 viderit
572 1055 738 1099 expedire.
772 1056 839 1095 Qua
863 1058 902 1090 de
927 1068 961 1090 re
988 1058 1046 1101 ipsi

311 1107 403 1140 enixe
435 1108 608 1140 suademus
637 1118 677 1141 ne
705 1115 857 1142 vereatur
883 1109 1047 1144 interdum

311 1159 512 1203 singulorum
548 1161 659 1203 culpas
695 1161 842 1204 publicas
874 1168 906 1195 et
938 1174 1048 1206 graves

311 1213 478 1255 signanter
495 1213 673 1256 corripere,
693 1224 811 1258 neque,
828 1221 864 1248 ut
880 1216 973 1249 nnius
992 1218 1049 1250 cri-

311 1265 391 1298 mini
409 1271 439 1299 et
456 1265 566 1298 rubori
584 1271 702 1308 parcat,
720 1272 820 1300 totam
839 1269 1049 1302 communita·
1068 1269 1074 1282 ²

312 1322 377 1350 tem
396 1320 474 1360 vaga
491 1318 680 1361 suspicione
697 1323 921 1361 commaculet,
940 1328 971 1355 et
990 1323 1049 1355 fra-

311 1370 416 1403 tribus
438 1381 547 1404 rerum
574 1371 802 1413 ignorantibus
826 1384 936 1407 ansam
954 1386 1049 1419 prae-

310 1422 386 1456 beat
402 1424 484 1456 male
502 1423 533 1455 in
551 1434 584 1456 se
602 1423 738 1458 invicem
756 1427 938 1469 cogitandi3
968 1439 1049 1471 quae

311 1476 396 1508 enim
415 1476 483 1509 iure
501 1478 551 1510 vel
569 1477 652 1510 facto
676 1484 751 1510 sunt
774 1479 912 1522 publica,
932 1480 955 1513 si
975 1491 1050 1523 pru-

312 1529 426 1562 denter
443 1529 677 1573 oporteat,ipse
697 1541 770 1564 reus
787 1532 974 1575 designatus
992 1545 1050 1577 pu-

311 1582 395 1615 blica
411 1583 638 1625 obiurgatione
655 1584 885 1626 reprehendat.

355 1646 385 1667 v.
402 1635 478 1668 Post
495 1636 576 1668 haec
593 1642 713 1677 autem,
731 1642 766 1669 ut
782 1638 820 1670 ad
840 1637 992 1672 iudicium
1009 1640 1048 1673 de

311 1688 416 1732 culpis
433 1689 637 1731 regularibus
663 1696 696 1722 et
717 1690 897 1724 manifestis
920 1691 1048 1726 defecti·

311 1741 372 1774 bus
399 1742 604 1784 procedatur,
629 1747 660 1775 et
684 1743 817 1786 propria
844 1745 1047 1779 accusatione

312 1792 527 1832 innotescant,
552 1804 633 1838 quae
651 1797 816 1838 praelatus
834 1797 961 1840 singula
978 1809 1048 1842 pos-

311 1846 352 1878 sit
369 1847 543 1880 salubriter
568 1848 750 1888 emendare,
776 1850 861 1883 dicat
888 1850 956 1894 ipse
987 1853 1048 1885 fra-

312 1898 435 1931 tribus:
467 1899 570 1932 Dicite
593 1899 717 1943 culpas.
744 1900 811 1939 Quo
840 1903 959 1944 audito,
978 1915 1047 1937 sur-

310 1958 389 1995 gant
405 1953 519 1986 ordine
538 1964 605 1993 suo,
624 1953 812 1996 incipiendo
828 1957 866 1988 ab
884 1956 1047 1991 inferiori-

310 2005 372 2039 bus
387 2006 481 2049 primi
500 2012 553 2039 aut
570 2007 704 2039 secundi
721 2008 824 2048 chori,
843 2009 927 2042 iuxta
942 2011 1046 2055 dispo·
1067 2031 1069 2040 ι

311 2058 462 2092 sitionem
480 2059 629 2103 praelati,
647 2060 712 2104 qui,
726 2067 823 2104 prout
836 2063 976 2104 libuerit,
999 2065 1047 2097 in-

310 2112 445 2152 choare,
468 2113 606 2146 chorum
627 2113 759 2156 eligere,
777 2115 929 2149 fratresve
955 2128 1047 2160 regu-

309 2164 423 2198 lariter
440 2175 555 2198 vocare
572 2166 705 2208 poterit.
724 2166 803 2199 Cum
819 2173 924 2201 autem
948 2170 1047 2203 frater
1066 2182 1068 2212 ς

309 2217 436 2250 steterit
460 2224 533 2250 ante
557 2219 748 2261 praelatum,
763 2220 869 2253 flectat
893 2232 998 2264 genua
1016 2228 1046 2255 et

309 2269 407 2302 dicat:
421 2270 520 2303 Pater
537 2271 664 2303 veniam
676 2275 762 2314 peto:
774 2274 939 2316 praelatus
952 2286 1044 2308 vero:

308 2322 419 2365 Surye.
432 2323 546 2365 frater:
562 2323 617 2366 qui
631 2334 776 2366 surgens,
787 2331 817 2358 et
827 2331 915 2359 stans
930 2337 1043 2370 parum

308 2374 491 2415 inclinatus,
507 2375 699 2410 confiteatur
715 2379 835 2422 culpas,
854 2384 885 2412 et
902 2390 935 2412 se
955 2391 1046 2413 accu-

307 2433 356 2460 set
373 2431 412 2460 de
431 2429 609 2462 defectibus
635 2431 811 2464 manifestis
836 2438 951 2465 contra
969 2445 1046 2467 con-

307 2477 491 2512 stitutiones
510 2486 541 2512 et
558 2482 702 2523 regulam
721 2482 913 2523 commissis,
941 2484 1044 2517 dicen-

308 2529 348 2561 do
362 2528 453 2562 sicin
472 2540 601 2572 genere,
616 2533 664 2564 vel
682 2532 825 2576 alioquin
839 2535 1040 2577 expressius:

313 2579 427 2618 «Quod
445 2581 477 2614 in
495 2583 647 2615 omnibus
664 2593 727 2617 non
746 2585 883 2618 observo
896 2587 1040 2628 regulam

1086 256 1172 290 beati
1191 258 1374 300 Augustini,
1390 268 1450 291 nec
1467 260 1717 294 constitutiones
1734 264 1823 296 Ordi-

1086 309 1147 349 nis,
1172 320 1237 342 non
1255 310 1473 344 custodiendo
1499 312 1677 353 silentium,
1694 325 1754 347 nec
1778 326 1823 348 re-

1086 362 1215 395 citando
1232 368 1354 396 attente
1375 369 1406 396 et
1425 364 1540 397 devote
1567 365 1664 399 lioras
1690 373 1721 399 ct
1745 368 1823 400 diri-

1087 425 1161 448 num
1188 416 1339 456 officium,
1362 416 1452 450 tarde
1476 418 1652 461 surgendo,
1682 424 1714 452 et
1740 422 1822 454 male

1086 467 1237 509 legendo,
1263 473 1294 500 et
1327 468 1358 501 in
1388 470 1617 503 essentialibus
1651 482 1716 504 non
1748 473 1825 506 obc-

1087 520 1206 553 diendo
1225 521 1322 554 corde
1340 527 1371 554 et
1388 533 1500 565 opere,
1517 534 1577 556 nec
1600 531 1824 568 paupertatem

1064 573 1217 616 =spiritus
1250 575 1398 614 amando,
1423 586 1484 609 nec
1516 576 1650 611 honeste
1672 578 1822 620 vivendo,

1088 637 1146 659 nec
1167 627 1330 660 ferventer
1347 628 1445 660 Deum
1463 629 1640 672 diligendo,
1660 631 1732 665 ideo
1751 632 1823 666 dico

1088 690 1190 712 meam
1222 681 1374 724 culpam,
1399 686 1432 715 et
1459 687 1534 725 peto
1567 684 1823 718 misericordiam

1089 732 1143 765 Dei
1169 737 1202 764 et
1226 738 1364 766 vestram
1390 745 1421 766 ».

1131 796 1173 819 vt.
1198 785 1228 819 Si
1254 796 1328 819 vero
1354 788 1448 830 culpa
1473 787 1543 821 talis
1569 788 1619 829 sit,
1646 795 1679 822 ut
1705 791 1824 824 nedum

1088 839 1198 878 verbo,
1224 849 1334 872 verum
1359 841 1455 873 ctiam
1480 851 1591 884 opere,
1618 844 1824 877 correctione

1089 892 1242 934 indigeat,
1268 898 1444 937 praeparet
1467 904 1500 927 se
1526 895 1625 928 frater
1649 897 1687 929 ad
1713 897 1799 930 illam
1816 924 1823 937 ,

1089 956 1184 988 quam
1209 946 1385 989 praelatus,
1406 957 1462 979 seu
1488 947 1542 981 ille
1567 948 1623 991 qui
1649 959 1826 993 praecepe-

1090 998 1142 1038 rit,
1161 998 1297 1041 inssigat.
1323 999 1441 1042 Culpas
1461 1005 1575 1042 autem,
1601 1001 1640 1034 de
1660 1002 1777 1045 quibus
1795 1007 1827 1036 et

1090 1051 1219 1094 quando
1252 1051 1283 1084 in
1308 1051 1372 1084 hoc
1407 1052 1549 1095 capitulo
1581 1063 1615 1087 se
1640 1054 1727 1097 ipsos
1751 1066 1826 1098 pos-

1089 1104 1154 1136 sint
1177 1104 1291 1137 fratres
1316 1104 1455 1147 amplius
1480 1110 1513 1138 et
1536 1106 1710 1140 ferventius
1734 1118 1811 1142 accu

1090 1166 1161 1189 sare
1185 1157 1234 1189 vel
1256 1156 1412 1196 debeant,
1436 1156 1469 1190 in
1493 1167 1563 1201 cap.
1591 1168 1601 1191 1
1626 1158 1700 1191 dist.
1726 1170 1744 1193 v
1774 1160 1813 1194 de

1089 1209 1297 1242 clarabimus.
1334 1209 1434 1243 Nemo
1471 1211 1602 1243 tandem
1627 1210 1660 1243 in
1685 1212 1827 1256 capitulo

1091 1263 1267 1305 loquatur,
1294 1262 1356 1295 nisi
1388 1263 1499 1306 culpas
1524 1264 1676 1307 dicendo,
1701 1267 1750 1299 vel
1776 1276 1828 1299 su-

1091 1315 1211 1357 periori
1230 1315 1268 1347 ad
1287 1315 1488 1358 interrogata
1507 1318 1751 1360 respondendo,
1767 1329 1827 1352 nec

1090 1368 1152 1401 alio
1177 1372 1284 1400 stante
1317 1373 1348 1400 et
1382 1368 1535 1410 loquente
1570 1376 1755 1412 praesumat
1786 1373 1826 1405 ad

1090 1422 1287 1465 loquendum
1312 1432 1496 1465 assurgere.

1134 1485 1190 1508 vu.
1222 1474 1352 1507 Etiamsi
1388 1475 1529 1508 novitios
1566 1476 1605 1508 ab
1641 1476 1826 1511 huiusmodi

1092 1527 1240 1570 capitulis
1270 1537 1456 1566 arceamus,
1484 1537 1547 1560 non
1582 1534 1756 1572 propterea
1788 1531 1828 1563 ab

1093 1581 1153 1613 hac
1177 1579 1349 1623 disciplina
1374 1591 1428 1613 eos
1452 1591 1584 1624 prorsus
1611 1582 1825 1623 excludimus;

1092 1633 1169 1676 quin
1195 1633 1302 1677 potius
1326 1633 1552 1666 desiderantes
1577 1640 1612 1666 ut
1637 1634 1669 1667 in
1694 1635 1763 1668 eius
1786 1642 1827 1679 ty-

1091 1686 1215 1719 rocinio
1232 1686 1292 1719 liae
1312 1685 1408 1719 etiam
1428 1686 1632 1720 institutione
1645 1688 1826 1731 proficiant,

1091 1739 1220 1773 illorum
1244 1740 1398 1782 magistro
1422 1740 1642 1783 praecipimus
1668 1741 1750 1774 utin
1769 1752 1827 1775 no-

1090 1793 1200 1825 vitiatu
1217 1793 1318 1826 semel
1337 1803 1467 1836 quoque
1482 1792 1514 1825 in
1532 1793 1737 1828 hebdomada
1754 1806 1825 1828 cum

1090 1845 1167 1888 ipsis
1193 1850 1224 1878 et
1248 1845 1381 1889 reliquis
1405 1845 1558 1888 professis
1583 1847 1711 1880 clericis
1735 1847 1827 1881 inde-

1090 1898 1239 1932 ficienter
1262 1898 1366 1931 simile
1392 1899 1511 1932 habeat
1543 1899 1736 1943 capitulum,
1763 1913 1826 1945 quo

1090 1952 1183 1985 simul
1209 1962 1322 1985 omnes
1357 1953 1616 1986 correctionibus
1641 1959 1673 1986 et
1697 1954 1827 1988 humili-

1090 2009 1152 2038 tate
1178 2004 1336 2037 aedificet.

1133 2068 1202 2091 vni.
1230 2057 1342 2090 Finitis
1367 2068 1443 2091 vero
1468 2058 1590 2102 culpis,
1615 2064 1827 2102 prosternant

1089 2121 1122 2143 se
1137 2121 1248 2144 omnes
1265 2116 1295 2143 et
1315 2110 1422 2143 dicant
1440 2111 1598 2153 Confiteor
1613 2112 1690 2153 Deo,
1706 2113 1825 2147 deinde

1090 2164 1251 2206 praelatus
1268 2168 1355 2195 stans
1374 2163 1474 2196 dicat:
1499 2164 1695 2197 Misereamr
1713 2167 1823 2206 vestri,

1089 2223 1146 2249 etc.
1155 2217 1180 2250 A
1189 2217 1396 2249 bsolulionem
1411 2221 1439 2249 et
1449 2218 1666 2251 remissionem
1678 2220 1824 2252 omnium

1086 2273 1288 2312 peccalorum
1320 2274 1499 2302 vvslrorum
1524 2271 1648 2303 tribuat
1676 2272 1763 2304 vobis
1792 2283 1824 2305 o-

1090 2324 1271 2365 mnipotens
1284 2326 1312 2354 el
1326 2323 1506 2355 misericors
1520 2323 1691 2364 Dominum,
1703 2324 1729 2358 A
1738 2335 1820 2358 men.

1089 2375 1209 2407 Deinde
1235 2381 1369 2418 surgant
1394 2385 1520 2415 omnes,
1541 2381 1572 2408 et
1590 2377 1751 2419 praelatus
1777 2377 1822 2411 di-

1088 2434 1155 2460 cat:
1187 2428 1400 2461 Adiutorium
1440 2432 1586 2460 nostrum
1625 2429 1660 2462 in
1692 2431 1822 2463 nomine

1088 2481 1231 2519 Domini,
1256 2481 1315 2524 qui
1333 2481 1408 2523 fi‘cv'c
1431 2481 1554 2513 caelum
1580 2486 1608 2514 et
1633 2486 1765 2515 terram.
1785 2483 1822 2516 Et

1086 2533 1131 2565 sic
1154 2533 1290 2566 solvitur
1313 2533 1498 2577 capitulum,
1524 2533 1705 2568 iunioribus
1729 2545 1822 2579 prae·

1086 2586 1290 2620 cedentibus.

1717 204 1781 238 ⁶277
1827 215 1878 241 An.
1898 214 1927 243 c..
1947 215 2007 243 tom
