2254 3225
214 243 264 269 An.
283 241 310 268 c.
335 240 400 268 ¹694
445 229 510 265 6530

242 989 361 1012 etausuiae.

407 289 522 323 neticia
540 291 571 321 et
590 285 769 320 ministeria
785 283 981 326 huiusmodi,
1002 283 1142 328 quando-

407 353 543 386 cumque
575 347 607 375 et
631 340 895 384 quotiescumque
933 348 991 381 per
1015 346 1142 370 cessum

408 397 456 429 vel
493 396 662 429 decessum
701 397 756 427 aut
788 392 865 425 alias
898 389 1143 435 quomodolibet

406 458 518 482 vacare
539 446 726 490 contigerit,
753 445 850 478 etiam
876 454 984 477 coram
1008 441 1143 475 Ordina-

407 501 455 534 rio
474 500 642 540 Alesiensi,
660 510 719 543 pro
736 504 883 540 tempore
905 494 1064 535 existenti,
1083 503 1143 539 per

408 560 561 597 patronos
580 552 649 586 fieri
670 551 848 594 respective
861 547 1027 589 debeant¹,
1046 550 1144 590 prout

408 612 505 640 antea
529 606 567 639 ad
586 606 703 639 dictam
725 603 887 637 abbatiam
911 602 942 636 S.
962 600 1047 634 Petri
1063 599 1144 632 Psal-

406 658 592 697 modiensis‚
611 663 642 691 et
659 657 698 690 ad
724 656 908 699 dignitateS,
935 651 1143 687 canonicatus

407 717 439 744 et
463 711 676 755 praebendas,
698 719 827 742 necnon
851 706 1010 741 beneficia
1034 709 1065 737 et
1088 702 1145 736 mi-

406 764 544 797 nisteria
568 763 738 806 utriusque
770 760 961 805 collegiatae
986 757 1143 791 ecclesiae

406 817 516 850 unitae
538 816 726 850 huiusmodi
751 816 929 858 respective
951 810 1144 855 spectabat),

408 870 504 903 etiam
526 874 686 914 perpetuo
707 877 916 906 reservamus,
934 863 1145 898 concedimus

409 929 442 957 et
462 924 678 967 assignamus.

453 978 468 1021 ἓ
492 977 521 1011 6.
548 978 591 1010 Ac
616 977 746 1010 easdem
771 980 962 1020 praesentes
995 973 1063 1006 ullo
1087 980 1147 1003 un-

409 1041 504 1074 quam
530 1036 677 1074 tempore
703 1029 742 1062 de
767 1026 989 1071 subreptionis
1012 1026 1063 1058 vel
1088 1024 1145 1057 ob-

407 1083 567 1127 reptionis
592 1084 641 1116 vel
660 1081 772 1126 quovis
790 1081 853 1114 alio
879 1080 1024 1119 defectu,
1049 1077 1144 1111 etiam

407 1148 445 1170 ex
471 1148 510 1170 eo
529 1136 617 1180 quod
642 1146 768 1176 causae,
798 1140 937 1179 propter
955 1143 1034 1176 quas
1051 1142 1146 1175 prae-

407 1190 506 1223 missa
523 1193 725 1228 emanarunt,
742 1198 853 1221 coram
872 1186 968 1220 nobis
992 1186 1043 1219 vel
1068 1183 1145 1217 alibi

407 1243 601 1284 verificatae,
625 1247 656 1276 et
680 1242 875 1285 quicumque
901 1241 933 1273 in
958 1237 1145 1283 praemissis

408 1298 566 1330 interesse
591 1296 763 1336 habentes,
784 1305 840 1328 seu
859 1294 982 1327 habere
999 1297 1147 1336 praeten-

409 1351 532 1391 dentes
559 1349 598 1383 ad
635 1349 667 1382 id
691 1349 819 1388 vocati,
843 1347 951 1387 citati,
978 1345 1146 1388 auditique

408 1414 474 1437 non
500 1403 631 1443 suerint,
656 1407 688 1434 et
712 1400 899 1445 praemissis
923 1409 989 1433 non
1014 1407 1148 1432 consen-

407 1456 521 1496 serint,
545 1460 600 1488 aut
629 1455 691 1488 alio
724 1453 840 1497 quovis
870 1453 996 1486 defectu
1027 1450 1145 1489 notari,

408 1508 603 1552 impugnari,
627 1507 808 1545 invalidari‚
834 1505 1014 1545 retractari,
1040 1504 1072 1537 in
1097 1503 1147 1536 ius

408 1564 457 1596 vel
483 1561 737 1595 controversiam
762 1560 880 1600 vocari,
917 1559 956 1591 ad
991 1558 1146 1591 terminos

409 1615 488 1648 iuris
513 1614 635 1655 reduci,
652 1613 663 1630 2
684 1613 864 1646 remedium
890 1611 1069 1655 impetrari,
1096 1611 1146 1644 vel

408 1667 470 1701 sub
495 1666 659 1710 quibusvis
684 1665 837 1699 similium
863 1665 913 1698 vel
939 1664 1147 1697 dissimilium

410 1720 587 1763 gratiarum
613 1718 895 1757 revocationibus,
923 1716 1148 1760 suspensioni-

409 1774 477 1814 bus,
504 1772 763 1811 limitationibus,
789 1777 843 1804 aut
872 1771 944 1804 aliis
977 1769 1148 1804 contrariis

410 1826 689 1870 dispositionibus,
716 1825 811 1858 etiam
840 1835 900 1871 per
924 1833 1147 1868 quascumque

409 1879 658 1913 constitutiones
684 1878 889 1921 apostolicas,
914 1882 968 1910 aut
987 1877 1150 1910 Cancella-

410 1932 476 1965 riae
493 1933 699 1976 Apostolicae
718 1931 1148 1973 regulas,quandocumque,

411 1985 507 2018 etiam
543 1985 577 2017 in
611 1984 786 2017 crastinum
822 1983 1051 2026 assumptionis
1077 1992 1149 2015 suc-

411 2048 576 2071 cessorum
603 2043 789 2070 nostrorum
810 2037 849 2069 ad
873 2035 990 2069 summi
1020 2039 1150 2078 aposto-

411 2092 494 2125 latus
520 2091 643 2134 apicem
661 2117 668 2130 ,
691 2090 741 2122 vel
771 2089 850 2122 alias
876 2089 1148 2132 quandocumque

412 2145 525 2184 editas,
558 2154 615 2177 seu
640 2143 699 2176 sub
726 2141 891 2185 quibusvis
927 2141 1093 2174 tenoribus
1120 2146 1151 2174 et

413 2198 524 2231 formis
550 2201 726 2236 emanatas,
750 2202 781 2229 et
805 2196 836 2228 in
858 2201 1023 2238 posterum
1050 2195 1150 2228 eden-

413 2251 469 2284 das
495 2255 527 2283 et
551 2249 761 2288 emanandas,
792 2249 978 2281 nullatenus
1003 2258 1151 2291 compre-

413 2304 524 2343 hendi,
550 2303 605 2336 sed
631 2312 760 2345 semper
778 2302 816 2334 ab
837 2302 901 2335 illis
928 2307 1089 2345 exceptas,
1109 2305 1149 2342 et,

414 2357 544 2400 quoties
569 2356 645 2389 illac
671 2354 884 2395 emanabunt,
913 2355 1007 2387 toties
1033 2355 1064 2387 in
1090 2354 1150 2397 pri-

414 2410 535 2444 stinum
567 2414 598 2442 et
621 2408 854 2441 validissimum
888 2413 1016 2449 statum,
1054 2407 1149 2440 etiam

451 2501 462 2526 ¹
480 2498 528 2525 Vel
544 2499 588 2524 hic
602 2497 661 2532 lege
677 2497 785 2530 debeat,
802 2503 899 2530 nempe
913 2496 1093 2529 nominatim
1109 2496 1150 2522 vel

415 2545 497 2572 etiarn
509 2544 536 2570 in
549 2543 600 2569 fine
617 2540 784 2578 parenthesis
799 2540 856 2575 lege
867 2541 1042 2575 spectabant,
1055 2549 1151 2576 nempe

414 2587 660 2624 praesentationes
682 2586 719 2618 (n.
736 2586 785 2618 r).

451 2634 467 2660 2
487 2633 588 2660 Deesse
609 2630 713 2658 videtur
731 2630 867 2657 adsersus
882 2630 948 2658 illas
963 2630 1002 2665 (u.
1023 2629 1071 2664 Τ.).

986 233 1163 259 nULLARmM
1187 233 1342 258 ROMANUM

1183 283 1241 315 sub
1262 292 1465 326 quacumque
1490 282 1664 325 posteriori
1690 282 1764 316 data
1784 293 1843 327 per
1858 293 1918 327 pro

1183 341 1329 379 tempore
1354 335 1529 369 existentes
1547 336 1736 379 episcopum
1754 347 1790 369 ac
1814 336 1918 380 digni·

1185 393 1274 429 tates,
1293 388 1469 432 capitulum
1488 393 1520 422 et
1536 389 1711 422 canonicos
1729 389 1919 423 huiusmodi

1184 440 1343 482 eligenda,
1362 441 1536 481 restitutas,
1551 442 1709 485 repositas
1726 447 1757 476 et
1773 442 1920 486 plenarie

1183 492 1410 536 reintegratus,
1436 504 1472 526 ac
1497 494 1605 527 denuo
1629 504 1811 535 concessas,
1835 504 1920 528 sem-

1184 556 1310 589 perque
1346 546 1467 579 validas
1502 556 1573 579 esse
1609 552 1640 579 ct
1670 546 1750 587 sore,
1777 557 1920 590 suosque

1185 598 1348 641 plenarios
1381 597 1510 631 effectus
1546 597 1657 632 sortiri
1689 603 1720 631 et
1745 599 1919 640 obtinere,

1185 661 1314 684 necnon
1340 651 1508 694 episcopo,
1535 651 1744 695 dignitatibus
1769 656 1801 685 et
1824 661 1922 685 cano-

1186 703 1265 737 nicis
1284 704 1471 737 huiusmodi
1496 715 1556 748 pro
1583 709 1727 748 tempore
1753 704 1922 738 existenti-

1185 756 1245 789 bus
1271 762 1430 800 perpetuo
1455 756 1640 800 sulii-agari,
1663 757 1775 800 sicque
1800 762 1833 790 et
1856 767 1921 790 uon

1186 809 1281 842 aliter
1304 821 1363 853 per
1388 809 1611 854 quoscumque
1642 810 1765 844 iudices
1790 810 1923 844 ordina-

1186 862 1251 895 rios
1266 864 1316 896 vel
1333 864 1500 905 delegatos
1521 864 1629 907 quavis
1647 864 1836 897 auctoritate
1854 864 1923 896 sun-

1187 921 1308 958 gentes,
1327 917 1452 949 sublata
1469 916 1515 949 eis
1534 922 1565 949 et
1583 927 1695 950 eorum
1716 917 1850 950 cuilibet
1866 917 1923 950 ali-

1187 974 1235 1002 ter
1262 968 1427 1002 iudicandi
1453 975 1485 1002 et
1509 969 1743 1013 interpretandi
1768 970 1921 1003 facultate

1186 1028 1217 1056 et
1237 1022 1438 1062 auctoritate,
1455 1022 1589 1055 iudicari
1615 1028 1646 1055 et
1671 1021 1798 1056 definiri
1824 1022 1925 1056 debe·

1188 1085 1238 1116 re,
1266 1080 1305 1115 et,
1332 1075 1356 1108 si
1382 1085 1477 1108 secus
1502 1085 1599 1118 super
1630 1075 1681 1109 his
1707 1086 1725 1109 a
1749 1086 1922 1119 quoquam,

1187 1128 1297 1170 quavis
1324 1128 1524 1168 auctoritate,
1544 1128 1685 1161 scienter
1701 1129 1751 1162 vel
1770 1129 1925 1171 ignoran-

1187 1186 1247 1222 ter,
1267 1181 1442 1224 contigerit
1460 1180 1619 1223 attentari,
1634 1181 1761 1215 irritum
1778 1186 1810 1215 et
1826 1181 1923 1215 inane

1187 1233 1406 1267 decernimus.

1231 1287 1245 1331 ἓ
1270 1287 1301 1320 7.
1320 1287 1390 1320 Non
1417 1287 1619 1320 obstantibus
1643 1287 1764 1321 nostris
1789 1293 1821 1321 et
1843 1286 1925 1321 Can-

1187 1341 1339 1374 cellariae
1363 1341 1569 1385 Apostolicae
1594 1341 1713 1384 regulis
1739 1341 1778 1375 de
1802 1341 1922 1384 gratiis,

1188 1394 1321 1427 indultis
1353 1400 1385 1427 et
1419 1393 1633 1436 indulgentiis
1665 1394 1705 1427 ad
1730 1394 1830 1427 instar
1858 1403 1924 1427 non

1188 1447 1414 1488 concedendis,
1452 1457 1488 1480 ac
1524 1448 1563 1480 de
1600 1447 1814 1490 exprimendo
1848 1457 1924 1480 vero

1189 1512 1296 1534 annuo
1320 1502 1439 1541 valore,
1459 1512 1496 1534 ac
1520 1500 1559 1534 de
1583 1501 1760 1534 unionibus
1778 1501 1926 1534 commit-

1189 1554 1296 1587 tendis
1310 1554 1348 1587 ad
1362 1559 1478 1598 partes,
1493 1553 1611 1586 vocatis
1625 1564 1763 1597 quorum
1777 1553 1925 1594 interest,

1188 1618 1225 1640 ac
1249 1607 1474 1640 Lateranensis
1491 1606 1626 1640 Concilii
1651 1607 1824 1640 novissime
1844 1607 1927 1639 cele-

1189 1660 1272 1693 brati
1298 1659 1435 1693 uniones
1452 1664 1636 1703 perpetuas,
1655 1659 1717 1692 nisi
1742 1659 1774 1692 in
1800 1658 1927 1692 casibus

1190 1724 1207 1746 a
1231 1713 1303 1746 iure
1339 1713 1507 1756 permissis
1524 1739 1531 1753 ,
1559 1712 1626 1745 fieri
1651 1712 1870 1756 prohibentis,
1895 1717 1928 1745 et

1190 1767 1357 1811 quibusvis
1381 1766 1583 1810 apostolicis,
1608 1776 1736 1800 necnon
1765 1766 1799 1799 in
1835 1776 1929 1811 syno-

1191 1821 1334 1862 dalibus,
1371 1820 1623 1863 provincialibus
1658 1825 1690 1852 et
1722 1820 1928 1862 generalibus

1190 1873 1338 1907 conciliis
1363 1873 1459 1906 editis
1488 1874 1538 1906 vel
1563 1872 1699 1906 edendis
1725 1872 1929 1906 constitutio-

1190 1927 1305 1968 nibus;
1332 1927 1448 1970 quibus
1466 1927 1628 1967 omnibus,
1647 1925 1772 1959 etiamsi
1798 1927 1838 1960 de
1863 1926 1928 1960 illis

1191 1991 1367 2024 eorumque
1401 1980 1476 2013 totis
1514 1980 1680 2012 tenoribus
1716 1980 1866 2023 specifica
1897 1985 1929 2013 et

1191 2044 1342 2077 expressa
1367 2043 1403 2065 ac
1428 2032 1466 2065 de
1491 2032 1590 2065 verbo
1615 2033 1654 2065 ad
1679 2033 1813 2066 verbum
1829 2059 1836 2073 ,
1861 2042 1928 2065 non

1191 2092 1297 2119 autem
1316 2096 1374 2129 per
1390 2087 1550 2119 clausulas
1568 2086 1737 2128 generales
1758 2085 1845 2118 idem
1870 2085 1929 2118 im·

1192 2144 1368 2182 portantes,
1404 2138 1572 2181 expressio
1598 2138 1638 2170 ad
1675 2138 1739 2171 hoc
1770 2138 1928 2171 servanda

1192 2193 1284 2233 soret,
1306 2192 1371 2225 illis
1397 2192 1476 2225 alias
1502 2192 1535 2224 in
1560 2202 1617 2224 suo
1641 2191 1759 2224 robore
1777 2201 1928 2234 perman-

1193 2246 1286 2286 suris,
1313 2246 1373 2278 liac
1396 2245 1466 2278 vice
1497 2245 1668 2284 dumtaxat,
1695 2244 1882 2287 specialiter
1898 2249 1930 2277 et

1193 2309 1352 2342 expresse,
1382 2299 1497 2331 harum
1523 2297 1607 2330 serie
1634 2298 1854 2340 derogamus;
1879 2307 1930 2330 ce-

1194 2352 1336 2395 terisque
1362 2350 1533 2384 contrariis
1559 2350 1828 2393 quibuscumque.

1236 2406 1350 2439 Datum
1376 2405 1506 2443 Romae,
1540 2405 1626 2447 apud
1657 2403 1689 2436 S.
1716 2404 1846 2437 Mariam
1872 2404 1931 2437 Ma-

1193 2460 1314 2501 iorem,
1351 2469 1436 2492 anno
1476 2457 1710 2490 incarnationis
1746 2457 1929 2491 dominicae

1192 2521 1345 2553 Mncxciv,
1363 2521 1414 2544 xv1
1434 2510 1590 2543 kalendas
1611 2510 1700 2550 iunii,
1722 2509 1930 2554 pontificatus

1193 2566 1298 2600 nostri
1324 2575 1409 2598 anno
1433 2574 1482 2598 ιιι.

1230 2629 1288 2656 Dat.
1309 2628 1352 2655 die
1370 2629 1401 2655 16
1417 2627 1478 2654 maii
1502 2627 1577 2655 1604,
1595 2627 1691 2663 pontif.
1710 2635 1781 2655 anno
1802 2634 1841 2654 ui.

1927 234 1976 263 An.
1991 234 2021 264 C.
2043 237 2111 265 1694

2001 1301 2118 1325 numantia

1934 1329 2097 1357 contrariarum.
