2254 3225
253 240 302 266 Λη.
321 239 349 267 (2.
373 239 434 266 1091

368 1536 383 1556 .’
400 1542 433 1556 Ut·-

488 229 548 262 184
1009 235 1185 259 mmmmm:

1211 234 1362 257 {ioitffit'ni

441 289 561 321 idcirco
576 287 764 330 etsingulos
779 285 924 319 hortatus
940 286 996 318 suit
1017 295 1052 317 ex
1068 284 1174 317 animo
1194 282 1197 313 l
1217 281 1268 313 liis
1294 280 1397 313 dictae
1422 279 1587 313 Romanae
1622 280 1735 314 Curiae
1772 280 1925 324 praelatis
1942 307 1950 320 ,

441 347 476 373 ut
500 340 753 384 precationibus,
782 339 926 379 ieiuniis,
949 337 1172 380 eleemosynis,

442 394 623 436 ceterisque
641 393 775 427 eximiae
790 392 919 435 pietatis
938 390 1100 433 operibus,
1115 389 1174 421 dis-

443 448 614 480 ficillimam
639 447 727 479 illam
753 446 790 477 ad
812 444 1090 485 investigationem
1118 452 1174 473 au-

442 501 552 532 xilium
580 499 684 532 eidem
703 499 741 531 de
759 503 869 530 sancto
894 505 1081 538 comparare
1098 504 1174 526 con-

445 552 626 592 tenderent,
646 551 715 583 sine
741 560 804 593 quo
829 548 983 591 impervia
1000 552 1075 579 sunt
1090 557 1175 579 mor-

445 605 553 638 talium
589 604 688 637 oculis
723 602 858 635 consilia
893 600 1087 639 divinitatis;
1120 600 1172 642 qui

443 658 538 690 etiam
571 656 761 688 sententiam
794 654 1006 697 praefatorum
1040 662 1175 684 venera-

443 710 554 743 bilium
577 710 710 741 fratrum
729 712 923 744 nostrorum,
941 711 1016 738 tune
1030 715 1172 745 suorum,

443 763 472 794 S.
491 763 524 794 R.
538 762 572 794 E.
600 761 816 798 cardinalium,
835 768 960 791 necnon
982 758 1174 800 patriarcha-

443 826 524 854 rum,
549 813 865 856 archiepiscoporum
890 817 921 843 et
945 811 1173 854 episcoporum

443 867 585 900 omnium
605 872 678 898 tunc
696 865 727 897 in
746 864 829 896 Urbe
845 863 1114 896 commorantium
1134 865 1172 897 ad

442 930 508 952 rem
535 919 564 951 in
592 918 684 951 terris
721 918 894 949 caelestem
933 916 1172 949 consultissime

442 972 677 1004 decernendam
696 970 873 1012 exquisivit,
893 970 947 1012 qui
970 969 1001 1001 in
1023 970 1171 1013 sequenti

441 1024 635 1056 consistorio
667 1022 880 1064 semipublieo
913 1022 952 1053 ad
983 1022 1069 1054 hunc
1098 1022 1171 1054 etl'e-

441 1082 523 1108 ctum
539 1076 668 1113 indicto,
687 1075 910 1117 praesentibus
929 1075 1024 1107 etiam
1043 1076 1171 1114 nostris,

440 1134 515 1159 tunc
539 1127 614 1166 suis,
632 1133 663 1159 et
682 1127 771 1159 Sedis
796 1127 1001 1169 Apostolicae
1026 1128 1172 1163 notariis,

441 1185 473 1212 et
496 1189 664 1211 causarum
690 1178 801 1221 palatii
827 1178 997 1221 apostolici
1019 1179 1173 1212 auditori-

439 1233 508 1271 bus,
535 1242 572 1264 ex
598 1231 635 1263 iis
663 1242 744 1273 quae
770 1232 809 1263 ab
835 1242 872 1264 eo
895 1232 1064 1274 proposita
1085 1238 1171 1265 etex

439 1295 592 1328 processu
629 1286 727 1317 relata
755 1285 900 1322 suerunt,
928 1286 967 1317 ad
992 1287 1171 1318 solemnem

439 1338 715 1370 canonizationem
734 1337 818 1370 beati
834 1338 975 1370 (Iaietani
993 1349 1088 1381 posse
1104 1349 1174 1382 pro-

441 1390 522 1429 cedi,
548 1390 684 1432 puhlicis
710 1389 870 1432 suthagiis
896 1396 1104 1424 censuerunt.

486 1444 500 1485 ξ
524 1442 577 1476 93.
604 1442 745 1480 Quorum
764 1443 906 1475 unanimi
928 1453 1026 1475 sensu
1052 1444 1172 1484 audito,

398 1490 515 1529 2-'21011111
541 1496 622 1528 nihil
655 1495 742 1528 aliud
776 1496 1013 1529 desideraretur
1036 1507 1145 1529 eorum
1163 1524 1170 1537 ,

444 1560 523 1592 quae
547 1559 582 1582 ex
608 1554 791 1582 sanctorum
817 1554 944 1591 patrum
969 1550 1171 1590 auctoritate,

443 1613 672 1645 sacrorumque
698 1613 855 1635 canonum
881 1602 1056 1642 institutis,
1082 1614 1174 1645 prae-

442 1657 504 1687 fata
528 1656 559 1688 S.
582 1655 619 1688 R.
639 1655 672 1687 E.
692 1656 935 1695 consuetudine,
954 1666 991 1688 ac
1015 1666 1172 1689 novorum

443 1709 644 1740 decretorum
678 1708 883 1751 praescripto
909 1708 1031 1749 agenda
1057 1714 1088 1741 et
1118 1709 1174 1741 ob-

442 1761 598 1793 servanda
613 1767 711 1799 erant,
727 1761 812 1793 idem
826 1761 973 1793 Clemens
991 1762 1176 1803 praedeces-

443 1824 496 1845 sor
519 1813 668 1855 aperiens
685 1823 720 1845 os
739 1824 808 1845 suin
831 1813 862 1844 in
883 1813 1123 1853 benedictione,
1145 1820 1176 1846 et

443 1865 560 1906 gratias
586 1875 682 1906 agens
707 1865 832 1897 divinae
858 1865 1059 1905 clementiae,
1089 1867 1174 1908 quod

445 1924 561 1950 tantam
587 1928 644 1950 suo
669 1928 760 1950 servo
794 1918 927 1960 gratiam
961 1918 1174 1957 contulisset,

443 1971 575 2003 solemni
593 1971 680 2003 illius
698 1970 951 2003 canonizationi¹
973 1972 1176 2014 peragendae

445 2024 637 2056 dominicam
656 2024 830 2056 secundam
849 2030 920 2067 post
937 2024 1070 2062 Pascha,
1088 2034 1177 2056 nem-

445 2075 501 2119 [ιη2
515 2077 736 2109 duodecimam
753 2081 827 2109 tunc
844 2077 1030 2109 immediate
1044 2087 1177 2119 sequen-

447 2129 485 2160 tis
510 2129 629 2161 mensis
653 2129 765 2172 aprilis
786 2130 861 2161 anni
882 2134 1049 2172 reparatae
1067 2130 1177 2162 salutis

445 2190 580 2213 iincnx‘m
598 2191 633 2213 ac
657 2181 751 2224 primi
784 2181 988 2224 pontificatus
1012 2181 1072 2221 sui,
1094 2182 1177 2213 desi-

1217 333 1406 366 osiicialibus
1437 339 1470 366 et
1502 334 1716 367 familiaribus
1748 334 1837 374 suis,
1862 335 1950 367 clero

1216 385 1373 418 saeculari
1398 391 1431 418 et
1458 387 1621 428 regulari,
1653 397 1690 420 ae
1724 387 1862 420 maxima
1893 398 1951 430 po-

1216 438 1283 480 puli
1309 438 1490 481 frequentia
1523 450 1616 472 mane
1648 445 1865 480 convenerat,
1892 440 1951 473 ite-

1215 491 1292 523 ratis
1317 491 1433 533 primo,
1458 492 1600 525 secundo
1618 497 1649 525 et
1668 493 1762 525 tertio
1779 504 1837 536 pro
1856 503 1951 526 cano-

1215 543 1384 577 nizationis
1407 545 1536 577 decreto
1554 545 1718 577 instantiis
1734 556 1794 588 per
1817 556 1952 579 venera-

1215 598 1314 630 bilem
1334 597 1464 630 fratrem
1485 603 1629 631 nostrum
1647 598 1805 631 Palutium
1824 600 1951 642 episco-

1216 661 1291 693 pum
1316 650 1525 683 Sabinensem
1545 657 1619 684 tunc
1643 651 1794 684 basilicae
1822 652 1950 686 Duode-

1216 704 1278 736 cim
1304 704 1534 746 Apostolorum
1551 704 1777 748 presbyterum
1801 705 1951 738 cardina-

1216 757 1278 789 lem
1309 756 1348 788 de
1380 756 1508 788 Altcriis
1541 762 1783 799 nuncupatum,
1817 758 1949 791 nomine

1215 809 1435 851 praefatorum
1454 809 1608 851 Leopoldi
1627 809 1844 842 Romanorum
1864 811 1950 853 regis

1216 862 1247 893 in
1273 862 1504 904 imperatorem
1530 861 1755 901 electi,Caroli
1779 863 1951 906 IIispania-

1216 924 1284 946 rum
1313 915 1396 956 regis
1428 913 1601 953 catholici,
1628 919 1659 947 et
1686 919 1760 947 tunc
1785 915 1950 949 existentis

1216 967 1305 1000 ducis
1320 973 1351 999 et
1365 967 1573 1010 Reipublicae
1591 967 1794 1008 Venetorum,
1810 974 1883 1011 post
1902 980 1950 1002 sa-

1215 1030 1285 1052 cros
1313 1020 1457 1062 hymnos,
1484 1020 1622 1059 litanias,
1647 1020 1791 1063 aliasque
1819 1032 1946 1064 preces,

1215 1084 1250 1105 ac
1268 1077 1343 1115 post
1366 1072 1505 1115 Spiritus
1529 1071 1635 1105 Sancti
1663 1073 1797 1114 gratiam
1814 1074 1873 1106 rite
1891 1074 1949 1107 im-

1215 1126 1395 1168 ploratam,
1417 1125 1455 1156 ad
1480 1125 1639 1157 honorem
1667 1130 1795 1158 sanctae
1818 1131 1849 1158 et
1869 1126 1950 1159 indi-

1215 1178 1328 1209 viduae
1349 1177 1524 1216 Triiiitatis,
1551 1177 1589 1209 ad
1616 1168 1844 1211 exaltationem
1874 1178 1948 1212 fidel

1215 1229 1403 1269 catholicae,
1430 1234 1462 1261 et
1487 1230 1683 1263 christianae
1707 1231 1875 1273 religionis
1898 1242 1947 1264 au-

1215 1288 1391 1324 gmentum,
1409 1283 1598 1315 auctoritate
1620 1283 1739 1315 domini
1760 1285 1861 1316 nostri
1880 1284 1949 1317 lesu

1215 1335 1340 1374 Christi,
1366 1336 1536 1367 beatorum
1562 1336 1786 1378 apostolorum
1812 1336 1895 1369 Petri
1918 1341 1950 1369 et

1216 1388 1313 1427 Pauli,
1332 1398 1368 1420 ac
1385 1390 1587 1427 sua,rnatura
1606 1388 1839 1422 deliberatione
1856 1399 1950 1432 prac-

1218 1441 1337 1479 habita‚
1355 1452 1389 1473 ac
1409 1440 1515 1473 divina
1537 1451 1598 1483 ope
1617 1441 1747 1483 saepius
1767 1441 1948 1483 implorata,

1215 1504 1250 1525 ac
1268 1494 1307 1526 de
1331 1493 1547 1536 praefatorum
1565 1493 1595 1525 S.
1614 1493 1651 1525 R.
1671 1493 1705 1525 E.
1729 1493 1950 1532 cardinalium,

1217 1546 1483 1589 patriarcharum,
1502 1546 1821 1588 archiepiscoporum
1842 1550 1872 1579 et
1889 1547 1950 1590 epi-

1217 1609 1389 1642 scoporum
1410 1604 1486 1631 tunc
1504 1599 1535 1630 in
1553 1598 1636 1631 Urbe
1658 1599 1861 1631 existentium
1879 1609 1951 1632 con-

1217 1652 1298 1691 silio,
1315 1652 1444 1684 beatum
1466 1651 1661 1690 Caietanum,
1681 1653 1743 1683 una
1759 1662 1828 1684 cum
1846 1652 1949 1685 beatis

1219 1705 1389 1737 Francisco
1415 1703 1541 1745 Borgia‚
1562 1703 1714 1746 Philippo
1739 1704 1876 1744 Benitio‚
1896 1705 1951 1737 Lu-

1219 1758 1330 1790 dovico
1355 1757 1555 1796 Bertrando‚
1590 1762 1620 1789 et
1651 1756 1734 1789 Rosa
1763 1757 1801 1790 de
1827 1757 1857 1790 S.
1891 1757 1952 1790 Ma-

1219 1811 1275 1849 ria⁷
1291 1810 1440 1842 Sanctum
1466 1818 1537 1841 esse
1568 1808 1710 1841 decrevit
1734 1814 1766 1841 et
1792 1809 1950 1850 definivit,

1220 1874 1255 1895 ac
1282 1863 1470 1895 Sanctorum
1496 1862 1644 1903 catalogo
1669 1861 1855 1905 adscripsit,
1889 1868 1952 1895 sta-

1219 1924 1311 1950 tuens
1349 1915 1388 1948 ab
1420 1914 1563 1947 Ecclesia
1598 1913 1772 1947 universali
1807 1914 1953 1957 quolibet

1220 1979 1304 2001 anno
1322 1969 1373 2001 die
1392 1979 1433 2001 vii
1451 1967 1578 2010 augusti
1596 1967 1788 2000 memoriam
1808 1967 1953 2000 eiusdem

1220 2023 1304 2054 inter
1323 2026 1450 2054 sanctos
1468 2020 1675 2053 Confessores
1696 2030 1759 2052 non
1780 2019 1951 2053 Pontifices

1219 2074 1318 2107 recoli
1345 2074 1478 2105 debere.
1498 2073 1531 2104 1η
1548 2073 1679 2105 nomine
1694 2072 1803 2112 Patris,
1822 2077 1853 2105 et
1869 2072 1952 2113 Filii,

1220 2133 1251 2160 et
1274 2126 1411 2170 Spiritus
1435 2125 1554 2158 Sancti.
1581 2125 1693 2157 Amen.

1263 2180 1277 2222 ᾗ
1302 2179 1354 2211 24.
1382 2178 1436 2211 His
1461 2177 1611 2220 peractis,
1627 2177 1724 2209 Deum
1748 2176 1874 2210 Patrem
1905 2187 1952 2210 ae-

1960 231 2008 258 An.
2027 231 2054 258 C.
2078 232 2139 258 1691

2017 2184 2148 2214 Indulgent‘a

1961 2212 2056 2236 plenaria
2071 2218 2088 2232 ιη
2102 2213 2147 2236 ivea

1220 2238 1367 2270 ternum,
1392 2241 1566 2272 regemque
1590 2229 1752 2262 Christum
1785 2229 1950 2262 dominum
1962 2238 2147 2289 «[15ῖῖηὲἓᾷιὶξεὶζῖ

1221 2285 1320 2317 Patris
1346 2284 1576 2326 sempiternum
1602 2282 1725 2321 Filium,
1748 2293 1783 2315 ac
1803 2282 1951 2315 Sanctum
1964 2292 2149 2342 ²²33=I=i=dssxrffglrl=ffi=rgf

1221 2337 1418 2369 Paracletum
1433 2336 1596 2379 Spiritum,
1608 2346 1706 2367 unum
1718 2335 1828 2374 Deum,
1842 2345 2038 2389 unum-Parum
2063 2349 2084 2379 ¹¹¹.
2104 2348 2149 2379 eus

1932 2387 1937 2393 ,
1973 2371 2017 2389 esto
2032 2374 2142 2391 concessa.

446 2233 565 2274 gnavit.
593 2233 659 2271 Qua
684 2234 886 2273 adveniente,
914 2233 947 2266 in
972 2236 1178 2266 sacrosancta

445 2286 529 2318 heati
556 2287 641 2319 Petri
666 2288 888 2329 apostolorum
914 2286 1070 2329 principis
1094 2286 1178 2318 basi-

446 2339 514 2378 lica,
541 2339 604 2380 quo
631 2340 767 2372 solemni
801 2339 862 2371 ritu
889 2350 960 2371 cum
984 2338 1177 2371 venerabili-

447 2392 505 2422 hus
531 2392 678 2423 fratribus
695 2392 824 2431 nostris,
845 2397 921 2424 tunc
939 2391 1013 2431 suis,
1036 2391 1178 2423 eiusdem

447 2443 478 2475 S.
510 2444 544 2475 P..
575 2444 609 2475 E.
640 2445 865 2483 cardinalibus,
892 2444 1095 2487 patriarchis,
1123 2454 1175 2475 ar-

448 2496 663 2539 chiepiscopis
688 2503 716 2529 et
746 2498 920 2540 episcopis,
947 2504 977 2531 et
1003 2496 1127 2529 dilectis
1143 2495 1179 2527 fi-

486 2566 495 2590 1
520 2565 588 2591 Edit.
605 2566 685 2591 Main.
703 2567 766 2599 legit
786 2567 1002 2593 canonizatione
1022 2570 1059 2598 (R.
1080 2566 1129 2601 τ.).

484 2609 500 2636 2
521 2609 598 2636 Deest
618 2618 665 2636 vox
687 2611 759 2636 diem
782 2613 818 2647 (a.
836 2613 884 2645 T.)-

1221 2401 1281 2432 que
1307 2389 1488 2428 Dominum,
1515 2388 1662 2421 laudibus
1687 2393 1717 2420 et
1743 2387 1954 2420 consessioni-

1222 2445 1278 2475 hus
1294 2448 1478 2480 veneratus,
1494 2451 1647 2483 sacroque
1663 2441 1781 2483 hymno
1800 2441 1839 2473 Tc
1852 2441 1955 2473 Deum

1222 2495 1410 2528 solemniter
1434 2494 1616 2533 decantato,
1635 2492 1790 2535 peculiari
1809 2493 1955 2526 oratione

1223 2548 1316 2580 etiam
1334 2557 1391 2590 per
1415 2546 1502 2578 beati
1519 2545 1658 2578 Caietani
1678 2545 1792 2578 merita
1806 2551 1955 2588 precatus

1223 2601 1292 2642 suit,
1313 2604 1409 2645 atque
1427 2599 1467 2632 ad
1485 2599 1583 2631 altare
1600 2597 1686 2631 beati
1704 2598 1791 2631 Petri
1814 2599 1954 2647 apostoli
