2227 3225
130 269 180 296 An.
195 269 226 298 C.
245 267 310 297 ¹69¹

162 1173 230 1195 cim
246 1173 291 1194 XV.

162 1200 199 1230 Da
218 1203 318 1226 magistro

134 1229 270 1250 nuntiorum.

916 265 1123 291 ixNOCENTtit's
1148 265 1193 289 Hi(
1216 262 1262 289 PP.

325 317 470 351 tissimae
506 316 646 359 Virginis
682 315 801 349 Mariae
838 315 878 348 de
914 315 1061 348 Mercede

325 370 520 414 professum,
545 374 577 403 et
601 369 700 402 huius
724 374 854 402 nostrae
877 366 1061 412 provinciae

324 422 362 456 N.
389 423 502 464 silium,
528 424 580 456 vel
604 423 852 456 conventualem
876 421 971 454 huius
992 430 1063 453 con-

324 481 441 509 ventus
457 475 508 517 N„
531 476 634 509 virum
658 475 803 520 moribus
827 480 1060 519 praestantem,

326 535 357 563 et
384 529 448 562 fide
472 534 504 563 et
536 530 650 564 virtute
680 529 972 563 commendabilem
991 555 998 568 ‚
1023 527 1062 560 ad

326 582 504 617 intimanda
540 587 572 615 et
606 581 803 615 notificanda
839 575 1083 624 quaecumques

325 634 464 675 indulta,
491 639 562 675 etc„
589 640 621 668 et
643 634 810 669 facienda¹
842 643 1084 677 quaecumquet

325 687 557 727 instrumenta,
582 691 653 727 etc„
678 692 810 730 recepto
839 687 929 730 prius
954 687 994 719 ab
1026 696 1085 723 eo,

326 750 434 773 coram
458 740 554 773 nobis
579 740 748 783 genuflexo
773 740 961 780 [iuramento
986 739 1085 773 sides

325 793 423 827 litatis
448 793 486 826 ad
512 803 606 826 sacra
629 792 685 826 Dei
703 792 870 835 evangelia
895 803 1002 825 coram
1019 797 1087 848 ιε-ι

325 846 426 879 stibus
452 845 681 889 infrascriptis.
704 845 825 885 Datum,
841 850 898 878 etc.
925 845 959 878 In
986 851 1086 888 quo-2

326 909 398 934 rum
424 898 535 938 fidem,
557 903 614 931 etc.
636 910 666 931 ».
690 898 728 931 Et
745 903 857 942 postea
882 898 1065 931 subscribat
1084 917 1085 926 η

326 952 396 995 ipse
421 951 631 995 provincialis
664 951 838 984 instituens
873 962 944 984 cum
975 951 1065 985 testi-

325 1004 386 1037 bus
411 1004 544 1044 vocatis,
561 1013 644 1047 quae
662 1004 772 1037 omnia
789 1004 1011 1038 referendabit
1035 1009 1066 1038 et

327 1057 470 1100 signabit
494 1057 688 1090 secretarius
712 1058 881 1099 eiusdem,
907 1059 957 1092 vel
982 1068 1067 1093 coin·

328 1110 501 1144 mendator
527 1111 715 1144 instituens.

375 1175 397 1197 1.
414 1164 602 1207 Magistrum
622 1165 820 1198 novitiorum
837 1174 903 1199 non
920 1175 980 1209 pro
1000 1166 1067 1198 uni-

329 1217 429 1250 versis
462 1217 613 1250 domibus
643 1218 889 1257 constituimus,
913 1218 971 1252 sed
1002 1219 1067 1251 illis

330 1274 452 1302 tantum
478 1278 557 1312 quas
576 1269 794 1303 definitorium
820 1270 1016 1313 provinciale
1035 1271 1065 1303 in
1086 1290 1087 1298 κ

329 1321 471 1364 capitulo
492 1322 718 1364 designaverit,
740 1323 772 1355 in
791 1333 854 1366 quo
872 1324 992 1366 pariter
1009 1334 1066 1366 pro

329 1385 464 1408 munere
489 1375 635 1418 praefato
656 1375 741 1409 viros
759 1376 798 1408 ab
817 1385 856 1410 eo
880 1386 944 1409 non
963 1377 1068 1419 dispa-
1086 1407 1087 1418 2

329 1436 383 1459 res
414 1426 586 1469 eligendos
620 1437 690 1460 esse
726 1428 953 1468 decernimus,
979 1429 1087 1462 iuxta=

329 1489 377 1520 ea,
405 1490 488 1523 quae
514 1480 589 1513 dist.
613 1491 668 1521 vu,
693 1491 795 1524 cap...
823 1481 1063 1515 constituimus.

327 1531 506 1566 Novitiatus
531 1534 619 1567 enim
635 1540 711 1567 sunt
734 1535 953 1578 plantationes
977 1535 1067 1568 Ordi-
1086 1551 1087 1554 ¹

328 1585 387 1625 nis,
410 1585 465 1618 ubi
489 1586 631 1629 virgulta
655 1591 687 1619 et
712 1587 830 1620 surculi
856 1588 923 1621 sine
942 1580 1086 1620 cultura⁴

328 1638 511 1680 silvescunt,
538 1640 683 1673 studiose
707 1650 784 1673 vero
810 1641 945 1684 irrigata
969 1646 1001 1674 nt
1021 1642 1066 1674 ef—

328 1690 398 1724 fusa
422 1699 560 1734 surgunt
575 1692 692 1726 virtute
717 1693 886 1736 frugifera.
1085 1724 1086 1731 ,

371 1755 406 1779 11.
425 1746 507 1778 Hinc
525 1756 604 1788 crgo
623 1747 778 1789 magister
796 1747 992 1780 novitiorum
1011 1747 1066 1782 da,-
1083 1735 1087 1792 f

328 1797 386 1831 bet
410 1809 539 1842 semper
557 1799 644 1841 eligi,
665 1799 719 1842 qui
737 1800 779 1832 sit
803 1801 836 1832 in
859 1800 975 1833 virtute
993 1810 1067 1843 pro·
1085 1813 1087 1848 ;

329 1851 434 1891 batus,
454 1851 486 1883 in
506 1851 712 1885 observantia
731 1853 875 1892 sedulus,
893 1853 925 1885 in
946 1853 1066 1886 doctri·
1084 1872 1088 1904 ι

328 1906 370 1937 na
394 1904 566 1941 sufficiens.
588 1905 620 1937 in
647 1905 795 1938 docendo
820 1906 947 1949 patiens
972 1913 1001 1939 et
1019 1917 1066 1939 as-

329 1957 463 1996 siduus,
489 1957 521 1989 in
547 1957 743 2000 corrigendo
776 1959 883 1991 suavis
910 1965 940 1991 et
963 1959 1061 1999 initis,

328 2019 394 2042 non
427 2020 487 2053 pro
519 2010 614 2052 genio
648 2016 679 2043 et
711 2011 823 2044 indole
857 2011 978 2052 durus,
1006 2023 1065 2044 nec

327 2067 433 2095 tamen
460 2063 514 2106 qui
539 2063 751 2096 exardescere
777 2063 910 2104 nesciat,
928 2065 984 2098 sed
1010 2065 1063 2107 qui

328 2115 361 2148 in
386 2116 682 2158 opportunitatibus
708 2127 774 2153 non
799 2116 979 2160 frangatur,
1005 2128 1067 2152 nec

328 2169 519 2202 auctoritate
548 2169 686 2202 vilescat.

371 2231 420 2255 111.
447 2221 481 2254 In
508 2221 570 2254 hoc
595 2227 702 2255 autem
728 2222 847 2262 officio,
865 2228 988 2266 quanto
1010 2223 1065 2256 de-

327 2275 446 2308 siderio
471 2285 655 2318 possumus,
670 2276 834 2318 graviores
860 2275 989 2309 Ordinis
1009 2278 1064 2308 fra-

327 2333 392 2361 tres
417 2334 448 2360 et
473 2328 590 2361 virtute
616 2334 648 2361 et
679 2329 854 2371 prudentia
884 2334 916 2361 et
946 2329 1063 2362 litteris

326 2381 584 2424 praestantiores
609 2391 740 2424 semper
764 2381 913 2414 adhiberi
939 2392 1060 2414 concu-

327 2433 505 2475 piscimus,
533 2434 651 2477 quibus
684 2433 718 2466 in
742 2433 861 2466 Christi
887 2434 1064 2467 visceribus

328 2486 512 2527 suademus,
527 2492 560 2518 ut
575 2487 612 2519 ad
634 2487 713 2519 illud
738 2487 936 2530 quandoque
961 2487 1062 2520 vocati

327 2539 417 2571 nulla
434 2542 528 2572 causa
548 2539 742 2581 detrectent,
759 2540 815 2574 sed
833 2541 993 2574 culturam
1011 2551 1064 2574 ex-

364 2653 375 2679 ¹
398 2651 468 2678 Edit.
491 2651 569 2678 Main.
589 2652 654 2688 legit
673 2653 803 2687 faciendi
821 2656 860 2690 (n.
878 2655 926 2689 Τ.).

1736 256 1800 288 305

1103 313 1226 356 cipiant
1251 317 1299 346 tot
1324 312 1448 346 meritis
1474 317 1506 346 et
1529 312 1678 356 frugibus
1703 313 1841 347 Domino

1102 368 1310 410 placituram.

1148 431 1189 453 iv.
1216 420 1301 459 Quae
1327 425 1434 453 autem
1470 420 1510 453 ad
1535 420 1729 463 magistrum
1754 421 1845 454 novi-

1103 473 1222 506 tiorum
1260 473 1307 506 sic
1344 478 1531 516 exoptatum
1568 473 1725 506 attineant
1759 473 1845 506 circa

1104 526 1330 559 executionem
1361 525 1409 559 sui
1441 526 1585 560 muneris
1610 525 1671 558 iam
1697 525 1844 568 superius

1104 579 1178 612 dist.
1207 590 1237 612 1v
1262 590 1334 623 cap.
1365 588 1383 612 v
1406 579 1454 612 De
1476 580 1687 612 instructione
1710 578 1845 612 novitio·

1102 642 1178 664 rum
1210 632 1286 664 satis
1320 641 1486 675 superque
1517 631 1726 672 sancivimus;
1751 631 1844 664 illum

1104 689 1210 718 tamen
1235 685 1279 718 ita
1303 685 1445 718 liberum
1470 685 1503 717 in
1529 687 1585 718 sua
1608 689 1771 728 potestate
1796 694 1842 717 re-

1104 737 1297 780 linquimus,
1316 742 1359 777 ut,
1379 742 1535 780 quantum
1561 737 1601 770 ad
1625 737 1770 780 regimen
1788 745 1845 770 no-

1103 790 1269 831 vitiorum,
1289 795 1320 823 et
1338 800 1451 823 eorum
1470 790 1693 824 correctiones
1710 795 1845 834 propter

1105 843 1248 876 defectus
1277 849 1341 877 tam
1365 844 1451 876 intra
1472 854 1568 886 quam
1593 849 1684 877 extra
1707 843 1845 876 novitia-

1105 902 1171 929 tum
1196 897 1399 937 commissos,
1426 897 1516 929 solus
1548 896 1618 940 ipse
1643 897 1684 929 sit
1708 896 1842 937 arbiter,

1105 955 1293 993 tantumque
1328 949 1482 993 praelatis
1517 955 1548 982 et
1584 948 1844 983 commendatori

1105 1003 1290 1036 subiaceat:
1316 1003 1481 1046 professos
1513 1003 1609 1036 etiam
1642 1002 1684 1035 ita
1709 1002 1843 1035 omnino

1105 1057 1167 1100 ipsi
1192 1056 1402 1097 subiicimus‚
1435 1061 1469 1088 ut
1499 1056 1636 1090 vicarius
1668 1061 1844 1089 conventus

1106 1111 1212 1143 solum
1238 1115 1326 1143 extra
1351 1109 1542 1142 novitiatum
1571 1109 1676 1152 possit
1700 1119 1756 1142 eos
1780 1108 1841 1142 ali-

1085 1162 1088 1203 ἶ
1107 1163 1238 1206 quando
1259 1162 1435 1206 corripere,
1462 1173 1535 1196 cum
1552 1162 1706 1195 videlicet
1730 1162 1770 1195 ad
1791 1172 1846 1204 pu-

1085 1215 1224 1248 *blicam
1250 1215 1510 1249 emendationem
1536 1214 1730 1257 expedierit,
1757 1214 1846 1247 defe-

1107 1274 1199 1301 cture
1243 1268 1402 1311 praedicti
1439 1267 1610 1310 magistri,
1637 1267 1670 1300 in
1708 1266 1845 1310 reliquis

1106 1321 1324 1354 correctiones
1358 1331 1470 1354 eorum
1501 1330 1631 1364 semper
1661 1319 1725 1363 ipsi
1749 1320 1847 1353 relin-

1106 1379 1194 1416 quat.
1228 1374 1259 1406 Si
1285 1373 1440 1416 magister
1465 1373 1663 1406 novitiorum
1687 1372 1846 1405 infirmari

1107 1431 1161 1458 aut
1182 1426 1296 1458 abesse
1315 1426 1355 1458 ad
1376 1431 1502 1468 tempus
1521 1425 1738 1468 eveniat,ipse
1759 1435 1847 1457 com-

1106 1479 1278 1512 mendator
1302 1478 1435 1511 fratrem
1455 1478 1610 1512 idoneum
1635 1489 1707 1512 cum
1732 1478 1846 1512 eadem

1106 1537 1267 1575 potestate
1294 1531 1480 1564 substituat.

1150 1596 1181 1619 v.
1208 1585 1247 1618 Ut
1271 1590 1380 1618 autem
1402 1585 1499 1618 huius
1519 1585 1628 1618 oneris
1654 1585 1846 1628 gravissimi-

1108 1649 1171 1682 que
1195 1639 1292 1682 plane
1318 1638 1463 1671 muneris
1479 1639 1606 1681 pondus
1633 1638 1737 1681 dignis
1757 1649 1847 1672 com-

1108 1692 1354 1735 sensationibus
1380 1692 1579 1731 sublevetur,
1605 1691 1722 1735 quibus
1741 1697 1771 1725 et
1788 1702 1846 1734 po-

1108 1747 1205 1778 tentis
1231 1746 1390 1779 humerus
1415 1745 1577 1778 alliciatur
1595 1746 1633 1778 ad
1648 1745 1737 1785 illud,
1752 1755 1846 1788 prae-

1107 1800 1190 1832 senti
1216 1799 1448 1832 constitutione
1474 1798 1689 1839 decernimus,
1715 1804 1757 1838 ut,
1777 1798 1846 1841 qui-

1106 1862 1246 1894 cumque
1276 1861 1344 1884 non
1380 1851 1554 1893 graduatus
1586 1861 1644 1894 per
1669 1849 1845 1884 duodecim

1107 1915 1208 1937 annos
1244 1904 1414 1938 continuos
1450 1904 1482 1936 in
1519 1903 1669 1946 praefixis
1694 1902 1844 1935 domibus

1107 1957 1300 1990 novitiorum
1319 1967 1337 1989 a
1354 1956 1540 1990 definitorio
1555 1956 1688 1999 capituli
1705 1956 1755 1988 vel
1772 1965 1846 1999 pro·

1107 2009 1235 2042 vinciali
1256 2010 1437 2052 praefectus
1458 2019 1530 2042 cum
1558 2008 1794 2052 approbatione
1814 2011 1845 2041 et

1107 2061 1314 2094 laudabiliter
1345 2062 1410 2094 hoc
1438 2061 1538 2094 fuerit
1563 2061 1691 2094 functus
1715 2060 1842 2103 officio,

1107 2119 1236 2146 maneat
1267 2120 1435 2157 exemptus
1467 2118 1627 2157 perpetuo
1653 2113 1692 2146 ab
1718 2113 1844 2147 hebdo-

1107 2167 1207 2205 mada,
1223 2166 1358 2209 aliisque
1382 2165 1495 2198 officiis
1513 2171 1544 2198 et
1561 2165 1747 2198 ministeriis
1765 2176 1843 2209 poe-

1107 2221 1235 2253 nalibus
1261 2218 1501 2252 communitatis
1519 2224 1550 2252 et
1567 2219 1695 2252 tabulae
1720 2218 1844 2252 officio-

1107 2284 1190 2313 rum,
1211 2278 1243 2305 et
1259 2272 1333 2305 dum
1352 2278 1423 2305 actu
1448 2277 1496 2304 est
1519 2272 1552 2304 in
1577 2282 1712 2305 munere
1731 2272 1844 2304 eadem

1106 2325 1299 2368 exceptione
1321 2326 1468 2367 gaudeat,
1489 2330 1521 2358 et
1544 2326 1631 2357 ultra
1655 2335 1752 2357 unam
1768 2324 1844 2356 mis-

1106 2389 1185 2418 sam,
1205 2389 1300 2422 quam
1319 2389 1379 2421 pro
1397 2388 1430 2410 se
1456 2378 1665 2410 concedimus
1683 2376 1842 2410 universis

1106 2431 1259 2463 fratribus
1284 2431 1316 2462 in
1339 2430 1551 2469 hebdomada,
1574 2430 1653 2462 alias
1672 2431 1750 2462 duas
1765 2439 1841 2462 suae

1105 2483 1280 2516 intentioni
1299 2483 1418 2516 liberas
1442 2483 1661 2525 indulgemus.
1681 2481 1840 2520 Quantum

1105 2547 1182 2569 vero
1196 2537 1235 2569 ad
1252 2536 1380 2577 victum,
1399 2536 1444 2569 sic
1461 2536 1554 2569 illum
1571 2536 1700 2568 tractari
1719 2536 1841 2578 praeci-

1106 2590 1212 2633 pimus
1232 2589 1312 2622 sicut
1329 2589 1502 2632 magistros
1521 2589 1559 2621 de
1580 2598 1726 2627 numero,
1742 2593 1840 2630 prout

1107 2644 1139 2676 in
1159 2644 1301 2688 qualibet
1325 2642 1492 2686 provincia
1518 2642 1613 2674 fuerit
1631 2646 1836 2673 consuetum.

1854 267 1901 291 An.
1922 264 2032 292 (1.ίῦῦὶ
