2254 3225
271 252 318 278 An.
336 252 364 279 c.
389 252 454 280 1695
502 245 564 278 71⁶2

283 1583 438 1605 Contrariorum

255 1609 287 1629 det
295 1613 373 1634 nautio.

461 303 622 346 repositas
656 307 687 338 ct
717 305 865 348 plenarie
898 305 1137 349 reintegratus,
1164 310 1221 339 ac'

460 355 558 388 etiarn
583 357 642 388 sub
668 357 843 400 posteriori
869 359 942 391 data
979 349 1220 402 quandocumss

460 419 522 451 que
548 410 699 452 eligenda
726 411 764 443 de
789 421 872 444 novo
898 422 1084 452 concessas,
1117 405 1221 445 sern-x

458 471 584 505 perque
610 463 743 503 validas,
769 463 877 496 firmas
905 469 937 497 et
962 464 1109 497 efficaces
1135 464 1200 497 exi-

458 520 542 548 stere
560 521 590 549 et
604 517 684 557 sore,
703 527 844 559 suosque
870 517 1037 559 plenarios
1064 523 1095 550 et
1119 517 1200 550 inte·
1219 527 1220 558 j

459 579 534 610 gros
559 568 690 601 effectus
716 569 825 602 sortiri
844 574 874 601 et
893 569 1041 602 obtinere
1064 570 1195 610 debere,
1218 563 1220 604 J

457 632 493 653 ac
519 621 612 654 dictis
638 621 823 663 signaturae
842 622 984 655 iustitiae
1010 623 1197 655 vorantibus

458 673 636 717 suffragari,
657 680 688 707 et
712 674 751 706 ab
777 674 936 715 omnibus,
961 675 1000 707 ad
1023 685 1104 718 quos
1125 686 1197 718 spe·

459 731 522 759 ctat
562 732 593 759 et
631 737 691 769 pro
732 732 882 770 tempore
923 728 1195 770 quandocumque
1216 721 1218 737 ¹

456 779 627 822 spectabit,
647 779 879 812 inviolabiliter
891 780 1066 820 observari,
1084 780 1194 823 sicque
1215 773 1217 811 ,¹

455 837 486 864 et
503 842 567 865 non
589 832 685 865 aliter
698 832 729 864 in
745 833 933 876 praemissis
952 844 1010 876 per
1028 844 1195 876 quoscum·
1214 834 1216 840 ’

457 895 519 927 que
556 884 678 918 iudices
714 886 897 919 ordinarios
937 891 969 919 et
1004 887 1191 928 delegatos,

455 938 567 979 quavis
604 939 811 978 auctoritate,
847 940 1105 982 praeeminentia
1141 945 1215 974 aut:

453 995 616 1032 potestate
642 992 812 1033 fungentes
842 998 874 1024 ct
903 993 1082 1032 suncturos,
1109 1003 1192 1024 nunc

454 1048 485 1076 et
511 1054 571 1085 pro
599 1049 744 1086 tempore
778 1045 962 1086 existentes,
994 1045 1090 1078 etiam
1122 1057 1191 1078 cau-

453 1105 560 1128 sarum
589 1097 700 1140 palatii
734 1098 907 1140 apostolici
945 1099 1122 1139 auditores,
1160 1105 1191 1132 et

451 1149 483 1181 S.
511 1149 547 1181 R.
575 1149 609 1182 E.
637 1150 829 1190 cardinales,
855 1151 949 1183 etiam
968 1152 1006 1184 de
1026 1152 1126 1185 latere
1144 1153 1190 1185 le-

452 1207 554 1244 gatos,
574 1203 699 1236 sublata
724 1204 770 1236 eis
789 1210 948 1237 eteorum
966 1205 1097 1238 cuilibet
1114 1217 1190 1249 qua-

450 1254 496 1287 vis
517 1255 609 1288 aliter
636 1255 802 1290 iudicandi
827 1262 859 1290 et
883 1258 1119 1301 interpretandi
1145 1259 1190 1292 sa·
1210 1270 1211 1273 ’

452 1309 581 1349 cultate‚
608 1308 742 1342 iudicari
770 1315 801 1343 et
825 1310 953 1344 definiri
991 1311 1122 1353 debere,
1153 1323 1189 1345 ac

451 1361 578 1394 irritum
603 1373 731 1406 quoque
758 1368 789 1395 et
813 1363 927 1404 inane,
960 1364 986 1397 si
1019 1375 1112 1398 secus
1136 1376 1189 1398 su-

450 1425 510 1457 per
535 1415 586 1447 his
610 1426 626 1448 a
651 1427 827 1459 quoquam,
853 1417 964 1460 quavis
985 1419 1186 1460 auctoritate,

451 1467 592 1501 scienter
623 1470 673 1502 vel
706 1469 907 1512 ignoranter,
943 1471 1118 1514 contigerit
1142 1477 1187 1505 at-

451 1521 581 1554 tentari.

493 1574 508 1617 ἓ
533 1573 563 1607 5.
591 1574 661 1607 Non
687 1575 894 1608 obstantibus
918 1576 1112 1620 praemissis,
1139 1588 1184 1618 ac,

450 1632 611 1670 quatenus
630 1639 711 1672 opus
730 1629 781 1669 sit,
798 1632 910 1662 nostra
927 1635 957 1663 et
970 1630 1185 1665 Cancellariae

449 1682 655 1724 Apostolieae
670 1683 781 1724 regula
799 1683 838 1715 dc
857 1683 927 1716 iure
953 1685 1100 1727 quaesito
1119 1695 1184 1718 non

449 1733 605 1775 tollendo,
621 1738 652 1766 et
676 1734 746 1767 aliis
771 1735 1031 1779 quibuscumque
1057 1742 1186 1780 aposto·
1206 1759 1207 1763 =

448 1786 528 1827 licis,
544 1797 580 1819 ac
605 1787 637 1819 in
663 1787 900 1821 universalibus
921 1789 1185 1832 provincialibus-

448 1850 510 1882 que
536 1845 567 1872 et
592 1840 801 1883 synodalibus
828 1842 977 1875 conciliis
998 1843 1103 1881 editis,
1130 1854 1207 1885 go-;

447 1892 613 1925 neralibus
642 1894 688 1926 vel
719 1894 923 1936 specialibus,
950 1895 1185 1928 constitutioni-

446 1945 506 1978 bus
520 1950 551 1978 et
568 1946 840 1988 ordinationibus,
858 1958 985 1981 necnon
1005 1949 1184 1991 quibusvis,

447 1998 544 2031 etiam
585 1999 790 2040 iuramento,
823 2000 1067 2034 confirmatione
1107 2013 1184 2045 apo-

447 2051 574 2092 stolica,
596 2053 645 2084 vel
664 2052 774 2095 quavis
792 2052 940 2086 firmitate
966 2055 1028 2087 alia
1052 2055 1185 2088 robora-

446 2104 484 2136 tis
509 2104 657 2144 statutis,
683 2115 810 2138 necnon
836 2107 1018 2149 praedicta,
1045 2108 1182 2151 aliisque
1204 2121 1205 2127 ¹

446 2156 705 2200 quibuscumque
729 2159 931 2201 quantumvis
949 2159 1181 2202 antiquissimis
1202 2193 1204 2202 ,

446 2215 478 2242 et
518 2210 831 2245 immernorabilibus
871 2213 1204 2255 consuetudinibus„

445 2263 624 2306 privilegiis
658 2274 809 2307 quoquc,
834 2265 967 2298 indultis
1002 2271 1034 2299 et
1066 2267 1180 2300 litteris

445 2316 634 2359 apostolicis
671 2317 709 2350 ad
750 2318 891 2351 savorem
926 2319 1095 2363 utriusque
1131 2321 1180 2353 vel

445 2369 580 2402 alterius
620 2370 804 2412 signaturae
837 2377 966 2404 nostrae
995 2374 1182 2407 reserenda-

444 2421 568 2454 riorum
600 2422 649 2454 vel
681 2423 874 2462 votantium‚
907 2434 965 2456 seu
1000 2435 1114 2458 eorum
1150 2432 1181 2458 et

445 2484 725 2518 quorumcumque
751 2476 975 2518 collegiorum,
1002 2478 1051 2510 vel
1079 2478 1180 2511 tribu-

444 2527 578 2567 nalium,
604 2527 699 2560 etiam
727 2528 866 2571 ‚speciali
892 2531 968 2562 nota
994 2530 1176 2572 dignorum,

445 2580 505 2612 sub
532 2580 789 2623 quibuscumque
816 2581 986 2613 tenoribus
1005 2588 1035 2614 et
1054 2583 1177 2624 formis,

444 2644 480 2666 ac
497 2644 566 2665 cum
585 2634 760 2677 quibusvis,
781 2635 877 2667 etiam
899 2636 1178 2678 derogatoriarum

1026 259 1203 282 Bt'LLAnu'M
1230 258 1383 282 ROMANUM

1242 305 1467 349 derogatoriis,
1501 305 1637 350 aliisque
1675 305 1908 339 efficacioribus
1945 311 1976 338 ct

1241 358 1381 392 insolitis
1406 360 1558 392 clausulis
1583 364 1615 392 et
1635 359 1786 399 decretis,
1803 360 1835 392 in
1854 369 1974 401 genere

1240 412 1289 444 vel
1314 411 1347 443 in
1372 411 1489 455 specie,
1523 411 1618 445 etiam
1651 417 1740 444 motu
1774 412 1909 455 proprio
1944 416 1976 445 et

1241 464 1410 506 potestatis
1433 465 1638 509 plenitudine
1663 470 1717 497 aut
1736 465 1815 498 alias
1841 475 1976 508 quomo·

1241 516 1365 549 dolibet
1389 527 1446 560 per
1471 517 1740 560 praedecessores
1763 522 1892 551 nostros
1916 518 1976 551 Ro-

1240 579 1353 602 manos
1383 569 1554 603 Pontifices
1589 570 1765 609 concessis,
1802 570 1975 611 innovatis,

1239 620 1436 654 confirmatis
1461 628 1492 655 et
1515 622 1716 665 approbatis;
1739 623 1857 666 quibus
1873 624 1976 657 omni-

1240 674 1301 706 bus
1335 679 1365 707 et
1400 674 1558 717 singulis,
1585 675 1712 708 etiamsi
1748 686 1808 719 pro
1843 676 1976 710 illorum

1239 725 1410 759 sufficienti
1438 727 1648 769 derogatione
1681 728 1720 761 de
1750 728 1814 762 illis
1848 739 1976 762 eorum-

1237 790 1299 821 que
1326 779 1401 812 totis
1428 780 1605 821 tenoribus,
1623 780 1786 824 specialis,
1812 782 1975 825 specifica,

1236 831 1400 866 individua
1426 838 1458 866 et
1483 844 1645 877 expressa,
1671 844 1707 867 ac
1737 835 1776 868 de
1809 835 1907 868 verbo
1933 836 1973 868 ad

1235 886 1379 927 verbum,
1398 897 1462 920 non
1488 892 1595 920 autem
1614 897 1673 931 per
1690 888 1853 921 clausulas
1874 898 1974 931 gene-

1214 929 1215 940 *
1235 939 1318 971 rales
1332 939 1417 972 idern
1435 940 1653 983 imponantes,
1669 941 1790 974 mentio
1806 952 1862 974 seu
1881 952 1975 985 quae-

1233 991 1278 1023 vis
1309 991 1372 1024 alia
1398 992 1562 1035 expressio
1589 993 1750 1033 habenda,
1778 999 1834 1026 aut
1865 995 1974 1038 aliqua

1233 1045 1294 1077 alia
1319 1045 1479 1088 exquisita
1513 1046 1611 1078 t'orina
1644 1046 1683 1078 ad
1716 1046 1778 1079 hoc
1813 1048 1973 1080 servanda

1234 1098 1328 1138 soret,
1348 1103 1479 1131 tenores
1495 1098 1693 1139 huiusmodi,
1713 1109 1750 1132 ac
1771 1099 1796 1131 si
1816 1099 1854 1132 de
1872 1100 1972 1134 verbo

1232 1151 1270 1184 ad
1283 1152 1425 1192 verbum,
1441 1151 1522 1184 nihil
1537 1151 1667 1195 penitus
1682 1152 1813 1192 omisso,
1824 1158 1855 1186 et
1870 1153 1972 1186 forma

1231 1203 1263 1236 in
1289 1203 1352 1237 illis
1373 1204 1489 1237 tradita
1513 1205 1692 1246 observata,
1711 1206 1972 1248 exprimerentur

1230 1257 1278 1289 vel
1292 1256 1527 1297 insererentur,
1546 1256 1660 1290 iisdem
1671 1257 1897 1300 praesentibus
1910 1269 1970 1302 pro

1230 1311 1325 1353 plene
1346 1316 1377 1343 et
1401 1310 1601 1343 sufficienter
1626 1311 1788 1353 expressis
1811 1315 1843 1344 et
1866 1311 1971 1345 inser-

1230 1363 1269 1395 tis
1294 1363 1464 1404 habentes,
1492 1364 1531 1396 ad
1557 1363 1705 1396 effectum
1731 1365 1968 1407 praesentium,

1229 1416 1293 1449 illis
1318 1417 1396 1449 alias
1424 1417 1456 1449 in
1494 1427 1551 1450 suo
1585 1417 1703 1450 robore
1737 1418 1967 1460 permansuris,

1229 1470 1344 1502 harum
1366 1470 1450 1502 serie
1470 1470 1678 1513 derogamus,
1698 1470 1882 1514 ceterisque
1896 1482 1969 1504 corr

1228 1522 1336 1555 trariis
1361 1522 1634 1566 quibuscumque.

1271 1576 1285 1619 g
1315 1576 1345 1608 6.
1384 1575 1469 1608 Nulli
1506 1586 1583 1618 ergo
1621 1575 1754 1609 omnino
1791 1576 1962 1610 hominum
2000 1592 2158 1619 Sanctiopoe·

1228 1629 1322 1661 liceat
1347 1629 1430 1662 banc
1455 1629 1605 1672 paginam
1630 1634 1815 1662 nostrarum
1849 1625 1999 1673 ssppt'0-¹¹³
2011 1627 2035 1641 1>-

1228 1682 1381 1721 bationis,
1420 1682 1694 1721 confirmationis,
1726 1682 1961 1721 innovationis,

1206 1736 1348 1775 'statuti‚
1374 1736 1593 1775 decretorum,
1632 1735 1872 1776 declarationis,
1910 1747 1964 1769 vo-

1228 1788 1369 1828 luntatis,
1395 1788 1550 1827 mandati,
1574 1787 1799 1827 absolutionis,
1833 1798 1964 1821 conces-

1227 1840 1364 1881 sionum,
1391 1840 1505 1873 indulti
1540 1846 1571 1874 et
1602 1841 1823 1883 derogationis
1849 1841 1965 1874 infrin-

1227 1904 1301 1936 gere
1328 1895 1375 1926 vel
1402 1894 1429 1926 ei
1461 1904 1539 1926 ausu
1573 1894 1746 1927 temerario
1777 1894 1960 1927 contraire:

1226 1947 1251 1979 si
1277 1947 1347 1990 quis
1380 1952 1488 1979 autem
1525 1946 1585 1979 hoc
1611 1951 1770 1979 attentare
1795 1957 1963 1990 praesuin-

1225 2000 1334 2043 pserit,
1360 1999 1617 2042 indignationem
1646 2000 1879 2043 omnipotentis
1905 2000 1962 2033 Dei

1226 2063 1262 2085 ac
1285 2054 1454 2085 beatorum
1476 2053 1560 2086 Petri
1582 2058 1613 2085 et
1631 2053 1720 2086 Pauli
1739 2054 1961 2096 apostolorum

1225 2106 1294 2138 eius
1319 2116 1352 2138 se
1377 2106 1503 2138 noverit
1526 2105 1746 2139 incursurum.

1267 2159 1381 2191 Datum
1402 2159 1533 2198 Romae,
1556 2159 1642 2202 apud
1673 2158 1705 2192 S.
1739 2159 1872 2191 Mariam
1901 2159 1962 2192 Ma-

1202 2206 1204 2233 l
1223 2212 1325 2245 iorem
1343 2239 1350 2252 ‚
1383 2222 1468 2244 anno
1505 2211 1738 2244 lncarnationis
1778 2212 1960 2245 dominicae

1202 2264 1204 2294 ἶ
1223 2274 1358 2305 Mocxev,
1376 2275 1433 2298 xm
1454 2265 1609 2298 kalendas
1635 2264 1773 2307 augusti,
1790 2263 1959 2308 pontifica-

1224 2324 1273 2352 tus
1292 2318 1395 2352 nostri
1416 2328 1502 2351 anno
1526 2328 1558 2351 v.

1258 2380 1318 2407 Dat.
1338 2380 1383 2407 die
1403 2380 1437 2408 ΞΟ
1457 2379 1517 2407 iulii
1535 2379 1614 2414 1695,
1632 2379 1732 2415 pontif.
1750 2387 1822 2408 anno
1838 2387 1864 2408 ν.

1540 2514 1641 2548 CXVI.

1223 2584 1443 2627 Confirmatio*
1467 2584 1628 2618 decretum
1653 2587 1802 2620 ministri
1823 2599 1957 2631 ymera-

1266 2637 1307 2670 lis
1343 2638 1486 2681 fratrum
1521 2638 1687 2672 Minorum
1722 2640 1754 2674 S.
1785 2641 1956 2675 Francisci

1978 257 2028 283 Am.
2051 257 2165 285 01695
