2227 3225
103 220 150 245 Αν.
172 218 199 244 tt,
220 217 285 244 ιιι-32

295 266 369 298 stiui
389 265 646 297 Excalccatorum
662 266 935 305 nuncupatorum,
949 260 1029 293 Cou-

295 318 474 361 gregationi
495 316 729 350 venerabilium
751 316 884 348 fratrum
902 319 1029 347 nostro-

296 382 364 404 rum
379 372 409 403 S.
424 370 506 403 RE.
522 369 733 403 cardinalium]
748 368 886 412 negotiis
907 374 938 400 et
958 378 1027 401 con-

295 424 524 457 sultationibus
540 423 766 467 episcoporum
782 427 813 455 ct
829 420 1028 464 regularium

293 477 498 521 praepositae
513 477 694 520 expositum
711 476 778 517 suit,
793 475 878 519 quod
906 475 1029 517 capitu-

294 533 359 565 lum
385 532 537 574 generale
556 531 661 565 dictae
675 528 945 572 Congregationis
973 528 1028 560 Ita-

293 584 368 624 liae,
384 584 570 625 novissime,
586 585 644 617 snb
662 582 882 627 praesidentia
895 592 1028 614 reuera-

293 638 368 670 bilis
386 638 490 671 fratris
515 637 615 670 nostri
643 635 754 669 Palutii
772 635 917 678 episcopi
937 634 1029 667 Prae-

293 691 414 724 ncstini
425 691 570 724 eiusdem
587 690 618 723 S.
632 690 668 722 lt.
682 689 717 722 E.
734 688 907 722 cardinalis
923 688 962 721 de
980 688 1028 721 Al-

294 744 384 777 teriis
406 743 592 786 nuncupati,
609 742 738 776 Ordinis
763 741 919 785 praedicti
943 742 1027 785 apud

293 808 352 830 nos
371 803 404 830 et
427 797 544 830 Sedem
571 796 791 840 Apostolicam
817 795 1024 838 protectoris,

293 850 500 890 celebratum,
527 850 565 883 ad
587 849 725 882 savorem
746 848 934 892 provinciae
951 848 1028 882 Ger-

293 903 416 936 maniae
442 903 588 936 eiusdem
620 901 888 945 Congregationis
919 901 1027 936 Italiac

293 957 461 989 decretum
486 956 589 989 edidit
614 954 736 988 tenoris
772 955 826 998 qui
851 954 1025 998 sequitur,

292 1009 463 1043 videlicet:
496 1021 509 1041 α
527 1008 583 1041 Die
609 1018 653 1041 vu
678 1007 753 1040 maii
778 1016 857 1040 sess.
887 1018 930 1041 v11
956 1013 1028 1050 post

291 1072 442 1105 vesperas
455 1062 556 1094 lectus
581 1060 639 1093 suit
658 1061 793 1103 supplex
811 1060 940 1093 libellus
957 1070 1027 1104 pro-

292 1114 416 1148 vinciae
431 1114 651 1151 Germanicae,
663 1113 693 1145 iu
708 1123 771 1156 quo
786 1113 901 1156 repetit
912 1124 1026 1156 preces

293 1168 325 1200 in
350 1167 422 1200 aliis
447 1166 598 1210 capitulis
624 1165 831 1208 generalibus
848 1173 1025 1209 porrectas,

293 1220 380 1263 quod
405 1220 434 1253 ei
459 1219 520 1252 soli
544 1219 739 1252 concedatur
763 1218 940 1251 celebratio
969 1229 1023 1252 ca-

293 1272 386 1316 pituli
411 1271 620 1315 provincialis
638 1271 679 1304 ob
697 1271 910 1314 particulares
932 1273 1028 1305 ratio-

293 1336 351 1358 nes
366 1325 530 1364 adductas,
549 1329 644 1367 atque
665 1323 760 1356 etiam
780 1324 821 1355 ob
842 1323 1026 1357 instantiam

292 1377 510 1420 angustissimi
544 1376 767 1419 imperatoris;
802 1381 835 1408 et
863 1383 1026 1410 annuente

291 1431 544 1464 eminentissimo
558 1434 590 1462 et
607 1428 876 1462 reverendissimo
895 1429 1025 1463 domino

291 1484 455 1517 cardinale
481 1483 605 1516 Palutio
630 1482 669 1515 de
702 1481 831 1515 Alteriis
865 1481 896 1515 S.
925 1483 960 1515 R.
988 1483 1022 1516 Ε.

290 1537 468 1571 camerario
502 1540 689 1580 protectore
725 1540 847 1575 nostro,
880 1540 910 1568 et
934 1546 1026 1579 prae-

291 1591 391 1624 sentis
407 1589 539 1634 capituli
556 1588 719 1632 generalis
737 1589 918 1632 apostolico
936 1600 1027 1632 prac-

291 1645 431 1685 sidente,
467 1648 593 1676 matnre
628 1641 839 1676 consideratis
875 1643 1026 1676 conside-

291 1697 413 1737 randis,
441 1696 646 1730 decernimus
671 1700 702 1728 et
734 1695 913 1736 statuimus,
938 1696 1025 1739 qnod

290 1750 424 1784 omnino
449 1750 655 1789 concedatur,
681 1749 763 1781 sicut
787 1749 826 1781 de
851 1749 933 1782 sacto
951 1759 1026 1782 con-

290 1804 451 1843 cedimus,
472 1802 552 1835 itaut
566 1801 669 1846 possit
685 1801 829 1844 incipere
848 1801 1025 1845 capitulum

289 1856 489 1900 provinciale
514 1855 547 1887 in
571 1854 713 1887 secundo
738 1864 821 1887 anno
841 1855 1024 1897 praesentis

290 1908 421 1942 triennii
457 1908 544 1940 iuxta
579 1907 770 1940 methodum
809 1912 956 1940 statutam
992 1908 1024 1940 in

289 1962 431 2006 capitulo
456 1961 602 2004 generali
626 1961 665 1993 de
691 1970 775 1993 anno
800 1966 1026 2001 MDcxxv1u‚et

289 2017 322 2049 in
346 2015 512 2059 praesenti
547 2014 761 2058 approbatam
787 2020 818 2047 et
854 2015 1025 2047 confirma-

290 2075 353 2102 tam
378 2079 452 2101 cum
476 2067 644 2101 nonnullis
673 2067 901 2108 additionibus,
927 2073 1025 2111 prout

289 2122 322 2155 in
347 2120 523 2165 exemplari
557 2119 740 2163 subscripto
772 2121 812 2153 ab
838 2120 1025 2153 eminentis-

288 2177 368 2209 simo
404 2174 572 2218 praedicto
609 2178 795 2216 protectore
820 2178 851 2206 ct
880 2184 898 2206 a
933 2184 1024 2216 prae-

288 2230 357 2263 side
392 2237 517 2261 necnon
552 2226 592 2259 ab
632 2226 781 2259 omnibus
817 2231 850 2259 ct
890 2226 1024 2269 singulis

288 2283 436 2326 patribus
471 2280 646 2314 definitorii
679 2280 856 2322 generalis;
893 2280 1024 2324 insuper

288 2335 516 2379 impartiuntur
539 2333 723 2366 facultatem
749 2333 831 2375 patri
865 2333 982 2367 Calisto
1008 2345 1022 2366 a

288 2387 320 2421 S.
346 2387 536 2421 Innocentio
567 2385 772 2430 procuratori
808 2387 953 2428 generali
985 2397 1020 2420 ex

288 2440 472 2485 praeteritis
506 2439 702 2482 impetrandi
741 2439 1022 2472 confirmationem

287 2493 467 2536 praesentis
481 2492 602 2525 decreti
620 2503 638 2525 a
655 2493 746 2525 sacra
763 2491 1022 2534 Congregatione

288 2544 418 2579 statuti¹
432 2545 660 2589 episcoporum
675 2550 706 2578 et
719 2545 917 2588 regularium
934 2556 1022 2588 prae-

325 2607 336 2633 1
359 2605 458 2634 Forsan
468 2607 591 2643 neyotiis
606 2607 906 2636 &consultationibus
920 2607 960 2645 (n.
973 2607 1020 2645 τ.).

877 211 1086 237 INNOCENTH'S
1111 212 1150 235 xil
1178 212 1224 234 [Ψ.

1710 204 1772 236 457

1073 259 1188 302 posita,
1217 264 1268 299 et,
1297 264 1456 302 (pullenus
1482 271 1563 303 opus
1585 268 1684 299 esset,
1711 262 1805 294 etiam

1074 312 1172 344 robur
1189 312 1406 354 apostolicum
1422 324 1439 344 a
1457 313 1657 345 sanctissimo
1676 315 1806 349 domino

1073 370 1183 397 nostro
1222 365 1414 398 Innocentio
1441 366 1526 408 Papa
1551 366 1615 399 Xll.
1651 368 1807 401 Omnibus

1073 428 1129 460 per
1154 423 1226 451 vota
1251 424 1378 451 secreta
1395 420 1679 460 concurrentibus,
1702 422 1807 455 cardi-

1073 472 1154 504 nalis
1169 482 1210 504 DE
1225 473 1376 505 Ammius
1392 478 1563 516 protector
1579 479 1611 506 ct
1628 485 1758 517 praeses
1774 489 1804 509 n.

1116 525 1152 557 Et
1188 526 1325 568 proinde
1360 536 1418 568 pro
1455 532 1546 569 parte
1582 527 1658 560 dicti
1691 539 1808 571 procu·
1863 536 1998 568 ,mu-nm

1072 578 1189 611 ratoris
1208 579 1371 621 generalis
1390 579 1576 622 praedictae
1594 581 1806 615 cardinalium
1817 563 1999 612 ffii¹¹'³³'''⁸“¹'⁴''

1071 631 1324 673 Congregationi
1359 632 1542 675 supplicato
1571 638 1607 665 ut
1640 634 1806 668 decretum

1072 685 1260 718 huiusmodi
1299 686 1532 727 confirmaret,
1567 689 1727 721 emanarit
1766 690 1806 723 ab

1071 739 1183 771 eadem
1218 738 1479 781 Congregatione
1509 740 1725 774 cardinalium
1751 743 1806 775 de-

1071 797 1196 824 cretum
1241 791 1362 824 tenoris
1403 793 1568 835 sequentis
1587 821 1595 834 ,
1635 794 1803 828 videlieet:

1075 857 1088 876 <t
1113 844 1210 878 Sacra
1234 844 1449 888 Congregatio
1471 846 1805 882 eminentissimorum

1070 903 1102 931 ct
1132 898 1478 932 reverendissimorum
1510 899 1542 933 S.
1578 899 1614 932 R.
1641 900 1676 933 E.
1703 902 1805 935 cardi-

1069 951 1191 985 nalium
1216 951 1355 994 negotiis
1380 957 1411 985 et
1427 954 1720 987 consultationibus
1738 957 1806 999 epi-

1069 1015 1241 1048 scoporum
1266 1010 1297 1038 et
1321 1005 1517 1048 regularium
1542 1009 1742 1050 praeposita,
1762 1016 1806 1042 at-

1071 1058 1167 1090 tentis
1192 1057 1345 1097 narratis,
1364 1058 1498 1100 petitam
1515 1059 1805 1101 confirmationem,

1070 1112 1198 1143 servata
1234 1115 1342 1143 tamen
1379 1111 1411 1143 ln
1443 1112 1595 1144 omnibus
1629 1115 1749 1148 unitate
1775 1121 1808 1148 et

1070 1164 1284 1203 subiectione,
1311 1169 1410 1206 prout
1433 1169 1543 1203 antea,
1569 1167 1691 1199 oratori
1718 1168 1808 1201 beni-

1071 1228 1131 1261 gne
1146 1215 1318 1250 concessit.
1338 1216 1458 1249 Romae
1476 1227 1552 1250 xxm
1570 1219 1643 1251 maii
1658 1230 1803 1255 mocxcu.

1378 1270 1416 1302 ll.
1444 1271 1529 1303 card.
1556 1271 1728 1306 CASANATA.

1114 1323 1214 1356 Locus
1238 1323 1262 1364 -l-
1286 1322 1404 1365 siqilli.

1378 1376 1415 1408 Λ.
1436 1377 1617 1411 Amovnrs
1632 1384 1750 1413 secret.
1773 1394 1801 1414 n.

1112 1430 1127 1473 ξ
1152 1430 1183 1462 2.
1211 1429 1287 1462 Cum
1312 1434 1429 1470 autem,
1448 1430 1532 1462 sicut
1557 1431 1660 1464 dictus
1687 1444 1804 1476 procu-
1902 1474 1905 1475 ⁷

1069 1488 1158 1516 rator
1194 1482 1358 1526 generalis
1394 1482 1488 1515 nobis
1520 1484 1658 1517 subinde
1685 1468 1928 1529 cxpmnssffi'offl?
1962 1469 1997 1489 ⁰⁸*

1069 1536 1237 1580 l‘ecit,ipse
1262 1535 1450 1579 praemissa,
1477 1547 1541 1580 quo
1566 1537 1686 1571 firmius
1704 1540 1805 1573 subsi-

1067 1595 1155 1624 stant
1178 1595 1210 1623 et
1233 1595 1403 1623 serventur
1427 1591 1582 1632 exactius,
1607 1594 1804 1635 apostolicae

1067 1643 1325 1677 confirmationis
1349 1648 1480 1676 nostrae
1505 1644 1689 1687 patrocinio
1717 1657 1805 1679 com-

1068 1696 1186 1730 muniri
1196 1706 1400 1739 summopere
1415 1697 1595 1729 desideret:
1613 1708 1682 1738 nos,
1700 1699 1802 1741 ipsius

1067 1749 1286 1792 procuratoris
1319 1749 1479 1791 generalis
1505 1750 1586 1782 votis
1612 1750 1671 1783 bac
1696 1751 1727 1784 in
1754 1763 1802 1793 re,

1067 1808 1225 1846 quantum
1249 1812 1321 1835 cum
1346 1802 1481 1836 Domino
1506 1814 1691 1846 possumus,
1719 1806 1804 1839 savo-

1067 1855 1213 1889 rabiliter
1247 1865 1391 1888 annuere
1416 1856 1584 1897 volentes,
1622 1868 1759 1901 eumque
1786 1870 1803 1892 a

1067 1908 1233 1952 quibusvis
1272 1908 1641 1950 excommunicationis,
1669 1921 1803 1954 suspen-

1067 1962 1166 1995 sionis
1179 1967 1210 1995 et
1225 1961 1402 2002 interdicti,
1421 1962 1556 2006 aliisque
1573 1964 1802 1998 ecclesiasticis

1066 2015 1247 2056 sententiis,
1263 2025 1280 2046 a
1304 2015 1372 2047 iure
1397 2016 1446 2048 vel
1465 2016 1504 2048 ab
1527 2016 1670 2056 homine,
1692 2018 1802 2060 quavis

1066 2068 1238 2102 occasione
1273 2068 1323 2100 vel
1359 2070 1456 2100 causa
1491 2068 1584 2109 latis,
1622 2069 1648 2102 si
1683 2070 1800 2113 quibus

1066 2121 1312 2165 quomodolibet
1335 2121 1508 2154 innodatus
1537 2122 1665 2163 existit,
1692 2123 1730 2156 ad
1757 2124 1803 2156 es-

1067 2175 1185 2207 sectum
1223 2173 1447 2217 praesentium
1487 2174 1651 2207 dumtaxat
1689 2186 1803 2210 conse-

1067 2227 1251 2271 quendum,
1278 2227 1393 2259 harum
1430 2226 1513 2260 serie
1539 2227 1744 2262 absolventes
1770 2234 1802 2262 et

1066 2281 1249 2314 absolutum
1273 2280 1344 2313 fore
1369 2286 1559 2321 censentes,
1593 2282 1802 2325 supplicatio-

1066 2334 1160 2366 nibus
1185 2333 1254 2366 eius
1279 2334 1409 2366 nomine
1435 2334 1527 2368 nobis
1547 2345 1645 2378 super
1666 2336 1729 2368 hoc
1748 2336 1801 2368 liu-

1065 2387 1186 2420 militer
1205 2386 1366 2430 porrectis
1386 2386 1541 2426 inclinati,
1560 2387 1801 2431 praeinsertum

1065 2439 1232 2472 novissimi
1265 2438 1398 2482 capituli
1424 2440 1586 2483 generalis
1619 2440 1799 2482 decretum,

1065 2503 1082 2525 a
1106 2493 1284 2525 memorata
1312 2493 1527 2526 cardinalium
1545 2493 1800 2537 Congregatione

1064 2551 1099 2577 ut
1133 2545 1356 2589 praemittitur
1390 2545 1637 2586 confirmatum,
1671 2557 1799 2579 necnon

1065 2598 1206 2642 desuper
1229 2604 1416 2632 emanattnn
1442 2599 1606 2633 decretum
1626 2609 1643 2632 a
1660 2598 1800 2642 Congre-

1818 213 1866 238 An.
1889 213 1917 240 s.
1937 215 2000 240 totta

1865 1441 1997 1462 Cnnsunmtio
