2254 3225
196 199 242 227 An.
265 199 291 227 c,
312 199 374 227 1007
423 190 486 223 704·

387 260 403 281 a
425 244 637 286 Pontislevii,
663 243 739 278 dicti
769 241 897 277 Ordinis
930 243 1032 277 sancti
1065 244 1123 277 Be-

388 299 532 341 nedicti,
558 304 590 332 et
621 298 777 338 alterius,
804 297 1009 341 prioratuum
1046 297 1122 329 sim-

388 354 524 397 plicium
557 354 633 386 cura
662 357 694 385 et
726 356 886 385 conventu
918 350 1118 390 carentium,

388 406 419 439 S.
436 405 551 440 Felicis
569 406 608 439 de
625 405 841 449 Campiniaco,
861 415 879 437 a
897 404 983 437 dicto
1001 403 1032 437 S.
1047 403 1123 436 Lau-

387 459 515 493 nomari
551 459 758 493 monasteriis
787 458 968 501 respective
1000 457 1122 500 depen—

390 515 556 553 dentium,
595 512 806 546 commendae
846 510 1032 543 huiusmodi
1065 509 1122 552 (in

390 578 485 612 quam
520 565 655 599 Iacobus
692 563 848 597 Antonius
885 563 1067 606 episcopus,
1093 566 1124 593 et

388 621 522 654 lacobus
545 618 747 658 Franciscus,
786 626 915 650 necnon
950 615 1049 648 David
1072 613 1125 646 Ni-

390 675 510 714 colaus,
529 672 601 717 qui¹
622 670 818 705 monasteria
836 675 866 703 et
881 668 1042 713 prioratus
1066 667 1126 700 hu-

390 727 527 760 iusmodi
546 727 585 760 ad
604 735 716 759 eorum
732 724 830 756 vitam
848 733 884 755 ex
909 720 1124 755 concessione

391 781 569 825 apostolica
594 779 773 823 respective
799 777 949 811 obtinent
980 781 1012 809 et
1044 774 1125 808 obti-

391 833 490 868 nere⁹
514 831 765 874 consueverunt)
784 831 816 863 in
838 829 987 862 manibus
1008 827 1125 861 nostris

390 889 429 921 ad
454 886 708 931 praemissorum
726 889 757 918 et
774 882 1057 926 infrascriptorum
1082 882 1125 915 es-

390 941 506 973 sectum
542 939 724 977 cesserint3
766 946 894 979 nosque
937 933 1126 968 cessiones³

389 992 576 1026 huiusmodi
607 989 774 1024 duximus⁴
792 988 1027 1022 admittendas:
1053 997 1125 1031 pro-

388 1053 501 1090 pterea
527 1047 637 1079 titulos
663 1044 830 1078 collativos
853 1041 1125 1075 monasteriorum

389 1099 585 1143 Burgimedii
616 1103 647 1131 et
678 1097 709 1130 S.
739 1095 942 1135 Launomari‚
970 1105 1005 1127 ac
1036 1104 1126 1137 prae-

390 1154 550 1186 dictorum
569 1157 600 1185 et
614 1150 893 1193 infrascriptorum
911 1147 1124 1191 prioratuum,

389 1217 424 1239 ac
450 1205 482 1238 in
508 1205 630 1238 eisdem
651 1202 855 1236 monasteriis
874 1201 1006 1234 nomina
1024 1206 1055 1234 et
1072 1200 1126 1233 de-

388 1259 630 1292 nominationes
657 1257 821 1297 abbatum‚
847 1254 981 1298 iusque⁵
1006 1254 1045 1287 ad
1070 1254 1125 1287 illa

388 1311 589 1351 nominandi,
613 1311 651 1343 dc
683 1309 830 1343 eiusdem
862 1307 1014 1341 Ludovici
1039 1307 1125 1349 regis

389 1376 559 1404 consensu,
579 1363 757 1408 apostolica
781 1362 972 1396 auctoritate
997 1360 1126 1404 praedi-

389 1421 447 1460 cta,
464 1419 559 1452 etiam
577 1422 736 1462 perpetuo
761 1415 993 1460 supprimimus
1020 1420 1051 1447 et
1075 1423 1126 1447 ex-

390 1472 589 1515 tinguimus,
615 1481 651 1503 ac
683 1479 810 1502 mensas
847 1468 1026 1501 abbatialcs
1057 1477 1126 1500 mo-

390 1524 607 1557 nasteriorum
639 1521 834 1565 Burgimedii
868 1531 903 1553 ac
934 1520 966 1553 S.
1000 1520 1126 1553 Launo-

389 1578 469 1610 mari
484 1576 726 1620 praedictorum
745 1575 894 1618 (quorum
913 1573 1042 1612 fructus,
1060 1573 1126 1616 pri-

390 1629 524 1663 modicti
550 1628 699 1662 videlicet
724 1628 762 1660 ad
789 1632 948 1660 trecentos
970 1625 1127 1669 quinqua-

391 1684 498 1727 ginta,
532 1680 837 1725 secundopraedicti
861 1690 937 1713 vero
963 1685 1126 1712 monaste-

391 1737 515 1769 riorum
541 1734 727 1767 huiusmodi
753 1733 792 1766 ad
817 1733 905 1765 mille
931 1732 1127 1775 quingentos

390 1788 503 1831 viginti
525 1788 666 1820 florenos
692 1786 760 1818 auri
791 1785 825 1818 in
859 1785 950 1818 libris
975 1785 1126 1818 Gamerae

392 1841 598 1885 Apostolicae
635 1839 729 1872 taxati
766 1838 997 1882 reperiuntur,
1024 1843 1054 1871 et
1089 1849 1125 1871 ex

393 1895 511 1938 quibus
530 1921 537 1934 ,
561 1892 756 1937 primodicto
798 1891 950 1924 videlicet
989 1896 1128 1934 quatuor

964 194 1142 219 BULLARIUM
1167 194 1321 220 ROMANUM

1166 244 1316 278 nentibus
1348 245 1623 279 monasteriorum
1655 246 1898 290 praedictorum

1165 297 1285 330 mensis
1309 298 1577 331 conventualibus
1606 310 1623 332 a
1652 299 1745 333 dictis
1778 302 1898 334 mensis

1166 349 1381 384 abbatialibus
1407 351 1563 395 separatis
1590 357 1622 386 et
1646 352 1824 394 disiunctis,
1843 365 1899 398 pa-

1165 403 1245 436 riter
1280 404 1510 447 supprimimus
1547 410 1579 438 et
1603 405 1836 449 extinguimus,
1864 418 1899 440 ac

1168 455 1323 489 dictarum
1340 467 1523 491 mensarum
1541 458 1758 499 abbatialium,
1772 470 1899 493 necnon

1168 508 1324 542 dictorum
1350 510 1487 543 duorum
1512 511 1724 554 prioratuum,
1748 517 1783 544 ut
1810 523 1901 556 pree-

1169 560 1271 594 sertur
1284 557 1483 602 ⁴vacantium,
1506 568 1538 596 et
1554 563 1641 606 (cum
1658 564 1801 607 primum
1827 565 1899 598 illos

1169 623 1227 656 per
1252 624 1380 646 cessum
1405 615 1453 647 et¹
1474 614 1507 647 in
1532 615 1681 649 manibus
1704 617 1824 649 nostris
1848 623 1903 650 ant

1169 666 1302 699 alterius
1337 667 1472 700 Romani
1504 667 1668 701 Pontificis
1703 670 1902 703 successoris

1169 720 1287 760 nostri,
1305 730 1363 753 seu
1381 721 1559 762 decessum,
1577 722 1625 754 vel
1643 722 1789 765 quamvis
1807 723 1902 756 aliam

1170 773 1390 807 dimissionem
1416 775 1465 807 vel
1490 774 1698 808 amissionem
1724 781 1779 809 aut
1801 776 1903 819 priva-

1170 826 1300 867 tionem,
1314 837 1370 860 seu
1386 826 1483 860 alias2
1494 827 1605 870 quovis
1617 828 1725 868 modo,
1741 839 1903 862 commen-

1170 880 1218 912 dis
1233 906 1241 921 ,
1265 879 1298 913 in
1324 890 1401 924 quas
1426 880 1473 913 illi
1497 891 1533 914 ex
1566 881 1753 924 particulari
1773 892 1903 916 conces·

1169 933 1260 966 sione
1296 934 1336 966 ad
1360 934 1456 966 vitam
1484 933 1626 967 obtineri
1651 941 1901 976 consueverunt,

1170 986 1411 1029 cessantibus³)
1438 987 1533 1019 trium
1554 987 1790 1030 sequentium⁴‚
1807 989 1902 1022 unius

1168 1039 1322 1072 videlicet
1339 1039 1377 1072 de
1396 1038 1564 1072 Monstiers
1590 1039 1743 1080 Laumen,
1770 1046 1802 1074 et
1826 1042 1903 1075 alte-

1169 1093 1235 1126 rius
1272 1093 1310 1126 de
1341 1093 1437 1134 Ittou,
1463 1103 1593 1126 necnon
1618 1093 1757 1138 reliqui⁵
1779 1094 1904 1138 priora-

1171 1153 1267 1187 tuum,
1286 1147 1382 1180 etiam
1401 1148 1477 1180 cura
1495 1152 1526 1180 et
1542 1153 1701 1181 conventu
1715 1149 1904 1190 carentium,

1168 1199 1200 1233 S.
1227 1199 1353 1232 Martini
1385 1200 1424 1232 de
1456 1199 1648 1241 Montocau‚
1675 1200 1751 1234 dicti
1776 1201 1905 1235 Ordinis

1169 1253 1271 1286 sancti
1296 1253 1473 1294 Benedicti,
1494 1253 1711 1295 Carnotensis,
1735 1254 1904 1288 Senonen-

1169 1306 1234 1347 sis,
1261 1317 1316 1340 seu
1347 1307 1480 1340 alterius
1506 1308 1685 1351 respective
1722 1308 1881 1341 dioecesis
1897 1335 1904 1349 ,

1169 1360 1208 1393 ab
1230 1361 1345 1394 eodem
1370 1361 1568 1394 monasterio
1594 1361 1625 1394 S.
1641 1361 1834 1395 Launomari
1859 1372 1906 1395 re-

1169 1415 1309 1457 spective
1335 1414 1601 1458 dependentium,
1627 1415 1772 1456 fructus,
1799 1416 1906 1449 reddi·

1171 1474 1219 1500 tus
1246 1471 1276 1501 et
1299 1473 1496 1510 proventus,
1522 1467 1662 1501 cuiusvis
1693 1468 1903 1511 quantitatis,

1170 1520 1333 1564 qualitatis
1349 1547 1356 1561 ‚
1387 1525 1519 1553 naturae
1550 1526 1582 1553 et
1607 1521 1727 1564 speciei
1753 1521 1903 1563 existant,

1168 1572 1299 1617 praevia
1320 1573 1457 1605 duorum
1470 1573 1615 1616 priorum
1633 1573 1905 1607 monasteriorum

1169 1631 1201 1659 et
1224 1626 1427 1669 prioratuum
1453 1626 1641 1659 huiusmodi
1664 1626 1830 1660 titulorum
1846 1629 1906 1660 col-

1170 1679 1338 1713 lativorum
1359 1679 1536 1722 perpetua8
1557 1680 1787 1722 suppressione
1806 1685 1837 1713 et
1855 1690 1906 1712 ex-

1171 1732 1333 1773 tinctione,
1354 1742 1412 1775 pro
1438 1732 1512 1765 dote
1532 1736 1564 1765 et
1588 1734 1701 1765 mensa
1727 1732 1906 1776 episcopali

1171 1785 1325 1818 ecclesiae
1342 1784 1499 1826 Blesensi,
1514 1784 1609 1818 simili
1629 1785 1819 1819 auctoritate
1837 1796 1907 1829 per-

1170 1844 1268 1882 petuo
1297 1838 1440 1878 unimus,
1465 1838 1678 1880 annectimus,
1705 1839 1905 1883 applicamus

1171 1897 1202 1925 ct
1226 1891 1487 1935 appropriamus.

1905 200 1952 227 An.
1975 201 2001 228 C.
2021 201 2085 230 nm

391 1948 491 1980 millia
508 1974 516 1988 ‚
559 1951 590 1979 et
628 1944 862 1978 secundodicto
906 1945 1124 1978 monasterio-

392 2012 463 2034 rum
488 1998 750 2043 praedictorum⁰
768 1998 879 2031 decem
903 1997 1013 2037 millia,
1033 2008 1068 2030 ac
1089 2008 1126 2030 ex

392 2054 531 2087 duorum
562 2051 804 2095 praedictorum
837 2056 868 2084 et
900 2050 995 2083 trium
1030 2050 1128 2083 infra-

394 2107 587 2149 scriptorum
604 2104 821 2149 prioratuum⁷
838 2114 891 2137 sex
913 2103 1016 2137 millia
1029 2103 1127 2137 libra-

393 2170 462 2192 rum
489 2158 712 2191 turonensium
739 2157 903 2190 annuatim
920 2157 1046 2201 percipi
1064 2168 1125 2200 po-

393 2213 524 2256 terunt),
543 2211 651 2253 firmis,
673 2211 802 2244 intactis
819 2221 855 2244 ac
880 2210 1002 2243 illaesis
1026 2221 1128 2244 rema-

1214 1945 1228 1989 ξ
1253 1944 1286 1978 4.
1312 1945 1357 1977 Ac
1384 1945 1423 1977 ad
1449 1944 1565 1978 dictam
1589 1945 1758 1978 ecclesiam
1794 1945 1825 1979 S.
1852 1946 1907 1980 So·
1936 1954 2099 1986 Tuast-auoce-

1170 1997 1308 2039 lcmnis,
1335 1998 1473 2030 suturam
1488 2025 1495 2039 ‚
1520 2004 1554 2031 ut
1578 1999 1772 2041 praefertur,
1797 1981 2100 2033 cathe-3⁰0⁵'Lssf‘ssCii'551'fi'2

1172 2052 1304 2092 dralem,
1336 2053 1533 2085 saecularem
1566 2058 1598 2085 et
1629 2052 1831 2095 collegiatam
1857 2037 2098 2092 ec-iiss'eoiiiiriai'iiia‘iiil

1171 2104 1300 2138 clesiam
1327 2104 1358 2137 S.
1388 2104 1562 2137 Salvatoris
1592 2104 1799 2147 huiusmodi,
1832 2087 2098 2163 ουηιζὲἒιέἶέἑῗζῗὲὲᾷ

1171 2158 1320 2192 omnibus
1345 2163 1376 2190 et
1400 2158 1537 2200 singulis
1564 2157 1788 2200 dignitatibus,
1814 2167 1998 2193 cano-aeficia-

1171 2211 1331 2245 nicatibus
1357 2221 1428 2244 cum
1448 2211 1652 2254 praebendis,
1677 2212 1902 2255 cappellaniis,

430 2285 440 2310 1
464 2283 517 2309 Vox
538 2282 589 2316 qui
608 2280 724 2308 delenda
744 2280 851 2307 videtur
869 2281 908 2314 (R.
923 2281 973 2313 Τ.).

427 2327 443 2353 2
462 2327 492 2354 ln
514 2326 609 2353 Gallia
631 2325 798 2353 Christiana
814 2325 866 2359 teg.
882 2324 1008 2352 obtineri
1023 2326 1061 2359 (R.
1078 2326 1126 2360 ¹1.).

427 2371 444 2398 3
462 2370 532 2397 Male
549 2369 615 2396 edit.
632 2369 710 2395 Main.
727 2369 793 2403 legit
809 2369 977 2395 cessationes
996 2370 1035 2400 (n.
1052 2370 1101 2401 iu).

426 2416 444 2442 4
462 2414 557 2450 Aptius
569 2413 667 2441 Gallia
678 2413 784 2442 Christ.
796 2412 844 2447 leg.
857 2412 1026 2440 dicaverimus
1035 2413 1126 2448 (nm).

427 2461 444 2487 5
464 2459 580 2486 Pessime
591 2458 634 2485 ed.
645 2458 676 2485 M.
690 2458 742 2492 leg.
760 2465 847 2492 usque
862 2465 908 2492 pro
924 2458 1024 2492 iusque
1035 2459 1126 2492 (astu).

427 2505 442 2531 6
463 2505 589 2538 hgerem
604 2503 787 2530 monasteriis
798 2502 956 2536 praedictis
969 2503 1008 2537 (a.
1024 2503 1073 2537 T.).

429 2550 441 2575 7
464 2548 603 2575 tides-etm-
622 2546 766 2581 legendum
786 2555 822 2573 eac
844 2546 951 2573 dnobus
971 2548 1127 2581 praedictis

392 2598 416 2620 ιι
434 2594 524 2621 [ribus
538 2591 735 2627 infrascriptis
747 2590 925 2626 prioratibus
940 2590 978 2625 (a.
994 2591 1041 2626 τ,).

1205 2283 1219 2310 1
1241 2282 1270 2308 ln
1292 2282 1388 2309 Gallia
1406 2282 1576 2309 Christiana
1591 2281 1690 2316 legitur
1704 2282 1792 2309 eliam
1807 2283 1905 2317 (R.'r.).

1206 2327 1221 2353 2
1241 2326 1311 2353 Edit.
1332 2326 1410 2353 Main.
1432 2325 1495 2361 tegit
1514 2325 1584 2353 aliis
1603 2333 1651 2361 pro
1671 2325 1745 2353 alitis
1764 2326 1801 2361 (R.
1818 2327 1870 2359 T.).

1205 2371 1221 2398 3
1241 2371 1350 2398 Videtur
1366 2370 1460 2397 deesse
1474 2378 1577 2398 vacare
1592 2370 1745 2405 contigerit
1758 2371 1798 2405 (R.
1815 2371 1863 2405 Τ.).

1206 2416 1222 2443 4
1236 2415 1319 2442 Voces
1332 2415 1422 2442 trium
1433 2414 1614 2449 sequentium
1623 2422 1672 2441 nos
1682 2413 1804 2442 addimus
1815 2415 1904 2451 (aaz).

1204 2459 1220 2486 5
1239 2459 1307 2486 Male
1327 2459 1391 2486 edit.
1413 2458 1491 2486 Main.
1521 2458 1586 2494 legit
1605 2458 1702 2493 aliqui
1727 2466 1775 2494 pro
1794 2460 1906 2495 reliqui

1169 2505 1208 2539 (R.
1231 2504 1281 2536 T.).

1204 2547 1220 2574 6
1241 2547 1359 2574 Pessime
1373 2547 1417 2576 ed.
1432 2546 1512 2575 Maiu.
1528 2546 1593 2582 legit
1603 2555 1656 2583 per
1675 2556 1759 2584 quam
1778 2556 1825 2585 pro
1837 2555 1904 2584 per·

1166 2592 1254 2627 petati
1274 2592 1311 2626 (R.
1327 2592 1376 2627 T.)-
