2254 3225
263 214 300 239 An
333 213 360 240 C.
382 213 448 240 1693
493 204 557 237 51⁶2.

314 1171 436 1192 Huiusmodi

335 1251 341 1270 Ι
364 1257 396 1270 Μ
423 1204 553 1245 iicentio
572 1212 656 1254 Papa
672 1211 711 1244 XI
732 1211 976 1254 praedecessori
998 1217 1107 1244 nostro
1125 1222 1183 1254 pro

345 1258 363 1270 ΙΙΙ
400 1258 436 1271 etl-

254 1279 283 1297 uo
306 1277 332 1299 xi
355 1283 435 1303 provin·
448 1270 537 1308 parte
557 1270 632 1297 tune
651 1264 817 1297 existentis
842 1264 952 1297 vicarii
976 1264 1184 1307 provincialis

255 1198 344 1219 facultas
370 1205 421 1224 prim

254 1231 354 1245 concessa
399 1225 419 1245 su

254 1252 280 1271 ab

253 1310 300 1325 ctae
310 1304 422 1325 franc-iau.

451 261 526 295 liter
542 266 573 294 et
597 271 749 304 expresse
770 261 982 303 derogamus3
1005 260 1184 303 ceterisque

451 314 622 347 contrariis
649 314 920 357 quibuscumque.

493 367 604 400 Datum
620 367 751 408 Romae,
765 367 850 409 apud
859 367 890 399 S.
903 366 1044 406 Petrum,
1057 365 1116 398 sul)
1130 375 1184 397 an·

450 420 528 453 nulo
542 419 726 459 piscatoris,
745 419 796 452 die
810 430 847 452 xv
861 418 1013 451 februarii
1031 427 1185 458 iuncxmil,

451 472 656 515 pontificatus
680 473 783 505 nostri
809 482 893 505 anno
918 481 952 505 11.

486 533 545 560 Dat.
562 533 606 561 die
628 533 660 561 15
677 533 807 561 februarii
829 532 906 567 1693,
928 532 1023 568 pontis.
1044 540 1114 559 anno
1130 539 1158 559 11.

784 674 845 707 Ln.

448 754 646 788 Eoetenditur
669 754 808 798 facultas
843 753 1057 796 confirmandi
1079 764 1182 795 quar-

492 809 607 840 dizmos
639 812 667 840 et
700 808 909 850 promovendi
938 807 1119 849 definitores
1143 806 1185 839 ad

490 861 751 903 quardianatum
766 870 825 903 pro
840 860 1011 904 provincia
1025 859 1055 892 F
1056 860 1186 891 rauffl'ae

491 913 534 946 ad
554 914 759 956 provinciam
786 913 820 946 S.
847 914 1095 945 Beneventum&
1118 913 1185 954 fra-

494 971 581 998 trum
600 967 632 999 S.
661 966 831 999 Francisci
847 966 884 998 [le
902 964 1138 999 Observantiffl.

628 1044 825 1071 Innocentius
847 1045 924 1077 Papa
944 1044 1008 1074 ΧΠ,

585 1088 621 1116 ad
642 1088 774 1114 futuram
799 1088 844 1114 rei
864 1088 1046 1114 memoriam.

492 1159 507 1202 ἓ
532 1159 564 1191 1.
592 1159 677 1191 Alias
703 1158 805 1191 felicis
830 1158 1064 1191 recordationis
1092 1158 1185 1191 Inno-

446 1317 632 1361 provinciae
651 1317 804 1350 Franciae
822 1317 950 1350 Ordinis
974 1317 1108 1349 fratrum
1132 1317 1185 1350 Mi-

447 1381 562 1404 norum
589 1370 689 1403 sancti
719 1370 882 1403 Francisci
908 1370 947 1403 de
974 1369 1184 1403 Oliservantia

447 1428 719 1466 nuncupatorum,
740 1428 802 1455 tam
821 1433 876 1455 suo
895 1434 990 1466 quam
1006 1423 1183 1456 definitorii

447 1476 593 1509 eiusdem
607 1475 792 1519 provinciae
808 1475 952 1515 nomine,
965 1475 1051 1508 iuxta
1065 1476 1184 1518 capitu-

447 1530 550 1562 larem
567 1528 801 1561 resolutionem
818 1528 870 1561 die
888 1538 924 1561 111
941 1528 1003 1560 mai
1019 1533 1095 1560 tune
1112 1539 1184 1571 pro-

446 1582 530 1615 xime
556 1581 726 1625 praeteriti
748 1581 874 1620 factam,
901 1580 1069 1623 exposito,
1096 1581 1183 1623 quod

448 1635 542 1677 (cum
572 1634 661 1666 iuxta
693 1633 783 1666 Sedis
809 1633 1015 1676 Apostolicac
1041 1633 1183 1676 dictique

446 1687 574 1720 Ordinis
590 1686 845 1726 constitutiones,
865 1697 945 1729 (luae
964 1697 979 1718 a
996 1685 1182 1728 quindecim

447 1739 575 1772 circiter
592 1739 632 1771 ab
649 1739 724 1771 inde
746 1738 838 1771 annis
855 1749 947 1771 suurn
965 1738 1095 1771 sortitae
1117 1739 1183 1771 sue-

447 1798 518 1826 rant
542 1792 702 1832 effectum,
729 1792 898 1834 guardiani
924 1792 957 1824 in
982 1793 1048 1824 suis
1070 1792 1183 1825 officiis

446 1845 529 1878 ultra
554 1845 726 1878 triennium
753 1845 941 1878 continuare
966 1855 1029 1877 non
1050 1851 1184 1887 possent

446 1908 506 1931 nec
531 1898 694 1937 deberent,
721 1898 892 1940 minusque
918 1899 1009 1940 plura
1030 1897 1133 1930 officia
1150 1898 1181 1930 in

446 1952 558 1984 cadem
582 1953 721 1994 persona
747 1951 938 1990 combinari,
965 1950 1049 1983 dicta
1076 1956 1183 1983 autem

446 2004 614 2047 provincia
637 2005 680 2038 ita
703 2011 790 2037 vasta
812 2010 841 2037 et
859 2005 964 2047 ampla
982 2005 1133 2037 existeret
1149 2010 1183 2036 ut

448 2068 538 2090 rarus
565 2058 596 2090 in
623 2060 658 2090 ea
684 2063 767 2090 essct
804 2062 836 2090 et
861 2057 908 2090 iix
941 2057 1103 2090 sufficeret
1127 2067 1183 2089 nu-

447 2120 555 2142 merus
572 2109 799 2151 religiosorum
818 2109 856 2141 iis
873 2109 1080 2153 qualitatibus
1095 2119 1183 2152 prac-

447 2161 609 2201 ditormn,
637 2162 690 2204 qui
718 2162 848 2204 triginta
873 2167 944 2195 octo
971 2162 1182 2194 conventibus

447 2221 478 2247 et
510 2214 635 2247 duobus
668 2214 840 2257 hospitiis,
866 2215 984 2258 quibus
1015 2215 1182 2258 provincia

447 2267 612 2310 praedicta
637 2268 910 2309 componebatur,
938 2268 1035 2310 «ligne
1061 2274 1093 2301 et
1117 2269 1182 2300 lau-

448 2319 599 2352 dabiliter
631 2319 689 2351 sub
723 2319 890 2361 giturdiani
922 2320 972 2352 vel
1004 2319 1182 2363 superioris

483 2418 493 2442 1
517 2415 594 2442 Dicta
610 2415 721 2442 facultas
742 2415 893 2450 provinciae
920 2415 1046 2443 Franciae
1070 2419 1140 2443 extat
1155 2416 1181 2442 in

447 2460 593 2487 innocentii
606 2459 635 2485 Xl
650 2463 733 2485 const.
747 2460 790 2485 ed.
802 2466 966 2491 MDfflAXfflt,
979 2461 1021 2486 die
1034 2461 1065 2487 1⁶2
1077 2461 1182 2488 februa-

446 2505 494 2537 rii3
516 2508 541 2531 et
561 2505 586 2530 in
608 2504 687 2530 huius
708 2505 847 2530 Pontiticis
871 2510 957 2531 const.
984 2505 1026 2531 ed.
1052 2512 1180 2537 MDCXOEV,

447 2548 491 2575 die
509 2551 525 2575 ὁ
545 2549 646 2582 aprilis,
664 2549 806 2582 pontit'.1n‚
819 2549 905 2582 agitur
920 2549 953 2575 de
968 2549 1098 2576 electione
1117 2558 1181 2585 pro-

450 2594 584 2621 curatoris
604 2596 630 2619 et
649 2591 824 2619 commissarii
843 2592 985 2627 generalis.

1029 211 1205 235 BtTLLAmUM
1231 210 1385 234 noitxxtuit

1227 259 1320 292 titulo
1343 257 1612 302 praeficerentur)
1638 258 1754 291 fratres
1781 257 1956 291 definitorii

1228 312 1370 345 eiusdem
1393 312 1578 355 provinciae
1596 311 1629 343 in
1648 321 1759 344 eorum
1778 310 1959 353 provincia-

1227 365 1310 398 libus
1334 365 1483 408 capitulis
1501 370 1532 397 et
1549 364 1852 407 congregationibus
1866 363 1960 396 inter-

1227 418 1340 450 mediis
1366 418 1477 460 plures
1503 427 1568 450 non
1594 417 1725 460 quidem
1750 416 1885 456 habiles,
1903 415 1957 448 setl

1226 469 1311 503 inter
1335 475 1461 503 eeteros
1485 469 1591 502 minus
1618 469 1779 502 inhabiles
1803 469 1842 502 ad
1868 478 1960 511 guar-

1228 522 1313 554 diani
1332 521 1474 554 officium
1492 531 1682 564 promovere
1700 521 1800 554 coacti
1820 522 1958 561 fuerant;

1227 579 1258 606 et
1276 574 1307 606 in
1327 574 1438 606 eadem
1457 573 1656 616 expositione
1674 573 1856 613 subiuneto,
1873 574 1959 617 quod

1228 627 1332 659 dictus
1355 626 1494 659 vicarius
1529 625 1735 669 provincialis
1767 626 1798 658 in
1825 626 1960 659 decursu

1227 679 1442 713 visitationum
1487 680 1704 712 conventuum
1747 679 1930 712 huiusmodi
1951 706 1958 719 ,

1227 743 1306 776 quas
1332 732 1460 770 fecerat,
1479 733 1660 774 regularem
1682 731 1886 775 disciplinam
1909 742 1962 765 ex-

1227 786 1302 818 inde
1315 785 1346 817 in
1365 785 1530 829 plerisque
1548 795 1660 817 eorum
1679 795 1744 817 non
1761 785 1962 817 mediocrem

1226 848 1415 881 perpessam
1453 837 1550 870 fuisse
1584 837 1758 878 iacturam,
1793 838 1961 881 ipsamque

1226 891 1425 935 provinciam
1449 890 1535 923 varia
1557 900 1659 934 eaque
1678 901 1794 933 magna
1812 890 1844 923 in
1865 890 1962 934 spiri-

1228 944 1367 976 tualibus
1393 949 1423 975 et
1447 943 1678 986 temporalibus
1710 943 1904 976 detrimenta
1928 942 1962 975 in

1228 996 1297 1029 dies
1328 995 1488 1039 experiri¹
1526 996 1826 1036 animadvertisset,
1855 1001 1900 1036 et,
1926 1001 1962 1028 ut

1228 1054 1445 1092 opportunum
1470 1048 1521 1080 his
1545 1048 1757 1081 incommodis
1782 1049 1961 1083 remedium

1227 1101 1450 1142 adhiberetur,
1478 1101 1562 1133 idem
1587 1101 1725 1133 vicarius
1751 1101 1960 1145 provincialis

1227 1153 1378 1186 fratribus
1396 1153 1571 1186 definitorii
1590 1153 1694 1187 dictae
1712 1154 1909 1197 provinciae,
1928 1160 1962 1187 ut

1227 1207 1259 1239 in
1285 1211 1360 1239 tune
1383 1206 1530 1249 proximo
1548 1216 1661 1239 eorum
1680 1207 1821 1250 capitulo
1838 1208 1963 1250 provin-

1227 1260 1299 1294 ciali
1325 1260 1528 1303 guamlianos,
1547 1270 1627 1303 quos
1644 1261 1746 1302 magis
1764 1259 1899 1293 idoneos
1917 1271 1964 1294 re-

1226 1313 1412 1356 periissent,
1438 1313 1471 1345 in
1496 1312 1560 1344 suis
1585 1312 1698 1345 officiis
1722 1323 1825 1356 nsque
1851 1313 1889 1345 ad
1914 1323 1963 1346 se-

1227 1375 1327 1408 quens
1340 1365 1536 1408 provinciale
1552 1364 1725 1408 capitulum
1738 1366 1860 1409 absque
1874 1375 1964 1408 prae-

1226 1417 1347 1450 iudicio
1372 1417 1600 1460 suffragiorum
1632 1418 1754 1451 eisdem
1780 1417 1813 1450 in
1838 1418 1963 1451 electio-

1227 1470 1320 1503 nibus
1337 1471 1601 1514 competentium‚
1615 1471 1792 1514 etperinde
1811 1481 1847 1504 ac
1860 1471 1884 1503 si
1903 1482 1962 1514 per

1227 1528 1291 1556 tres
1308 1534 1410 1556 annos
1434 1528 1556 1556 tantum
1581 1523 1749 1565 guardiani
1771 1524 1962 1563 extitissent,

1226 1587 1291 1609 non
1317 1577 1422 1609 solum
1443 1577 1647 1616 continuare,
1666 1577 1721 1609 sed
1740 1577 1833 1609 etiam
1849 1577 1881 1609 in
1898 1588 1963 1610 uno

1227 1631 1408 1673 eodemque
1433 1630 1595 1672 religioso,
1614 1630 1692 1662 alias
1714 1629 1823 1672 capaci
1850 1635 1881 1663 et
1898 1630 1962 1663 ido-

1227 1693 1299 1723 neo,
1318 1682 1374 1715 illa
1392 1682 1504 1722 officia,
1523 1681 1647 1725 ipsum²
1663 1693 1775 1715 vacare
1801 1693 1898 1726 posse
1920 1683 1964 1715 iu-

1228 1736 1397 1775 dicassent,
1416 1736 1608 1768 continuare
1629 1735 1740 1775 libere,
1759 1735 1845 1768 licite
1864 1741 1896 1768 et
1912 1747 1963 1769 va-

1228 1789 1290 1821 lide
1326 1793 1460 1831 possent
1489 1793 1521 1820 et
1553 1790 1717 1828 valerent,
1751 1799 1768 1821 a
1792 1789 1960 1832 praedicto

1226 1841 1412 1874 Innocentio
1428 1842 1680 1884 praedecessore
1698 1841 1879 1884 indulgeri⁸
1896 1843 1963 1885 plu—

1227 1894 1342 1926 rimum
1379 1894 1602 1926 desiderabat:
1640 1894 1724 1926 idem
1755 1894 1962 1927 Innocentius

1226 1946 1471 1989 praedecessor,
1497 1946 1789 1989 supplicationibus
1815 1947 1891 1980 dieti
1919 1947 1963 1983 vi,-

1227 1999 1302 2031 carii
1329 1998 1542 2042 provincialis·
1558 1999 1689 2032 nomine
1705 1999 1765 2032 sibi
1786 2009 1883 2043 snper
1898 1999 1961 2032 hoc

1227 2052 1395 2085 humiliter
1421 2052 1582 2094 porrectis
1616 2052 1807 2093 inclinatus,
1832 2052 1963 2096 provin-

1226 2105 1298 2137 ciali
1324 2110 1355 2137 et
1379 2104 1606 2138 definitoribus
1630 2105 1815 2148 praedictae
1836 2105 1962 2148 provin-

1226 2158 1305 2197 ciae,
1330 2158 1456 2200 quoties
1482 2157 1655 2190 necessitas
1675 2158 1827 2200 exigeret,
1846 2157 1961 2190 confir-

1226 2210 1333 2243 mandi
1359 2210 1552 2253 guardianos
1573 2210 1603 2241 in
1622 2220 1731 2242 eorum
1747 2210 1862 2242 officiis
1879 2211 1962 2242 ultra

1227 2263 1400 2295 triennium
1427 2268 1457 2295 et
1481 2273 1584 2305 usque
1611 2263 1648 2295 ad
1671 2262 1812 2305 capitula
1832 2262 1963 2306 provin-

1226 2315 1336 2356 cialia,
1362 2315 1456 2348 salvis
1483 2325 1594 2347 eorum
1629 2314 1751 2347 iuribus
1778 2320 1809 2347 et
1835 2325 1963 2358 praero-

1226 2368 1348 2411 gativiS,
1367 2378 1493 2401 necnon
1512 2367 1651 2410 eligendi
1670 2368 1708 2400 ad
1730 2368 1960 2409 guardianatus

1260 2459 1270 2484 1
1295 2457 1344 2484 Ed‚
1357 2457 1432 2483 Main.
1448 2457 1512 2490 legit
1525 2457 1656 2490 expediri
1667 2464 1714 2491 pro
1725 2457 1858 2491 eoeperiri
1868 2458 1958 2491 (mu).

1258 2503 1274 2528 ⁹2
1295 2502 1393 2530 Forsan
1413 2510 1478 2527 cum
1499 2510 1548 2535 pro
1568 2501 1661 2536 ipsum
1683 2501 1840 2535 legendum,
1857 2500 1897 2527 vel
1913 2501 1962 2527 ali-

1223 2552 1264 2575 ter
1283 2548 1400 2582 corrigat
1420 2547 1503 2573 lector
1522 2546 1592 2572 scius
1612 2553 1646 2575 in.
1664 2547 1709 2579 Ti).

1258 2593 1274 2620 3
1294 2591 1364 2619 Edit.
1386 2590 1468 2618 Main.
1490 2590 1554 2626 legit
1574 2591 1724 2625 indulgere
1744 2590 1784 2626 (n.
1804 2591 1851 2624 Τ.).

1966 210 2014 236 An.
2036 209 2065 238 C.
2083 210 2152 239 ¹693
