2227 3225
147 276 196 301 An.
217 274 245 302 C.
263 273 330 301 1696

179 1549 300 1569 (lt-usum!⁴

923 270 1132 294 lNNOCENTlt'5

341 331 512 355 concessae
539 325 570 353 et
594 319 766 353 attributae
793 319 935 359 suerunt,
959 319 991 351 in
1012 317 1076 351 suis

342 374 478 418 quisque
496 373 556 406 sibi
575 372 779 415 assignandis
797 372 971 415 provinciis
992 381 1078 404 excr-

341 438 414 461 cere
451 426 574 470 possint
599 432 630 459 et
654 427 807 469 debcant)
833 425 1077 459 committendas

343 490 424 519 esse,
438 484 536 519 motu,
555 479 700 517 scientia,
720 479 960 512 deliberatione
978 484 1010 511 et
1027 488 1079 521 po-

343 533 464 565 testatis
488 532 693 575 plenitudiue
710 532 843 575 paribus
861 532 976 564 harum
993 531 1077 564 serie

343 585 549 618 decernimus
566 590 598 618 et
615 584 816 618 ordinamus.
842 584 993 618 Distriete
1010 595 1079 627 pro·

343 644 457 682 pterea
492 638 682 671 inhibentes
716 642 780 671 tam
813 637 1006 681 supradictis
1039 637 1078 670 de

344 692 520 725 Peliinensi
535 698 567 725 et
586 691 783 725 Nankinensi
801 691 1080 735 episcopis‚quam

345 746 417 779 aliis
443 745 595 779 omnibus
620 751 651 778 et
675 744 811 787 singulis
841 743 1081 778 venerabilitas

344 798 498 831 fratribus
522 797 723 841 primatibus,
756 796 1013 840 archiepiscopis
1049 801 1081 829 et.

343 851 521 894 episcopis,
548 856 577 882 et
602 850 674 882 aliis
701 850 862 883 lndiarum
884 854 1081 882 ceterarum-

343 914 405 947 que
424 903 562 946 partium
580 903 787 936 orientalium
811 902 1001 941 Ordinariis,
1023 912 1080 935 seu

344 967 456 990 comm
478 955 671 989 officialibus
695 956 744 989 vel
776 955 903 988 vicariis
929 954 960 987 in
986 954 1079 998 spiri-

343 1010 486 1044 tualibus
521 1008 746 1052 generalibus,
782 1009 892 1042 aliisre
927 1008 1081 1041 ministris

346 1063 618 1106 quibuscumque,
634 1072 684 1101 ne,
699 1061 758 1093 sub
776 1061 887 1104 quovis
901 1066 1079 1104 praetextu,

347 1116 466 1155 colore,
492 1116 586 1147 causa
611 1115 661 1147 vel
685 1114 866 1154 occasione,
893 1120 947 1146 aut
970 1114 1080 1156 vigore

347 1168 578 1211 cuiuscumque
616 1167 777 1210 privilegii
819 1167 869 1200 vel
908 1166 1025 1200 indulti
1065 1177 1082 1199 a

347 1221 427 1255 Sede
453 1221 619 1265 praedicta
645 1221 803 1260 emanati,
830 1221 932 1254 ullum
964 1221 995 1253 in
1027 1231 1083 1265 po-

348 1280 471 1308 sterum
496 1274 729 1307 iurisdictionis
756 1279 860 1306 actum
896 1274 929 1306 in
958 1284 1083 1307 earum·

348 1328 421 1361 dem
447 1327 492 1360 sic
517 1332 740 1370 separatarum
765 1337 802 1360 ae
838 1326 1082 1360 dismembrata-

347 1391 430 1421 rum,
466 1390 593 1413 necnon
629 1385 850 1423 exemptarum
876 1386 907 1412 et
931 1380 1083 1413 liberata-

346 1444 417 1466 rum
439 1433 681 1476 provinciarum
700 1432 903 1465 districtibus
930 1443 1082 1466 exercere

347 1486 488 1519 audeant
505 1485 619 1529 quovis
636 1485 732 1518 inodo
750 1487 801 1518 vel
819 1491 1038 1528 praesumant.

391 1538 406 1582 g
430 1538 462 1572 3.
490 1539 534 1571 Ae
569 1537 795 1578 decernentes,
823 1539 954 1572 easdem
989 1549 1084 1582 prae-
1102 1547 1104 1586 ᾗ
1125 1542 1227 1581 nales,
1256 1541 1354 1573 etiam
1380 1541 1419 1574 de
1444 1542 1546 1574 latere
1572 1542 1694 1584 legatos
1719 1546 1751 1574 et
1773 1541 1865 1574 Sedis

347 1597 456 1625 sentes
481 1591 607 1624 litteras
632 1595 662 1624 et
686 1590 719 1623 in
738 1591 783 1624 eis
808 1596 962 1624 contenta
986 1602 1083 1635 quae-

346 1654 484 1688 cumque
500 1671 507 1685 ‚
535 1643 630 1677 etiarn
655 1654 691 1677 ex
719 1653 758 1677 eo
785 1644 871 1687 quod
896 1645 1032 1688 praefati
1054 1650 1085 1677 et

347 1697 401 1731 alii
426 1697 621 1740 quicumque
646 1696 678 1730 in
703 1697 891 1740 praemissis
927 1698 1083 1731 interesse

348 1750 507 1783 habentes
520 1760 578 1782 seu
595 1750 719 1783 habere
735 1750 979 1793 quomodolibet
999 1763 1084 1795 prae-

350 1802 535 1842 tendentes,
562 1802 702 1835 cuiusvis
727 1807 839 1843 status,
875 1804 1011 1845 gradus,
1037 1815 1084 1838 or-

349 1913 445 1949 stant,
472 1918 530 1941 seu
562 1908 640 1941 alias
672 1908 824 1951 specifica
861 1914 893 1942 et
923 1909 1085 1943 individua

349 1961 516 1994 mentione
543 1966 575 1994 et
593 1962 803 2004 expressione
818 1962 916 2006 digni,
935 1963 998 1996 illis
1020 1973 1086 1996 uon

351 2067 460 2107 auditi,
475 2077 669 2111 causaeque,
686 2072 822 2111 propter
839 2079 917 2112 quas
934 2080 1088 2112 praesen-

352 2126 398 2153 tcs
423 2120 604 2153 emanarint
628 2120 826 2154 sufficienter
850 2122 1018 2162 adductae,
1038 2133 1088 2156 ve-

352 2172 492 2206 rificatae
519 2178 551 2206 et
575 2173 764 2207 iustificatae
790 2185 855 2207 non
876 2175 1008 2215 suerint,
1035 2182 1087 2209 aut

352 2237 388 2259 ex
414 2226 476 2260 alia
506 2227 653 2269 qualibet
684 2227 780 2260 etiam
813 2228 1015 2270 quantumvis
1040 2229 1088 2260 iu-

352 2279 453 2312 ridica
477 2284 509 2312 et
534 2279 740 2322 privilegiata
757 2282 860 2320 causa,
879 2281 996 2320 colore,
1015 2292 1085 2324 pre-

353 2338 440 2365 textu
465 2337 497 2366 et
520 2332 640 2376 eapite,
668 2333 763 2366 etiam
789 2333 822 2366 in
847 2344 984 2377 corpore
1010 2334 1088 2367 iuris

352 2386 470 2427 clauso,
496 2385 591 2419 etiam
613 2386 769 2427 enormis,
793 2388 1038 2421 enormissimae
1058 2393 1088 2421 et

354 2438 461 2471 totalis
478 2438 642 2479 laesionis,
663 2439 755 2472 nullo
772 2450 916 2483 unquam
941 2446 1086 2484 tempore

354 2491 392 2524 de
431 2492 654 2536 subreptionis
693 2493 744 2526 vel
790 2493 994 2537 obreptionis
1034 2502 1088 2528 aut

354 2544 511 2578 nullitatis
534 2545 623 2588 vitio,
649 2551 704 2578 aut
728 2546 918 2580 intentionis
943 2553 1084 2589 nostrae,

353 2599 403 2632 vel
426 2598 584 2632 interesse
608 2599 801 2633 habentium
835 2603 1030 2642 consensus,
1055 2614 1087 2635 a-

354 2651 435 2685 liove
461 2650 607 2695 quolibet
631 2652 726 2686 etiarn
748 2653 951 2698 quantumvis
969 2665 1085 2697 magno

1157 270 1198 293 xu
1224 271 1270 293 rr.

1121 322 1153 350 et
1176 318 1380 351 substantiali
1407 328 1443 350 ac
1469 318 1646 361 ineogitato
1668 324 1700 351 et
1731 320 1859 352 inexco-

1121 370 1246 413 gitahili
1266 370 1531 414 individuamque
1550 371 1792 414 expressionem
1812 383 1857 405 re-

1121 424 1270 466 quirente
1296 424 1425 457 defectu
1449 425 1566 464 notari,
1585 424 1783 468 impugnari,
1810 425 1857 458 in-

1122 477 1228 520 fringi,
1254 478 1435 518 retractari,
1461 478 1494 510 in
1519 478 1771 512 controversiam
1804 488 1857 511 vo-

1121 532 1200 570 cari,
1225 537 1279 563 aut
1303 531 1343 564 ad
1371 531 1525 564 terminos
1550 531 1628 564 iuris
1653 531 1775 571 reduci,
1801 541 1857 564 seu

1122 584 1275 617 adversus
1299 584 1372 617 illas
1396 584 1588 627 aper-itionis
1618 584 1696 623 oris,
1727 584 1858 616 restitu-

1123 637 1219 670 tionis
1237 637 1269 669 in
1288 637 1460 680 integrum,
1481 637 1608 670 aliudve
1626 637 1857 681 quodcumque

1122 691 1211 732 iuris,
1236 691 1310 723 sacti
1335 692 1384 724 vel
1405 691 1527 734 gratiae
1548 691 1727 724 remedium
1753 691 1859 724 inten-

1123 744 1181 776 tari
1207 745 1256 777 vel
1282 745 1461 787 impetrari,
1485 750 1541 777 aut
1576 744 1763 788 impetrato,
1801 756 1858 778 seu

1122 796 1218 829 etiam
1242 802 1341 836 motu,
1366 797 1502 830 seientia
1537 803 1568 830 et
1592 798 1764 840 potestatis
1790 799 1859 841 ple-

1123 849 1270 882 nitudine
1296 850 1429 893 paribus
1448 860 1604 884 concesso
1625 851 1674 884 vel
1696 856 1857 891 emanato,

1123 903 1309 946 quempiam
1333 903 1366 935 in
1393 902 1516 938 iudicio
1537 904 1586 937 vel
1605 909 1693 937 extra
1710 904 1791 937 illud
1811 904 1859 937 uti

1123 966 1178 989 seu
1196 966 1229 989 se
1247 957 1356 989 iuvare
1371 957 1438 989 ullo
1457 956 1552 989 modo
1570 967 1679 1000 posse,
1698 957 1756 990 sed
1772 957 1860 1001 ipsas

1123 1015 1313 1053 praesentes
1338 1010 1464 1043 litteras
1489 1021 1621 1054 semper
1643 1010 1760 1052 firmas,
1788 1010 1862 1044 vali-

1123 1063 1179 1096 das
1206 1068 1238 1096 et
1254 1063 1400 1096 efficaces
1429 1064 1567 1097 existere
1597 1069 1629 1096 et
1654 1063 1743 1105 sore,
1768 1074 1861 1097 suos-

1123 1127 1185 1160 que
1205 1117 1368 1159 plenarios
1385 1122 1417 1149 et
1434 1117 1579 1160 integros
1600 1116 1732 1150 effectus
1752 1117 1860 1150 sortiri

1124 1175 1156 1203 et
1179 1170 1337 1210 obtinere,
1363 1181 1400 1204 ae
1417 1170 1493 1211 illis,
1514 1170 1553 1203 ad
1577 1180 1657 1214 quos
1681 1175 1806 1214 spectat
1829 1175 1862 1204 et

1123 1233 1183 1266 pro
1217 1227 1362 1266 tempore
1390 1223 1664 1268 quandocumque
1689 1224 1859 1267 spectabit,

1123 1275 1355 1309 inviolabiliter
1390 1282 1422 1310 et
1452 1276 1645 1310 inconcusse
1670 1277 1859 1318 observari,

1124 1330 1235 1372 sieque
1261 1335 1292 1362 et
1316 1340 1380 1363 non
1405 1330 1499 1363 aliter
1525 1331 1557 1363 in
1588 1331 1775 1374 praemissis
1800 1341 1862 1374 per

1124 1393 1347 1426 quoscumque
1373 1383 1497 1416 iudices
1516 1383 1702 1417 ordinarios
1721 1389 1753 1416 et
1778 1384 1864 1416 dele-

1124 1440 1228 1477 gatos,
1252 1435 1348 1467 etiam
1366 1445 1537 1468 causarum
1556 1435 1668 1479 palatii
1689 1435 1864 1479 apostolici

1125 1487 1303 1527 auditores,
1328 1497 1364 1520 ac
1388 1488 1419 1520 S.
1436 1487 1473 1520 R.
1489 1488 1524 1520 E.
1550 1487 1738 1531 praedictae
1763 1488 1864 1521 cardi-

1126 1594 1329 1636 Apostolieae
1354 1594 1543 1637 praedictae
1569 1594 1717 1635 nuncios,
1744 1594 1864 1628 aliosve

1126 1647 1290 1690 quoslibet
1313 1657 1520 1690 quacumque
1545 1647 1804 1691 praeeminentia
1832 1652 1866 1680 et

1125 1705 1284 1743 potestate
1302 1700 1473 1742 fungentes
1488 1705 1520 1733 et
1538 1701 1717 1741 suncturos,
1739 1700 1867 1733 sublata

1126 1753 1172 1786 eis
1198 1759 1229 1786 et
1255 1763 1366 1786 eorum
1398 1753 1534 1787 cuilibet
1559 1753 1673 1797 quavis
1698 1754 1792 1787 aliter
1818 1753 1866 1786 iu—

1105 1838 1106 1846 ,
1127 1806 1254 1838 dicandi
1279 1811 1311 1839 et
1335 1805 1573 1849 interpretandi
1592 1806 1746 1839 facultate
1763 1811 1796 1839 et
1816 1816 1867 1839 au-

350 1855 444 1896 dinis,
471 1855 749 1899 praeeminentiae
775 1861 806 1888 et
831 1856 997 1898 dignitatis
1023 1858 1106 1890 exi-2

1127 1858 1282 1899 ctoritate,
1309 1858 1445 1892 iudicari
1470 1864 1502 1892 et
1526 1857 1656 1892 definiri
1681 1857 1811 1899 dehere,
1829 1869 1866 1892 ae

1127 1911 1256 1943 irritum
1278 1916 1309 1944 et
1342 1912 1449 1952 inane,
1470 1911 1495 1944 si
1527 1920 1619 1945 secus
1647 1921 1747 1956 super
1770 1911 1821 1944 his
1847 1923 1865 1945 a

1106 1990 1108 2008 ἰ
1127 1975 1304 2007 quoquam,
1319 1965 1431 2007 quavis
1444 1965 1649 2005 auctoritate,
1664 1965 1804 1998 scienter
1813 1965 1864 1998 vel

350 2013 586 2055 consenserint,
612 2024 667 2047 seu
693 2014 732 2048 ad
751 2025 788 2048 ea
812 2015 925 2056 vocati,
951 2015 1038 2049 citati
1057 2017 1108 2048 et*

1128 2017 1329 2059 ignoranter,
1356 2018 1532 2060 contigerit
1555 2017 1719 2052 attentari.

1172 2070 1186 2112 ᾖ
1211 2069 1243 2102 Ji.
1271 2069 1337 2102 Nou
1364 2071 1570 2104 obstantibus
1594 2070 1795 2113 praemissis,
1828 2081 1865 2104 ac

1129 2122 1167 2155 de
1194 2122 1261 2155 iure
1286 2122 1432 2165 quaesito
1453 2133 1518 2155 non
1543 2123 1698 2163 tollendo,
1729 2123 1864 2156 ceteris-

1107 2193 1109 2210 ι
1130 2186 1190 2218 que
1218 2174 1333 2207 nostris
1359 2180 1390 2207 et
1415 2174 1634 2208 Cancellariae
1659 2176 1865 2218 Apostolicae

1131 2228 1262 2270 regulis,
1289 2227 1426 2270 aliisque
1452 2228 1649 2271 apostolicis,
1675 2239 1712 2261 ac
1737 2229 1770 2261 in
1795 2228 1868 2262 uni-

1130 2281 1307 2314 versalibus
1333 2280 1652 2325 provincialibusque
1678 2287 1710 2314 et
1734 2281 1868 2325 synoda-

1131 2334 1214 2366 libus
1240 2333 1387 2367 eoneiliis
1421 2334 1516 2367 editis
1537 2361 1544 2375 ‚
1573 2333 1782 2377 generalibus
1817 2336 1868 2368 vel

1130 2387 1335 2431 specialibus,
1362 2388 1646 2422 constitutionibus
1675 2394 1707 2422 et
1738 2388 1868 2423 ordina-

1132 2441 1271 2474 tionibus
1306 2441 1493 2484 apostolicis
1513 2467 1521 2482 ,
1556 2450 1684 2474 necnon
1707 2441 1866 2484 praefata-

1131 2505 1200 2527 ruin
1226 2496 1264 2527 de
1291 2495 1399 2528 Pekim
1424 2500 1456 2527 et
1487 2495 1526 2528 de
1551 2494 1701 2535 Nankim,
1727 2504 1764 2527 ac
1788 2494 1866 2527 alia-

1130 2559 1199 2581 rum
1224 2558 1500 2592 quarumcumque
1525 2547 1744 2587 ecclesiarum,
1770 2547 1867 2580 etiam

1131 2601 1451 2644 ine!repolitanaruin
1466 2606 1496 2633 et
1506 2600 1865 2644 primatialium,aliisve

1131 2655 1315 2698 quibusvis,
1350 2656 1446 2687 etiam
1475 2655 1671 2695 iuramento,
1698 2653 1867 2688 C0nfi1'ma-

1757 262 1819 295 767
1865 270 1912 296 An.
1936 269 1962 295 (ἶ,
1982 270 2047 294 turi}

1901 2075 1976 2096 Contra
1981 2077 2057 2097 riorum

1890 2109 1907 2123 ci
1914 2106 1992 2129 rigatio.
