2227 3225
110 231 161 257 An.
181 230 211 259 C.
229 230 299 261 ¹690,

136 873 192 894 Mum
209 874 293 901 proprio

125 905 239 926 raecqutur
270 903 294 921 it-

125 917 410 951 „‚c„..t.„ua.0.studi0
446 916 689 950 considerantes
725 921 930 960 quantopere
967 915 1041 948 visi-

889 227 1073 250 Atnxaxnen
1099 227 1154 249 vtn
1178 227 1226 250 pr.

302 279 387 312 libus
412 278 572 317 ecclesiis,
593 276 677 310 acin
698 275 806 309 multis
832 275 1038 308 monasteriis
1059 288 1061 292 ’

302 332 511 375 regularium,
538 336 602 364 tam
627 330 767 362 virorum
800 340 894 372 quam
919 328 1035 361 mulie-

301 396 384 426 rum,
404 395 534 418 necnon
552 384 711 426 collegiis,
728 383 951 426 hospitalibus,
967 393 1040 414 con-

303 439 558 472 fraternitatibus
585 443 617 470 et
640 437 713 470 aliis
744 436 824 470 locis
849 436 910 479 piis
936 436 1038 468 dictae
1060 454 1061 461 κ

303 492 407 533 Urbis,
432 498 547 535 postea
571 490 735 534 prosecuti
760 489 890 529 suerint,
914 490 1036 521 saluta-

302 546 456 588 ribusque
481 544 613 577 monitis
642 549 674 576 et
699 543 854 583 decretis,
878 542 933 575 ubi
960 552 1040 585 opus

302 598 410 639 suerit,
433 597 656 641 providerint3
683 596 823 629 visitatio
842 601 947 628 tamen
972 595 1040 638 ipsa

301 651 335 684 in
352 651 503 686 omnibus
520 649 665 684 ecclesiis
684 660 720 683 ac
736 649 817 682 locis
836 654 866 681 et
883 649 1039 692 operibus

301 704 364 748 piis
388 703 565 747 praedictis
587 703 733 735 nondum
758 702 799 734 sit
822 706 964 745 peracta,
984 701 1039 733 sed

302 758 405 790 multa
429 756 557 800 negotia
582 766 653 788 eam
678 755 909 788 concernentia
934 754 1040 787 adhuc

301 810 467 854 pendeant
490 808 652 842 indecisa:

347 864 362 908 g
394 862 425 895 2.
462 863 543 896 Hine
575 868 624 895 est
654 862 741 906 quod
773 872 849 902 nos,
886 861 1039 905 pastorali

304 970 383 1003 tatio
409 969 594 1002 huiusmodi
618 969 705 1002 utilis
728 975 759 1002 et
780 969 965 1002 necessaria
989 969 1040 1007 sit,

303 1033 370 1056 non
403 1023 500 1056 modo
533 1022 573 1056 ad
612 1022 774 1056 tollendos
808 1023 946 1062 abusus,
983 1022 1040 1055 sed

305 1076 401 1109 etiam
441 1076 480 1109 ad
519 1076 777 1119 praecavendum
811 1087 851 1109 ne
887 1076 1040 1119 deinceps

304 1129 564 1168 introducantur,
587 1134 809 1172 quantumque
834 1129 911 1161 boni
937 1129 983 1161 eis
1003 1140 1039 1161 ex

305 1181 362 1214 illa
378 1181 535 1214 hactenus
554 1182 750 1223 provenerit,
766 1187 808 1221 et,
824 1182 1040 1214 benedicente

305 1233 454 1274 Domino,
469 1239 698 1276 proventurum
711 1234 759 1273 sit,
773 1234 799 1267 si
815 1234 955 1267 visitatio
973 1235 1041 1277 ipsa

306 1287 526 1326 continuetur,
546 1297 581 1319 ac
606 1287 637 1319 in
664 1289 712 1327 ea,
735 1298 817 1330 quae
843 1288 882 1320 ad
902 1288 957 1320 Dei
979 1289 1041 1320 cul-

306 1345 371 1372 tum
397 1345 429 1372 et
459 1340 595 1381 gloriam
626 1339 869 1383 animarumque
905 1341 1040 1373 salutem

305 1398 493 1436 opportuna
524 1398 555 1425 et
580 1392 798 1426 conducibilia
834 1399 932 1434 sunt,
962 1394 1042 1425 sicut

306 1446 463 1478 hactenus
489 1446 608 1478 sactum
633 1451 692 1486 est,
713 1446 746 1478 in
771 1452 936 1489 posterum
962 1457 1042 1489 quo-

306 1509 368 1542 que
394 1498 445 1542 pie
470 1499 715 1542 prudenterque
741 1505 935 1540 statuantur,
955 1506 1040 1533 motu

306 1551 450 1595 proprio,
468 1562 504 1584 ac
529 1562 566 1585 ex
592 1554 680 1585 certa
704 1552 839 1585 scientia
864 1559 896 1586 et
919 1556 1043 1585 matura

307 1603 540 1637 deliberatione
565 1605 693 1644 nostris,
715 1604 820 1648 deque
844 1606 1042 1648 apostolicae

306 1656 478 1700 potestatis
503 1657 717 1699 plenitudine,
737 1664 946 1691 memoratam
971 1659 1043 1692 visi—

310 1708 465 1742 tationem
482 1709 674 1750 continuari,
690 1720 869 1753 causasque
885 1711 1042 1744 indecisas

307 1762 341 1794 in
365 1762 620 1805 congregatione
648 1764 815 1806 praedicta
836 1765 1041 1808 pendentes,

309 1820 407 1858 prout
423 1815 594 1857 aequitatis
610 1821 705 1858 atque
722 1816 863 1850 iustitiae
881 1818 963 1851 ratio
977 1829 1045 1851 sua-

309 1868 411 1908 serit,
436 1869 624 1908 terminari;
651 1869 849 1903 visitationes
874 1872 1046 1914 particula-

311 1921 396 1954 rium
421 1921 631 1954 ecclesiarum
666 1932 703 1955 ac
735 1923 882 1957 locorum
912 1930 945 1957 et
969 1937 1046 1968 ope—

311 1983 382 2006 rum
399 1974 527 2017 piorum
544 1973 605 2007 iam
623 1974 807 2009 inchoatas¹
822 1977 956 2018 absolvi,
971 1989 1047 2011 nec-

311 2037 377 2060 non
402 2028 566 2067 ecclesias,
585 2038 620 2061 ac
644 2029 714 2062 loca
731 2034 763 2062 et
785 2040 886 2073 opera
904 2031 966 2074 pia,
986 2037 1047 2064 tam

311 2079 481 2124 hucusque
506 2081 640 2122 visitata,
662 2092 743 2125 quae
768 2082 916 2116 iteratam
942 2084 1049 2117 visita-

312 2133 434 2166 tionem
453 2143 626 2177 exposcere
641 2134 847 2175 videbuntur,
860 2147 955 2180 quam
973 2147 1050 2170 non-

313 2186 391 2220 dum
414 2185 550 2227 visitata,
575 2187 717 2229 visitari,
742 2193 918 2232 ceteraque
942 2190 1050 2223 omnia

312 2245 345 2272 et
364 2239 503 2282 singula,
521 2240 739 2274 visitationem
757 2241 947 2275 huiusmodi
973 2254 1050 2287 quo-

312 2292 494 2325 modolibet
507 2294 747 2334 concernentia,
759 2293 839 2335 fieri,
849 2295 929 2338 geri,
942 2297 1048 2337 statui,

314 2350 347 2378 et
375 2344 522 2378 ordinari
555 2350 586 2378 et
619 2346 825 2389 exequutioni
863 2347 1049 2381 demandari

315 2398 448 2438 debere,
467 2404 578 2431 tenore
603 2399 827 2442 praesentium
848 2400 1050 2434 decernimus

315 2456 348 2485 et
370 2451 571 2485 mandamus.
589 2452 634 2484 Ac
657 2462 768 2485 omnes
786 2458 817 2485 et
837 2452 982 2496 singulas
1007 2455 1051 2487 sa-

315 2504 462 2545 cultates,
480 2504 657 2547 privilegia,
677 2505 808 2547 gratias,
826 2507 1051 2549 praeeminen-

316 2556 387 2596 tias,
413 2557 653 2600 praerogativas
678 2563 709 2590 et
732 2557 856 2590 indulta
880 2569 1052 2601 quaecum-

352 2619 363 2644 ¹
386 2617 457 2646 Edit.
479 2619 560 2645 Main.
582 2618 645 2654 legit
663 2619 799 2647 inchoata
817 2620 853 2650 (n.
871 2621 918 2655 Τ.).

1731 220 1772 251 37

1081 286 1163 318 quae
1187 274 1338 317 praefatis
1363 275 1580 308 cardinalibus
1601 281 1632 309 et
1648 278 1813 320 praelatis,

1081 338 1257 371 eorumque
1282 328 1537 371 congregationi,
1563 339 1690 362 necnon
1716 331 1817 363 omni-

1081 381 1141 413 bus
1167 386 1198 413 et
1221 381 1358 423 singulis
1383 382 1574 414 officialibus
1606 389 1637 415 et
1661 384 1815 417 ministris

1082 435 1291 477 supradictis,
1318 445 1335 467 a
1368 436 1554 468 memoratis
1580 436 1761 470 Alexandro
1787 444 1816 470 et

1082 487 1248 520 Clemente
1274 488 1313 520 lx
1338 514 1345 528 ,
1372 494 1404 520 et
1427 488 1591 522 Clemente
1613 490 1646 529 X,
1668 501 1703 523 ac
1727 491 1818 524 Inno-

1083 542 1191 574 centio
1212 541 1249 573 xl
1270 541 1586 584 praedecessoribus,
1608 554 1754 585 persnas
1773 554 1819 576 re-

1083 594 1223 637 spective
1245 594 1368 627 litteras
1388 595 1528 638 desuper
1547 602 1721 636 emanatas,
1739 608 1819 639 quo-

1084 646 1129 679 vis
1154 648 1251 680 modo
1269 658 1425 681 concessa
1443 654 1472 680 et
1490 648 1655 689 attributa,
1674 660 1734 692 per
1750 650 1819 683 obi-

1085 705 1149 732 tum
1167 701 1355 734 eorumdem
1373 702 1662 744 praedecessorum
1685 702 1818 735 minime

1083 765 1228 787 cessasse
1247 765 1305 788 nec
1330 765 1470 796 cessare,
1487 755 1543 788 sed
1561 755 1593 787 in
1619 755 1683 788 suis
1702 755 1819 789 robore

1084 813 1115 841 et
1138 807 1287 841 firmitate
1314 819 1523 852 permanere,
1544 809 1760 852 omnibusque
1789 815 1821 842 et

1083 861 1218 903 singulis
1236 862 1390 905 praefatis
1411 862 1591 906 respective
1609 863 1716 895 adhuc
1739 873 1823 896 com-

1083 919 1194 957 petere
1220 920 1251 947 et
1274 915 1443 958 suffragari
1462 916 1595 955 debere,
1619 916 1822 949 decernimus

1084 967 1207 1010 pariter
1222 974 1253 1001 et
1270 969 1485 1002 declaramus.
1501 969 1547 1008 Et,
1563 974 1722 1012 quatenus
1741 980 1821 1013 opus

1083 1023 1132 1063 sit,
1158 1022 1336 1062 facultates,
1355 1022 1535 1066 privilegia,
1555 1023 1686 1064 gratias,
1708 1033 1822 1065 praee-

1084 1076 1269 1115 minentias,
1288 1076 1531 1119 praerogativas
1553 1081 1585 1107 et
1601 1076 1726 1108 indulta
1741 1076 1823 1108 eius-

1085 1129 1171 1162 modi
1197 1129 1318 1161 eisdem
1343 1129 1563 1162 cardinalibus
1588 1134 1619 1161 et
1643 1129 1820 1171 praelatis,

1085 1191 1262 1224 eorumque
1288 1181 1542 1223 congregationi,
1568 1192 1604 1214 ae
1630 1181 1821 1214 officialibus

1085 1240 1117 1266 ct
1140 1234 1297 1267 ministris
1323 1234 1516 1277 praedictis,
1543 1234 1574 1266 iu
1606 1234 1757 1267 omnibus
1791 1240 1823 1267 et

1085 1298 1144 1331 per
1169 1288 1277 1320 omnia
1311 1294 1410 1330 prout
1434 1288 1480 1320 eis
1507 1288 1688 1330 respective
1714 1300 1730 1320 a
1756 1299 1823 1321 me—

1085 1341 1218 1373 moratis
1243 1341 1446 1380 Alexandro,
1472 1351 1507 1373 ae
1537 1340 1703 1373 Clemente
1728 1341 1766 1373 IX
1792 1346 1824 1373 et

1085 1393 1249 1426 Clemente
1275 1393 1299 1424 X
1315 1419 1322 1432 ,
1350 1404 1385 1425 ac
1411 1393 1599 1426 Innocentio
1626 1393 1663 1425 xl
1688 1393 1824 1436 praede-

1085 1445 1272 1478 cessoribus
1290 1456 1444 1478 concessa
1460 1451 1491 1478 et
1508 1446 1662 1478 attributa
1680 1446 1822 1485 suerunt,

1087 1505 1184 1539 motu,
1205 1498 1347 1540 scientia,
1362 1499 1611 1539 deliberatione,
1629 1509 1664 1531 ac
1681 1504 1824 1542 potesta-

1087 1553 1126 1585 tis
1150 1553 1356 1596 plenitudine
1373 1552 1518 1595 paribus,
1541 1553 1648 1585 denuo
1673 1552 1825 1586 concedi-

1086 1616 1165 1644 mus,
1184 1605 1356 1638 tribuimus
1382 1610 1413 1637 et
1438 1604 1653 1648 impertimur.

1130 1657 1197 1701 §3
1223 1658 1439 1690 Decernentes
1473 1658 1602 1690 easdem
1635 1662 1823 1700 praesentes

1088 1711 1221 1750 litteras,
1239 1715 1269 1743 et
1290 1710 1321 1742 in
1342 1710 1389 1742 eis
1415 1715 1567 1742 contenta
1590 1719 1825 1753 quaecumque,

1088 1764 1183 1796 etiam
1209 1774 1245 1796 ex
1273 1774 1311 1796 eo
1341 1763 1426 1806 quod
1453 1762 1647 1806 quicumque
1673 1763 1706 1795 in
1731 1774 1826 1806 prae-

1089 1816 1195 1849 missis
1220 1827 1275 1849 seu
1301 1826 1415 1849 corum
1445 1816 1556 1859 aliquo
1586 1816 1744 1848 interesse
1770 1817 1826 1848 ha-

1088 1871 1214 1911 bentes,
1236 1880 1294 1903 seu
1320 1870 1442 1902 habere
1469 1869 1715 1913 quomodolibet
1731 1880 1827 1912 prae-

1090 1924 1272 1964 tendentes,
1297 1923 1524 1965 cuiuscumque
1550 1928 1669 1963 status,
1696 1923 1825 1965 gradus,

1090 1978 1239 2018 ordinis,
1274 1976 1552 2020 praeeminentiae
1589 1981 1621 2009 et
1657 1976 1826 2019 dignitatis

1090 2031 1237 2071 existant,
1259 2031 1354 2063 etiam
1380 2030 1597 2062 cardinalatus
1625 2030 1746 2062 bonore
1769 2030 1828 2062 sul-

1091 2088 1224 2126 gentes,
1250 2089 1304 2115 aut
1329 2082 1406 2115 alias
1433 2083 1583 2126 specifica
1608 2088 1638 2115 et
1663 2083 1828 2116 individua

1090 2137 1257 2175 mentione
1278 2141 1309 2168 et
1334 2136 1542 2178 expressione
1561 2136 1659 2178 digni,
1680 2136 1743 2168 illis
1763 2146 1827 2169 non

1091 2189 1325 2229 consenserint,
1346 2199 1405 2221 nec
1430 2188 1469 2221 ad
1495 2199 1531 2221 ea
1557 2188 1671 2228 vocati,
1691 2188 1778 2221 citati
1797 2194 1828 2221 et

1092 2242 1201 2283 auditi,
1220 2252 1327 2285 neque
1346 2251 1472 2281 causae,
1490 2248 1624 2285 propter
1640 2252 1718 2284 quas
1738 2252 1828 2285 prae-

1092 2301 1199 2328 sentes
1224 2300 1429 2334 emanarunt,
1456 2295 1624 2335 adductae,
1650 2295 1828 2327 verificatae

1092 2349 1142 2381 vel
1167 2347 1359 2381 iustificatae
1385 2347 1512 2387 suerint,
1534 2352 1587 2379 aut
1612 2357 1648 2379 ex
1674 2346 1734 2380 alia
1752 2357 1830 2390 qua-

1093 2412 1231 2444 cumque
1257 2401 1461 2444 quantumvis
1487 2401 1577 2440 iusta,
1600 2400 1653 2444 pia
1678 2406 1709 2433 et
1733 2400 1829 2443 priri-

1093 2454 1211 2497 legiata
1236 2456 1340 2493 causa,
1367 2455 1477 2487 colore
1495 2480 1502 2493 ,
1529 2459 1697 2496 praetextu
1723 2460 1754 2486 et
1778 2463 1829 2485 ca-

1094 2509 1171 2551 pite,
1188 2508 1282 2541 etiam
1298 2508 1329 2540 in
1348 2518 1482 2550 corpore
1501 2507 1577 2539 iuris
1596 2507 1714 2546 clauso,
1733 2507 1828 2539 etiam

1094 2560 1245 2599 enormis,
1272 2560 1515 2593 enormissimae
1535 2566 1565 2592 et
1583 2560 1691 2592 totalis
1715 2559 1829 2592 laesio-

1094 2613 1151 2655 nis,
1179 2614 1268 2646 nullo
1295 2624 1436 2657 unquam
1471 2618 1616 2656 tempore
1643 2613 1681 2645 de
1707 2613 1826 2644 subre-

1820 230 1871 256 Αιι.
1894 230 1921 256 C.
1941 231 2007 258 tuso

1861 1665 1980 1687 Clausutae.
