2254 3225
201 243 389 271 An.c.1095
435 236 499 270 692

392 294 460 328 bat.
498 294 717 333 Quamobrem
742 296 1001 330 eminentissimo
1026 297 1132 330 abbati

393 348 611 392 supplicatum
656 355 703 382 est
733 355 768 382 ut
800 350 889 383 malis
923 351 955 382 in
990 351 1057 383 dies
1086 350 1135 383 in-

393 401 587 444 gruentibus
611 412 784 436 occurrere
814 409 845 435 et
869 414 927 446 pro
949 405 1006 436 sua
1024 409 1134 436 aucto-

392 454 489 488 ritate
521 456 561 489 de
593 457 748 499 congruis
780 457 932 489 remediis
964 456 1133 500 providere

392 507 556 550 dignetur.

211 570 253 600 ‘ns
275 573 381 601 monastty-
435 571 517 594 xxiv,
537 561 658 594 Eodem
675 572 804 604 quoque
831 562 994 594 referente
1012 560 1132 593 vicario

197 603 240 644 iiia
251 597 380 646 clississ‘gssim
391 613 535 656 generali
550 614 644 646 nobis
659 614 801 647 innotuit
814 614 909 647 vitam
925 624 1133 647 communem

389 666 423 698 in
451 666 581 699 abbatia
606 666 773 699 Lezatensi
796 667 930 700 minime
953 666 1130 699 observari.

389 719 482 753 Unde
514 720 684 754 statuimus
712 726 742 754 et
767 721 956 754 ordinamus
988 725 1022 753 ut
1047 720 1133 753 intra

389 783 523 814 annum,
548 773 573 806 si
594 774 684 817 prius
714 774 785 807 fieri
810 785 875 807 non
899 779 1015 817 potest,
1042 773 1132 807 insti-

389 831 511 868 tuatur,
538 827 676 861 maxime
702 838 775 860 cum
800 827 1039 861 illustrissimus
1065 828 1153 870 epi-¹

387 890 505 924 scopus
520 881 699 924 Regiensis,
720 882 867 914 eiusdem
885 881 1035 914 abbatiae
1049 892 1132 914 com·

387 934 608 967 mendatarius
644 935 764 974 abbas,
790 939 922 978 paratus
948 935 989 966 sit
1022 934 1132 967 omnia

388 991 570 1030 praestare,
607 998 689 1031 quae
726 987 773 1020 sui
808 993 885 1020 sunt
917 988 1072 1027 muneris,
1096 993 1131 1019 ut

388 1040 461 1074 loca
493 1041 538 1074 sic
574 1040 791 1084 disponantur
825 1047 859 1073 ut
896 1041 988 1074 facile
1026 1041 1130 1084 possit

388 1094 568 1127 observari.

430 1157 502 1180 xxv.
540 1147 613 1180 Viso
650 1147 762 1180 libello
795 1147 933 1191 supplici
978 1153 1129 1191 porrecto

388 1199 520 1232 nomine
546 1200 742 1233 clarissimae
768 1200 800 1232 in
826 1200 954 1233 Christo
977 1200 1062 1233 filiae
1079 1211 1129 1233 so-

387 1252 469 1286 roris
495 1253 688 1286 Catharinae
715 1254 753 1287 de
779 1254 809 1286 la
845 1253 962 1287 Chaize
994 1254 1129 1296 prioris-

388 1316 442 1339 sae
463 1307 651 1339 monasterii
681 1306 734 1339 SS.
768 1306 930 1339 Trinitatis
954 1307 992 1339 de
1018 1306 1129 1339 Marci-

387 1360 482 1393 niaco
508 1366 541 1393 et
565 1371 714 1394 sororum
749 1360 893 1393 eiusdem
919 1360 1125 1400 monasterii,

387 1419 422 1446 ut
446 1419 553 1446 ratum
578 1413 716 1446 haberet
741 1419 773 1446 et
798 1419 922 1456 gratum
950 1413 1126 1456 capitulum

388 1467 542 1508 generale
569 1467 735 1499 decretum
761 1467 879 1498 sactum
916 1466 954 1498 ab
981 1465 1125 1498 eminen-

388 1518 514 1552 tissimo
540 1519 696 1552 cardinali
722 1518 897 1559 Bullionio,
918 1524 978 1551 tam
998 1520 1054 1550 sua
1079 1528 1127 1551 or-

388 1571 513 1604 dinaria
537 1576 710 1614 potestate,
733 1581 828 1614 quam
853 1571 915 1614 ipsi
938 1571 1083 1613 delegata
1108 1582 1125 1603 a

387 1623 518 1657 Summo
544 1623 715 1664 Pondiice,
742 1634 806 1666 quo
833 1623 964 1666 quidem
992 1624 1123 1657 decreto

388 1677 571 1720 suppressit
595 1687 742 1710 mensam
778 1682 810 1709 et
841 1676 969 1709 titulum
1006 1676 1123 1719 prioris

388 1729 421 1762 in
458 1730 573 1763 eodem
610 1730 812 1762 monasterio
845 1734 979 1772 propter
1015 1729 1123 1771 gravia

386 1782 607 1822 incommoda,
645 1788 676 1815 et
708 1783 824 1815 eodem
858 1783 989 1815 decreto
1015 1783 1123 1825 perle-

385 1841 436 1868 cto
462 1836 501 1868 de
527 1836 578 1869 die
604 1836 746 1869 secunda
771 1835 890 1868 mensis
916 1835 1022 1867 martii
1047 1835 1121 1867 anni

386 1889 551 1922 currentis
568 1917 575 1930 ‚
597 1889 683 1922 idem
716 1889 936 1932 approbamus
957 1895 988 1922 et
1019 1895 1121 1921 ratum

385 1942 543 1976 habemus
564 1948 726 1986 tamquam
748 1943 826 1975 utile
846 1944 934 1975 bono
953 1942 1122 1985 religionis

385 2001 417 2028 et
441 1996 608 2028 conforme
634 1996 698 2038 legi
724 1995 930 2035 fundationis
958 2002 1120 2028 reservato

385 2054 493 2082 tamen
533 2049 742 2092 beneplacito
779 2049 960 2092 apostolico
995 2049 1056 2081 hac
1088 2049 1121 2081 in

385 2112 420 2134 re
445 2101 688 2145 particulariter
705 2107 736 2134 et
753 2101 904 2144 specifice
925 2101 1116 2135 obtinendo.

428 2165 511 2188 xxvt.
546 2155 697 2188 Exhibito
735 2155 829 2188 nobis
862 2166 920 2198 per
956 2155 1119 2188 dominum

385 2207 574 2241 Casimirum
589 2208 791 2240 Vincentium
806 2209 999 2241 monachum
1017 2219 1034 2240 a
1051 2209 1121 2251 qui-

385 2261 522 2293 busdam
537 2261 742 2293 monasteriis
759 2261 910 2293 Polouiae
931 2261 1120 2304 deputatum

385 2313 524 2357 supplici
550 2313 672 2353 libello,
699 2324 772 2356 quo,
792 2314 923 2346 nomine
947 2314 1121 2347 monacho-

385 2378 455 2400 rum
482 2367 697 2410 quorumdam
719 2367 1004 2400 Benedictinorum
1031 2367 1119 2410 regni

384 2420 494 2462 itlius,
520 2421 665 2463 postulat
694 2420 725 2452 in
763 2421 876 2453 eodem
902 2431 1004 2462 regno
1031 2431 1120 2460 eam,

384 2484 482 2517 quam
507 2474 684 2517 antiquitus
712 2479 831 2513 tenent,
851 2474 889 2505 ab
909 2474 1025 2506 abbate
1051 2474 1120 2507 Clu-

384 2526 526 2560 niaccnsi
558 2532 590 2559 et
618 2525 737 2559 Ordine
768 2526 1017 2569 dependentiam
1048 2537 1122 2560 con-

384 2580 530 2621 servari,
558 2590 623 2613 non
648 2579 759 2612 laetari
790 2590 855 2612 non
886 2590 1059 2622 possumus
1090 2581 1122 2612 in

384 2638 449 2666 tam
475 2633 595 2666 dissitis
619 2633 808 2676 regionibus
834 2638 906 2676 post
939 2639 986 2666 tot
1014 2643 1122 2666 rerum

214 1155 243 1176 De
254 1155 324 1181 prim
333 1160 377 1175 mo-

193 1186 279 1202 nasterii
289 1182 377 1203 deMar·

193 1214 284 1229 ClllldCO.

215 2161 243 2182 Di*
254 2162 375 2183 Benedicti-

191 2189 326 2236 i'tiiiiiile'icgno
335 2191 374 2210 Po·

963 247 1141 273 BULLARIUM
1165 248 1320 273 ROMANUM

1915 244 1966 272 An.
1983 245 2012 273 C.
2033 246 2102 274 ¹695

1176 297 1371 330 mutationes
1389 294 1609 329 Cluniacensis
1629 294 1758 328 Ordinis
1777 304 1908 336 nomen,

1176 350 1291 382 famam
1306 354 1336 382 et
1351 349 1560 393 splendorem
1571 348 1691 391 vigere.
1707 347 1912 391 Quapropter

1176 402 1424 435 eminentissimi
1444 402 1567 434 abbatis
1587 401 1780 446 prudentiae
1801 401 1912 434 remit·
2248 427 2254 458 ᾗ

1176 454 1271 487 timus
1294 465 1331 487 ea
1348 455 1510 495 ordinare,
1528 464 1612 497 quae
1628 464 1774 496 congrua
1790 464 1913 497 coguo-
2248 460 2250 463 ⁴

1174 507 1256 540 verit
1280 507 1312 540 in
1339 507 1395 540 tali
1420 507 1552 550 negotio
1578 507 1777 550 peragenda.

1218 569 1315 592 xxvn.
1334 559 1575 599 Decretumest,
1591 564 1633 599 ut,
1649 565 1784 602 propter
1796 570 1912 602 magna
1949 571 2106 601 ⁰⁸¹.⁵1¹⁰.r³⁵²÷!·

1176 616 1207 644 et
1231 611 1385 644 continua
1411 611 1534 651 officia,
1562 611 1681 654 quibus
1710 611 1911 645 clarissimus
1923 601 2108 653 ἓζῗιῗῑέἕὲὲῖιῗὲῗῖ

1175 664 1326 698 dominus
1347 665 1509 698 Antonius
1530 665 1560 697 le
1581 664 1725 705 Vaillant‚
1744 651 1964 708 sapientis-‘¹¹⁹'

1175 717 1274 750 simus
1300 717 1332 750 in
1358 717 1447 750 curia
1463 718 1656 751 Parlamenti
1674 718 1857 758 advocatus,
1872 718 1911 750 de

1174 769 1292 803 Ordine
1309 769 1533 803 benemeritus
1554 776 1602 803 est
1619 769 1668 803 et¹
1686 771 1719 803 in
1735 770 1803 803 dies
1817 771 1913 803 bene-

1173 829 1315 856 meretur
1331 850 1338 864 ‚
1361 823 1466 857 eidem
1488 824 1616 857 litterae
1635 824 1861 857 associationis
1881 828 1913 857 et

1173 876 1429 920 participationis
1468 877 1629 910 bonorum
1665 888 1799 920 operum
1834 888 1913 911 con-

1174 929 1343 962 cedantur.

1217 994 1324 1017 xxvtu.
1339 984 1499 1017 Statutum
1513 990 1571 1024 est,
1585 990 1629 1024 ut,
1644 984 1728 1017 iuxta
1742 983 1913 1027 antiquum
1945 995 1973 1015 nu
1984 995 2106 1027 visitatum„

1172 1046 1264 1069 usum
1287 1036 1425 1077 Ordinis,
1443 1037 1572 1070 abbatia
1596 1037 1815 1070 Cluniacensis
1833 1022 2036 1070 tem-iifflssss.
2055 1022 2103 1042 “h''

1172 1099 1252 1132 pore
1267 1089 1400 1132 capituli
1411 1100 1427 1122 a
1443 1089 1604 1132 deputatis
1617 1090 1774 1130 visitetur,
1786 1091 1909 1133 absque

1172 1142 1371 1185 praeiudicio
1407 1142 1624 1175 visitationum
1651 1143 1787 1186 singulis
1818 1142 1910 1176 annis
2249 1148 2251 1163 l

1172 1195 1404 1228 faciendarum.

1215 1258 1296 1281 xxm.
1314 1248 1510 1282 Renovando
1525 1254 1645 1282 statuta
1668 1249 1798 1282 Ordinis
1823 1249 1910 1283 iuxta
1948 1259 1976 1289 oe
2000 1259 2062 1281 armis
2083 1261 2105 1281 οι

1171 1312 1331 1334 canonum
1363 1301 1492 1334 decreta
1517 1302 1667 1343 condita,
1694 1287 1980 1345 proliibemtts²¹³¹⁵'

1170 1355 1318 1388 omnibus
1337 1366 1498 1388 armorum
1517 1356 1742 1398 gestationem,
1757 1356 1816 1388 sub
1830 1367 1910 1400 poe-

1170 1408 1218 1440 nis
1236 1408 1327 1448 iuris,
1345 1414 1376 1441 et
1392 1409 1580 1441 eorumdem
1599 1409 1821 1442 detentionem
1839 1409 1908 1443 sine

1169 1461 1311 1494 licentia.
1343 1461 1555 1495 prohibemus
1588 1463 1684 1495 etiam
1719 1462 1908 1496 venationes

1169 1520 1200 1547 et
1224 1515 1308 1547 alcas
1335 1515 1394 1547 sub
1420 1515 1532 1559 poenis
1557 1526 1573 1548 a
1598 1515 1776 1548 canonibus
1796 1520 1827 1548 et
1847 1521 1910 1548 sta-

1170 1567 1244 1600 tutis
1279 1567 1419 1608 Ordinis,
1447 1568 1621 1611 praecipue
1662 1568 1794 1612 capituli
1830 1568 1907 1601 anni

1167 1630 1313 1654 Mentviu
1339 1621 1422 1654 latis.

1210 1685 1281 1707 xxx.
1297 1674 1465 1707 Decretum
1485 1680 1535 1707 est
1559 1674 1795 1707 institutionem
1819 1674 1908 1717 prio·
1931 1682 2101 1712 nain-titutione

1166 1738 1237 1760 rum
1261 1727 1482 1761 claustralium
1503 1728 1542 1760 ab
1568 1728 1684 1760 abbate
1703 1715 2016 1760 Cluniacensipnomm.

1167 1781 1318 1813 traditam
1345 1782 1517 1823 legendam
1537 1792 1610 1814 esse
1628 1782 1661 1813 in
1680 1782 1824 1824 capitulo
1841 1791 1909 1814 mo-

1166 1834 1297 1866 nasterii
1323 1844 1432 1867 coram
1453 1834 1604 1867 omnibus
1622 1834 1801 1874 monachis,
1826 1834 1907 1867 etin

1165 1887 1285 1920 librum
1304 1893 1430 1920 actuum
1452 1887 1681 1930 capitularium
1700 1887 1907 1920 inserendam

1165 1940 1249 1973 intra
1274 1946 1338 1973 tres
1372 1951 1500 1973 menses
1533 1952 1550 1972 a
1584 1940 1635 1973 die
1671 1940 1907 1973 adventationis

1164 1994 1310 2036 priorum
1331 1993 1363 2026 in
1389 2003 1461 2026 sua,
1480 1993 1688 2033 monasteria,
1716 1993 1774 2025 sub
1799 1995 1908 2036 poena

1165 2046 1392 2090 depositionis,
1411 2046 1436 2079 si
1457 2057 1517 2090 per
1533 2057 1645 2080 eorum
1671 2046 1906 2090 negligentiam

1164 2101 1228 2143 legi
1254 2106 1309 2133 aut
1333 2100 1429 2133 inseri
1455 2100 1632 2133 omittatur.

1208 2164 1290 2187 xxx1.
1317 2154 1484 2186 Decretum
1501 2158 1558 2192 est,
1578 2163 1618 2185 ne
1644 2152 1798 2196 deinceps
1816 2152 1902 2185 aliud
1917 2158 2099 2206 ,oneng-amento

1165 2208 1380 2240 iuramentum
1406 2218 1424 2239 a
1447 2206 1676 2249 profitentibus
1696 2206 1727 2238 in
1749 2208 1804 2238 sua
1829 2192 1920 2249 pro·¹
1951 2191 2090 2211 mmmm

1166 2261 1307 2294 sessione
1325 2260 1571 2304 pronuntietur,
1590 2259 1650 2291 nisi
1669 2259 1753 2302 quod
1768 2259 1808 2291 ab
1827 2259 1906 2291 emi-

1164 2313 1353 2347 nentissimo
1379 2313 1512 2346 domino
1539 2311 1695 2344 cardinali
1721 2310 1828 2343 nunc⁹
1852 2311 1906 2343 ab·
2248 2303 2254 2341 i

1164 2367 1238 2400 bate
1265 2366 1362 2399 suerit
1397 2366 1624 2409 approbatum,
1651 2370 1682 2396 et
1717 2364 1811 2406 signo
1845 2375 1904 2398 suo
2247 2366 2254 2407 Ε

1166 2430 1224 2452 seu
1251 2419 1472 2461 chirographo
1507 2416 1682 2456 mu11itum3
1717 2416 1760 2449 ita
1795 2422 1904 2450 tamen
2251 2409 2254 2413 ¹

1164 2480 1199 2506 ut
1224 2472 1408 2506 huiusmodi
1435 2472 1649 2503 iuramentum
1674 2470 1771 2503 sacris
1806 2480 1904 2503 cano-

1165 2527 1271 2567 nibus,
1287 2524 1474 2569 apostolicis
1488 2530 1519 2556 et
1535 2523 1663 2556 Ordinis
1679 2523 1901 2557 cluniacensis

1203 2599 1211 2623 1
1236 2596 1374 2623 Coniunct.
1397 2599 1423 2622 et
1443 2603 1490 2621 nos
1511 2594 1633 2621 addimus
1652 2598 1688 2623 (n.
1705 2595 1754 2630 aa).

1201 2641 1216 2667 Ξ
1237 2640 1337 2667 Forsan
1358 2639 1503 2675 legendum
1524 2642 1589 2666 tunc
1608 2645 1646 2674 tn.
1662 2640 1710 2674 T.).

2244 2964 2254 2997 a<
2244 2560 2254 2953 ,ἢκ-..ψ
