2254 3225
204 246 254 273 An.
274 245 303 273 c.
320 244 387 272 1095
432 236 496 269 726

236 1677 351 1700 Ctausniao.

239 2411 396 2434 Contrariorum

216 2438 331 2465 derogatio.

969 240 1148 266 BULLARIUM
1172 239 1189 264 R
1196 238 1327 263 otiamur

1907 235 1957 263 An.
1977 235 2005 263 C.
2020 235 2090 263 1ss95

394 293 543 327 rabiliter
578 302 722 326 annuere
756 291 914 331 volentes,
942 300 1079 333 eumque
1111 299 1128 320 a
1148 294 1150 322 r
1172 293 1203 321 et
1227 286 1363 329 singulis
1383 284 1446 318 illis
1471 293 1552 327 quae
1576 283 1608 316 in
1634 283 1827 327 supradictis
1849 283 1900 316 ln—

397 345 561 391 quibusvis
579 342 932 383 excommunicationis,
948 341 1128 385 suspensio·

396 400 447 433 nis
480 404 512 432 et
537 398 712 439 interdicti,
739 397 877 440 aliisque
903 393 1128 428 ecclesiasticis

397 452 578 492 sententiis,
595 450 738 484 censuris
764 455 795 483 et
814 448 938 492 poenis,
961 458 978 479 a
995 447 1062 478 iure
1079 444 1126 477 vel

397 504 437 537 ab
462 504 606 543 homine,
630 503 738 546 quavis
764 500 932 535 occasione
959 499 1009 531 vel
1034 497 1128 530 causa

397 557 481 597 latis,
505 557 531 590 si
552 556 667 600 quibus
686 552 932 597 quomodolibet
955 549 1126 582 innodatus

399 609 517 649 existit,
535 609 573 641 ad
594 607 739 641 effectum
763 603 981 648 praesentium
1006 602 1128 635 dumta-

398 668 450 694 xat
473 660 743 703 consequendum,
770 658 883 690 harum
908 655 992 688 serie
1024 654 1129 687 absol-

397 721 507 750 ventes
525 721 557 749 et
581 715 759 747 absolutum
785 712 852 745 sore
869 715 1050 753 censentes,
1068 708 1129 741 hu-

398 769 535 802 iusmodi
570 766 861 810 supplicationibus
897 762 1054 799 inclinati,
1089 762 1128 794 de

398 821 634 855 venerabilium
653 820 785 852 fratrum
810 823 997 851 nostrorum
1014 815 1126 849 s.R.E.

398 874 610 908 cardinalium
628 872 764 906 Concilii
782 870 960 903 Tridentini
977 869 1130 912 interpre-

399 933 467 960 tum
492 926 683 965 eonsili0,et
707 925 826 957 attenta
853 922 1012 956 relatione
1037 931 1131 954 vene-

400 978 509 1012 rabilis
527 978 633 1011 fratris
647 975 882 1019 archiepiscopi
894 974 1129 1008 Avenionensis

400 1041 497 1075 super
520 1029 707 1073 praemissis
732 1030 770 1062 ad
792 1028 923 1062 eosdem
948 1027 1131 1060 cardinales

401 1085 594 1123 transmissa,
619 1083 779 1116 indultum
805 1093 822 1115 a
842 1085 1017 1115 memorato
1037 1080 1132 1113 Inno-

398 1137 502 1170 centio
520 1136 790 1180 praedecessore,
805 1140 840 1167 ut
856 1134 1046 1177 praefertur,
1060 1143 1132 1166 eon-

398 1200 538 1230 cessum,
565 1189 659 1222 etiam
691 1189 730 1221 ad
764 1188 826 1221 alia
849 1187 969 1221 Galliae
994 1187 1073 1227 loca,
1099 1186 1131 1218 in

398 1244 514 1287 quibus
533 1243 618 1276 dicta
633 1241 858 1285 Congregatio,
873 1240 1000 1273 tametsi
1018 1240 1131 1273 domos

397 1296 477 1329 inibi
508 1306 572 1329 non
605 1295 733 1336 habeat,
767 1294 938 1327 missiones
965 1300 1069 1326 tamen
1095 1304 1131 1326 ex

398 1349 529 1393 speciali
566 1349 753 1382 fundatione
793 1359 851 1382 seu
888 1348 1056 1382 dotatione
1093 1347 1131 1380 de

397 1403 561 1446 praesenti
587 1408 730 1440 exercet,
750 1413 785 1435 ac
806 1404 930 1435 serrata
948 1401 978 1433 in
997 1401 1133 1443 reliquis

397 1456 639 1499 praedictarum
663 1455 842 1488 innocentii
874 1453 1134 1497 praedecessoris

398 1509 580 1542 litterarum
600 1509 703 1541 forma
721 1513 751 1540 et
771 1507 998 1550 dispositione,
1022 1507 1134 1540 eadem

400 1561 604 1601 auctoritate,
618 1566 731 1593 tenore
747 1559 1135 1603 praesentium,extendi-

400 1625 471 1647 mus
497 1620 528 1647 et
556 1613 760 1657 ampliamus.

444 1666 505 1710 §le
525 1667 756 1705 Decernentes,
777 1665 862 1708 ipsas
880 1669 1068 1707 praesentes
1084 1665 1136 1697 lit-

401 1725 485 1753 teras
514 1729 645 1762 semper
669 1718 785 1759 sirmas,
804 1717 923 1750 validas
941 1723 973 1750 et
993 1717 1136 1750 efficaces

401 1774 536 1807 existere
569 1778 601 1805 et
630 1772 712 1812 sore,
740 1781 882 1814 suosque
914 1771 1081 1814 plenarios
1107 1776 1138 1803 et

400 1826 546 1869 integros
572 1824 703 1858 ess'cctus
727 1824 835 1858 sortiri
862 1829 893 1857 et
917 1823 1079 1863 obtinere,
1101 1834 1137 1856 ac

400 1878 475 1919 illis,
510 1878 549 1910 ad
587 1887 669 1921 quos
701 1881 827 1919 spectat
853 1882 883 1909 et
905 1887 965 1920 pro
991 1883 1137 1919 tempore

402 1931 579 1975 spectabit,
598 1931 630 1963 in
656 1930 806 1963 omnibus
825 1935 854 1962 ct
869 1941 929 1973 per
943 1930 1051 1963 onmia
1068 1930 1137 1973 ple-

403 1984 538 2017 nissime
566 1982 749 2025 suffragari,
769 1983 879 2025 sicque
901 1983 933 2015 in
950 1983 1136 2025 praemissis

403 2047 463 2080 per
491 2046 713 2080 quoscumque
741 2035 864 2068 iudices
896 2035 1078 2068 ordinarios
1107 2041 1138 2068 et

404 2091 583 2132 delegatos,
610 2089 706 2121 etiam
731 2099 901 2121 causarum
925 2089 1038 2132 palatii
1063 2099 1139 2132 apo-

404 2142 507 2175 stolici
543 2141 730 2181 auditores,
771 2141 907 2174 iudicari
944 2147 976 2174 et
1011 2142 1138 2174 definiri

406 2194 544 2234 debere,
582 2204 618 2226 ac
641 2194 768 2226 irritum
793 2199 825 2227 et
848 2194 959 2234 inane,
986 2194 1013 2226 si
1046 2205 1139 2229 secus

405 2256 504 2290 super
538 2246 588 2278 his
613 2257 629 2278 a
653 2257 825 2289 quoquam,
860 2247 970 2289 quavis
1001 2248 1140 2281 auctori-

408 2304 480 2340 tate,
512 2299 650 2331 scienter
675 2300 721 2331 rel
747 2299 942 2341 ignoranter,
969 2301 1141 2344 contigerit

407 2352 571 2386 attentari.

451 2406 465 2449 ἓ
490 2404 520 2437 5.
548 2404 615 2437 Non
647 2404 848 2438 obstantibus
872 2406 1069 2448 praemissis,
1102 2418 1139 2440 ac

407 2459 517 2492 nosti-a
531 2463 563 2491 et
576 2457 793 2490 Cancellariac
808 2459 1009 2500 Apostolicae
1027 2461 1139 2501 regula

409 2513 448 2546 de
473 2522 538 2544 non
564 2511 782 2544 concedendis
808 2511 1017 2553 indulgentiis
1035 2514 1073 2545 ad
1092 2513 1140 2546 in-

1170 339 1312 372 nocentii
1331 337 1591 381 praedecessoris
1616 336 1733 370 litteris
1748 345 1901 370 concessa

1170 396 1244 424 sunt
1268 401 1333 423 non
1358 390 1501 431 obstare,
1527 389 1706 434 ceterisque
1731 389 1901 424 contrariis

1171 443 1439 486 quibuscumque.

1224 495 1238 538 ἓ
1274 494 1305 528 6.
1349 495 1502 528 Volumus
1539 500 1647 529 autem
1684 500 1722 528 ut
1758 495 1902 539 ipsarum

1169 548 1390 590 praesentium
1406 548 1589 582 litterarum
1609 548 1830 591 transumptis,
1845 558 1905 581 seu

1171 600 1335 643 exemplis,
1350 601 1444 634 etiam
1462 601 1639 644 impressis,
1653 611 1749 634 manu
1767 600 1903 634 alicuius

1171 652 1289 685 notarii
1306 653 1427 696 publici
1438 654 1641 696 subscriptis,
1657 658 1689 686 et
1707 653 1815 697 sigillo
1834 663 1905 697 per-

1171 716 1268 738 sonae
1293 706 1325 739 in
1359 706 1578 740 ecelesiastica
1607 707 1764 749 dignitate
1789 706 1906 739 consti-

1173 763 1258 791 tutae
1276 758 1420 799 munitis,
1446 759 1559 792 eadem
1583 769 1716 802 prorsus
1739 758 1818 792 fides
1843 764 1906 792 tam

1171 811 1204 843 in
1228 811 1349 844 iudicio
1381 822 1477 855 quam
1503 817 1592 845 extra
1615 812 1696 844 illud
1720 812 1839 855 ubique
1864 813 1907 845 lo-

1173 875 1286 898 corum
1321 865 1494 906 habeatur,
1528 875 1611 908 quae
1642 865 1723 909 ipsis
1753 875 1907 908 praesen-

1174 917 1258 951 tibus
1292 919 1470 952 haberetur
1497 918 1524 951 si
1553 919 1658 952 forent
1675 918 1837 952 exhibitae
1853 918 1906 951 vel

1173 975 1334 1004 ostensae.

1216 1031 1332 1064 Datum
1349 1032 1482 1072 Romae,
1501 1032 1587 1075 apud
1605 1031 1635 1065 S.
1658 1032 1787 1065 Mariam
1811 1032 1910 1065 Maio-

1174 1095 1250 1125 rem,
1270 1085 1329 1117 sub
1344 1084 1463 1118 annulo
1482 1085 1662 1125 piscatoris,
1677 1085 1728 1118 die
1743 1095 1806 1119 xvn
1824 1091 1909 1118 octo·

1175 1138 1241 1170 bris
1258 1148 1395 1178 MDCXCV,
1411 1138 1618 1181 pontificatus
1636 1138 1739 1171 nostri
1755 1149 1841 1171 anno
1855 1150 1882 1171 V.

1210 1198 1268 1227 Dat.
1287 1199 1332 1226 die
1350 1200 1381 1226 17
1397 1198 1516 1227 octobris
1533 1199 1611 1233 1695,
1631 1200 1732 1234 pontii.
1755 1207 1828 1227 anno
1841 1206 1867 1227 v.

1962 509 2024 529 Fides
2039 511 2094 531 iran-

1913 538 2048 562 sumptorum.

1491 1343 1594 1377 CXXI.

1175 1422 1342 1456 Indicium·
1361 1422 1546 1455 universale
1563 1422 1745 1455 iubilaeum
1760 1432 1820 1465 pro
1835 1431 1912 1465 pace

1220 1477 1306 1508 inter
1327 1476 1493 1519 principes
1517 1474 1742 1508 christiano-5⁴.

1351 1553 1549 1581 Innocentius
1571 1554 1648 1586 Papa
1667 1554 1729 1585 xn,

1335 1607 1489 1634 Universis
1506 1607 1755 1634 christifidelibus

1277 1655 1454 1685 praesentes
1474 1652 1595 1678 litteras
1616 1651 1812 1685 inspecturis,

1217 1697 1348 1723 satutem
1364 1699 1395 1723 et
1410 1696 1608 1730 apostolicam
1622 1696 1872 1723 benedictionem.

1222 1766 1257 1799 In
1282 1766 1411 1799 sublimi
1435 1766 1526 1800 Sedis
1554 1766 1762 1810 Apostolicae
1784 1766 1911 1809 fastigio
1960 1780 2072 1801 niomium
2093 1786 2106 1800 a

1178 1820 1300 1853 meritis
1325 1820 1402 1853 licet
1427 1820 1603 1864 imparibus
1632 1821 1671 1853 ab
1696 1820 1828 1853 AEterno
1855 1807 2108 1863 Pa-fissllss'ssiiffiffi'u'l

1177 1879 1263 1906 store
1290 1873 1455 1913 collocati,
1475 1872 1550 1905 dum
1569 1872 1772 1915 gravissimas
1797 1863 1992 1905 crediti¹¹¹⁰¹⁰'

1176 1926 1269 1959 nobis
1296 1925 1403 1968 gregis
1430 1926 1631 1958 calamitates
1655 1931 1811 1968 paternae
1837 1925 1915 1958 cha-

1177 1980 1281 2012 ritatis
1307 1979 1416 2012 studio
1438 1980 1711 2022 contemplamur,
1746 1990 1781 2011 ac
1813 1984 1915 2011 totam

1180 2033 1246 2065 sere
1283 2032 1444 2076 Europam
1484 2033 1758 2076 pertinacioribus
1789 2033 1822 2065 in
1848 2032 1916 2065 dies

1180 2087 1340 2119 bellorum
1364 2086 1506 2119 motibus
1524 2086 1675 2128 agitatam
1693 2090 1814 2118 attente
1839 2096 1916 2118 con-

1180 2139 1373 2179 sideramus,
1399 2140 1483 2182 quod
1507 2139 1566 2171 sub
1587 2139 1658 2182 ipso
1676 2138 1816 2171 ineuntis
1836 2149 1917 2182 pon-

1183 2192 1320 2225 tificatus
1334 2192 1436 2225 nostri
1450 2192 1560 2224 limine
1571 2192 1772 2231 verebamur,
1781 2196 1914 2223 actuoso

1182 2244 1243 2277 iam
1271 2244 1492 2288 experimento
1511 2244 1745 2286 cognoscimus,
1764 2249 1796 2276 et
1819 2253 1916 2286 quan-

1183 2303 1250 2330 tum
1268 2297 1301 2329 in
1326 2297 1461 2329 Domino
1493 2297 1570 2329 licet
1594 2296 1845 2339 ingemiscimus,
1866 2307 1917 2329 ve·

1182 2351 1268 2383 nisse
1295 2350 1419 2383 scilicet
1441 2361 1499 2383 nos
1524 2350 1558 2382 in
1579 2349 1782 2382 altitudinem
1806 2349 1915 2390 maris,

1181 2404 1215 2437 in
1241 2414 1304 2447 quo
1330 2414 1370 2436 ne
1396 2408 1570 2447 tempestas
1589 2403 1756 2445 demergat
1773 2413 1844 2444 nos,
1869 2398 1917 2436 ‘es-

1220 2495 1228 2519 i
1252 2494 1342 2520 Simile
1360 2493 1508 2520 iubilaeum
1529 2492 1659 2519 indictum
1678 2492 1728 2519 fuit
1743 2496 1826 2519 const.
1844 2492 1916 2519 edita

1181 2545 1312 2570 nncxcni,
1332 2538 1375 2565 die
1395 2539 1409 2564 7
1430 2538 1594 2570 decembris,
1615 2537 1710 2572 pontif.
1730 2544 1776 2570 1113
1806 2541 1832 2564 et
1851 2545 1916 2564 con-

410 2570 492 2603 star,
521 2565 657 2607 fllllssque
682 2565 968 2596 Gonfftfflfflfflubuff
994 2571 1025 2597 0²
1054 2567 1139 2598 Ol'di·
1159 2583 1161 2607 t
1181 2583 1318 2610 stitutione
1347 2583 1390 2610 ed.
1412 2589 1539 2615 nncxcix,
1554 2582 1596 2609 die
1612 2582 1646 2608 30
1665 2582 1738 2617 maii,
1754 2582 1850 2618 pontis.
1867 2588 1915 2610 vm

409 2617 592 2651 nationibus
617 2616 817 2660 apostolicis,
838 2627 966 2649 necnon
992 2618 1139 2651 omnibus
1182 2627 1310 2655 indicitur
1327 2627 1472 2655 iubitaeuin
1493 2626 1555 2654 anni
1575 2627 1669 2654 sancti.
