2254 3225
230 257 268 282 An
301 255 328 281 (ι.
354 254 420 282 1608
466 245 531 280 846

737 304 848 338 CLXV.

425 375 647 418 Confirmatur
669 377 834 409 restitutio
851 380 995 420 quatuor
1012 377 1166 409 assisten-

468 430 551 462 tium
575 430 783 472 (fenerabunt
810 429 946 463 Ordinis
963 431 1002 463 B.
1023 431 1066 463 M.
1096 430 1164 463 Vtr—
1186 460 1187 463 ,

467 483 555 526 {linis
580 483 618 516 cle
642 484 750 517 Monte
777 484 958 518 Carmetok

600 565 800 592 Innocentius
822 565 901 598 Papa
920 564 989 597 XII,

565 610 600 636 ad
621 610 753 636 futuram
772 610 818 636 rei
837 609 1020 636 memoriam.

236 717 264 738 w
278 691 313 738 ΧᾼΙιὶ
330 691 415 737 iliffiffi
469 682 484 725 g
505 681 536 714 1.
558 681 653 721 Alias,
673 686 847 724 postquam
864 685 1002 724 quatuor
1015 679 1167 712 assisten-

231 725 235 738 ι
264 727 268 737 ,
326 726 355 736 .,

231 746 289 765 cui-ro
315 745 414 764 maen-
427 740 475 769 tes
489 736 661 778 generales
680 734 810 768 Ordinis
834 735 968 767 fratrum
986 734 1021 767 B.
1042 734 1081 766 M.
1100 733 1167 766 vir-

230 771 414 818 ifii..i}i1‹;if¹'r‹fss't'=⁹ff
427 789 510 832 ginis
528 789 566 822 de
584 788 691 821 Monte
709 787 869 827 Carmelo,
884 798 949 820 non
968 787 1012 819 ita
1036 787 1165 831 pridem

232 827 279 845 Μ’
426 843 459 876 in
479 843 541 875 vim
568 842 734 875 cuiusdam
755 842 878 874 decreti
898 853 914 874 a
933 841 1034 874 felicis
1059 851 1167 874 recor-

427 896 566 929 dationis
580 896 765 929 Alexandro
783 895 898 928 PPXII
912 895 1165 938 praedecessore
1187 910 1189 917 =

426 956 538 983 nostro
557 950 634 983 editi
656 950 687 982 in
706 949 820 982 eodem
838 948 959 981 Ordine
978 948 1164 989 introducti,

427 1005 618 1037 auctoritate
655 1004 836 1048 apostolica
868 1003 1009 1047 primum
1036 1003 1167 1046 quidem

427 1058 469 1091 ob
494 1064 600 1091 certas
618 1063 694 1090 tunc
713 1068 882 1102 expressas
902 1067 1014 1090 causas
1032 1057 1070 1089 ad
1090 1062 1168 1089 tem-

425 1121 486 1155 pus
511 1111 670 1155 suspensi,
696 1122 732 1144 ac
756 1110 892 1144 subinde
914 1110 947 1143 in
972 1116 1168 1154 perpetuum

427 1165 539 1198 aboliti
555 1176 590 1198 ac
606 1165 774 1208 suppressi
792 1164 928 1205 fuerant,
946 1175 1016 1203 nos,
1031 1175 1067 1197 ex
1083 1174 1169 1197 con]-

426 1219 526 1252 misso
551 1219 644 1253 nobis
670 1219 824 1252 divinitus
846 1219 1020 1262 pastoralis
1047 1217 1169 1251 sollici-

427 1273 548 1306 tudinis
574 1283 710 1306 munere
736 1272 775 1305 ad
802 1283 847 1313 ca,
874 1282 955 1316 quac
980 1271 1065 1304 felici
1092 1281 1169 1314 pro-

426 1337 587 1371 speroque
612 1326 741 1360 Ordinis
767 1326 925 1370 praedicti
959 1325 1110 1368 regimini
1137 1330 1169 1358 et

427 1381 584 1425 gubernio
611 1381 710 1424 magis
736 1380 956 1413 conducibilia
983 1390 1053 1412 esse
1072 1384 1168 1423 pote-

427 1441 508 1474 rant,
527 1435 644 1477 iugiter
669 1434 892 1474 intendentes,
912 1433 1022 1466 audita
1049 1433 1109 1465 hac
1134 1433 1166 1465 in

428 1498 463 1521 re
489 1488 648 1521 sententia
680 1486 812 1531 capituli
845 1486 1007 1529 generalis
1037 1486 1168 1519 Ordinis

428 1541 614 1575 huiusmodi
642 1541 817 1574 novissime
843 1540 875 1573 in
901 1541 962 1573 hac
979 1541 1063 1573 alma
1083 1540 1167 1573 Urbe

428 1595 607 1636 celebrati,
644 1595 733 1638 ipsos
769 1594 961 1627 assistentes
985 1595 1166 1637 generales,

428 1649 514 1682 iuxta
548 1649 683 1681 sormam
720 1648 752 1681 in
790 1648 959 1692 praedicto
994 1648 1167 1681 Alexandri

428 1701 693 1746 praedecessoris
720 1702 850 1735 decreto
876 1702 1119 1745 praescriptam,
1135 1702 1167 1734 in

428 1761 621 1799 perpetuum
647 1754 788 1796 restitui,
817 1756 964 1798 adeoque
990 1755 1029 1788 ad
1055 1765 1168 1788 eorum

428 1809 623 1842 electionem
648 1808 681 1841 in
707 1809 822 1841 eodem
854 1809 996 1852 capitulo
1022 1809 1167 1852 generali

429 1862 574 1896 deveniri
600 1862 884 1903 demandavimus,
910 1868 942 1896 et
967 1863 1045 1896 alias
1071 1869 1170 1906 prout

428 1915 461 1948 in
488 1916 618 1949 decreto
644 1915 733 1948 iussu
765 1921 877 1949 nostro
912 1916 1053 1960 desuper
1082 1927 1169 1949 ema-

428 1974 503 2002 nalo
528 1969 661 2002 uberius
686 1969 883 2003 continetur.

234 2024 417 2073 Misfl·'¹}2s32³¹2<{
471 2024 485 2066 ᾗ
511 2023 542 2056 ⁶2.
570 2022 648 2056 Cum
674 2029 792 2062 autem,
814 2023 895 2056 sicut
921 2024 1057 2057 dilectus
1082 2023 1167 2058 silius

233 2081 344 2127 5:35213335
363 2082 622 2120 ³⁵⁵¹·pr0curator
643 2077 807 2120 generalis
833 2077 909 2111 dicti
927 2077 1056 2111 Ordinis
1072 2077 1167 2111 nobis

428 2140 532 2173 nuper
549 2130 665 2173 exponi
686 2131 767 2171 fecit,
787 2131 818 2163 in
838 2131 1061 2164 executionem
1080 2142 1169 2164 man-

429 2183 491 2215 dati
508 2184 610 2216 nostri
626 2184 812 2217 huiusmodi
832 2191 990 2228 perpetua
1009 2185 1168 2218 dictorum

429 2236 652 2269 assistentium
693 2238 895 2279 generalium
928 2238 1088 2272 restitutio
1115 2250 1168 2272 eo-

427 2299 564 2332 rumque
600 2290 755 2323 canonica
788 2291 818 2323 in
843 2291 985 2335 capitulo
1023 2292 1167 2335 generali

428 2342 597 2385 praedicto
631 2344 745 2377 electio
774 2350 903 2378 secutae
929 2346 1064 2379 suerint:
1091 2345 1168 2379 hinc

466 2452 473 2475 1
495 2445 523 2476 ln
539 2449 686 2477 iunocentii
698 2450 729 2477 xl
748 2454 834 2478 const.
848 2451 891 2478 ed.
905 2459 1059 2483 uiichxxtt,
1076 2453 1118 2480 die
1134 2453 1167 2480 12

427 2494 552 2527 ianuarii,
573 2495 667 2530 pontif.
689 2502 723 2530 vt,
741 2496 877 2530 prohibita
896 2496 944 2523 suit
964 2497 1058 2524 electio
1079 2498 1167 2525 socio-

427 2545 488 2566 rum
501 2548 548 2575 pro
560 2540 775 2575 Congregatione
790 2541 932 2567 Mantuana
943 2551 949 2574 ;
962 2545 988 2568 et
1002 2541 1028 2568 in
1040 2543 1167 2569 Clemen-

428 2584 463 2611 tis
483 2583 513 2610 Xl
534 2585 640 2612 constit.
662 2585 726 2612 edit.
747 2592 854 2620 MDccxt,
876 2585 919 2612 die
941 2588 972 2612 10
992 2588 1165 2621 novembris,

428 2629 528 2663 pontif.
549 2637 593 2662 xl,
615 2630 782 2657 reducuntur
809 2630 931 2665 graduati
953 2639 1001 2666 pro
1023 2632 1168 2667 provinciis

430 2673 530 2700 ltaliae.

1008 255 1189 280 BULLARIUM
1213 255 1371 282 ROMANUM

1209 311 1257 339 cst
1278 307 1365 349 quod
1381 317 1452 347 nos,
1471 306 1604 341 firmiori
1622 306 1878 351 praemissorum
1897 316 1950 339 ro-

1209 359 1280 392 bori
1308 364 1338 393 et
1364 361 1527 394 efficaciae
1552 361 1734 404 providere,
1761 361 1949 404 dictumque

1209 419 1461 456 pioeuratorem
1483 415 1669 457 generalem
1689 414 1885 458 specialibus
1906 414 1951 447 sa-

1210 466 1339 498 vocibus
1365 473 1396 500 et
1420 468 1530 509 gratiis
1554 468 1710 511 prosequi
1736 468 1893 508 volentes,
1919 473 1951 500 et

1211 530 1228 551 a
1254 520 1420 562 quibusvis
1446 521 1800 561 excommunicationis,
1820 531 1951 565 suspen-

1188 587 1189 593 *
1211 572 1312 604 sionis
1339 579 1370 605 ct
1394 573 1571 614 interdicti,
1598 574 1734 617 aliisque
1760 574 1952 607 ecclesiasti-

1211 624 1255 657 cis
1282 626 1459 666 sententiis,
1480 627 1629 660 censuris
1655 632 1687 660 et
1702 627 1830 670 poeuis,
1847 638 1864 661 a
1882 628 1951 661 iure

1210 679 1259 712 vcl
1294 679 1332 712 ab
1365 680 1520 722 bomine,
1555 681 1668 724 quavis
1704 681 1876 715 occasione
1899 683 1952 716 vel

1211 734 1304 765 causa
1329 733 1412 772 latis,
1439 733 1464 766 si
1493 733 1610 777 quibus
1636 734 1881 777 quomodolibet
1905 734 1953 768 in-

1210 786 1349 819 nodatus
1376 786 1490 828 existit,
1506 787 1543 820 ad
1563 786 1710 820 ellectum
1733 788 1953 831 praesentium

1211 841 1375 874 dumtaxat
1407 842 1692 885 consequendum,
1718 842 1834 875 barum
1867 842 1952 876 serie

1211 895 1418 928 absolventes
1437 901 1469 928 et
1486 896 1669 928 absolutum
1685 896 1753 929 sore
1771 901 1953 936 censentes,

1211 958 1247 980 ac
1272 953 1334 981 tam
1371 949 1556 992 primodieti
1590 960 1688 993 quam
1726 949 1952 983 seeundodicti

1212 1002 1416 1035 decretorum
1437 1008 1567 1036 tenores
1586 1007 1618 1035 et
1639 1002 1701 1035 alia
1719 1013 1953 1046 quaecumque,

1212 1055 1308 1087 etiam
1335 1054 1516 1098 specificam
1535 1060 1565 1088 et
1589 1055 1788 1088 individuam
1815 1056 1954 1089 mentio-

1212 1119 1286 1142 nem
1305 1114 1337 1142 et
1350 1109 1596 1153 expressionem
1623 1109 1838 1153 requirentia,
1861 1120 1954 1154 prae-

1212 1163 1360 1196 sentibus
1390 1174 1448 1206 pro
1480 1164 1577 1207 plene
1610 1168 1641 1196 et
1672 1162 1870 1197 sufficienter
1894 1174 1951 1197 ex-

1212 1216 1334 1260 pressis
1352 1222 1383 1249 et
1403 1217 1533 1250 insertis
1551 1217 1722 1257 habentes,
1742 1217 1955 1260 supplicatio—

1212 1270 1307 1303 nibus
1344 1270 1490 1303 eiusdem
1530 1270 1755 1314 procuratoris
1791 1270 1955 1313 generalis

1212 1324 1343 1357 nominc
1369 1323 1464 1357 nobis
1484 1324 1650 1357 humiliter
1675 1324 1835 1368 porrectis
1861 1324 1955 1358 incli-

1212 1378 1294 1418 nati,
1326 1383 1520 1422 perpetuam
1545 1378 1788 1422 praedictorum
1814 1383 1956 1421 quatuor

1212 1431 1432 1464 assistentium
1470 1432 1672 1475 generalium
1710 1432 1955 1466 restitutionem

1213 1495 1392 1529 eorumque
1418 1485 1615 1519 electionem
1642 1485 1674 1518 in
1704 1491 1884 1520 memorato
1905 1497 1956 1520 ca-

1212 1539 1315 1582 pitulo
1341 1539 1487 1582 generali
1513 1539 1600 1573 iussu
1627 1544 1740 1574 nostro
1767 1541 1888 1581 saetas,
1920 1545 1956 1573 ut

1212 1593 1408 1636 praefertur,
1427 1593 1615 1627 auctoritate
1633 1594 1824 1638 apostolica,
1840 1600 1953 1628 tenore

1213 1646 1443 1689 praesentium,
1470 1646 1696 1680 confirmamus
1729 1651 1761 1680 et
1793 1648 1955 1691 approba—

1212 1710 1290 1740 mus,
1310 1700 1438 1744 illisque
1463 1700 1661 1733 inviolabilis
1687 1700 1886 1744 apostolicae
1903 1700 1956 1733 fir-

1212 1754 1333 1786 mitatis
1366 1755 1467 1787 robur
1497 1753 1689 1795 adiicimus,
1715 1764 1750 1786 ac
1786 1764 1899 1787 omnes
1924 1759 1957 1787 et

1213 1807 1358 1851 singulos
1376 1808 1454 1840 iuris
1469 1813 1500 1841 et
1515 1807 1587 1840 sacti
1614 1808 1772 1849 desectus,
1786 1807 1812 1841 si
1831 1808 1885 1852 qui
1904 1807 1958 1841 de-

1213 1873 1311 1906 super
1333 1861 1580 1906 quomodolibet
1602 1861 1858 1903 intervenerint,
1882 1872 1957 1906 sup·

1212 1918 1349 1960 pleinus.
1369 1916 1600 1956 Decernentes,
1618 1916 1748 1949 easdem
1765 1921 1958 1960 praesentes

1212 1972 1338 2006 litteras
1364 1981 1495 2015 semper
1518 1969 1637 2011 sirmas,
1654 1970 1777 2003 validas
1802 1975 1834 2004 et
1854 1970 1958 2004 effica-

1212 2037 1266 2059 ces
1293 2025 1434 2058 existere
1461 2029 1492 2058 et
1513 2025 1594 2065 sore,
1621 2035 1764 2068 suosque
1788 2024 1956 2068 plenarios

1213 2085 1245 2113 et
1271 2080 1420 2121 integros
1445 2078 1579 2112 effectus
1604 2078 1714 2111 sortiri
1735 2083 1767 2111 et
1793 2078 1955 2120 obtinere,

1212 2144 1248 2167 ac
1271 2133 1346 2170 iltis,
1366 2133 1405 2165 ad
1428 2143 1507 2176 quos
1526 2136 1653 2175 spectat
1672 2137 1703 2164 et
1727 2142 1787 2175 pro
1805 2137 1955 2176 tempore

1213 2187 1483 2231 quandocumque
1501 2185 1671 2229 spectabit,
1693 2185 1725 2218 in
1751 2185 1901 2219 omnibus
1924 2192 1956 2219 et

1213 2250 1272 2284 per
1296 2239 1404 2273 omnia
1428 2238 1619 2283 plenissime
1648 2237 1834 2281 suffragari,
1860 2244 1891 2272 et
1916 2240 1954 2272 ab

1213 2294 1259 2327 eis
1285 2293 1463 2337 respective
1500 2291 1736 2325 inviolabiliter
1768 2291 1953 2333 observari,

1212 2347 1323 2390 sieque
1355 2346 1388 2378 in
1422 2345 1610 2390 praemissis
1645 2354 1703 2388 per
1730 2355 1954 2389 quoscumque

1212 2401 1338 2434 iudices
1362 2400 1547 2434 ordinarios
1580 2404 1612 2433 et
1636 2399 1824 2442 delegatos,
1857 2399 1956 2432 etiam

1211 2465 1383 2488 causarum
1418 2453 1530 2498 palatii
1566 2452 1739 2496 apostolici
1775 2452 1952 2494 auditores,

1211 2509 1350 2542 iudicari
1376 2514 1408 2541 et
1432 2507 1561 2541 definiri
1587 2507 1710 2540 debere
1726 2534 1734 2548 ,
1762 2517 1799 2540 ac
1822 2507 1955 2540 irritum

1211 2568 1244 2596 et
1268 2563 1376 2603 inane,
1395 2561 1421 2595 si
1437 2572 1534 2594 secus
1553 2571 1654 2604 super
1671 2560 1721 2593 his
1739 2571 1757 2593 a
1775 2571 1953 2605 quoquam,

1211 2615 1322 2659 quavis
1348 2614 1554 2656 auctoritate,
1574 2613 1717 2647 scienter
1732 2615 1784 2648 vel
1801 2613 1956 2659 ignoran-

1213 2674 1278 2710 ter,
1301 2668 1476 2712 eontigerit
1501 2668 1667 2703 attentari.

1957 258 2006 285 An.
2029 259 2141 289 &1698
