2254 3225
184 240 231 267 Αμ,
250 239 277 263 e.
300 239 364 263 icoo
412 229 474 262 ’ΜΟ

209 301 236 319 ιη·
248 301 319 326 >pulsis
332 306 362 319 tc-

182 327 310 351 lgmsmum.

212 1330 240 1350 D.-
256 1328 367 1355 prioribus,

185 1357 329 1381 snbprwiibus
347 1358 366 1375 et

200 1383 354 1403 tunt-immimi-

221 1910 249 1929 lm
272 1914 371 1934 prae—en-

255 1942 277 1954 t*
302 1938 367 1958 mm
382 1946 498 1967 ninetxx

191 1965 220 1980 xri
249 1964 328 1981 ιιμίιΙιῖι
352 1963 373 1980 (Ἰ,

196 1990 361 2034 1¹··)¹=·⁷¹¹³¹¹=¹‘¹v¹›¹·
382 1986 496 2016 dissimi
519 1986 649 2024 Orlandi,
668 1987 697 2016 in
714 1987 768 2017 hac
791 1987 939 2026 provincia
962 1987 1118 2017 admittun-

190 1938 237 1955 trevi,

412 296 439 316 v.
458 287 668 326 Religiosorum
691 297 725 317 ex
747 287 801 317 bac
823 287 882 318 vita
905 288 1106 319 decedentium

374 336 483 375 spolia,
517 345 621 376 nempe
654 340 748 366 vestes
780 345 813 365 ac
846 336 913 366 libri
937 341 964 366 et
992 341 1106 371 cetera,

374 393 496 423 quorum
519 394 616 423 usum,
640 385 709 414 dum
734 385 874 422 viverent,
907 395 921 415 a
944 385 1003 415 suis
1025 394 1108 424 prae-

374 432 439 462 latis
461 433 642 472 obtinebant,
673 433 708 463 ad
739 434 858 463 sormam
885 434 960 464 sacri
988 433 1107 464 Concilii

373 481 536 512 Tridentini
558 491 629 512 sess.
647 491 714 521 xxv,
739 492 801 522 cap.
819 492 838 512 11
861 484 904 512 Dc
924 481 1106 520 regularibus,

375 534 404 560 et
426 530 611 561 decretorum
644 535 762 561 sanctae
794 531 951 560 memoriae
978 530 1108 560 Clemen-

373 579 410 608 tis
427 579 489 609 VIII
511 579 546 610 de
567 580 774 610 reformatione
796 584 1020 618 nostrarumque
1040 588 1108 608 con-

373 628 573 667 stitutionum,
590 629 635 658 vel
652 638 703 668 pro
719 627 921 658 communibus
944 626 1108 666 provinciae

375 677 608 715 necessitatibus,
638 677 683 707 vel
705 677 739 707 ad
762 677 917 707 utilitatem
950 676 1012 705 eius
1043 685 1110 706 con-

374 729 490 763 ventus,
514 726 560 756 cui
583 726 736 756 defunctus
768 725 854 755 suerit
887 724 1033 762 affiliatus,
1061 733 1109 763 ap-

374 773 539 812 plicentur,
564 774 643 804 iuxta
672 779 839 804 nostrarum
869 773 1109 803 constitutionum

374 823 601 862 praescriptum.
622 823 819 854 Provinciales
833 831 900 852 vero
916 831 966 862 pro
982 826 1110 861 tempore

374 867 543 910 existentes,
571 881 771 911 quaecumque
793 871 906 901 ratione
929 870 1013 910 spolii
1036 870 1109 900 reci-

374 918 455 958 pient
471 924 556 959 atque
572 920 756 957 distribuent,
770 921 894 950 fideliter
910 929 941 949 ac
956 919 1111 958 diligenter

376 968 510 999 adnotari
533 973 636 999 curent
658 970 687 999 in
710 969 784 999 libro
802 970 837 999 ad
854 970 930 999 bunc
946 969 1032 998 tinem
1047 977 1112 1006 spe-

375 1016 489 1047 cialiter
511 1017 674 1056 designato,
698 1027 731 1047 ac
749 1018 783 1046 de
799 1017 933 1047 omnibus
954 1017 1014 1046 sive
1036 1016 1111 1045 datis

375 1064 435 1093 sive
458 1065 585 1104 acceptis
608 1066 750 1095 rationem
773 1066 895 1096 reddant
923 1065 983 1095 suis
1010 1065 1112 1094 defini-

376 1112 490 1143 toribus
512 1114 542 1143 in
565 1113 641 1143 libro
664 1114 792 1153 praefato
821 1114 956 1144 distincte
984 1114 1112 1143 reseren-

375 1162 451 1196 dam,
477 1172 509 1191 ac
533 1162 567 1191 ab
590 1172 690 1193 eorum
713 1163 874 1202 respective
897 1162 1112 1192 successoribus

376 1211 653 1249 reeognoscendam,
678 1215 716 1247 ,et
749 1211 866 1250 propria
899 1211 1112 1250 subscriptione

378 1259 561 1289 firmandam.

417 1316 454 1337 vr.
480 1308 582 1338 Nullus
603 1308 634 1338 in
657 1312 804 1347 posterum
828 1309 863 1339 ad
884 1309 1031 1348 prioratus
1064 1313 1113 1338 aut

378 1356 580 1396 subprioratus
602 1358 730 1387 officium
759 1358 944 1396 promoveri,
969 1358 1013 1387 vel
1045 1367 1114 1387 con-

378 1405 509 1435 cionator
531 1410 611 1435 extra
634 1410 714 1445 septa
737 1406 905 1436 monasterii
930 1415 980 1445 per
1001 1406 1113 1436 litteras

379 1458 510 1492 patentes
532 1454 669 1484 constitui
692 1455 795 1491 valeat,
828 1455 877 1494 qui
900 1454 934 1484 ad
956 1455 1113 1484 audiendas

378 1503 571 1533 saecularium
601 1504 797 1533 consessiones
819 1513 876 1533 non
898 1504 985 1533 suerit
1006 1504 1041 1533 ab
1063 1504 1114 1534 Or·

378 1552 493 1581 dinario
515 1552 571 1581 loci
593 1552 782 1591 approbatus
805 1552 885 1587 Quod
915 1552 938 1582 si
968 1562 1002 1582 ex
1031 1562 1115 1592 prae-

379 1601 527 1630 sentaneis
550 1600 697 1639 prioribus
720 1601 763 1630 vel
786 1601 988 1640 subprioribus
1009 1602 1114 1641 aliquis

379 1648 416 1678 sit
438 1658 495 1678 non
518 1648 706 1687 approbatus,
724 1649 854 1679 eamdem
877 1649 1113 1689 approbationem

379 1697 467 1727 unius
489 1697 597 1727 mensis
620 1697 745 1727 termino
768 1699 906 1737 consequi
924 1698 1037 1733 debeat,
1062 1698 1114 1728 sub

380 1748 474 1785 poenit
496 1746 665 1785 privationis
680 1746 842 1776 officiorum
857 1747 1028 1785 respective,
1045 1757 1114 1786 qua-

381 1799 464 1824 tenus
481 1804 531 1834 per
549 1795 645 1834 ipsum
665 1795 779 1825 steterit
795 1795 950 1834 quominus
970 1805 1032 1824 eam
1049 1805 1116 1825 con·
1135 1806 1136 1813 ¹

381 1848 529 1882 sequatur.

520 1938 603 1976 citra,
631 1938 711 1968 iuxta
739 1938 957 1978 dispositionem
983 1949 1117 1969 reveren-

382 2040 428 2065 tur
450 2045 515 2065 cum
538 2045 606 2066 voce
628 2040 657 2066 et
678 2035 741 2065 loeo
757 2035 786 2065 in
803 2036 938 2075 capitulis
957 2037 1118 2075 provincia-

382 2083 475 2121 libus,
499 2084 597 2114 sicut¹
620 2084 650 2113 in
684 2087 831 2123 posterum
855 2085 889 2114 de
910 2085 1023 2114 iustitia
1051 2094 1116 2115 cum

383 2133 518 2162 omnibus
540 2133 654 2171 gratiis,
679 2134 916 2172 praeeminentiis
947 2138 975 2164 et
1003 2143 1118 2173 praero-

382 2183 496 2219 gativis,
521 2183 592 2211 ali‘as
624 2182 788 2220 regularem
820 2183 1033 2213 observantiam
1060 2193 1117 2214 non

382 2231 574 2265 laedentibus,
598 2231 704 2270 quibus
727 2232 796 2261 dicti
820 2233 994 2270 praesentati
1017 2233 1052 2262 de
1074 2233 1118 2263 iu-

382 2279 462 2308 stitia
483 2279 513 2308 in
529 2278 637 2308 Ordine
658 2283 757 2309 nostro
778 2289 811 2308 ac
834 2281 989 2319 praecipue
1011 2281 1041 2310 in
1065 2282 1118 2311 hae

383 2328 534 2366 provincia
552 2328 691 2357 fruuntur
713 2333 740 2357 et
762 2329 899 2366 gaudent.
924 2329 995 2358 Item
1017 2330 1048 2364 ii,
1068 2330 1117 2369 qui

383 2376 522 2405 lecturam
555 2376 590 2405 de
623 2376 805 2414 oppositione
835 2381 983 2415 tenentes,
1008 2381 1116 2407 textum

382 2435 470 2464 super
501 2430 624 2464 quatuor
656 2426 805 2463 evangelia
837 2431 914 2456 sorte
945 2427 1018 2465 ipsis
1050 2437 1118 2456 con-

384 2474 543 2511 tingentem
576 2474 700 2503 termino
722 2474 950 2513 vigintiquatuor
980 2475 1117 2505 horarum

383 2522 616 2561 explicaverint,
639 2532 672 2552 ac
704 2523 865 2552 secundum
897 2532 998 2553 sensus
1020 2534 1118 2554 sacrae

383 2571 549 2610 Scripturae
571 2571 770 2611 exposuerint,
788 2576 815 2601 et
834 2572 951 2611 praevia,
972 2573 1117 2602 examina-

421 2626 432 2650 1
456 2624 567 2652 Videtur
586 2624 730 2660 legendum
749 2625 808 2654 sint
827 2634 875 2660 pro
895 2626 967 2654 sicut
986 2630 1023 2661 tn.
1041 2627 1089 2660 T.>.

953 237 1131 265 nULLAniUM
1155 235 1172 262 R
1179 237 1309 262 OMANUM

1150 290 1245 317 torum
1273 284 1482 326 approbatione
1514 288 1644 325 patentes
1671 284 1884 315 concionatoris

1149 335 1263 365 litteras
1285 333 1474 372 obtinuerint,
1492 342 1525 364 ac
1547 333 1689 364 eiusmodi
1711 342 1817 363 munus
1832 341 1884 373 per

1149 383 1301 414 duodecim
1325 392 1416 413 annos
1438 383 1623 414 laudabiliter
1646 383 1830 414 exercuerint
1852 382 1882 413 in

1150 432 1280 461 ecelesiis
1303 431 1429 469 lllourae,
1452 431 1591 470 Setuball,
1613 431 1726 462 Eborae
1752 435 1781 462 et
1802 431 1884 470 Ulys-

1149 480 1318 520 siponensi,
1353 485 1380 510 et
1402 481 1432 510 in
1455 480 1606 520 qualibet²
1627 490 1660 511 ex
1694 481 1738 510 bis
1771 479 1883 510 duabus

1150 533 1296 568 postremo
1319 530 1381 559 loco
1403 530 1561 559 nominatis
1577 538 1630 568 per
1645 529 1806 559 triennium
1828 528 1885 558 sal-

1150 581 1207 607 tem
1229 577 1259 607 in
1281 577 1463 617 supradictos
1496 577 1648 607 duodecim
1670 586 1761 607 annos
1783 576 1885 615 utique

1150 626 1386 665 computandum,
1403 630 1431 655 et
1453 626 1600 664 praedicta
1623 625 1720 655 omnia
1743 624 1884 664 requisita

1150 674 1329 704 sufficienter
1362 674 1597 711 iustisseaverint,
1630 673 1654 703 si
1686 682 1701 703 a
1735 672 1884 712 provincia

1151 722 1422 762 expostulalmnmr,
1452 722 1528 752 inter
1557 725 1757 761 praesentatos
1785 721 1820 751 de
1840 720 1885 750 iu-

1151 771 1231 801 stitia
1259 770 1463 801 adscribantur
1484 779 1550 801 cum
1574 770 1709 800 omnibus
1732 778 1886 809 praeroga-

1152 819 1228 856 tivis,
1251 819 1285 849 de
1309 819 1414 858 quibus
1436 828 1534 858 supra.
1552 818 1650 854 Quoad
1665 817 1885 848 concionatores

1153 872 1247 898 tamen
1272 872 1337 898 actu
1360 868 1517 898 existentes
1545 871 1573 897 et
1598 871 1691 898 aetate
1720 870 1884 906 proveetOS,

1153 916 1242 956 possit
1273 916 1460 956 provincialis
1482 917 1541 946 unit
1562 925 1627 946 cum
1650 915 1711 946 suis
1740 915 1887 945 examina-

1153 965 1263 996 toribus
1285 965 1455 995 abbreviare
1477 965 1655 1004 praedictum
1683 968 1797 1004 tempus
1818 964 1888 994 duo-

1153 1014 1245 1044 decim
1274 1023 1417 1044 annerum
1439 1014 1618 1053 (dummodo
1640 1022 1698 1044 non
1720 1013 1796 1043 intra
1818 1021 1889 1052 qua-

1153 1063 1318 1093 driennium
1332 1063 1356 1101 ),
1374 1071 1481 1102 eosque
1508 1062 1543 1092 ad
1569 1062 1691 1100 gradum
1710 1061 1889 1101 praesentati

1153 1112 1188 1142 de
1209 1112 1324 1142 iustitia
1355 1120 1536 1151 promovere,
1561 1111 1610 1150 qui
1643 1114 1708 1150 post
1739 1109 1888 1140 obtentam

1153 1161 1295 1191 lecturam
1317 1160 1351 1190 de
1373 1160 1567 1199 oppositione,
1588 1159 1667 1189 iuxta
1691 1159 1825 1198 superius
1846 1158 1889 1188 di-

1154 1214 1210 1246 cta,
1233 1209 1341 1239 suerint
1363 1209 1398 1238 ad
1420 1208 1634 1238 concionatoris
1654 1217 1761 1237 munus
1781 1207 1889 1237 iterum

1154 1258 1318 1298 approbati,
1342 1257 1473 1296 illudque
1491 1256 1676 1286 laudabiliter
1704 1256 1890 1287 exercuerint

1154 1307 1256 1337 saltem
1290 1315 1340 1346 per
1372 1305 1614 1345 quadriennium,
1648 1304 1748 1334 hahita,
1778 1304 1890 1335 ratione

1154 1356 1269 1394 aetatis,
1284 1355 1446 1385 studiorum
1470 1358 1499 1384 et
1524 1357 1722 1384 anteactorum
1744 1353 1888 1392 laborum,

1156 1409 1240 1444 prout
1261 1405 1291 1434 in
1313 1405 1434 1434 Domino
1456 1403 1638 1433 iudicaverit.

1194 1463 1252 1484 vm.
1274 1454 1317 1483 Ad
1339 1457 1506 1482 nostrarum
1530 1452 1702 1482 monialium
1734 1451 1892 1481 consessio-

1155 1511 1206 1532 nes
1229 1501 1388 1531 audiendas
1410 1510 1467 1530 non
1484 1500 1662 1540 deputentur
1683 1499 1740 1529 nisi
1762 1498 1890 1537 religiosi

1156 1555 1248 1580 aetate
1270 1549 1410 1589 provecti,
1434 1558 1577 1579 annorum
1593 1549 1628 1578 ad
1642 1548 1739 1578 minus
1767 1548 1890 1587 quadra-

1155 1600 1246 1637 ginta,
1269 1598 1353 1628 bonis
1376 1598 1516 1634 moribus,
1540 1607 1573 1627 ac
1594 1596 1769 1636 exemplaris
1791 1596 1889 1626 lauda-

1156 1648 1281 1686 bilisque
1314 1648 1405 1677 famae
1437 1646 1602 1676 testimonio
1634 1645 1839 1681 commendati,
1862 1649 1892 1674 et

1156 1696 1347 1727 concionandi
1365 1696 1485 1735 pariter,
1502 1699 1534 1724 ut
1556 1695 1621 1724 illas
1642 1695 1803 1733 opportuna
1826 1703 1890 1731 gra-

1156 1746 1289 1784 tuitaque
1322 1744 1404 1774 verbi
1426 1744 1475 1773 Dei
1510 1743 1736 1782 praedicatione,
1768 1742 1892 1781 aliisque

1157 1793 1358 1833 spiritualibus
1382 1792 1529 1822 exercitiis
1552 1791 1587 1821 ad
1603 1792 1739 1830 pietatem
1762 1791 1890 1829 erudire,

1134 1846 1136 1857 ²
1157 1853 1190 1872 ac
1211 1842 1241 1872 in
1264 1842 1310 1871 via
1326 1841 1511 1880 perfectionis
1527 1839 1655 1877 dirigere
1670 1839 1793 1869 valeant.
1810 1839 1893 1869 Mane

422 1898 469 1919 vn.
494 1890 674 1920 Praesentati
706 1890 741 1920 de
773 1890 877 1928 gratia,
910 1891 959 1929 qui
981 1890 1016 1920 ab
1040 1900 1136 1921 anno

1158 1896 1185 1921 et
1209 1899 1329 1929 vespere
1351 1890 1380 1919 in
1404 1889 1528 1919 ecclesia
1543 1888 1691 1923 exteriori,
1711 1892 1821 1917 etcum
1837 1887 1894 1916 eis-

1157 1939 1274 1968 demin
1297 1938 1421 1968 ecclesia
1453 1936 1587 1966 interiori
1618 1935 1802 1974 congregatis
1831 1943 1894 1965 ora-

1158 1989 1266 2018 tionem
1290 1986 1445 2016 mentalem
1470 1984 1738 2025 indispensabiliter
1758 1983 1894 2023 frequen-

1159 2041 1236 2066 tent:
1254 2040 1367 2075 praeter
1379 2034 1441 2064 dies
1456 2044 1470 2064 a
1487 2032 1743 2064 constitutionibus
1757 2041 1894 2072 expresse

1159 2086 1334 2123 designatos,
1359 2083 1490 2123 quolibet
1511 2083 1598 2112 etiam
1620 2082 1667 2112 die
1689 2082 1846 2117 dominico,
1865 2085 1894 2111 et

1159 2134 1402 2174 quandocumque
1418 2141 1492 2171 opus
1508 2131 1606 2169 fuerit,
1625 2131 1808 2160 sanctissima
1825 2130 1894 2159 Poe-

1159 2183 1298 2214 nitentiae
1320 2186 1348 2212 et
1370 2181 1570 2211 Eucharistiae
1592 2183 1773 2210 sacramenta
1794 2183 1894 2218 peten-

1160 2233 1236 2263 tibus
1257 2231 1481 2261 administrent:
1508 2229 1640 2267 regulam
1662 2232 1690 2257 et
1711 2228 1895 2257 constitutio-

1160 2291 1211 2312 nes
1229 2280 1360 2319 apprime
1382 2279 1516 2316 calleant,
1533 2286 1692 2316 earumque
1714 2279 1892 2305 menstruam

1159 2331 1189 2360 in
1213 2329 1329 2368 publica
1351 2328 1451 2357 mensa
1472 2326 1637 2363 lectionem,
1654 2329 1692 2361 et,
1708 2324 1784 2363 quod
1806 2328 1893 2362 caput

1160 2383 1214 2416 est,
1232 2381 1362 2407 exactam
1379 2376 1408 2405 in
1424 2375 1559 2405 omnibus
1580 2373 1794 2403 observantiam
1816 2382 1893 2402 sum-

1160 2436 1206 2456 mo
1229 2426 1325 2456 studio
1349 2427 1515 2464 procurent.
1539 2422 1735 2452 Provinciales
1761 2431 1830 2451 vero
1862 2422 1890 2450 in

1160 2476 1372 2513 cuiuscumque
1404 2472 1571 2503 monasterii
1605 2471 1772 2501 visitatione
1804 2480 1893 2510 super

1161 2524 1329 2564 praemissis
1359 2523 1514 2560 diligenter
1547 2521 1720 2560 inquirant,
1756 2520 1892 2559 ipsasque

1161 2572 1301 2603 moniales
1324 2571 1352 2601 in
1375 2570 1516 2600 scrutinio
1538 2569 1726 2600 examinent:
1760 2568 1784 2598 si
1805 2577 1892 2607 quem

1198 2626 1207 2651 1
1231 2624 1300 2651 Edit.
1322 2623 1402 2651 Main.
1425 2623 1490 2658 legit
1510 2621 1635 2657 quolibet
1650 2622 1686 2657 (a.
1701 2621 1751 2656 τ.).

1894 235 1943 262 An.
1963 234 1992 262 C.
2009 232 2076 262 ¹596

1928 1456 1958 1477 Da
1980 1456 2084 1477 contessa-

1902 1484 1939 1505 riis
1954 1483 2083 1504 monialium.
