2227 3225
164 242 215 269 An.
232 241 263 268 C.
285 241 353 268 mot

932 234 1144 260 thncer‘rttts
1170 233 1214 257 ΚΠ
1238 233 1287 256 FP.

357 290 483 323 litterae
515 288 641 331 aliaque
667 291 778 320 contra
809 289 953 319 tenorem
985 284 1093 316 liuius-

357 342 445 375 modi
481 345 633 374 attentata
669 339 788 383 ubique
825 343 889 371 tam
915 337 946 370 in
972 336 1092 369 iudicio

357 405 454 438 quam
472 400 562 427 extra
579 393 675 426 fidem
697 392 821 432 saciant,
843 402 881 424 eo
900 391 972 434 ipso
990 389 1094 422 incur-

357 450 437 481 risse
463 453 496 481 et
519 448 685 480 incurrere
712 446 925 485 declaramus,
956 453 1094 488 poenas-

359 511 422 544 que
450 500 647 539 huiusmodi,
667 511 683 532 a
708 499 802 532 nobis
829 504 951 531 tantum
976 502 1008 529 et
1034 496 1094 528 Ro-

357 554 460 586 manis
492 552 704 586 Pontificibus
729 551 953 588 remittendas,
980 554 1095 582 contra

360 616 415 639 eos
433 605 702 638 irremissibiliter
715 603 891 646 infligimus
910 607 941 635 et
958 601 1095 645 promul-

360 670 484 701 gamus.
526 658 712 690 Mandantes
748 657 779 689 in
811 656 927 689 virtute
965 659 1095 687 sanctae

360 712 565 744 obedientiae
589 709 748 743 universis
775 715 806 743 et
829 709 966 752 singulis
991 707 1096 740 archi-

360 765 533 808 episcopis,
559 763 722 806 episcopis
747 768 779 796 et
795 762 865 796 aliis
885 761 1096 795 ecclesiarum

360 817 526 860 praelatis,
546 827 616 857 sen,
634 822 669 849 ut
686 815 880 859 praefertur,
900 815 931 847 in
950 813 1098 846 ecclesia-

361 871 441 903 stica
466 870 622 912 dignitate
654 869 847 908 constitutis,
873 874 905 901 et
928 867 1000 900 aliis
1025 876 1098 909 per-

349 925 450 962 sonis
478 923 720 963 ecclesiasticis,
740 928 775 955 ut
795 933 854 965 pro
874 919 998 954 dictae⁴
1016 919 1099 953 Con-

362 977 562 1020 gregationis
582 976 690 1020 quiete
705 976 792 1009 illius
809 975 982 1018 religiosos
1003 983 1099 1017 quos-

363 1041 499 1074 cumque
525 1031 562 1063 ad
589 1040 643 1062 eos
668 1030 776 1062 forsan
797 1034 1001 1061 recurrentes
1027 1037 1100 1060 con-

363 1090 410 1116 tra
437 1083 612 1126 praemissa
637 1083 866 1125 delinquentes
903 1092 1016 1114 eorum
1050 1091 1100 1113 su-

363 1137 547 1180 perioribus
582 1135 766 1178 puniendos
804 1135 1001 1178 relinquant,
1042 1143 1101 1167 nec

364 1189 428 1222 illis
446 1189 553 1231 aliquo
568 1188 664 1221 modo
679 1193 793 1221 contra
807 1187 993 1220 earumdem
1012 1197 1103 1229 prae-

363 1242 504 1275 sentium
523 1247 668 1274 tenorem
686 1241 822 1280 faveant,
839 1246 893 1273 aut
911 1240 1102 1283 delinquen-

364 1295 394 1328 di
421 1295 625 1328 occasionem
643 1294 839 1337 praebeant;
862 1303 958 1335 reges
983 1298 1100 1331 autem,

366 1349 464 1381 duces
491 1353 522 1380 et
546 1347 711 1390 principes
746 1347 941 1389 temporales
967 1351 1102 1388 paterne

364 1401 397 1433 in
422 1401 559 1434 Domino
585 1400 767 1439 hortantes,
786 1404 830 1439 ut,
850 1399 902 1441 qui
918 1399 1101 1431 libertatem

365 1453 613 1487 ecclesiasticam
639 1458 671 1485 et
697 1452 925 1494 religiosorum
958 1451 1102 1494 quietem

365 1512 526 1549 tamquam
544 1505 695 1538 catholici
712 1505 875 1548 principes
893 1504 975 1537 tueri
991 1509 1104 1536 tenen-

365 1566 424 1599 tur,
440 1558 536 1591 huius
561 1557 828 1600 Congregationis
850 1567 1046 1600 prosperum
1072 1561 1104 1589 et

364 1611 534 1656 pacificum
554 1616 681 1650 statum,
704 1610 756 1654 qui
783 1621 819 1643 ex
845 1609 1103 1653 praemissorum

365 1665 536 1698 occasione
571 1663 708 1696 maxime
744 1663 882 1706 pendet,
916 1662 1102 1696 conservari

366 1723 481 1751 curent
502 1722 534 1750 et
558 1717 717 1750 studeant.
735 1716 954 1749 Decerncntes
973 1715 1105 1757 insuper

366 1775 557 1814 praesentes
584 1769 708 1802 litteras
743 1769 833 1801 nullo
858 1779 998 1811 unquam
1024 1773 1105 1800 tem-

368 1833 448 1866 pore
484 1822 523 1855 de
561 1821 781 1864 subreptionis
818 1822 866 1853 vel
900 1820 1104 1863 obreptionis

367 1875 445 1907 vitio
471 1880 523 1907 aut
554 1873 744 1906 intentionis
777 1879 908 1905 nostrae
941 1874 991 1905 vel
1028 1884 1104 1915 quo-

370 1937 507 1970 cumque
532 1927 595 1959 alio
622 1926 749 1958 defectu
776 1925 894 1965 notari,
922 1925 1104 1968 impugnari

370 1981 421 2013 vel
439 1979 591 2022 redargui
610 1989 718 2022 posse,
737 1989 844 2021 neque
865 1978 923 2010 sub
942 1978 1106 2020 quibusvis

370 2034 522 2068 similium
546 2034 596 2066 vel
622 2033 828 2065 dissimilium
854 2033 1033 2065 litterarum
1058 2043 1107 2064 re-

368 2086 592 2120 vocationibus
613 2112 620 2125 ,
658 2085 948 2128 suspensionibus,
989 2084 1107 2117 limita—

371 2140 513 2173 tionibus
543 2143 597 2171 aut
636 2138 807 2171 contrariis
840 2137 1106 2180 dispositionibus

371 2191 621 2235 comprehendi,
648 2191 703 2224 sed
728 2201 856 2234 seraper
888 2195 920 2223 et
949 2195 1107 2233 perpetuo

372 2245 494 2279 validas
531 2249 563 2277 et
597 2244 743 2277 efficaces
779 2243 927 2281 existere,
967 2253 1107 2285 suosque

371 2300 488 2342 plenos
513 2303 543 2331 et
560 2297 704 2339 integros
722 2295 852 2329 effectus
870 2296 981 2329 sortiri
1001 2301 1032 2329 et
1057 2296 1109 2328 ob-

373 2352 489 2391 tinere,
520 2351 631 2394 sicque
656 2360 716 2393 per
740 2360 962 2393 quoscumque
984 2348 1107 2381 iudices

374 2403 554 2436 ordinarios
594 2408 627 2435 et
662 2403 834 2444 delegatos,
868 2408 900 2434 et
934 2411 1106 2434 causarum

373 2456 482 2500 palatii
503 2455 674 2498 apostolici
700 2456 876 2493 auditores,
902 2465 939 2486 ac
963 2454 994 2486 S.
1014 2453 1051 2485 It.
1071 2453 1106 2487 E.

375 2509 566 2550 cardinales,
601 2519 637 2542 ac
671 2508 751 2542 alios
786 2509 824 2541 ad
862 2517 942 2551 quos
973 2512 1106 2549 spot-tat,

411 2583 420 2606 1
445 2580 515 2606 Edit.
536 2579 614 2606 Main.
637 2579 700 2615 legit
718 2579 886 2614 praeda-tae
911 2578 964 2604 »ite
989 2586 1041 2611 pro
1062 2577 1106 2603 ‹li-

391 2629 433 2652 eae
453 2631 490 2659 (a.
513 2625 561 2658 r).

1762 219 1818 252 Gt!

1135 282 1260 314 sublata
1285 280 1331 313 eis
1366 284 1398 312 et
1434 289 1547 312 eorum
1584 278 1719 311 cuilibet
1754 277 1865 319 quavis

1134 334 1228 367 aliter
1252 331 1416 366 iudicandi
1444 337 1476 364 et
1499 330 1735 374 interpretandi
1762 330 1864 361 sacul-

1136 392 1198 420 tate
1227 391 1258 420 et
1283 385 1482 425 auctoritate,
1508 383 1644 417 iudicari
1678 388 1710 416 et
1742 381 1868 414 definiri

1135 441 1275 480 debere,
1302 450 1337 472 ac
1362 439 1489 472 irritum
1525 443 1556 471 et
1592 438 1687 470 inane
1717 435 1869 478 quicquid

1136 504 1231 526 secus
1256 503 1355 536 super
1381 492 1431 525 his
1449 502 1465 524 a
1484 501 1658 534 quoquam,
1680 488 1790 531 quavis
1816 498 1871 519 au-

1136 547 1295 585 ctoritate,
1320 545 1459 578 scienter
1484 545 1533 576 vel
1570 544 1768 585 ignoranter,
1794 550 1872 572 con-

1137 599 1247 641 tigerit
1271 597 1431 631 attentari.
1459 596 1613 634 Quocirca
1650 595 1769 627 dilecto
1804 592 1872 624 silio

1138 651 1246 684 abbati
1278 657 1309 684 et
1332 649 1538 683 reformatori
1566 647 1710 690 generali
1736 645 1875 687 Congre-

1139 704 1278 747 gationis
1296 704 1479 748 praedictae
1499 712 1584 734 nunc
1602 707 1633 734 et
1649 711 1709 744 pro
1726 705 1874 742 tempore

1140 757 1289 790 existenti
1307 767 1367 800 per
1384 760 1573 799 praesentes
1599 752 1827 786 committimus
1845 757 1876 784 et

1140 809 1340 849 mandamus,
1365 813 1523 852 quatenus
1554 806 1735 850 praeniissa
1767 804 1876 838 omnia

1141 863 1246 895 statim
1283 868 1354 906 post
1390 860 1610 904 praesentium
1636 858 1877 901 susceptionem

1141 916 1173 949 in
1194 915 1454 958 Congregatione
1480 913 1644 957 praedicta
1666 918 1697 945 et
1723 913 1751 944 in
1773 911 1876 944 omni-

1142 971 1200 1002 bus
1236 970 1304 1002 eius
1338 968 1508 1010 utriusque
1544 977 1638 999 sexus
1674 964 1878 998 monasteriis

1142 1021 1313 1065 publicari,
1330 1031 1431 1063 eaque
1450 1020 1558 1053 omnia
1578 1025 1640 1051 tam
1656 1029 1714 1062 per
1732 1029 1766 1050 se
1785 1028 1878 1060 quam

1143 1086 1200 1118 per
1244 1074 1427 1106 visitatores
1475 1072 1658 1105 ordinarios
1699 1080 1879 1113 omnesque

1144 1128 1225 1161 alios
1250 1127 1423 1159 inferiores
1447 1125 1592 1158 ciusdem
1610 1123 1881 1167 Congregatiouis

1145 1181 1308 1224 praelatos
1334 1180 1373 1212 ab
1399 1178 1549 1211 omnibus
1581 1177 1752 1220 utriusque
1785 1186 1880 1208 sexus

1145 1235 1291 1268 eiusdem
1308 1231 1577 1274 Congregatienis
1594 1231 1799 1273 regularibus
1813 1240 1882 1272 per-

1145 1287 1231 1320 sonis
1249 1285 1481 1318 inviolabiliter
1499 1284 1663 1317 observari
1682 1284 1784 1322 saciat,
1806 1293 1883 1314 con-

1147 1341 1338 1373 tradictores
1372 1344 1402 1371 et
1438 1338 1664 1370 inobedientes
1690 1335 1884 1379 supradictis

1146 1398 1178 1425 et
1202 1392 1271 1425 aliis
1296 1391 1412 1435 poenis
1446 1390 1534 1422 iuxta
1567 1390 1709 1422 eiusdem
1743 1389 1885 1431 Congre-

1146 1445 1287 1489 gationis
1312 1443 1474 1486 regularia
1499 1448 1630 1482 statuta,
1661 1442 1799 1484 aliisque
1826 1452 1884 1484 op-

1146 1498 1296 1542 portunis
1321 1496 1400 1529 iuris
1425 1501 1455 1529 et
1482 1496 1554 1528 sacti
1581 1495 1743 1533 remediis,
1775 1495 1886 1537 appel-

1146 1552 1266 1585 latione
1283 1551 1415 1584 omnino
1434 1549 1627 1592 postposita,
1637 1549 1884 1590 compescendo.

1145 1606 1215 1639 Non
1248 1604 1455 1638 obstantibus
1488 1602 1655 1645 quibusvis
1687 1601 1884 1644 apostolicis,

1146 1671 1182 1692 ac
1214 1659 1245 1691 in
1282 1657 1527 1695 universalibus,
1562 1654 1814 1698 provincialibus
1851 1665 1886 1686 ac

1147 1711 1357 1755 synodalibus
1383 1708 1529 1742 conciliis
1555 1708 1660 1747 editis,
1675 1707 1886 1749 generalibus

1147 1766 1195 1798 vel
1220 1761 1728 1807 specialibus,constitutionibus
1754 1766 1785 1793 et
1802 1760 1887 1792 ordi-

1147 1813 1346 1855 nationibus,
1373 1826 1409 1848 ac
1435 1815 1692 1858 spiibuscumque
1711 1813 1837 1846 statutis
1857 1818 1888 1844 et

1147 1870 1445 1909 consuetudinibus,
1472 1869 1567 1901 etiam
1590 1868 1784 1907 iuramento,
1813 1877 1888 1898 con-

1148 1923 1329 1956 firmatione
1348 1922 1537 1965 apostolica,
1551 1922 1600 1953 vel
1615 1920 1724 1964 quavis
1738 1919 1887 1951 firmitate

1148 1977 1209 2009 alia
1244 1975 1424 2014 roboratis,
1456 1973 1635 2016 privilegiis
1665 1982 1805 2015 quoque,
1840 1971 1888 2003 in-

1149 2029 1246 2062 dultis
1272 2034 1304 2061 et
1328 2027 1445 2060 litteris
1478 2026 1666 2069 apostolicis
1702 2025 1733 2056 in
1760 2030 1888 2057 contra-

1151 2082 1231 2114 rium
1259 2081 1514 2124 praemissorum
1546 2078 1792 2122 quomodolibet
1813 2088 1889 2110 con-

1149 2135 1263 2174 cessis,
1290 2134 1486 2167 eoutirmatis
1513 2138 1544 2165 et
1569 2133 1749 2171 innovatis;
1770 2131 1886 2174 quibus

1150 2189 1301 2221 omnibus
1336 2193 1365 2219 et
1391 2186 1545 2229 singulis,
1583 2185 1705 2218 etiamsi
1731 2196 1792 2228 pro
1818 2185 1888 2217 illo-

1150 2252 1220 2274 rum
1246 2239 1416 2273 sufficienti
1442 2238 1652 2280 derogatione
1679 2238 1718 2270 de
1740 2237 1804 2270 illis
1832 2247 1886 2269 co-

1150 2304 1286 2337 rumque
1314 2292 1388 2326 totis
1409 2292 1577 2324 tenoribus
1604 2290 1765 2334 specialis,
1784 2290 1887 2333 speci-

1151 2348 1208 2380 tica
1234 2352 1266 2379 et
1290 2346 1328 2378 ad
1353 2346 1486 2378 verbum
1513 2354 1662 2387 expressa
1688 2343 1807 2376 mentio
1833 2343 1886 2375 ha-

1150 2401 1256 2433 benda
1273 2404 1366 2439 esset,
1383 2404 1513 2431 tenores
1530 2397 1728 2436 huiusmodi,
1750 2408 1785 2429 ac
1803 2396 1827 2429 si
1846 2397 1884 2429 ad

1151 2454 1280 2486 verbum
1310 2451 1542 2491 insererentur,
1568 2449 1794 2494 praesentibus
1826 2460 1885 2492 pro

1151 2506 1311 2549 expressis
1340 2506 1514 2543 habentes,
1536 2505 1595 2536 hac
1620 2503 1686 2536 rice
1713 2504 1885 2540 dumtaxat,

1152 2559 1337 2602 specialiter
1369 2564 1400 2590 ct
1433 2568 1584 2601 expresse
1611 2557 1816 2599 derogamus,
1839 2565 1887 2587 ce-

1153 2613 1291 2656 terisque
1321 2611 1493 2644 contrariis
1512 2611 1778 2654 spiibuscuuique.
1798 2608 1888 2640 Volu-

1871 228 1921 253 Λη.
1939 226 1966 254 (ἶ,
1991 227 2056 253 tent
