2227 3225
100 249 150 276 An.
167 247 197 276 C,
220 247 286 274 1697

108 895 221 921 nerogauo
231 902 280 917 cun-

94 925 216 945 [rat-torum.

129 1589 193 1610 Fides
217 1591 276 1612 tran-

89 1620 230 1643 sumptorum.

113 2547 202 2569 Sanctio
219 2553 273 2575 poe-

86 2576 150 2597 ualts.

877 246 1087 270 INNOCENTIUS

295 295 404 340 quavis
424 295 626 335 auctoritate,
651 295 911 338 praeeminentia
933 300 963 328 et
984 306 1036 338 po-

295 354 411 383 testate
448 349 618 391 sungcntes
654 354 685 381 et
722 348 900 388 suncturos,
936 349 1034 381 etiam

293 413 460 436 cansarum
500 402 613 445 palatii
649 402 822 445 apostolici
859 402 1033 443 auditores,

292 466 328 489 ac
360 456 505 489 eiusdem
537 455 568 489 S.
592 455 629 488 R.
653 456 687 488 E.
715 456 910 496 cardinales,
937 456 1034 488 etiam

293 509 331 542 de
357 510 456 542 latere
483 510 608 552 legatos
645 514 677 542 et
707 508 799 542 Sedis
831 509 1057 553 Apostolicae

292 563 436 603 nuntios,
461 563 587 596 sublata
617 563 664 596 cis
700 569 731 596 et
763 574 875 596 eorum
902 563 1035 596 cuilibet

292 617 405 660 quavis
432 618 524 650 aliter
551 617 715 650 iudicandi
744 623 776 650 et
800 617 1035 660 interpretandi

292 670 454 712 facultate,
480 670 616 703 iudicari
634 676 665 703 et
685 671 812 704 definiri
832 671 950 704 debere
967 683 974 711 ·,
1000 681 1036 703 ac

293 724 420 757 irritum
447 730 477 758 et
503 724 609 766 inane,
639 725 664 757 si
699 735 790 758 secus
819 735 917 768 super
943 725 992 757 his
1019 736 1035 757 a

293 788 467 821 quoquam,
503 778 614 821 quavis
651 778 857 819 auctoritate,
895 778 1036 811 scienter

291 833 340 864 rel
363 831 561 874 ignoranter,
588 831 763 874 contigerit
784 832 945 864 attentari.

335 884 398 928 §lh
418 884 488 917 Non
515 884 720 917 obstantibus
747 885 897 918 omnibus
923 890 954 917 et
971 885 1035 917 sin-

290 938 387 981 gulis,
402 949 484 982 quae
498 939 643 982 praefata
655 938 883 981 Congregatio,
894 939 1034 971 anctori-

290 997 354 1025 tate
374 1003 433 1035 per
453 992 598 1025 eiusdem
619 992 855 1025 recordationis
870 992 1032 1025 Urbanum

291 1046 349 1078 PP.
369 1046 433 1078 VIII
460 1051 492 1079 et
516 1046 696 1089 respective
722 1057 781 1090 per
805 1057 863 1080 nos
889 1047 935 1079 illi
962 1057 1034 1089 spe-

291 1099 418 1133 cialiter
442 1100 609 1139 attributa,
628 1100 771 1133 decrevit
797 1111 860 1133 non
887 1100 1032 1141 obstare,

290 1164 371 1197 qnae
394 1154 515 1196 pariter
532 1159 563 1186 et
581 1155 696 1186 iterum
715 1165 785 1193 nos,
808 1159 921 1187 tenore
940 1164 1033 1197 prae-

290 1207 517 1245 sentium,non
533 1208 663 1240 obstare
682 1208 887 1240 decernimus
907 1213 937 1240 et
950 1218 1034 1239 man-

290 1260 415 1301 damus;
436 1261 556 1304 quibus
574 1262 736 1299 omnibus,
762 1262 868 1304 quoad
896 1272 932 1293 ea
950 1271 1032 1304 qnae

289 1315 517 1356 praesentibus
553 1314 776 1354 adversantur,
804 1314 867 1347 illis
895 1315 974 1347 alias
1000 1315 1031 1346 in

288 1378 347 1400 suo
372 1368 490 1400 robore
522 1368 754 1411 permansuris,
792 1369 887 1400 etiam
919 1368 1031 1400 barum

287 1422 371 1454 serie
397 1421 597 1465 plenissime,
617 1421 802 1464 specialiter
823 1427 856 1453 et
876 1432 1030 1465 expresse

287 1475 499 1518 derogamus:
534 1475 718 1518 ceterisque
755 1475 926 1508 contrariis
960 1476 1030 1519 qui-

286 1528 501 1571 buscumque.

331 1582 346 1625 g
379 1581 411 1615 5.
442 1581 595 1615 Volumus
634 1586 742 1614 autem
772 1586 807 1614 ut
839 1586 1030 1625 praesentes

285 1635 412 1669 litterae
439 1635 470 1667 in
496 1635 594 1668 valtis
613 1635 771 1668 ecclesiae
788 1635 1028 1676 Lateranensis,

285 1699 322 1722 ac
346 1688 499 1721 basilicae
526 1688 685 1732 Principis
707 1689 948 1732 Apostolorum,
969 1700 1029 1722 nec

285 1753 350 1776 non
372 1742 594 1776 Cancellariae
620 1743 837 1785 Apostolicae,
855 1743 1028 1788 curiaeque

285 1796 447 1838 generalis
473 1796 505 1828 in
530 1795 637 1829 Monte
663 1796 796 1836 Citorio,
829 1808 864 1830 ac
896 1796 927 1829 in
961 1797 1028 1830 acie

285 1849 500 1892 Campissorae
526 1849 565 1881 de
591 1848 687 1889 Urbe,
712 1854 746 1881 ut
770 1849 869 1883 moris
896 1854 953 1889 cst,
972 1861 1030 1893 pu-

284 1903 449 1937 blicentur
474 1908 506 1936 et
530 1902 714 1945 affigantur,
749 1903 859 1946 sicque
886 1904 1030 1946 publica-

285 1961 336 1990 tae
361 1962 392 1989 et
419 1957 545 1996 affixae,
567 1967 679 1989 omnes
706 1962 737 1989 ct.
761 1957 920 1999 singulos,
945 1969 1028 2001 quos

284 2009 361 2043 illac
387 2015 603 2049 concernunt,
617 2010 752 2053 perinde
771 2016 895 2043 arctent
913 2017 941 2044 et
961 2012 1028 2044 affi-

284 2062 382 2103 ciant,
409 2074 445 2096 ac
471 2063 497 2096 si
523 2063 701 2107 unicuique
735 2074 845 2096 eorum
872 2075 1028 2107 persona-

283 2116 358 2149 liter
383 2116 550 2149 intimatae
577 2116 734 2157 fuissent;
762 2118 964 2161 pariterque,
995 2124 1028 2150 ut

284 2170 474 2203 earumdem
493 2170 716 2213 praesentium
738 2171 948 2214 transumptis
970 2171 1029 2204 im-

282 2222 426 2266 pressis,
452 2234 550 2256 manu
583 2224 718 2256 alicuius
752 2224 869 2257 notarii
902 2225 1027 2268 publici

282 2276 491 2320 subscriptis,
512 2282 544 2310 et
564 2277 673 2320 sigillo
694 2288 854 2321 personae
877 2278 907 2310 in
927 2279 1028 2322 digni-

283 2335 348 2363 tate
383 2331 605 2364 ecclesiastiea
639 2332 834 2364 constitutae
869 2332 1024 2372 munitis,

282 2383 396 2417 eadem
428 2394 563 2427 prorsus
590 2384 670 2418 fides
704 2385 914 2425 adhibeatur,
943 2396 1026 2429 quae

282 2437 509 2480 praesentibus
527 2437 605 2481 ipsis
623 2438 839 2471 adhiberetur
863 2438 888 2471 si
919 2439 1028 2472 forent

283 2489 448 2523 exhibitae
474 2491 524 2524 vel
550 2497 714 2525 ostensae.

327 2543 342 2586 g
378 2543 409 2575 6.
444 2543 531 2577 Nulli
568 2555 648 2588 ergo
686 2546 820 2579 omnino
855 2546 1025 2579 hominum

282 2596 381 2629 liceat
403 2597 557 2640 paginam
582 2598 668 2632 hanc
698 2605 885 2632 nostrarum
911 2599 1027 2633 contir-

282 2649 445 2691 mationis,
463 2651 719 2694 approbationis,
735 2653 856 2696 statuti,
882 2653 1026 2687 decreto-

1113 248 1157 272 ΧΠ
1182 249 1230 272 ΡΡ.

1079 307 1159 336 rum,
1185 297 1409 337 ordinationis,
1425 298 1609 338 voluntatis,
1636 299 1820 339 sanctionis,

1079 350 1305 384 mandatorum
1330 356 1362 384 et
1386 352 1608 393 derogationis
1634 352 1820 395 infringere,

1080 404 1129 436 vel
1149 403 1176 436 ei
1195 415 1273 437 ausu
1297 404 1471 438 temerario
1490 405 1672 445 contraire,
1696 406 1721 437 si
1748 407 1821 449 quis

1079 463 1187 490 autem
1214 458 1277 491 hoc
1295 463 1456 492 attentare
1482 459 1748 502 praesumpserit,
1775 459 1823 491 in-

1079 511 1304 553 dignationem
1324 512 1559 555 omnipotentis
1581 512 1635 545 Dei
1661 523 1698 545 ac
1715 513 1824 544 beato-

1079 576 1150 598 rum
1174 565 1261 598 Petri
1285 572 1317 599 et
1335 566 1422 599 Pauli
1447 567 1671 609 apostolorum
1697 566 1764 598 eius
1789 576 1821 598 se

1078 619 1204 652 noverit
1228 619 1448 653 incursurum.

1123 673 1235 706 Datum
1261 673 1396 713 Romae„
1420 674 1503 716 apud
1536 674 1567 706 S.
1600 673 1731 706 Mariam
1762 672 1824 704 Ma-

1079 726 1179 759 iorem
1195 753 1203 766 ,
1241 737 1326 760 anno
1367 726 1603 760 Incarnationis
1641 725 1823 759 dominicae

1078 789 1244 818 tttncxcvtt,
1268 791 1286 813 x
1312 781 1464 814 kalendas
1486 779 1633 816 ianuarii,
1654 778 1824 822 pontifica-

1080 839 1128 865 tus
1151 834 1254 866 nostri
1281 844 1365 866 anno
1390 845 1445 867 vtt.

1115 896 1175 923 Dat.
1193 896 1236 922 die
1251 896 1286 923 23
1302 897 1457 923 decembris
1475 896 1555 929 1697,
1573 896 1671 931 pontif.
1690 904 1761 922 anno
1779 901 1822 921 vtt.

1400 1040 1498 1074 CLVI.

1079 1120 1272 1154 Conceditur
1304 1121 1448 1153 eremitis
1484 1120 1688 1153 Excalceatis
1718 1120 1824 1153 sancti

1121 1175 1305 1217 Aaynxlini
1331 1175 1602 1217 Conqreqatiom‘s
1628 1174 1823 1208 Gallicanae

1119 1229 1308 1271 provinciae
1328 1228 1358 1261 F
1360 1229 1492 1260 ranciae
1515 1228 1657 1271 facultas
1682 1228 1823 1260 canendi

1120 1292 1193 1313 cum
1220 1283 1302 1314 nolis
1327 1282 1363 1314 in
1388 1282 1589 1325 eirposilione
1625 1281 1681 1314 SS.
1706 1282 1822 1314 Sacra-

1122 1335 1223 1367 menlt'
1248 1339 1275 1367 et
1300 1335 1410 1367 mz'ssis
1435 1334 1697 1378 defunctorum&

1245 1414 1446 1441 Innocentius
1468 1415 1549 1448 Papa
1569 1414 1634 1446 XII,

1209 1461 1244 1485 ad
1274 1458 1412 1486 futuram
1441 1458 1488 1485 rei
1517 1458 1704 1486 memoriam.

1118 1527 1132 1570 ἓ
1150 1526 1182 1559 1.
1202 1526 1327 1570 Exponi
1347 1526 1441 1559 nobis
1458 1536 1564 1570 nuper
1578 1526 1727 1559 fecerunt
1741 1526 1822 1560 dile·
1859 1539 1942 1560 cimae
1967 1545 2016 1561 con-

1832 1567 1942 1588 cessionis

1074 1580 1114 1613 cti
1132 1580 1190 1613 filii
1210 1580 1348 1613 vicarius
1364 1579 1541 1623 generalis,
1561 1580 1751 1613 assistentes
1769 1590 1822 1622 gc-

1074 1635 1212 1674 nerales,
1239 1639 1271 1667 et
1295 1633 1458 1667 substituti
1480 1633 1656 1666 definitorii
1679 1633 1822 1677 Congre-

1073 1687 1213 1730 gationis
1239 1687 1424 1721 Gallicanae
1451 1688 1584 1720 fratrum
1611 1687 1821 1721 eremitarum

1073 1741 1202 1775 Ordinis
1228 1741 1330 1774 sancti
1357 1741 1531 1784 Augustini
1557 1741 1820 1775 Excalceatornm

1073 1800 1346 1838 nuncupatorum,
1375 1795 1473 1838 quod,
1498 1805 1569 1828 cum
1595 1795 1658 1827 iam
1693 1795 1819 1838 pridem

1072 1849 1165 1881 multi
1190 1848 1432 1887 christifideles
1454 1859 1490 1881 ac
1507 1848 1699 1892 praesertim
1721 1848 1820 1881 caris-

1073 1902 1172 1935 simus
1197 1902 1230 1934 in
1262 1901 1391 1936 Christo
1427 1901 1512 1935 filius
1546 1907 1660 1935 noster
1685 1902 1819 1935 Iacobus

1072 1956 1204 1998 Magnae
1230 1956 1417 1989 Britanniae
1442 1966 1497 1989 rex
1524 1956 1669 1995 illustris,
1689 1966 1817 1989 necnon

1073 2009 1239 2042 carissima
1264 2009 1376 2042 itidem
1402 2009 1435 2042 in
1461 2009 1591 2043 Christo
1617 2009 1684 2042 fitia
1703 2015 1817 2043 nostra

1072 2063 1170 2096 Maria
1201 2062 1290 2096 eius³
1320 2063 1454 2106 Magnae
1480 2063 1667 2096 Britanniae
1703 2063 1817 2106 regina

1073 2116 1217 2157 illustris,
1240 2116 1305 2149 imo
1331 2122 1364 2149 et
1388 2118 1600 2160 quamplures
1625 2117 1665 2150 ab
1687 2117 1815 2150 haeresi

1072 2170 1110 2203 ad
1142 2169 1238 2203 fidem
1264 2170 1459 2204 catholicam
1485 2171 1646 2211 conversi,
1671 2171 1711 2203 ab
1737 2171 1817 2214 ipsis

1072 2224 1288 2266 expostulent,
1315 2229 1349 2256 ut
1373 2224 1405 2256 in
1432 2224 1688 2268 expositionibus
1713 2230 1745 2257 et
1765 2225 1818 2257 be-

1072 2277 1313 2310 nedictionibus
1354 2277 1548 2311 sanctissimi
1589 2278 1815 2311 Eucharistiae

1071 2330 1281 2369 sacramenti,
1308 2341 1391 2374 quac
1417 2331 1606 2374 frequenter
1629 2331 1661 2364 in
1686 2331 1816 2375 provin-

1107 2394 1116 2419 1
1141 2392 1171 2419 In
1187 2392 1338 2420 Innocentii
1353 2393 1385 2420 Xl
1402 2397 1489 2421 const.
1500 2393 1544 2421 ed.
1559 2400 1704 2429 mnchxtx,
1720 2394 1763 2420 die
1782 2394 1816 2420 ⁹2⁶2

1070 2437 1151 2469 iunii,
1172 2438 1267 2473 pontif.
1283 2445 1324 2471 111,
1341 2439 1431 2474 agitur
1450 2438 1483 2466 de
1503 2439 1633 2466 facultate
1650 2438 1814 2474 aggregandi

1070 2482 1102 2508 ad
1114 2483 1351 2510 confraternitates
1362 2484 1580 2512 Cincturatorum
1594 2494 1599 2517 ;
1613 2484 1677 2511 etin
1689 2483 1815 2510 Clemen—

1071 2528 1103 2554 tis
1122 2529 1155 2555 xt
1176 2533 1262 2555 coust.
1284 2529 1349 2556 edit.
1370 2535 1467 2563 mecm,
1489 2529 1531 2555 die
1547 2530 1580 2555 ⁶29
1596 2528 1729 2561 ianuarii,
1751 2536 1815 2563 pon—

1070 2572 1108 2599 tif.
1129 2579 1147 2606 1,
1169 2573 1327 2600 conceditur
1355 2573 1469 2601 facultas
1496 2577 1591 2600 cantus
1611 2573 1768 2608 GregorIani
1789 2573 1814 2599 in

1070 2617 1149 2644 IIoris
1169 2618 1318 2645 canonicis.

1104 2662 1119 2689 Ξ
1140 2662 1249 2691 Videtur
1269 2663 1416 2698 legendum
1437 2663 1499 2691 elas
1519 2663 1626 2691 conius
1643 2663 1682 2699 (n.
1698 2663 1746 2698 T.).

1715 241 1779 275 819
1830 250 1920 277 inc.
1947 250 2010 277 1697
