2254 3225
259 217 305 242 An.
324 218 351 242 C.
378 216 439 243 1502

489 207 553 240 5373

450 270 565 305 rantes,
592 266 756 309 praesenti
777 267 1010 302 constitutione
1028 268 1186 302 irrevoca-

449 317 560 351 biliter
585 319 775 359 stabilimus,
791 325 825 353 ut
844 321 1006 364 praelatus
1022 322 1185 364 praefatae

451 370 566 404 domus
591 382 657 405 non
682 374 937 414 commendator,
960 374 1018 407 sed
1043 374 1133 416 prior
1146 373 1186 405 sit

451 425 684 467 appellandus,
711 425 801 458 cuius
837 426 954 460 electio
987 437 1044 469 per
1073 427 1185 458 fratres

453 478 598 511 eiusdem
628 479 743 512 domus
780 479 935 512 canonice
962 479 1077 511 debeat
1101 480 1186 511 celc-

452 530 538 564 brari
564 542 622 574 per
644 538 715 565 vota
740 537 863 565 secreta
888 537 919 565 et
943 531 1029 564 iuxta
1050 532 1184 564 sormam

452 582 586 617 Concilii
610 584 807 625 Tridentini·‚
845 585 891 617 sic
925 589 1032 617 autem
1066 586 1186 617 electus

453 637 541 680 prior
565 648 624 670 suo
650 648 783 671 munere
801 648 859 681 per
879 637 1053 670 triennium
1071 643 1103 670 et
1122 647 1185 670 non

454 690 593 733 amplius
623 695 751 731 utatur,
778 691 863 733 quod
896 691 1026 734 quidem
1058 701 1188 734 semper

453 743 633 787 computari
651 745 797 776 volumus
818 744 996 776 secundum
1015 753 1116 776 annos
1134 753 1188 776 na-

454 797 572 830 turales
596 802 628 830 et
651 797 795 839 integros
819 796 859 829 ab
883 796 952 839 ipsa
977 796 1028 829 die
1056 795 1188 829 electio-

453 848 512 887 nis,
538 849 599 882 nisi
623 849 655 883 in
681 849 809 883 casibus
833 849 1027 893 specialibus
1053 849 1188 882 inferius

453 903 667 946 assignandis.

496 967 530 991 ιι.
558 957 592 990 In
618 957 672 990 illa
694 967 769 991 vero
786 967 900 991 vocem
916 958 1058 990 babeant
1073 967 1186 990 omnes

452 1012 684 1044 conventuales
716 1010 873 1054 praedicti
908 1015 1084 1043 conventus
1113 1011 1188 1043 Bar-

452 1063 672 1103 chinonensis,
700 1064 776 1096 dum
797 1068 903 1096 tamen
928 1063 991 1096 sint
1015 1063 1113 1096 sacris
1131 1063 1188 1096 ini-

452 1116 529 1155 tiati,
543 1121 574 1149 et
588 1122 727 1160 quatuor
741 1127 842 1150 annos
856 1127 873 1149 a
889 1116 1094 1160 professione
1111 1117 1188 1149 anti·

452 1167 518 1210 qui,
537 1173 632 1211 atque
654 1168 749 1201 etiam
767 1169 910 1212 praefata
928 1169 1186 1201 conventualitas

451 1220 483 1253 in
509 1220 578 1263 ipsa
604 1221 700 1254 domo
725 1221 766 1254 sit
797 1223 912 1254 saltem
947 1222 1043 1254 unius
1067 1222 1186 1255 mensis

450 1271 623 1316 proximo¹,
650 1280 824 1317 antequam
847 1274 1008 1317 prioratus
1026 1285 1084 1317 per
1101 1285 1186 1307 mor-

450 1330 513 1358 tem
538 1330 592 1359 aut
616 1325 677 1359 alia
703 1326 847 1370 qualibet
871 1329 965 1359 causa
992 1327 1161 1359 vacaverit.

494 1388 541 1411 111.
570 1378 778 1411 Decernimus
803 1384 908 1412 autem
941 1385 973 1412 et
997 1380 1185 1413 ordinamus

450 1431 633 1473 praedictos
652 1432 764 1464 fratres
782 1433 1022 1472 conventuales,
1042 1433 1184 1476 prioratu

451 1490 592 1525 vacante,
612 1495 724 1517 vocem
745 1485 912 1518 electivam
934 1486 1102 1527 habentes,
1121 1497 1183 1519 non

450 1538 570 1570 debere
598 1543 719 1570 tantum
746 1548 816 1571 esse
848 1537 930 1571 filios
961 1538 1104 1572 ciusdem
1129 1540 1185 1573 do-

448 1599 520 1621 mus
546 1589 831 1631 Burcbfflonensis,
855 1591 912 1623 sed
933 1591 1082 1624 sufficere
1107 1602 1184 1624 con-

448 1643 691 1675 ventualitatem
716 1643 912 1686 praedictam
936 1654 1008 1676 cum
1027 1645 1184 1678 conditio-

448 1695 543 1727 nibus
569 1696 752 1736 declaratis,
775 1702 809 1729 ut
833 1697 865 1729 in
884 1696 921 1730 ea
939 1698 1099 1730 electione
1118 1699 1182 1730 sus-

447 1748 564 1790 l'ragari
583 1750 719 1790 valeant,
737 1750 804 1782 sive
823 1750 942 1782 suerint
960 1751 1014 1783 mii
1037 1751 1180 1784 eiusdem

447 1801 574 1840 domus,
600 1801 665 1834 sive
683 1802 739 1834 lilii
761 1807 792 1834 et
808 1803 1007 1836 habitatores
1025 1804 1178 1847 assignati

447 1852 479 1886 in
505 1855 568 1887 tota
595 1855 759 1897 provincia
784 1856 979 1898 Aragoniae.

490 1916 530 1939 lv.
559 1906 718 1940 Praedicti
740 1919 818 1950 ergo
838 1909 961 1948 fratres,
983 1911 1065 1942 sieut
1088 1921 1179 1953 prae-

445 1958 599 1998 mittitur,
625 1961 665 1993 ad
691 1961 877 2004 eligendum
903 1962 1033 2003 idonei,
1060 1964 1180 2005 eligant

445 2016 477 2044 et
502 2014 699 2046 constituant
722 2014 754 2046 in
776 2015 917 2057 priorem
943 2026 980 2048 ex
1005 2026 1038 2048 sc
1065 2022 1117 2049 aut
1141 2028 1178 2050 ex

444 2064 515 2097 aliis
541 2066 690 2099 domibus
717 2067 814 2100 totius
848 2068 1034 2111 provinciae
1060 2071 1179 2113 Arago-

443 2117 525 2158 niac‚
540 2119 594 2162 qui
611 2119 653 2152 sit
668 2120 836 2162 religione,
853 2121 996 2154 moribus
1015 2127 1044 2155 et
1061 2123 1178 2156 doctri-

443 2171 483 2203 na
507 2170 551 2203 ita
575 2173 789 2214 praecellens,
812 2178 846 2205 ut
866 2184 932 2206 non
957 2175 1061 2207 solum
1085 2184 1177 2218 prae-

442 2223 559 2256 dictam
580 2225 728 2265 domum,
754 2227 810 2259 sed
836 2231 940 2260 totum
965 2228 1062 2261 etiam
1086 2229 1176 2262 Ordi-

442 2286 515 2309 nem
540 2287 598 2311 suo
623 2283 768 2321 tempore
793 2284 825 2312 et
849 2280 976 2313 casibus
994 2283 1174 2324 gubernare

441 2329 591 2370 sufficiat3
618 2340 679 2373 pro
704 2341 767 2374 quo
792 2332 958 2365 statuimus
983 2339 1018 2366 nt
1043 2335 1090 2367 vel
1109 2346 1175 2369 ma-

439 2381 538 2424 gister
555 2382 594 2416 dc
614 2393 752 2416 numero
772 2385 956 2426 provinciae
975 2386 1099 2427 existat,
1125 2390 1173 2422 vel

439 2435 553 2468 saltem
579 2440 803 2478 praesentatus
819 2463 827 2476 ,
853 2437 948 2469 etiam
973 2438 1014 2471 de
1039 2449 1172 2473 numero

440 2492 472 2520 et
491 2489 610 2521 lectura
631 2488 664 2522 in
682 2489 794 2521 eadem
812 2490 990 2532 provincia;
1008 2496 1039 2524 et
1056 2493 1171 2526 electio

440 2550 529 2573 secus
555 2541 635 2574 saeta
659 2541 700 2574 sit
724 2541 827 2574 irrita.

475 2604 486 2630 1
509 2602 638 2638 Corrigat,
659 2603 681 2630 si
701 2612 768 2641 opus
787 2604 830 2640 sit,
851 2604 936 2633 lector
954 2605 1025 2633 scius
1046 2606 1083 2641 (a.
1103 2607 1151 2640 T.).

1026 221 1205 244 nutritura!
1229 221 1383 244 nonaxml

1270 279 1299 301 v.
1339 269 1371 301 ln
1403 269 1589 302 huiusmodi
1625 270 1794 312 electione,
1817 272 1841 305 si
1878 274 1960 307 adsit

1227 321 1380 363 magister
1413 321 1541 354 Ordinis
1581 324 1631 356 vel
1667 325 1875 367 provincialis
1911 328 1959 360 rel

1227 373 1296 405 eius
1320 373 1475 414 vicarius,
1500 385 1631 419 semper
1655 378 1735 409 alter
1759 387 1882 419 eorum,
1905 380 1960 422 qui

1227 425 1323 457 suerit
1343 426 1506 466 inventus,
1523 428 1708 471 praesideat
1726 434 1757 462 et
1773 430 1958 474 suffragium

1227 478 1347 511 habeat
1371 478 1403 511 in
1420 479 1495 522 illa&
1522 482 1609 523 quod
1629 482 1653 514 si
1676 487 1810 526 uterque
1826 495 1961 517 coneur-

1228 535 1286 569 rat,
1306 531 1525 574 praesidentia
1550 534 1713 567 del'eratur
1738 537 1904 578 magistro,
1935 538 1959 569 si

1228 593 1297 615 eam
1322 595 1388 617 non
1421 586 1509 619 malit
1539 587 1730 630 provinciali
1756 589 1959 632 relinquere·,

1228 636 1253 669 si
1279 642 1415 682 uterque
1440 650 1516 673 vero
1542 640 1581 673 sit
1613 642 1752 681 absens,
1777 643 1961 685 praesidere

1229 689 1344 723 debeat
1379 692 1529 735 superior
1558 703 1615 726 seu
1651 693 1786 727 vicarius
1816 695 1961 729 eiusdem

1229 748 1417 784 conventus,
1432 746 1493 786 vel,
1511 746 1580 779 eius
1598 746 1735 787 defectu,
1754 748 1852 781 frater
1866 759 1902 781 ex
1918 754 1963 782 to-

1229 797 1260 828 ta
1284 798 1516 832 communitate
1548 801 1752 843 professione
1786 802 1959 845 antiquior.

1228 846 1402 880 Statuimus
1417 854 1533 890 autem,
1549 851 1635 893 quod
1653 851 1768 884 electio
1787 852 1862 885 dicti
1882 853 1963 895 prio·

1229 899 1272 933 ris
1297 901 1336 933 ad
1359 900 1434 934 illos
1461 908 1583 935 tanturn
1605 913 1641 935 ex
1670 905 1819 946 praefatis
1844 906 1964 938 electo-

1229 953 1318 986 ribus
1342 954 1491 995 attineat,
1516 956 1569 998 qui
1606 957 1822 999 personaliter
1846 958 1964 991 suerint

1229 1012 1418 1049 praesentes
1443 1008 1476 1040 in
1502 1008 1567 1048 illa,
1590 1009 1681 1041 sicuti
1701 1010 1734 1042 tit
1754 1010 1785 1042 in
1805 1010 1960 1044 electione

1230 1060 1392 1102 magistri;
1412 1062 1497 1104 quod
1517 1062 1542 1093 si
1570 1062 1641 1105 quis
1662 1063 1820 1095 maiorem
1838 1068 1962 1106 partem

1228 1113 1401 1146 medietate
1415 1114 1606 1156 eligentium
1626 1115 1785 1155 babuerit,
1804 1116 1859 1149 ille
1876 1116 1915 1149 sit
1932 1121 1964 1149 et

1229 1170 1399 1208 reputetur
1424 1172 1584 1210 tamquam
1610 1168 1698 1210 prior
1723 1169 1855 1202 electus.
1876 1170 1964 1203 Ilanc

1228 1224 1334 1252 autem
1359 1220 1554 1253 electionem
1580 1220 1685 1254 [atcere
1703 1225 1853 1254 teneatur
1872 1233 1965 1265 prae-

1228 1272 1308 1304 fatus
1333 1277 1509 1305 conventus
1534 1274 1619 1306 intra
1642 1284 1743 1307 unum
1774 1285 1920 1308 mensem
1946 1287 1963 1309 a

1228 1325 1394 1358 vacatione
1408 1326 1584 1369 prioratus.
1601 1325 1667 1364 Quo
1683 1328 1800 1369 elapso,
1816 1327 1840 1360 si
1856 1328 1962 1361 adbuc

1228 1388 1292 1410 non
1314 1379 1461 1421 elegerit,
1476 1384 1552 1412 tunc
1567 1380 1719 1422 magister
1735 1380 1874 1420 Ordinis,
1891 1380 1960 1415 iure

1227 1431 1267 1463 ad
1292 1441 1325 1463 se
1351 1432 1513 1472 devoluto,
1538 1433 1576 1465 (lc
1602 1433 1710 1474 priore
1737 1433 1913 1476 provideat.

1271 1494 1311 1516 vt.
1328 1484 1454 1517 Factam
1474 1485 1534 1517 iam
1552 1485 1672 1527 prioris
1689 1486 1881 1518 electionem
1899 1492 1960 1519 sta-

1227 1536 1281 1569 tim
1306 1537 1459 1580 magistro
1483 1537 1610 1570 Ordinis
1635 1539 1866 1581 explorandam
1887 1549 1961 1571 con-

1225 1589 1479 1633 firmandamque
1513 1591 1593 1623 mitti
1624 1591 1839 1624 decernimus.
1868 1591 1959 1624 Unde

1225 1649 1403 1676 conventus
1417 1643 1692 1677 confirmationem
1706 1645 1888 1687 postulans,
1902 1655 1959 1677 nu-

1225 1707 1349 1729 merum
1375 1697 1495 1740 pariter
1527 1703 1557 1729 et
1582 1697 1715 1730 nomina
1739 1697 1880 1730 omnium
1906 1708 1959 1730 vo-

1224 1751 1362 1791 calium,
1387 1756 1418 1783 et
1442 1751 1536 1783 simul
1562 1755 1641 1793 quot
1665 1761 1777 1783 eorum
1807 1750 1958 1792 suffragia

1223 1804 1344 1836 electus
1368 1803 1529 1844 habuerit,
1548 1814 1606 1846 per
1626 1803 1845 1836 authenticum
1869 1803 1957 1836 testi-

1223 1857 1369 1890 monium
1394 1857 1513 1890 reserat
1538 1858 1642 1890 eidem
1666 1857 1834 1899 magistro.

1273 1919 1329 1943 vn.
1362 1910 1484 1943 Exinde
1516 1910 1606 1952 prior
1635 1911 1769 1950 electus,
1798 1910 1956 1943 consultis

1221 1962 1366 2005 patribus
1391 1974 1409 1996 a
1432 1963 1579 2002 consilio,
1605 1963 1805 2006 superiorem
1829 1973 1885 1996 seu
1913 1963 1957 1996 vi-

1222 2016 1343 2048 carium
1369 2015 1438 2048 sine
1464 2017 1552 2048 mora
1577 2016 1758 2054 constituat,
1781 2015 1833 2058 qui
1851 2015 1956 2058 possit

1221 2069 1385 2112 corripere
1411 2069 1650 2111 delinquentes,
1677 2078 1853 2111 curamque
1877 2079 1954 2101 con-

1220 2127 1332 2154 ventus
1358 2126 1389 2154 et
1413 2122 1544 2153 fratrum
1569 2121 1707 2153 sollicite
1725 2125 1826 2162 gerat,
1841 2130 1953 2153 secun-

1220 2175 1296 2207 dum
1321 2174 1404 2217 quod
1441 2173 1508 2216 ipse
1536 2173 1625 2215 prior
1648 2173 1739 2205 illum
1765 2173 1952 2206 instruxerit

1217 2232 1247 2260 et
1274 2226 1468 2270 permiserit.

1261 2290 1325 2312 viu.
1351 2279 1494 2312 Officium
1530 2279 1689 2322 praedicti
1722 2279 1883 2322 prioratus
1907 2280 1950 2314 ita

1218 2332 1389 2376 praecellit
1411 2333 1443 2365 in
1467 2332 1603 2373 Ordine,
1629 2338 1682 2372 ut,
1714 2338 1847 2366 vacante
1872 2334 1949 2367 sede

1217 2386 1375 2428 magistri,
1402 2397 1532 2429 semper
1551 2387 1593 2419 sit
1616 2386 1739 2429 primus
1763 2386 1802 2419 ad
1827 2397 1949 2420 succes-

1215 2439 1341 2473 sionem
1358 2444 1388 2472 et
1407 2438 1671 2472 substitutionem
1690 2444 1831 2479 vocatus,
1853 2440 1948 2473 modo

1216 2497 1247 2524 ct
1265 2493 1366 2525 forma
1387 2492 1450 2524 iam
1475 2491 1551 2524 alibi
1570 2491 1766 2531 constitutis,
1786 2492 1839 2524 ubi
1859 2497 1890 2525 et
1907 2492 1946 2526 de

1214 2545 1415 2588 plenitudine
1433 2555 1509 2578 suae
1527 2545 1708 2587 potestatis,
1726 2550 1756 2577 et
1774 2545 1945 2579 cuiuslibet

1215 2599 1346 2632 alterius
1364 2598 1418 2642 qui
1439 2603 1548 2642 potest
1571 2608 1644 2631 esse
1668 2598 1717 2631 vel
1744 2598 1843 2630 suerit
1869 2598 1937 2631 vica

1969 226 2016 252 Αη.
2036 226 2055 252 C
2084 226 2151 255 1091.
