2227 3225
168 246 216 273 Λη,
239 246 265 271 Γ..
285 246 350 272 tato

211 2265 349 2292 Praeceptum

169 2322 231 2339 certis
246 2325 328 2345 poeniS.

932 243 1135 267 {fixastiNt'tt‘s

357 294 396 327 ab
420 293 481 325 hac
508 293 618 325 sanctii
642 291 725 324 Sede
751 290 937 334 Apostolica
962 290 1090 331 missos,

357 346 479 389 quippe
504 344 650 377 eiusdem
685 344 821 377 Sanctae
841 342 933 376 Sedis
966 343 1094 385 delega-

357 403 404 431 tos
420 424 427 437 ‚
454 406 633 440 eorumque
659 396 826 440 operarios
852 396 885 428 in
917 395 1093 439 provinciis

356 450 417 483 sibi
443 449 641 493 assignatis;
669 449 726 482 sed
762 449 877 482 iisdem
907 448 1036 482 vicariis
1063 458 1095 481 a-

356 503 522 546 postolicis
536 503 640 536 dictae
658 502 751 536 Sedis
769 502 926 545 delegatis
948 503 980 534 in
1000 511 1095 545 prae-

357 556 450 589 dictis
471 556 646 600 provinciis
665 556 920 590 iurisdictionem
938 556 1094 600 privative

357 610 462 654 quoad
488 620 600 643 omnes
625 615 827 653 competere,
866 610 968 643 donec
1001 609 1097 642 aliter

358 663 472 696 suisset
497 674 514 695 a
538 662 795 706 Congregatione
823 663 1011 696 eorumdem
1031 672 1097 695 car-

358 715 517 749 dinalium
543 716 771 756 declaratum;
798 727 833 749 ac
870 721 1097 749 contraventu-

359 779 412 802 res
436 779 475 802 eo
500 769 572 812 ipso
592 769 625 801 in
642 779 767 812 poenas
789 768 1096 802 excommunicatio·

358 822 408 855 nis
433 826 465 855 et
489 821 722 864 indignationis
760 822 895 855 Romani
932 821 1097 854 Pontificis

357 875 533 909 incurrisse
558 875 683 908 censeri
710 873 920 915 decreverit¹‚
947 879 979 907 et
1003 874 1094 915 alia&

357 934 454 972 prout
473 929 506 962 in
532 929 655 962 eisdem
681 929 810 968 litteris,
845 938 980 972 quarum
1012 933 1098 961 teno-

358 993 427 1016 rem
452 983 682 1026 praesentibus
720 994 781 1027 pro
814 984 910 1026 plene
943 987 973 1015 et
1009 982 1097 1014 suffi-

358 1035 485 1069 cienter
509 1046 668 1079 expresso
705 1046 741 1068 ac
774 1036 813 1069 de
838 1035 939 1068 verbo
965 1035 1002 1068 ad
1029 1045 1096 1068 ver-

357 1089 433 1121 bum
467 1090 592 1122 inserto
625 1089 739 1122 haberi
775 1090 933 1128 volumus,
966 1089 1097 1122 uberius

358 1142 559 1186 continetur)
589 1142 802 1176 nihilominus
835 1142 1009 1175 novissime
1045 1153 1098 1175 ve-

359 1195 524 1228 nerabiles
568 1195 683 1228 fratres
730 1195 878 1228 moderni
926 1205 982 1228 seu
1023 1200 1097 1227 tunc

360 1248 534 1281 existentes
554 1248 819 1292 archiepiscopus
834 1247 1011 1281 Goaneusis
1027 1258 1098 1281 nec-

359 1311 423 1334 non
457 1301 702 1335 Machaonensis
737 1307 769 1334 et
806 1301 992 1334 Malacensis
1029 1301 1097 1344 epi-

359 1354 466 1398 scopi,
492 1354 558 1387 sive
595 1354 702 1397 potius
742 1354 873 1387 illorum
903 1354 1041 1386 ministri
1067 1359 1098 1386 et

359 1406 526 1447 officiales,
553 1406 673 1439 causati
698 1407 816 1445 forsan,
844 1406 920 1439 lieet
944 1416 1095 1446 erronee,

359 1470 375 1492 a
401 1461 581 1492 memorata
597 1458 860 1501 Congregatione
881 1459 1094 1492 cardinalium

358 1512 452 1545 aliter
490 1512 591 1545 fuisse
631 1512 848 1551 declaratum,
885 1522 920 1544 ac
958 1512 1097 1555 proinde

358 1566 520 1610 praefatas
541 1564 669 1598 litteras
694 1575 760 1598 non
779 1576 849 1598 esse
868 1566 1006 1609 amplius
1025 1576 1097 1598 exe—

359 1618 482 1652 cutioni
522 1618 782 1658 demandandas,
822 1618 889 1651 sive
930 1619 1000 1652 aliis
1036 1618 1096 1651 sub

359 1670 604 1715 praetextibus,
627 1671 862 1704 venerabilium
888 1671 1014 1715 pariter
1039 1672 1098 1705 fra-

360 1730 445 1757 trum
471 1724 700 1768 episcoporum
726 1724 922 1757 vicariorum
947 1725 1098 1768 apostoli-

360 1787 472 1810 corum
496 1777 530 1810 in
554 1777 664 1820 regnis
688 1777 797 1816 Siami,
813 1770 816 1773 ¹
831 1777 1032 1818 Cocincinae,
1058 1779 1097 1811 de

359 1830 521 1874 Sciampa,
545 1829 729 1873 Cambogia,
756 1830 896 1874 aliisque
922 1830 1097 1864 adiacenti-

359 1885 419 1917 bus
437 1884 476 1916 ab
495 1883 607 1917 eadem
639 1883 722 1916 Sede
747 1883 979 1926 deputatorum
1004 1884 1098 1916 iuris-

361 1937 535 1970 dictionem
553 1947 609 1970 seu
626 1935 714 1970 illius
733 1936 921 1969 exercitium
939 1936 1096 1980 impedire

361 1989 653 2034 praesumpserint,
669 2000 735 2023 non
752 1989 824 2023 sine
843 1989 930 2032 gravi
953 1989 1095 2023 fidelium

361 2042 527 2082 scandalo,
554 2053 590 2076 ac
614 2041 798 2076 infidelium
824 2042 863 2075 ad
888 2041 963 2075 fidei
989 2043 1099 2075 catho-

361 2096 442 2129 licae
456 2095 627 2129 veritatem
649 2095 885 2135 conversionis,
905 2095 956 2128 cui
984 2096 1098 2128 eadem

360 2150 476 2183 Sancta
499 2149 598 2182 Sedes
628 2148 732 2181 dictos
757 2149 930 2192 episcopos
962 2149 1098 2182 vicarios

361 2202 561 2247 apostolicos
588 2201 770 2241 destinavit,
792 2201 1007 2235 detrimento:

405 2257 419 2300 ξ
444 2256 475 2289 2.
502 2256 584 2289 Hinc
610 2260 656 2288 est
683 2255 770 2299 quod
796 2264 867 2296 nos,
894 2256 1098 2298 supradictas

362 2309 537 2344 Clementis
572 2309 836 2353 praedecessoris
872 2309 996 2342 litteras
1028 2309 1099 2342 stri-

362 2369 410 2398 etc
444 2368 476 2397 et
506 2363 700 2396 inconcusse
741 2362 935 2402 observari,
971 2372 1097 2395 necnon

362 2416 506 2450 fidelium
532 2415 759 2460 operariorum
783 2415 815 2448 in
848 2416 940 2448 vinea
968 2415 1098 2448 Domini

362 2474 493 2503 strenue
518 2479 555 2502 ac
577 2469 702 2502 utiliter
733 2468 953 2502 laborantium
985 2469 1097 2512 quieti,

363 2520 503 2565 fideique
523 2522 704 2556 catholicae
730 2521 916 2565 praedictae
941 2531 1100 2565 propaga-

401 2628 411 2653 1
434 2626 505 2653 Edit.
527 2625 603 2653 Main.
626 2627 691 2662 legit
710 2627 835 2655 decrevit
853 2628 892 2661 (a.
912 2628 959 2663 Τ.).

437 2689 515 2717 Ball.
539 2690 619 2720 aom-
640 2707 672 2712 —
696 2691 755 2721 Vol.
776 2692 835 2719 xx.
978 2691 1011 2718 07

1162 243 1203 266 xii
1230 244 1275 267 rr.
1772 235 1834 267 7132)

1138 290 1229 330 noni,
1247 294 1401 334 quantum
1419 289 1511 322 nobis
1530 299 1564 323 ex·
1588 291 1652 323 alto
1674 292 1874 332 conceditur,

1136 343 1325 386 prospicere
1356 341 1538 385 cupientes,
1575 343 1613 375 de
1639 345 1873 377 nonnullorum

1137 406 1171 428 ex
1200 395 1443 428 venerabilibus
1468 395 1622 428 fratribus
1647 396 1767 429 nostris
1794 397 1875 429 eius-

1139 448 1211 481 dem
1232 448 1346 482 sulz.
1369 448 1591 482 cardinalibus
1608 448 1875 492 Congregationis

1137 502 1368 546 propagandae
1394 501 1484 534 Fidei
1510 502 1649 545 negotiis
1668 502 1874 545 praepositae

1138 567 1234 599 super
1259 557 1357 589 rebus
1376 555 1525 588 Sinarum
1544 566 1561 588 a
1579 555 1672 588 nobis
1690 555 1876 599 specialiter

1139 610 1364 653 deputatorum
1383 609 1531 648 consilio,
1551 609 1682 642 cosdem
1699 608 1875 641 modernos

1139 668 1171 695 et
1194 673 1253 706 pro
1279 667 1426 705 tempore
1454 662 1630 695 existentes
1661 660 1877 704 archiepisco-

1138 726 1213 758 pum
1235 715 1436 748 Goanensem
1456 725 1584 748 necnon
1606 714 1875 747 Maehaonensem

1139 774 1170 801 et
1195 768 1407 801 Malaeensem
1440 768 1613 811 episcopos
1643 768 1758 800 harum
1792 766 1876 799 serie

1139 827 1273 864 paterne
1311 831 1491 860 monemus,
1533 821 1644 864 eisque
1681 820 1875 853 auctoritate

1139 874 1317 917 apostolica
1342 874 1373 906 in
1404 873 1522 906 virtute
1559 878 1688 906 sanctae
1720 872 1876 906 obedien-

1140 928 1200 960 tiae
1226 927 1443 970 praecipimus
1461 932 1492 959 et
1505 926 1704 965 mandamus,
1722 931 1756 958 ut
1777 925 1876 958 dictas

1139 980 1312 1013 Clementis
1337 979 1604 1024 praedecessoris
1636 979 1762 1012 litteras
1789 984 1819 1012 et
1844 979 1876 1011 in

1140 1035 1185 1067 eis
1210 1039 1360 1067 contenta
1381 1043 1616 1077 quaecumque,
1635 1033 1692 1065 suh
1709 1033 1824 1075 poenis
1843 1033 1876 1065 in

1139 1087 1254 1120 litteris
1280 1085 1465 1119 huiusmodi
1500 1086 1679 1129 expressis,
1705 1091 1814 1118 evaete
1847 1091 1878 1118 et

1140 1139 1371 1172 inviolal‘lilitcr
1408 1140 1599 1178 observent,
1639 1149 1675 1171 ae
1711 1139 1876 1172 observari

1139 1198 1253 1226 curent
1279 1198 1310 1225 et
1343 1192 1480 1231 fariant;
1518 1191 1664 1224 districte
1701 1197 1877 1235 propterea

1139 1246 1325 1279 inhibentes
1360 1246 1431 1285 eis,
1459 1250 1490 1277 et
1516 1256 1575 1289 per
1611 1246 1698 1288 ipsos
1723 1245 1876 1277 omnibus

1140 1300 1268 1332 illorum
1286 1299 1442 1331 ministris
1464 1303 1495 1331 et
1512 1298 1702 1331 officialibus
1720 1308 1877 1341 quocum-

1139 1363 1201 1396 que
1216 1352 1346 1385 nomine
1365 1351 1566 1394 nuncupatis,
1589 1361 1629 1383 ne
1647 1350 1679 1383 in
1698 1355 1876 1394 posterum,

1140 1405 1200 1438 sul)
1225 1405 1337 1448 quovis
1363 1404 1511 1447 quaesito
1542 1405 1662 1442 colore,
1690 1408 1876 1447 praetextu,

1139 1461 1235 1491 causa
1259 1458 1308 1490 vel
1334 1457 1518 1496 occasione,
1534 1456 1724 1489 exercitium
1748 1456 1878 1489 iurisdi-

1139 1511 1255 1544 ctionis
1281 1510 1471 1543 eorumdem
1489 1510 1721 1552 episcoporum
1746 1509 1879 1541 vicario-

1140 1575 1208 1597 rum
1233 1564 1484 1608 apostolicorum
1512 1573 1691 1606 eorumque
1713 1562 1880 1606 operario-

1139 1628 1208 1650 rum
1234 1617 1266 1650 in
1307 1617 1417 1660 reguis
1453 1616 1549 1649 Siami
1567 1643 1574 1655 ,
1600 1615 1813 1654 Cocineinae,
1838 1615 1879 1647 de

1139 1671 1296 1714 Sciampa,
1322 1670 1507 1711 Cambogffl,
1535 1669 1670 1712 aliisque
1702 1668 1880 1701 adiacenti-

1140 1725 1201 1757 hus
1216 1723 1418 1767 supradictis,
1431 1722 1589 1766 impedire
1608 1722 1749 1754 audeant
1766 1721 1880 1764 quovis

1140 1776 1238 1809 modo
1265 1786 1320 1809 seu
1346 1780 1574 1819 praesumant,
1600 1775 1707 1807 donec
1742 1774 1838 1807 aliter
1863 1785 1880 1807 a

1140 1829 1306 1873 praedicta
1314 1829 1575 1872 Congregatione
1589 1828 1803 1862 cardinalium
1817 1828 1880 1861 fue-

1140 1883 1181 1915 rit
1205 1882 1406 1915 ordinatum.

1184 1935 1198 1978 §
1222 1934 1253 1968 3.
1271 1935 1313 1967 Ac
1338 1935 1563 1974 decernentes,
1583 1933 1668 1978 ipsas
1687 1938 1879 1977 praesentes

1140 1988 1264 2021 litteras
1289 1987 1407 2027 firmas,
1441 1988 1560 2020 validas
1586 1992 1617 2020 et
1642 1987 1790 2020 efficaces
1815 1987 1880 2020 exi-

1141 2045 1228 2074 stere
1254 2045 1286 2073 et
1311 2040 1389 2079 fore,
1417 2050 1556 2083 suosque
1582 2040 1750 2083 plenarios
1777 2045 1808 2073 et
1832 2041 1880 2073 in-

1141 2098 1248 2137 tegros
1274 2093 1406 2126 effectus
1432 2093 1539 2126 sortiri
1572 2098 1603 2126 et
1634 2093 1794 2133 obtinere,
1820 2093 1880 2127 sie-

1142 2158 1204 2192 que
1237 2152 1268 2180 et
1304 2157 1367 2179 non
1402 2146 1498 2179 aliter
1534 2147 1566 2178 in
1599 2146 1788 2190 praemissis
1821 2157 1880 2190 per

1142 2210 1360 2245 quoscumque
1378 2199 1501 2232 iudices
1526 2199 1710 2232 ordinarios
1737 2205 1768 2233 et
1793 2200 1881 2234 dele-

1142 2259 1241 2298 gatos,
1268 2253 1363 2286 etiam
1384 2263 1554 2286 causarum
1575 2253 1688 2296 palatii
1707 2253 1880 2297 apostolici

1142 2307 1318 2347 auditores,
1344 2306 1493 2350 aliosque
1531 2307 1696 2349 quoslibet
1726 2317 1882 2350 quaeum-

1142 2371 1204 2404 que
1228 2359 1488 2403 praeeminentia
1510 2365 1541 2392 et
1564 2364 1723 2403 potestate
1743 2360 1880 2402 fungen-

1144 2419 1190 2447 tes
1217 2418 1248 2446 et
1272 2413 1447 2452 sumnum,
1475 2413 1601 2446 sublata
1626 2412 1671 2445 eis
1709 2417 1740 2445 et
1764 2423 1880 2445 eorum

1142 2467 1275 2501 cuilibet
1300 2467 1413 2511 quavis
1450 2467 1545 2500 aliter
1580 2466 1745 2499 iudicandi
1770 2471 1803 2499 et
1833 2466 1881 2498 in-

1144 2521 1344 2565 terpretandi
1371 2521 1521 2554 facultate
1549 2527 1580 2553 et
1604 2520 1807 2558 auctoritate,
1832 2520 1880 2552 iu-

1143 2575 1243 2608 dicari
1268 2579 1299 2607 et
1324 2574 1451 2607 definiri
1478 2574 1615 2613 debere,
1642 2583 1679 2605 ac
1703 2572 1829 2605 irritum
1848 2578 1881 2605 et

1143 2627 1256 2668 inane,
1283 2627 1310 2660 si
1336 2638 1431 2661 secus
1455 2637 1553 2671 super
1582 2626 1632 2660 his
1656 2637 1674 2659 a
1704 2636 1877 2669 quoquam,

1882 243 1926 269 ln.
1951 242 1977 270 (l,
2000 243 2064 269 tristi}

1916 1945 2038 1968 mensulae.
