2227 3225
96 252 146 278 An.
166 250 196 277 C.
218 249 281 276 ¹69¹

128 731 228 753 Concedit
255 732 277 752 ut

95 760 117 781 in
131 759 223 780 rubrica.

119 2305 239 2329 Clausulas.

871 247 1078 271 INNOCENTIUS

291 297 427 337 terdicti,
442 296 578 339 aliisque
597 296 824 329 ecclesiasticis
845 296 1027 333 sententiis,

291 349 437 382 censuris
464 354 495 381 et
519 349 646 392 poenis,
667 360 684 381 a
710 349 777 381 iure
795 349 844 381 vel
871 348 908 380 ab
928 347 1028 380 homi-

290 412 339 441 ne,
366 402 476 444 quavis
503 402 673 434 occasione
698 403 747 434 vel
773 403 869 433 causti
894 401 974 439 lutis,
1002 400 1026 432 si

289 454 406 496 quibus
420 454 665 497 quomodolibet
682 454 857 487 innodatae
877 454 1025 493 existunt,

289 506 326 539 ad
353 505 502 539 effectum
526 507 745 550 praesentium
770 507 931 540 dumtaxat
956 517 1028 539 con—

289 560 505 602 sequendum,
524 561 638 592 harum
656 560 741 592 serie
767 559 972 592 absolventes
998 564 1028 591 et

289 612 452 645 absolutas
489 613 556 645 sore
592 618 787 653 censentes,
813 611 1027 655 supplicatio-

288 664 384 697 nibus
410 675 525 698 eorum
561 665 691 698 nomine
717 665 813 698 nobis
837 675 934 708 super
964 665 1027 697 hoc

289 718 456 751 humiliter
480 719 638 762 porrectis
666 718 832 758 inclinati,
863 718 1026 760 praefatae

287 770 536 814 Congregationi
582 771 752 803 Bavaricae
791 771 1026 803 monachorum

286 824 415 856 Ordinis
440 824 543 857 sancti
568 824 749 863 Benedicti,
778 824 931 866 illiusque
956 834 1026 855 mo-

286 876 447 916 nasteriis,
470 876 638 910 monachis
664 882 695 909 et
716 877 866 919 personis
886 886 971 908 nunc
996 881 1027 908 et

285 939 344 972 pro
370 934 515 973 tempore
547 929 782 971 existentibus,
808 934 843 962 ut
873 929 1024 962 omnibus

285 988 317 1015 et
332 982 467 1025 singulis
485 982 630 1022 indultis,
654 982 827 1022 favoribus,
849 982 1025 1025 exemptio-

286 1035 390 1075 nibus,
417 1036 527 1078 gratiis
545 1040 577 1068 et
596 1035 786 1078 privilegiis,
802 1036 1024 1078 spiritualibus

286 1089 463 1129 dumtaxat,
476 1089 579 1122 dictae
593 1089 845 1131 Congregationi
857 1088 1025 1121 Cassiuen-

286 1141 311 1173 si
330 1141 463 1184 eiusque
485 1142 702 1181 monasteriis,
722 1141 892 1174 monachis
908 1146 939 1174 et
957 1151 1025 1184 per-

287 1194 374 1226 sonis
414 1195 662 1236 quomodolibet
700 1196 865 1227 concessis
881 1222 888 1234 ,
926 1194 1023 1227 etiam

286 1247 437 1290 specifica
471 1252 502 1279 et
526 1247 692 1280 individua
725 1248 889 1280 mentione
915 1252 947 1280 et
974 1258 1024 1280 ex-

285 1300 457 1343 pressione
484 1300 600 1342 dignis,
620 1306 652 1333 et
672 1301 789 1343 quibus
808 1301 922 1333 eadem
947 1300 1024 1332 Con-

286 1353 431 1394 gregatio
455 1352 651 1385 Cassinensis
666 1353 800 1396 eiusque
814 1353 1022 1392 monasteria,

285 1405 438 1438 monachi
463 1411 494 1438 et
517 1416 674 1448 personae
696 1406 735 1439 de
752 1406 916 1448 praesenti
934 1410 1024 1437 utun-

286 1463 345 1498 tur,
368 1458 528 1498 fruuntur,
557 1458 725 1500 potiuntur
749 1463 781 1491 et
805 1459 960 1500 gaudent,
987 1469 1024 1491 ac

284 1511 348 1551 uti,
374 1510 456 1551 frui,
487 1510 584 1554 potiri
617 1515 649 1543 et
687 1512 828 1554 gaudere
860 1516 1020 1554 possunt,

285 1563 355 1606 pari
377 1563 474 1596 modo
504 1563 570 1603 uti,
596 1563 673 1603 frui,
700 1563 798 1606 potiri
825 1569 856 1596 et
881 1564 1022 1606 gaudere

286 1616 388 1649 libere
419 1621 451 1649 et
482 1616 569 1649 licite
603 1617 732 1660 possint
764 1622 795 1650 et
823 1618 963 1656 valeant,
991 1618 1022 1649 in

287 1669 438 1702 omnibus
475 1674 507 1701 et
531 1679 589 1712 per
622 1669 746 1709 omnia,
773 1670 908 1712 perinde
935 1680 970 1702 ac
996 1670 1021 1702 si

286 1720 421 1761 indulta,
448 1721 587 1761 favores,
619 1722 865 1765 exemptiones,
898 1723 1022 1765 gratiae

286 1779 319 1807 et
343 1773 512 1817 privilegia
540 1774 721 1817 spiritualia
745 1775 932 1808 huiusmodi
962 1775 1023 1818 ipsi

286 1827 537 1869 Congregationi
574 1827 748 1860 Bavaricae
785 1828 919 1871 eiusque
954 1839 1022 1860 mo-

286 1879 451 1919 nasteriis,
474 1880 644 1913 monachis
670 1885 701 1912 et
724 1880 873 1923 personis
900 1881 1023 1923 specia-

286 1931 362 1964 liter
395 1941 546 1965 concessa
573 1932 815 1975 reperirentur,
836 1933 905 1965 sine
932 1944 1024 1976 prae·

285 1983 405 2017 iudicio
431 1989 538 2018 tamen
564 1985 746 2027 gratiarum,
769 1985 966 2018 indultorum
993 1991 1024 2018 et

285 2037 529 2080 privilegiorum
554 2037 659 2070 eidem
684 2036 933 2080 congregationi
959 2038 1021 2071 Ba-

284 2089 411 2122 varicae
429 2100 446 2122 a
464 2089 652 2132 supradicto
674 2089 864 2123 Innocentio
888 2091 1024 2133 praede·

285 2152 424 2182 cessore,
442 2143 524 2175 sicut
541 2143 769 2186 praemittitur,
784 2154 1022 2184 concessorum,

286 2196 468 2238 apostolica
496 2196 702 2236 auctoritate,
729 2202 843 2230 tenore
871 2208 1025 2239 praesen-

286 2248 377 2288 tium,
404 2248 613 2281 concedimus
638 2255 670 2281 et
694 2249 914 2292 indulgemus.

329 2302 344 2344 ἓ
369 2301 398 2334 ⁶2.
423 2302 645 2335 Decernentes
672 2303 803 2336 easdem
834 2310 1024 2346 praesentes

285 2354 411 2387 litteras
435 2364 564 2398 semper
583 2354 702 2396 firmas,
719 2356 842 2388 validas
868 2362 900 2389 et
922 2358 1026 2389 effica-

286 2418 340 2440 ces
364 2407 504 2441 existere
529 2413 560 2440 et
584 2407 666 2448 sore,
694 2419 833 2452 suosque
857 2410 1025 2453 plenarios

287 2464 318 2492 et
335 2459 480 2502 integros
505 2460 638 2494 effeetus
662 2462 771 2494 sortiri
804 2467 836 2494 et
867 2463 1023 2503 obtinere,

286 2522 325 2544 ac
348 2512 434 2553 illis,
464 2514 504 2547 ad
531 2525 613 2557 quos
639 2520 763 2557 spectat
798 2520 828 2547 et
860 2526 919 2558 pro
949 2522 1024 2547 tem-

288 2575 368 2607 pore
393 2567 661 2610 quandocumque
687 2568 854 2610 spectabit,
873 2568 905 2600 in
924 2569 1025 2600 omni-

287 2617 347 2651 bus
365 2623 396 2650 et
411 2628 472 2661 per
496 2620 605 2652 omnia
628 2621 818 2663 plenissime
843 2620 1022 2664 suffragari,

1104 248 1149 271 ΧΠ
1171 248 1219 271 1²1³.
1705 241 1769 274 ⁶219

1071 300 1102 327 et
1125 296 1165 328 ab
1191 295 1237 328 eis
1255 296 1435 338 respective
1452 296 1684 331 inviolabiliter
1701 299 1813 331 obser-

1071 348 1159 388 vari,
1192 348 1305 391 sicque
1336 349 1367 380 in
1392 349 1582 392 praemissis
1619 361 1678 392 per
1709 361 1808 392 quos-

1070 411 1208 444 cumque
1244 401 1368 434 iudices
1405 402 1588 435 ordinarios
1618 408 1650 435 ct
1674 404 1808 444 delega-

1072 459 1138 491 tos,
1172 453 1268 486 etiam
1304 465 1472 487 causarum
1502 455 1612 497 palatii
1638 455 1811 497 apostolici

1070 506 1247 546 auditores,
1272 507 1411 540 iudicari
1441 515 1472 541 et
1503 506 1631 540 deliniri
1666 508 1808 547 debere,

1070 570 1107 591 ac
1130 559 1257 592 irritum
1276 566 1308 593 et
1325 561 1421 593 inane
1440 561 1464 593 si
1486 571 1579 593 secus
1598 571 1697 604 super
1722 561 1773 594 liis
1792 572 1810 594 a

1071 622 1247 655 quoquam,
1279 613 1389 656 quavis
1422 613 1639 653 auctoritate,
1671 614 1811 646 scienter

1070 666 1119 697 vel
1145 665 1346 708 ignoranter,
1368 666 1544 708 contigerit
1569 667 1735 699 attentari.

1114 718 1127 759 ἓ
1152 717 1183 751 3.
1211 718 1282 750 Non
1307 719 1511 751 obstantibus
1536 721 1649 752 nostra
1678 724 1710 751 ct
1735 730 1809 751 (331]-

1070 771 1221 803 cellariae
1241 771 1440 813 apostolicae
1457 773 1571 814 regula
1592 772 1631 805 de
1650 783 1714 804 non
1734 783 1810 805 con-

1070 824 1226 856 cedendis
1253 824 1464 866 indulgentiis
1482 826 1519 857 ad
1539 825 1652 865 instar,
1671 825 1808 869 aliisque

1069 876 1355 909 constitutionibus
1381 882 1412 909 et
1438 877 1698 911 ordinationibus
1727 890 1806 921 apo-

1069 929 1201 970 stolicis,
1220 940 1264 970 ae,
1276 936 1434 973 quatenus
1449 941 1530 974 opus
1547 931 1595 970 sit,
1610 931 1712 964 dictae
1731 931 1809 964 Con-

1069 982 1268 1025 gregationis
1294 983 1475 1023 Bavarieae,
1501 984 1610 1016 aliisve
1629 984 1806 1027 quibusvis,

1069 1035 1165 1067 etiam
1189 1035 1384 1075 iuramento,
1412 1035 1658 1069 confirmatione
1684 1042 1809 1079 aposto-

1068 1087 1139 1127 lica,
1160 1088 1210 1120 vel
1227 1088 1339 1131 quavis
1365 1087 1516 1121 firmitate
1543 1089 1605 1121 alia
1632 1090 1806 1129 roboratis,

1068 1141 1193 1173 statutis
1226 1147 1257 1173 et
1289 1142 1596 1181 consuetudinibus,
1628 1143 1807 1185 privilegiis

1069 1203 1212 1236 quoque,
1238 1193 1372 1226 indultis
1392 1200 1422 1227 et
1438 1194 1555 1227 litteris
1572 1195 1757 1237 apostolicis
1776 1196 1806 1228 in

1067 1246 1263 1278 contrarium
1288 1247 1539 1289 praemissorum
1561 1248 1807 1289 quomodolibet

1068 1299 1243 1337 concessis,
1270 1299 1468 1331 confirmatis
1487 1305 1517 1332 et
1537 1300 1717 1340 innovatis;
1739 1300 1806 1343 qui-

1067 1351 1126 1384 bus
1152 1352 1300 1384 omuibus
1327 1357 1358 1384 et
1383 1353 1532 1395 singulis,
1560 1353 1690 1386 illorum
1721 1360 1807 1386 teno-

1068 1414 1118 1436 res
1143 1404 1373 1447 praesentibus
1399 1416 1459 1447 pro
1485 1406 1581 1448 plene
1601 1411 1633 1438 et
1650 1406 1807 1439 sussicien-

1068 1463 1117 1490 ter
1141 1457 1300 1501 expressis
1326 1468 1360 1490 ac
1385 1458 1424 1491 ad
1450 1459 1583 1491 verbum
1608 1459 1736 1491 insertis
1754 1459 1807 1491 lta-

1067 1511 1200 1551 bentes,
1227 1510 1292 1543 illis
1317 1511 1395 1544 alias
1434 1511 1466 1543 in
1504 1521 1562 1543 suo
1588 1512 1709 1544 robore
1735 1522 1808 1554 per-

1067 1565 1226 1597 mansuris
1243 1591 1250 1605 ,
1278 1565 1317 1598 ad
1354 1565 1606 1608 praemissorum
1632 1565 1780 1598 ell‘ectum
1798 1591 1806 1605 ,

1068 1618 1127 1649 liae
1140 1618 1207 1650 vice
1223 1617 1397 1657 dumtaxat,
1414 1618 1598 1660 specialiter
1612 1623 1643 1650 et
1654 1628 1806 1660 expresse

1067 1671 1270 1712 derogamus3
1286 1670 1467 1714 ceterisque
1485 1670 1659 1704 contrariis
1677 1671 1806 1713 quibus-

1067 1733 1220 1767 cumque.

1110 1776 1224 1807 Datum
1250 1776 1388 1816 Romae,
1415 1777 1499 1818 apud
1525 1776 1556 1809 S.
1583 1777 1713 1809 Mariam
1744 1776 1805 1809 Ma—

1066 1828 1179 1866 iorem,
1205 1828 1263 1861 sub
1289 1830 1410 1861 annulo
1436 1829 1617 1869 Piscatoris,
1635 1829 1685 1861 die
1706 1839 1735 1861 xt
1753 1839 1806 1861 au-

1067 1881 1148 1923 gusti
1174 1891 1305 1921 iuncxct,
1332 1880 1542 1925 pontificatus
1556 1882 1660 1914 nostri
1679 1891 1801 1914 annot.

1102 1941 1160 1969 nat.
1177 1942 1222 1970 die
1238 1944 1266 1970 11
1285 1943 1390 1978 augusti
1409 1943 1486 1975 1691,
1508 1943 1604 1978 pontif.
1621 1951 1692 1969 anuo
1709 1948 1726 1968 1.

1418 2084 1455 2116 X.

1067 2161 1260 2196 Conceditur
1284 2162 1496 2205 {intumentia
1517 2163 1672 2206 plenaria
1695 2174 1805 2207 perpe-

1111 2219 1168 2247 tua
1205 2215 1345 2247 ecclesiis
1369 2215 1514 2257 fratrum
1545 2216 1577 2248 S.
1607 2216 1742 2248 Iocimzis
1767 2216 1805 2248 cle

1110 2267 1185 2308 Deo,
1206 2267 1258 2300 die
1282 2278 1337 2300 vnt
1358 2267 1507 2301 niarlz'i⁴.

1242 2348 1440 2375 Innocentius
1462 2349 1541 2382 Papa
1561 2349 1625 2382 xn,

1185 2391 1222 2418 ad
1242 2395 1419 2425 perpetuam
1438 2392 1482 2420 rei
1502 2394 1684 2420 memoriam.

1110 2462 1304 2495 Caelestium
1329 2473 1501 2496 munerum
1528 2464 1709 2504 thesauros,
1729 2474 1805 2507 quo-

1069 2526 1136 2548 rum
1163 2515 1402 2558 dispensatores
1423 2527 1481 2549 nos
1499 2527 1569 2550 esse
1588 2517 1686 2550 voluit
1709 2518 1805 2549 Altis-

1105 2587 1113 2612 1
1138 2585 1174 2612 De
1195 2586 1245 2611 hac
1260 2585 1430 2620 indulgentia
1449 2586 1510 2613 vide
1530 2587 1635 2613 Bullam
1656 2587 1802 2613 canoniza-

1068 2630 1156 2666 tionis,
1178 2634 1262 2657 coust.
1281 2631 1323 2658 ed.
1341 2638 1450 2662 nncxci,
1472 2631 1514 2658 die
1533 2632 1568 2658 15
1587 2631 1655 2665 iulii,
1670 2631 1765 2667 pontif.
1783 2637 1800 2659 t.

1817 252 1864 279 An.
1886 252 1915 278 C.
1936 251 1997 280 15¹3:

1889 729 2003 754 nummio

1820 758 1981 779 contrariarum.

1839 2471 1961 2495 Exordium.
