2227 3225
132 184 180 209 An.
202 182 230 209 C.
250 182 313 208 ¹807

902 178 1108 201 mxotitsztt'S
1135 178 1177 200 ΧΗ
1203 179 1248 200 PP.

326 235 373 264 est
400 229 605 264 Christianae
626 227 796 270 rcIi9i0nis
820 226 1060 268 catholicaeque

324 284 401 327 fidei
431 281 678 326 propaqatimzis
712 291 806 324 opus,
833 284 890 312 ele.
924 280 990 321 (die
1017 288 1060 312 vn

325 336 404 369 iunii
429 343 588 369 MDCLxxlv
614 333 652 366 de
682 333 888 377 particularis
912 332 1057 375 Congre-

301 411 305 415 -
325 388 465 433 gationis
492 394 568 421 tunc
592 387 799 421 existentium
824 386 854 420 S.
875 386 912 419 R.
935 386 969 418 E.
993 396 1061 418 car-

326 441 482 475 dinalium
521 440 661 484 negotiis
699 440 929 484 Propagandae
972 438 1060 472 Fidei

326 495 586 539 praepositorum
609 505 706 538 super
724 494 820 527 rebus
845 493 991 526 Sinarum
1008 492 1063 525 de·-

325 553 455 591 putatae
483 547 618 581 consilio
650 548 840 590 emanatas),
869 545 1061 579 auctoritate

326 601 503 645 apostolica
529 601 756 641 declaraverit,
776 601 944 645 episcopos
965 599 1062 633 India-

326 665 407 695 rum,
432 654 635 698 aliarumque
668 655 804 698 partium
833 654 981 691 Orientis,
1008 663 1063 686 eo-

326 717 463 750 rumque
480 707 648 740 ministros
665 713 696 740 et
713 707 867 741 officiales
884 717 949 740 non
968 716 1062 749 posse

327 771 387 794 nec
404 760 525 794 debere
547 771 698 794 exercere
717 767 805 793 actus
827 759 1064 792 iurisdictiona-

326 814 373 847 les
397 824 497 857 super
521 813 659 847 vicarios
684 813 882 857 apostolicos
907 812 947 844 ad
964 822 1063 854 regna

326 876 382 899 seu
414 865 599 909 provincias
624 865 764 899 Orientis
800 875 858 908 pro
894 864 1063 907 religionis

326 925 359 952 et
382 918 454 953 fidei
481 919 665 953 huiusmodi
691 918 926 963 propagatione
947 918 986 951 ab
1004 918 1065 950 hac

326 972 440 1006 Sancta
464 973 545 1007 Sede
571 973 757 1017 Apostoliea
783 973 896 1006 missos
929 972 1064 1016 (quippe

327 1025 473 1059 eiusdem
504 1025 641 1059 Sanctae
673 1025 765 1059 Sedis
797 1025 978 1069 delegatos)
1012 1035 1065 1058 co-

327 1090 464 1123 rumque
490 1079 656 1122 operarios
681 1078 713 1112 in
738 1079 914 1123 provinciis
940 1079 1001 1112 sibi
1020 1090 1065 1112 as-

327 1131 472 1175 signatis,
498 1132 556 1165 sed
582 1132 699 1165 iisdem
724 1132 853 1166 vicariis
879 1133 1066 1177 apostolicis

328 1186 431 1219 dictae
455 1184 547 1218 Sedis
573 1184 731 1228 delegatis
748 1185 780 1218 in
800 1185 974 1229 praedietis
991 1196 1066 1229 pro-

327 1238 441 1272 vinciis
477 1237 737 1271 iurisdietionem
770 1238 924 1281 privative
959 1239 1064 1281 quoad

327 1300 438 1323 omnes
463 1293 659 1332 competere,
679 1288 782 1321 donec
802 1288 897 1322 aliter
917 1288 1029 1322 suisset
1049 1302 1066 1322 a

327 1342 589 1386 Congregatione
625 1342 816 1375 eorumdem
853 1342 1064 1376 cardinalium

328 1397 550 1436 (leclaratum3
577 1405 613 1427 ac
637 1400 900 1428 contraventores
926 1406 965 1429 eo
993 1395 1065 1440 ipso

328 1449 360 1481 in
374 1458 498 1492 poenas
513 1447 863 1481 excommunicationis
878 1454 907 1481 et
922 1448 1066 1490 indigna-

328 1501 423 1534 tionis
448 1500 584 1534 Romani
612 1500 775 1534 Pontificis
801 1500 973 1533 incurrisse
992 1510 1066 1533 een-

326 1553 389 1587 seri
407 1553 605 1594 decreverit,
624 1558 656 1586 et
672 1550 759 1593 alias,
778 1558 873 1597 prout
892 1554 925 1586 in
943 1553 1066 1587 eisdem

327 1605 464 1647 litteris,
490 1616 626 1650 quarum
658 1602 805 1640 tenorem
841 1606 1066 1650 praesentibus

327 1669 387 1704 pro
423 1660 520 1703 plene
553 1664 583 1693 et
616 1658 816 1699 sufficienter
852 1670 1006 1703 expresso
1031 1670 1067 1693 ac

329 1713 369 1746 de
390 1712 488 1746 verbo
512 1712 552 1745 ad
577 1712 712 1746 verbum
738 1712 862 1746 inserto
888 1713 1000 1746 haberi
1020 1724 1067 1747 vo-

329 1766 448 1806 tumus,
461 1765 596 1798 uberius
621 1765 828 1806 continetur3
851 1766 1067 1800 nihilominus

329 1815 536 1852 venerabiles
567 1818 683 1851 fratres
715 1818 864 1852 moderni
889 1819 1068 1863 archiepis-

331 1882 433 1916 copus
453 1870 645 1912 Goanensis,
665 1881 792 1904 necnon
811 1871 1067 1916 Meliaporensis‚

331 1925 606 1968 Cranganorensis
631 1930 663 1958 et
687 1924 893 1959 Coccinensis
911 1927 1068 1970 episcopi,

331 1979 398 2012 sive
419 1978 528 2022 potius
553 1978 684 2012 illorum
708 1977 849 2011 ministri
869 1983 900 2011 et
917 1979 1070 2012 officiales

331 2032 363 2065 in
389 2031 500 2074 regnis
519 2031 558 2065 de
574 2031 733 2072 Malean„
757 2031 940 2065 Goleandae
959 2038 990 2065 ct
1015 2033 1070 2065 Ma-

331 2084 385 2128 gni
420 2084 556 2127 Mogolis
580 2084 613 2117 in
646 2084 746 2118 Indiis
776 2084 1011 2126 Orientalibus,
1039 2086 1069 2118 in

331 2137 449 2181 quibus
472 2136 578 2180 nu‘per
601 2136 825 2171 venerabilem
859 2138 989 2171 fratrem
1015 2139 1072 2172 Pe-

332 2195 416 2223 trum
431 2189 563 2223 Paulum
582 2189 864 2234 archiepiscopum
879 2191 1072 2225 Anciranen-

333 2252 399 2276 sem
424 2242 578 2276 vicarium
599 2243 813 2286 apostolieum
839 2254 911 2277 eum
938 2245 1073 2278 diversis

334 2295 540 2329 facultatibus
566 2301 598 2329 et
614 2295 748 2330 indultis
766 2297 1000 2340 deputavimus,
1014 2298 1073 2331 sub

335 2348 471 2382 diversis
484 2348 703 2392 praetextibus
716 2348 973 2384 iurisdictionem
989 2361 1075 2384 exer-

335 2412 409 2435 cere
422 2401 656 2446 praetendant:
676 2402 753 2436 hine
771 2408 820 2436 est
837 2404 924 2447 quod
943 2414 1013 2446 nos,
1029 2415 1075 2438 su-

337 2455 498 2498 pradictas
518 2455 693 2489 Clementis
713 2457 977 2500 praedecessoris
995 2458 1075 2491 litte-

337 2517 390 2541 ras
407 2508 518 2542 stricte
539 2514 571 2543 et
587 2509 781 2543 inconcusse
799 2510 978 2552 observari,
1004 2523 1076 2546 nec-

337 2572 401 2595 non
431 2561 530 2605 ipsius
550 2562 635 2596 Petri
660 2563 750 2597 Pauli
781 2564 1022 2609 archiepiscopi
1045 2571 1076 2599 et

421 2625 501 2654 Buta.
518 2625 602 2654 Rom.
622 2640 656 2647 -
680 2627 740 2654 Vol.
761 2628 820 2655 XX.
965 2627 999 2654 98

1740 165 1800 175 ν-ν-νι

1102 225 1210 258 viearii
1241 224 1412 268 apostolici
1444 224 1580 267 eiusque
1613 223 1837 266 operariorum

1103 277 1214 320 quieti,
1228 281 1381 320 quantum
1396 276 1491 309 nobis
1506 287 1541 308 ex
1558 276 1623 308 alto
1638 274 1836 315 conceditur,

1103 331 1293 374 prospicere
1308 329 1484 373 cupientes,
1500 329 1539 362 de
1556 329 1783 362 nonnullorum
1801 338 1836 361 ex

1104 382 1345 416 venerabilibus
1355 381 1506 415 fratribus
1519 382 1640 414 nostris
1651 381 1763 414 SRE.
1776 391 1839 414 car-

1105 436 1266 470 dinalibus
1301 434 1571 478 Congregationis
1606 434 1838 477 Propagandae

1104 488 1194 522 Fidei
1219 488 1360 532 negotiis
1385 487 1590 532 praepositae
1624 497 1720 530 super
1744 487 1839 519 rebus

1105 543 1291 576 earumdem
1310 542 1472 575 Indiarum
1486 541 1695 575 Orientalium
1714 550 1730 572 a
1748 540 1840 573 nobis

1104 596 1290 639 specialiter
1307 596 1533 640 deputatorum
1550 593 1698 634 consilio,
1710 593 1840 626 eosdem

1105 650 1278 682 modernos
1304 655 1335 681 et
1358 659 1417 692 pro
1443 654 1590 692 tempore
1608 646 1779 680 existentes
1794 656 1842 679 ar-

1105 701 1352 745 chiepiscopum
1383 700 1595 741 Goanensem,
1625 709 1753 732 necnon
1780 698 1842 731 Me-

1106 755 1335 797 liaporensern,
1362 754 1661 796 Cranganorensem
1688 758 1719 785 et
1735 751 1843 785 Cocci-

1106 818 1240 840 nensem
1267 807 1449 850 episcopos,
1472 807 1585 839 barum
1604 805 1688 838 serie
1707 810 1842 849 paterne

1106 871 1285 900 monemus,
1312 861 1424 904 cisque
1450 860 1642 893 auctoritate
1667 859 1843 903 apostoliea

1107 913 1138 946 iu
1163 913 1280 946 virtute
1307 918 1435 947 sanetae
1462 912 1668 946 obedientiae
1688 911 1843 955 praecipi-

1107 978 1176 1000 mus
1203 973 1233 1000 et
1268 967 1460 1000 mandamus
1485 972 1519 999 ut
1544 966 1645 999 dietas
1669 964 1843 999 Clementis

1108 1021 1370 1065 praedecessoris
1386 1020 1510 1054 litteras
1528 1025 1559 1053 et
1580 1020 1611 1053 in
1630 1019 1676 1053 eis
1693 1023 1844 1052 contenta

1108 1085 1341 1118 quaecumque,
1369 1074 1427 1106 sub
1452 1074 1568 1117 poenis
1592 1073 1624 1106 in
1650 1072 1766 1106 litteris
1791 1072 1844 1104 liu-

1108 1127 1248 1161 iusmodi
1269 1127 1443 1171 expressis²
1462 1132 1570 1159 exacte
1596 1131 1626 1159 et
1652 1125 1846 1158 inviolabili-

1110 1185 1158 1213 ter
1182 1181 1363 1219 observent,
1379 1191 1414 1212 ac
1440 1178 1600 1212 observari
1623 1183 1738 1211 curent
1755 1183 1783 1210 et
1804 1177 1846 1210 sa-

1109 1234 1213 1274 ciant,
1232 1232 1374 1266 districte
1392 1238 1567 1276 propterea
1586 1231 1773 1264 inhibentes
1787 1231 1845 1270 eis,

1109 1292 1140 1319 et
1161 1297 1219 1329 per
1243 1286 1332 1329 ipsos
1357 1285 1509 1318 omnibus
1534 1285 1664 1318 illorum
1690 1283 1846 1316 ministris

1108 1346 1140 1372 et
1164 1338 1355 1371 officialibus
1380 1348 1581 1381 quocumque
1609 1337 1739 1370 nomine
1765 1347 1846 1369 uun-

1108 1392 1241 1435 eupatis‚
1268 1402 1318 1431 ne,
1335 1392 1395 1423 sub
1422 1391 1532 1434 queris
1557 1390 1704 1434 quaesito
1722 1390 1844 1429 colore,

1107 1450 1288 1488 praetextu,
1313 1445 1406 1476 eausa
1432 1445 1479 1476 vvl
1502 1442 1685 1482 occasione,
1714 1443 1797 1474 ullos
1815 1441 1846 1474 in

1108 1497 1218 1539 regnis
1236 1497 1275 1530 de
1293 1496 1448 1537 tdatoan„
1475 1495 1660 1529 Goleandac
1687 1500 1718 1527 et
1742 1495 1847 1537 Magni

1108 1549 1242 1592 Mogolis
1258 1548 1451 1593 supradietis
1466 1548 1741 1581 iurisdietionales
1759 1553 1846 1580 aetus

1109 1613 1273 1644 exercere,
1301 1608 1354 1635 aut
1378 1602 1458 1635 inibi
1485 1602 1631 1635 eiusdem
1655 1602 1740 1635 Petri
1760 1602 1847 1635 Pauli

1109 1656 1348 1700 archiepiscopi
1373 1666 1429 1689 sen
1458 1666 1517 1699 pro
1545 1660 1690 1699 tempore
1709 1655 1849 1688 existen-

1111 1709 1148 1742 tis
1174 1710 1205 1742 in
1234 1709 1342 1752 regnis
1371 1708 1558 1742 huiusmodi
1587 1707 1695 1741 vicarii
1723 1713 1849 1752 aposto-

1110 1763 1163 1796 lici
1190 1762 1325 1806 eiusque
1357 1762 1584 1806 operariorum
1614 1761 1850 1795 iurisdictionis

1111 1815 1302 1849 exercitium
1328 1815 1488 1859 impedire
1507 1815 1644 1848 audeant
1661 1814 1772 1858 quovis
1788 1825 1849 1847 mo-

1112 1869 1152 1902 do
1177 1879 1233 1902 seu
1252 1874 1470 1912 praesumant,
1488 1868 1593 1901 donee
1611 1867 1704 1901 aliter
1722 1879 1738 1900 a
1757 1878 1850 1911 prae·

1113 1922 1197 1955 dicta
1221 1922 1482 1965 Congregatione
1516 1921 1729 1954 cardinalium
1755 1920 1853 1953 suerit

1113 1975 1311 2008 ordinatmn.

1157 2028 1220 2072 §CL
1241 2029 1470 2069 Decernentes‚
1491 2029 1575 2073 ipsas
1593 2033 1782 2072 praesentes
1800 2029 1853 2062 lit-

1116 2086 1199 2115 teras
1226 2082 1346 2122 ssrmas,
1363 2082 1482 2114 validas
1500 2088 1531 2115 et
1548 2082 1692 2115 efficaces
1713 2082 1853 2116 existere

1115 2141 1147 2168 et
1172 2135 1261 2176 sore,
1295 2146 1433 2178 suosque
1458 2135 1624 2179 plenarios
1651 2140 1682 2168 et
1706 2135 1853 2179 integros

1116 2187 1246 2222 effeetus
1283 2188 1395 2222 sortiri
1431 2194 1462 2221 et
1486 2188 1653 2230 obtinere,
1688 2189 1798 2233 sieque
1824 2194 1856 2224 et

1115 2253 1181 2276 non
1195 2242 1290 2275 aliter
1307 2243 1339 2275 in
1358 2242 1544 2286 praemissis
1560 2253 1620 2286 per
1633 2253 1856 2287 quoscumque

1116 2296 1240 2330 indices
1264 2296 1449 2330 ordinarios
1484 2302 1516 2330 et
1541 2297 1729 2339 delegatos,
1758 2297 1855 2331 etiam

1116 2361 1284 2384 causarum
1302 2350 1413 2394 palatii
1432 2351 1601 2394 apostolici
1624 2351 1801 2393 auditores,
1825 2362 1857 2384 a·

1116 2404 1219 2438 liosve
1232 2403 1397 2447 quoslibet
1413 2414 1617 2447 quacumque
1635 2404 1858 2447 praeeminen-

1118 2458 1161 2491 tia
1186 2463 1218 2491 et
1234 2462 1394 2501 potestate
1414 2458 1588 2500 fungentes
1610 2462 1642 2489 et
1668 2457 1876 2498 t'uncturosf

1118 2511 1244 2545 sublata
1257 2510 1302 2544 eis
1317 2516 1349 2544 et
1365 2521 1478 2544 eorum
1492 2510 1625 2544 cuilibet
1643 2511 1752 2553 quavis
1765 2510 1858 2543 aliter

1118 2564 1284 2598 iudicandi
1313 2569 1345 2598 et
1375 2563 1614 2608 interpretandi
1645 2563 1796 2597 facultate
1826 2569 1859 2597 et

1744 176 1797 198 ΑΗ
1848 173 1897 200 An.
1916 172 1943 199 C.
1963 171 2028 199 ¹697

1890 2037 2011 2059 Clausulas.
