<?xml version="1.0" encoding="UTF-8"?>
<!DOCTYPE html PUBLIC "-//W3C//DTD XHTML 1.0 Transitional//EN"
    "http://www.w3.org/TR/xhtml1/DTD/xhtml1-transitional.dtd">
<html xmlns="http://www.w3.org/1999/xhtml" xml:lang="en" lang="en">
 <head>
  <title>
</title>
<meta http-equiv="Content-Type" content="text/html;charset=utf-8" />
  <meta name='ocr-system' content='tesseract 3.04.00' />
  <meta name='ocr-capabilities' content='ocr_page ocr_carea ocr_par ocr_line ocrx_word'/>
</head>
<body>
  <div class='ocr_page' id='page_1' title='image "./bullarumdiplomat20cath_0573.png"; bbox 0 0 2227 3225; ppageno 0'>
   <div class='ocr_carea' id='block_1_1' title="bbox 132 170 317 199">
    <p class='ocr_par' dir='ltr' id='par_1_1' title="bbox 132 170 317 199">
     <span class='ocr_line' id='line_1_1' title="bbox 132 170 317 199; baseline 0.011 -3"><span class='ocrx_word' id='word_1_1' title='bbox 132 174 181 198; x_wconf 76' lang='grc' dir='ltr'><strong>Λιι,</strong></span> <span class='ocrx_word' id='word_1_2' title='bbox 203 170 230 198; x_wconf 85' lang='lat' dir='ltr'>C.</span> <span class='ocrx_word' id='word_1_3' title='bbox 252 174 317 199; x_wconf 63' lang='lat' dir='ltr'>trra</span> 
     </span>
    </p>
   </div>
   <div class='ocr_carea' id='block_1_2' title="bbox 132 1552 314 1602">
    <p class='ocr_par' dir='ltr' id='par_1_2' title="bbox 132 1552 314 1602">
     <span class='ocr_line' id='line_1_2' title="bbox 163 1552 314 1575; baseline -0.013 0"><span class='ocrx_word' id='word_1_4' title='bbox 163 1553 243 1575; x_wconf 59' lang='lat' dir='ltr'>statuit</span> <span class='ocrx_word' id='word_1_5' title='bbox 257 1554 280 1574; x_wconf 79' lang='lat' dir='ltr'>ut</span> <span class='ocrx_word' id='word_1_6' title='bbox 295 1552 314 1573; x_wconf 88' lang='lat' dir='ltr'>in</span> 
     </span>
     <span class='ocr_line' id='line_1_3' title="bbox 132 1581 227 1602; baseline -0.011 0"><span class='ocrx_word' id='word_1_7' title='bbox 132 1581 227 1602; x_wconf 62' lang='lat' dir='ltr'>rubrica.</span> 
     </span>
    </p>
   </div>
   <div class='ocr_carea' id='block_1_3' title="bbox 909 166 1257 191">
    <p class='ocr_par' dir='ltr' id='par_1_3' title="bbox 909 166 1257 191">
     <span class='ocr_line' id='line_1_4' title="bbox 909 166 1257 191; baseline -0.003 -1"><span class='ocrx_word' id='word_1_8' title='bbox 909 167 1116 191; x_wconf 67' lang='lat' dir='ltr'>INXOCFNTH&#39;S</span> <span class='ocrx_word' id='word_1_9' title='bbox 1141 166 1185 189; x_wconf 65' lang='lat' dir='ltr'>KH</span> <span class='ocrx_word' id='word_1_10' title='bbox 1209 167 1257 189; x_wconf 70' lang='lat' dir='ltr'>FP.</span> 
     </span>
    </p>
   </div>
   <div class='ocr_carea' id='block_1_4' title="bbox 324 215 1066 2593">
    <p class='ocr_par' dir='ltr' id='par_1_4' title="bbox 325 215 1066 1522">
     <span class='ocr_line' id='line_1_5' title="bbox 329 215 1062 259; baseline -0.011 -5"><span class='ocrx_word' id='word_1_11' title='bbox 329 221 452 254; x_wconf 86' lang='lat' dir='ltr'>ciorum</span> <span class='ocrx_word' id='word_1_12' title='bbox 466 219 636 251; x_wconf 79' lang='lat' dir='ltr'>venalitate</span> <span class='ocrx_word' id='word_1_13' title='bbox 648 217 697 259; x_wconf 85' lang='lat' dir='ltr'>(ae</span> <span class='ocrx_word' id='word_1_14' title='bbox 711 217 735 248; x_wconf 83' lang='lat' dir='ltr'>si</span> <span class='ocrx_word' id='word_1_15' title='bbox 752 216 901 248; x_wconf 89' lang='lat' dir='ltr'>nimirum</span> <span class='ocrx_word' id='word_1_16' title='bbox 913 215 1062 258; x_wconf 80' lang='lat' dir='ltr'>pretium,</span> 
     </span>
     <span class='ocr_line' id='line_1_6' title="bbox 328 267 1063 315; baseline -0.007 -12"><span class='ocrx_word' id='word_1_17' title='bbox 328 283 390 315; x_wconf 89' lang='lat' dir='ltr'>quo</span> <span class='ocrx_word' id='word_1_18' title='bbox 416 273 496 304; x_wconf 72' lang='lat' dir='ltr'>alias</span> <span class='ocrx_word' id='word_1_19' title='bbox 521 271 665 313; x_wconf 70' lang='lat' dir='ltr'>praelata</span> <span class='ocrx_word' id='word_1_20' title='bbox 690 269 794 301; x_wconf 86' lang='lat' dir='ltr'>ossicia</span> <span class='ocrx_word' id='word_1_21' title='bbox 818 267 1063 305; x_wconf 73' lang='lat' dir='ltr'>vendebantur,</span> 
     </span>
     <span class='ocr_line' id='line_1_7' title="bbox 328 319 1064 368; baseline -0.008 -11"><span class='ocrx_word' id='word_1_22' title='bbox 328 324 398 368; x_wconf 89' lang='lat' dir='ltr'>spei</span> <span class='ocrx_word' id='word_1_23' title='bbox 423 323 590 357; x_wconf 84' lang='lat' dir='ltr'>cuiusdam</span> <span class='ocrx_word' id='word_1_24' title='bbox 610 322 647 354; x_wconf 93' lang='lat' dir='ltr'>ad</span> <span class='ocrx_word' id='word_1_25' title='bbox 666 321 798 354; x_wconf 78' lang='lat' dir='ltr'>altiores</span> <span class='ocrx_word' id='word_1_26' title='bbox 818 319 978 353; x_wconf 75' lang='lat' dir='ltr'>Ecclesiae</span> <span class='ocrx_word' id='word_1_27' title='bbox 998 329 1064 361; x_wconf 82' lang='lat' dir='ltr'>gra-</span> 
     </span>
     <span class='ocr_line' id='line_1_8' title="bbox 328 372 1064 416; baseline -0.008 -6"><span class='ocrx_word' id='word_1_28' title='bbox 328 378 387 410; x_wconf 88' lang='lat' dir='ltr'>dus</span> <span class='ocrx_word' id='word_1_29' title='bbox 412 375 611 409; x_wconf 86' lang='lat' dir='ltr'>ascendendi</span> <span class='ocrx_word' id='word_1_30' title='bbox 628 384 753 407; x_wconf 79' lang='lat' dir='ltr'><strong>merces</strong></span> <span class='ocrx_word' id='word_1_31' title='bbox 773 378 867 413; x_wconf 89' lang='lat' dir='ltr'>esset,</span> <span class='ocrx_word' id='word_1_32' title='bbox 885 372 971 416; x_wconf 92' lang='lat' dir='ltr'>iique</span> <span class='ocrx_word' id='word_1_33' title='bbox 989 382 1064 415; x_wconf 88' lang='lat' dir='ltr'>pro-</span> 
     </span>
     <span class='ocr_line' id='line_1_9' title="bbox 326 425 1063 474; baseline -0.008 -11"><span class='ocrx_word' id='word_1_34' title='bbox 326 435 442 474; x_wconf 87' lang='lat' dir='ltr'>pterea</span> <span class='ocrx_word' id='word_1_35' title='bbox 475 428 631 472; x_wconf 86' lang='lat' dir='ltr'>pecuniae</span> <span class='ocrx_word' id='word_1_36' title='bbox 664 430 773 471; x_wconf 90' lang='lat' dir='ltr'>potius</span> <span class='ocrx_word' id='word_1_37' title='bbox 809 436 903 469; x_wconf 88' lang='lat' dir='ltr'>quam</span> <span class='ocrx_word' id='word_1_38' title='bbox 936 425 1063 458; x_wconf 85' lang='lat' dir='ltr'>virtutis</span> 
     </span>
     <span class='ocr_line' id='line_1_10' title="bbox 327 481 1063 520; baseline -0.008 -4"><span class='ocrx_word' id='word_1_39' title='bbox 327 483 445 516; x_wconf 85' lang='lat' dir='ltr'>intuitu</span> <span class='ocrx_word' id='word_1_40' title='bbox 478 481 578 514; x_wconf 88' lang='lat' dir='ltr'>tribui</span> <span class='ocrx_word' id='word_1_41' title='bbox 613 481 822 520; x_wconf 80' lang='lat' dir='ltr'>viderentur·,</span> <span class='ocrx_word' id='word_1_42' title='bbox 852 489 924 512; x_wconf 83' lang='lat' dir='ltr'>cum</span> <span class='ocrx_word' id='word_1_43' title='bbox 957 483 1063 511; x_wconf 88' lang='lat' dir='ltr'>tamen</span> 
     </span>
     <span class='ocr_line' id='line_1_11' title="bbox 327 531 1064 578; baseline -0.008 -9"><span class='ocrx_word' id='word_1_44' title='bbox 327 546 439 570; x_wconf 84' lang='lat' dir='ltr'>revera</span> <span class='ocrx_word' id='word_1_45' title='bbox 466 535 605 578; x_wconf 88' lang='lat' dir='ltr'>pretium</span> <span class='ocrx_word' id='word_1_46' title='bbox 631 533 814 567; x_wconf 88' lang='lat' dir='ltr'>huiusmodi</span> <span class='ocrx_word' id='word_1_47' title='bbox 839 531 968 564; x_wconf 88' lang='lat' dir='ltr'>nonnisi</span> <span class='ocrx_word' id='word_1_48' title='bbox 993 531 1064 574; x_wconf 92' lang='lat' dir='ltr'>pin-</span> 
     </span>
     <span class='ocr_line' id='line_1_12' title="bbox 328 585 1066 633; baseline -0.007 -11"><span class='ocrx_word' id='word_1_49' title='bbox 328 590 438 633; x_wconf 80' lang='lat' dir='ltr'>guium</span> <span class='ocrx_word' id='word_1_50' title='bbox 453 594 677 632; x_wconf 78' lang='lat' dir='ltr'>proventuum,</span> <span class='ocrx_word' id='word_1_51' title='bbox 691 587 745 630; x_wconf 89' lang='lat' dir='ltr'>qui</span> <span class='ocrx_word' id='word_1_52' title='bbox 765 596 799 619; x_wconf 81' lang='lat' dir='ltr'>ex</span> <span class='ocrx_word' id='word_1_53' title='bbox 815 585 928 618; x_wconf 83' lang='lat' dir='ltr'>officiis</span> <span class='ocrx_word' id='word_1_54' title='bbox 942 585 1066 628; x_wconf 88' lang='lat' dir='ltr'>praedi-</span> 
     </span>
     <span class='ocr_line' id='line_1_13' title="bbox 328 639 1062 686; baseline -0.008 -10"><span class='ocrx_word' id='word_1_55' title='bbox 328 643 388 676; x_wconf 89' lang='lat' dir='ltr'>ctis</span> <span class='ocrx_word' id='word_1_56' title='bbox 413 642 688 686; x_wconf 74' lang='lat' dir='ltr'>percipiebantur,</span> <span class='ocrx_word' id='word_1_57' title='bbox 714 639 936 683; x_wconf 72' lang='lat' dir='ltr'>compensatio</span> <span class='ocrx_word' id='word_1_58' title='bbox 961 639 1062 679; x_wconf 83' lang='lat' dir='ltr'>soret,</span> 
     </span>
     <span class='ocr_line' id='line_1_14' title="bbox 327 692 1061 740; baseline -0.008 -10"><span class='ocrx_word' id='word_1_59' title='bbox 327 706 435 740; x_wconf 89' lang='lat' dir='ltr'>neque</span> <span class='ocrx_word' id='word_1_60' title='bbox 460 695 492 729; x_wconf 93' lang='lat' dir='ltr'>id</span> <span class='ocrx_word' id='word_1_61' title='bbox 516 705 658 738; x_wconf 89' lang='lat' dir='ltr'>unquam</span> <span class='ocrx_word' id='word_1_62' title='bbox 695 693 927 736; x_wconf 82' lang='lat' dir='ltr'>impedimento</span> <span class='ocrx_word' id='word_1_63' title='bbox 953 692 1061 732; x_wconf 87' lang='lat' dir='ltr'>suerit,</span> 
     </span>
     <span class='ocr_line' id='line_1_15' title="bbox 328 747 1063 793; baseline -0.008 -11"><span class='ocrx_word' id='word_1_64' title='bbox 328 749 600 793; x_wconf 77' lang='lat' dir='ltr'>quemadmodum</span> <span class='ocrx_word' id='word_1_65' title='bbox 630 747 832 792; x_wconf 74' lang='lat' dir='ltr'>experientia</span> <span class='ocrx_word' id='word_1_66' title='bbox 862 750 1063 788; x_wconf 85' lang='lat' dir='ltr'>compertum</span> 
     </span>
     <span class='ocr_line' id='line_1_16' title="bbox 328 798 1064 845; baseline -0.007 -10"><span class='ocrx_word' id='word_1_67' title='bbox 328 807 385 843; x_wconf 86' lang='lat' dir='ltr'>est,</span> <span class='ocrx_word' id='word_1_68' title='bbox 406 800 501 845; x_wconf 76' lang='lat' dir='ltr'>quin¹</span> <span class='ocrx_word' id='word_1_69' title='bbox 522 801 555 841; x_wconf 94' lang='lat' dir='ltr'>ii,</span> <span class='ocrx_word' id='word_1_70' title='bbox 573 801 626 844; x_wconf 90' lang='lat' dir='ltr'>qui</span> <span class='ocrx_word' id='word_1_71' title='bbox 647 810 761 833; x_wconf 88' lang='lat' dir='ltr'>eorum</span> <span class='ocrx_word' id='word_1_72' title='bbox 785 798 909 831; x_wconf 81' lang='lat' dir='ltr'>eximiis</span> <span class='ocrx_word' id='word_1_73' title='bbox 933 798 977 831; x_wconf 89' lang='lat' dir='ltr'>ita</span> <span class='ocrx_word' id='word_1_74' title='bbox 1001 798 1064 831; x_wconf 74' lang='lat' dir='ltr'>exi-</span> 
     </span>
     <span class='ocr_line' id='line_1_17' title="bbox 327 851 1063 898; baseline -0.007 -10"><span class='ocrx_word' id='word_1_75' title='bbox 327 855 480 898; x_wconf 82' lang='lat' dir='ltr'>gentibus</span> <span class='ocrx_word' id='word_1_76' title='bbox 506 853 630 887; x_wconf 87' lang='lat' dir='ltr'>meritis</span> <span class='ocrx_word' id='word_1_77' title='bbox 649 864 666 885; x_wconf 90' lang='lat' dir='ltr'>a</span> <span class='ocrx_word' id='word_1_78' title='bbox 685 852 874 885; x_wconf 87' lang='lat' dir='ltr'>memoratis</span> <span class='ocrx_word' id='word_1_79' title='bbox 892 851 1006 884; x_wconf 79' lang='lat' dir='ltr'>officiis</span> <span class='ocrx_word' id='word_1_80' title='bbox 1024 852 1063 884; x_wconf 91' lang='lat' dir='ltr'>ad</span> 
     </span>
     <span class='ocr_line' id='line_1_18' title="bbox 327 904 1064 947; baseline -0.005 -6"><span class='ocrx_word' id='word_1_81' title='bbox 327 907 534 941; x_wconf 76' lang='lat' dir='ltr'>sublimiores</span> <span class='ocrx_word' id='word_1_82' title='bbox 559 905 662 939; x_wconf 75' lang='lat' dir='ltr'>evecti</span> <span class='ocrx_word' id='word_1_83' title='bbox 688 909 763 938; x_wconf 90' lang='lat' dir='ltr'>sunt</span> <span class='ocrx_word' id='word_1_84' title='bbox 788 904 981 947; x_wconf 80' lang='lat' dir='ltr'>dignitates,</span> <span class='ocrx_word' id='word_1_85' title='bbox 1010 914 1064 937; x_wconf 92' lang='lat' dir='ltr'>un-</span> 
     </span>
     <span class='ocr_line' id='line_1_19' title="bbox 327 957 1064 1004; baseline -0.004 -11"><span class='ocrx_word' id='word_1_86' title='bbox 327 961 498 1004; x_wconf 84' lang='lat' dir='ltr'>dequaque</span> <span class='ocrx_word' id='word_1_87' title='bbox 522 958 731 992; x_wconf 79' lang='lat' dir='ltr'>laudatissimi</span> <span class='ocrx_word' id='word_1_88' title='bbox 761 968 797 990; x_wconf 89' lang='lat' dir='ltr'>ac</span> <span class='ocrx_word' id='word_1_89' title='bbox 829 957 894 990; x_wconf 76' lang='lat' dir='ltr'>reri</span> <span class='ocrx_word' id='word_1_90' title='bbox 927 958 1064 991; x_wconf 83' lang='lat' dir='ltr'>catholi-</span> 
     </span>
     <span class='ocr_line' id='line_1_20' title="bbox 327 1010 1064 1055; baseline -0.005 -8"><span class='ocrx_word' id='word_1_91' title='bbox 327 1024 385 1047; x_wconf 85' lang='lat' dir='ltr'>cae</span> <span class='ocrx_word' id='word_1_92' title='bbox 405 1013 569 1047; x_wconf 78' lang='lat' dir='ltr'>Ecclesiae</span> <span class='ocrx_word' id='word_1_93' title='bbox 595 1012 744 1046; x_wconf 83' lang='lat' dir='ltr'>cardines</span> <span class='ocrx_word' id='word_1_94' title='bbox 766 1010 960 1055; x_wconf 70' lang='lat' dir='ltr'>extiterint),</span> <span class='ocrx_word' id='word_1_95' title='bbox 978 1011 1064 1044; x_wconf 89' lang='lat' dir='ltr'>nihi-</span> 
     </span>
     <span class='ocr_line' id='line_1_21' title="bbox 326 1065 1065 1109; baseline -0.005 -8"><span class='ocrx_word' id='word_1_96' title='bbox 326 1068 490 1109; x_wconf 82' lang='lat' dir='ltr'>lominus,</span> <span class='ocrx_word' id='word_1_97' title='bbox 518 1072 552 1100; x_wconf 90' lang='lat' dir='ltr'>ut</span> <span class='ocrx_word' id='word_1_98' title='bbox 576 1066 679 1100; x_wconf 91' lang='lat' dir='ltr'>omnis</span> <span class='ocrx_word' id='word_1_99' title='bbox 714 1065 868 1109; x_wconf 87' lang='lat' dir='ltr'>iniquitas</span> <span class='ocrx_word' id='word_1_100' title='bbox 903 1065 1065 1108; x_wconf 75' lang='lat' dir='ltr'>oppilaret</span> 
     </span>
     <span class='ocr_line' id='line_1_22' title="bbox 328 1118 1065 1161; baseline -0.004 -7"><span class='ocrx_word' id='word_1_101' title='bbox 328 1131 364 1154; x_wconf 89' lang='lat' dir='ltr'>os</span> <span class='ocrx_word' id='word_1_102' title='bbox 389 1131 494 1160; x_wconf 90' lang='lat' dir='ltr'>suum,</span> <span class='ocrx_word' id='word_1_103' title='bbox 511 1131 546 1153; x_wconf 90' lang='lat' dir='ltr'>ac</span> <span class='ocrx_word' id='word_1_104' title='bbox 565 1130 605 1152; x_wconf 89' lang='lat' dir='ltr'>ne</span> <span class='ocrx_word' id='word_1_105' title='bbox 629 1119 688 1152; x_wconf 71' lang='lat' dir='ltr'>riri</span> <span class='ocrx_word' id='word_1_106' title='bbox 705 1118 850 1161; x_wconf 89' lang='lat' dir='ltr'>alioquin</span> <span class='ocrx_word' id='word_1_107' title='bbox 876 1118 976 1160; x_wconf 75' lang='lat' dir='ltr'>digni,</span> <span class='ocrx_word' id='word_1_108' title='bbox 1001 1119 1065 1151; x_wconf 91' lang='lat' dir='ltr'>sol-</span> 
     </span>
     <span class='ocr_line' id='line_1_23' title="bbox 326 1170 1064 1216; baseline -0.004 -11"><span class='ocrx_word' id='word_1_109' title='bbox 326 1174 430 1207; x_wconf 81' lang='lat' dir='ltr'>vendo</span> <span class='ocrx_word' id='word_1_110' title='bbox 449 1177 554 1207; x_wconf 88' lang='lat' dir='ltr'>tamen</span> <span class='ocrx_word' id='word_1_111' title='bbox 575 1173 680 1216; x_wconf 85' lang='lat' dir='ltr'>pretio</span> <span class='ocrx_word' id='word_1_112' title='bbox 705 1172 864 1204; x_wconf 91' lang='lat' dir='ltr'>dictorum</span> <span class='ocrx_word' id='word_1_113' title='bbox 885 1170 1064 1203; x_wconf 84' lang='lat' dir='ltr'>officiorum</span> 
     </span>
     <span class='ocr_line' id='line_1_24' title="bbox 328 1223 1063 1269; baseline -0.004 -10"><span class='ocrx_word' id='word_1_114' title='bbox 328 1226 475 1269; x_wconf 88' lang='lat' dir='ltr'>impares,</span> <span class='ocrx_word' id='word_1_115' title='bbox 497 1225 536 1258; x_wconf 88' lang='lat' dir='ltr'>ab</span> <span class='ocrx_word' id='word_1_116' title='bbox 558 1225 596 1258; x_wconf 90' lang='lat' dir='ltr'>iis</span> <span class='ocrx_word' id='word_1_117' title='bbox 615 1224 826 1267; x_wconf 77' lang='lat' dir='ltr'>assequendis</span> <span class='ocrx_word' id='word_1_118' title='bbox 847 1223 880 1256; x_wconf 91' lang='lat' dir='ltr'>in</span> <span class='ocrx_word' id='word_1_119' title='bbox 895 1228 1063 1266; x_wconf 90' lang='lat' dir='ltr'>posterum</span> 
     </span>
     <span class='ocr_line' id='line_1_25' title="bbox 328 1276 1064 1321; baseline -0.005 -10"><span class='ocrx_word' id='word_1_120' title='bbox 328 1283 528 1318; x_wconf 83' lang='lat' dir='ltr'>arcerentur,</span> <span class='ocrx_word' id='word_1_121' title='bbox 551 1288 609 1321; x_wconf 85' lang='lat' dir='ltr'>per</span> <span class='ocrx_word' id='word_1_122' title='bbox 633 1277 729 1310; x_wconf 88' lang='lat' dir='ltr'>aliam</span> <span class='ocrx_word' id='word_1_123' title='bbox 755 1276 894 1309; x_wconf 81' lang='lat' dir='ltr'>similem</span> <span class='ocrx_word' id='word_1_124' title='bbox 920 1281 1064 1308; x_wconf 86' lang='lat' dir='ltr'>nostram</span> 
     </span>
     <span class='ocr_line' id='line_1_26' title="bbox 328 1329 1066 1374; baseline -0.005 -10"><span class='ocrx_word' id='word_1_125' title='bbox 328 1332 468 1374; x_wconf 84' lang='lat' dir='ltr'>desuper</span> <span class='ocrx_word' id='word_1_126' title='bbox 499 1331 617 1363; x_wconf 88' lang='lat' dir='ltr'>editam</span> <span class='ocrx_word' id='word_1_127' title='bbox 653 1329 916 1362; x_wconf 87' lang='lat' dir='ltr'>constitutionem</span> <span class='ocrx_word' id='word_1_128' title='bbox 942 1339 1066 1361; x_wconf 85' lang='lat' dir='ltr'>eorum-</span> 
     </span>
     <span class='ocr_line' id='line_1_27' title="bbox 327 1381 1064 1423; baseline -0.005 -6"><span class='ocrx_word' id='word_1_129' title='bbox 327 1385 401 1417; x_wconf 87' lang='lat' dir='ltr'>dem</span> <span class='ocrx_word' id='word_1_130' title='bbox 437 1383 617 1416; x_wconf 80' lang='lat' dir='ltr'>officiorum</span> <span class='ocrx_word' id='word_1_131' title='bbox 659 1381 864 1414; x_wconf 77' lang='lat' dir='ltr'>venalitatem</span> <span class='ocrx_word' id='word_1_132' title='bbox 903 1386 1064 1423; x_wconf 78' lang='lat' dir='ltr'>perpetuo</span> 
     </span>
     <span class='ocr_line' id='line_1_28' title="bbox 327 1434 1064 1482; baseline -0.007 -12"><span class='ocrx_word' id='word_1_133' title='bbox 327 1437 566 1482; x_wconf 84' lang='lat' dir='ltr'>suppressimus</span> <span class='ocrx_word' id='word_1_134' title='bbox 583 1463 590 1476; x_wconf 88' lang='lat'>‚</span> <span class='ocrx_word' id='word_1_135' title='bbox 628 1435 822 1468; x_wconf 73' lang='lat' dir='ltr'>extinximus</span> <span class='ocrx_word' id='word_1_136' title='bbox 859 1439 889 1466; x_wconf 84' lang='lat' dir='ltr'>et</span> <span class='ocrx_word' id='word_1_137' title='bbox 925 1434 1064 1466; x_wconf 76' lang='lat' dir='ltr'>abolevi-</span> 
     </span>
     <span class='ocr_line' id='line_1_29' title="bbox 325 1488 464 1522; baseline 0 0"><span class='ocrx_word' id='word_1_138' title='bbox 325 1490 429 1522; x_wconf 81' lang='lat' dir='ltr'>vimus</span> <span class='ocrx_word' id='word_1_139' title='bbox 441 1488 464 1522; x_wconf 70' lang='lat'>².</span> 
     </span>
    </p>

    <p class='ocr_par' dir='ltr' id='par_1_5' title="bbox 324 1540 1065 2487">
     <span class='ocr_line' id='line_1_30' title="bbox 369 1540 1064 1586; baseline -0.003 -11"><span class='ocrx_word' id='word_1_140' title='bbox 369 1543 384 1586; x_wconf 68' lang='lat' dir='ltr'>g</span> <span class='ocrx_word' id='word_1_141' title='bbox 409 1542 441 1575; x_wconf 70' lang='lat'>2.</span> <span class='ocrx_word' id='word_1_142' title='bbox 467 1543 596 1582; x_wconf 70' lang='lat' dir='ltr'>Verum,</span> <span class='ocrx_word' id='word_1_143' title='bbox 623 1552 696 1575; x_wconf 87' lang='lat' dir='ltr'>cum</span> <span class='ocrx_word' id='word_1_144' title='bbox 714 1551 778 1574; x_wconf 87' lang='lat' dir='ltr'>non</span> <span class='ocrx_word' id='word_1_145' title='bbox 799 1540 906 1573; x_wconf 84' lang='lat' dir='ltr'>omnia</span> <span class='ocrx_word' id='word_1_146' title='bbox 925 1550 988 1573; x_wconf 88' lang='lat' dir='ltr'>uno</span> <span class='ocrx_word' id='word_1_147' title='bbox 1011 1549 1064 1573; x_wconf 86' lang='lat' dir='ltr'>eo-</span> 
     </span>
     <span class='ocr_line' id='line_1_31' title="bbox 326 1593 1064 1639; baseline -0.005 -11"><span class='ocrx_word' id='word_1_148' title='bbox 326 1596 465 1639; x_wconf 88' lang='lat' dir='ltr'>demque</span> <span class='ocrx_word' id='word_1_149' title='bbox 491 1601 635 1638; x_wconf 86' lang='lat' dir='ltr'>tempore</span> <span class='ocrx_word' id='word_1_150' title='bbox 661 1593 835 1636; x_wconf 74' lang='lat' dir='ltr'>excogitari</span> <span class='ocrx_word' id='word_1_151' title='bbox 855 1593 973 1625; x_wconf 89' lang='lat' dir='ltr'>nedum</span> <span class='ocrx_word' id='word_1_152' title='bbox 992 1602 1064 1636; x_wconf 90' lang='lat' dir='ltr'>per-</span> 
     </span>
     <span class='ocr_line' id='line_1_32' title="bbox 325 1647 1065 1692; baseline -0.004 -11"><span class='ocrx_word' id='word_1_153' title='bbox 325 1648 376 1681; x_wconf 82' lang='lat' dir='ltr'>tici</span> <span class='ocrx_word' id='word_1_154' title='bbox 393 1648 572 1692; x_wconf 86' lang='lat' dir='ltr'>potuerint,</span> <span class='ocrx_word' id='word_1_155' title='bbox 590 1653 622 1680; x_wconf 91' lang='lat' dir='ltr'>et</span> <span class='ocrx_word' id='word_1_156' title='bbox 642 1648 736 1691; x_wconf 86' lang='lat' dir='ltr'>plura</span> <span class='ocrx_word' id='word_1_157' title='bbox 753 1647 858 1679; x_wconf 85' lang='lat' dir='ltr'>adhue</span> <span class='ocrx_word' id='word_1_158' title='bbox 875 1651 1065 1678; x_wconf 83' lang='lat' dir='ltr'>remaneant</span> 
     </span>
     <span class='ocr_line' id='line_1_33' title="bbox 324 1698 1064 1744; baseline -0.003 -12"><span class='ocrx_word' id='word_1_159' title='bbox 324 1702 412 1734; x_wconf 83' lang='lat' dir='ltr'>ultra</span> <span class='ocrx_word' id='word_1_160' title='bbox 436 1700 601 1744; x_wconf 87' lang='lat' dir='ltr'>praedicta</span> <span class='ocrx_word' id='word_1_161' title='bbox 633 1699 666 1732; x_wconf 93' lang='lat' dir='ltr'>in</span> <span class='ocrx_word' id='word_1_162' title='bbox 699 1700 811 1732; x_wconf 81' lang='lat' dir='ltr'>eadem</span> <span class='ocrx_word' id='word_1_163' title='bbox 837 1699 982 1731; x_wconf 76' lang='lat' dir='ltr'>Romana</span> <span class='ocrx_word' id='word_1_164' title='bbox 1005 1698 1064 1731; x_wconf 82' lang='lat' dir='ltr'>Cu-</span> 
     </span>
     <span class='ocr_line' id='line_1_34' title="bbox 324 1752 1062 1795; baseline -0.004 -8"><span class='ocrx_word' id='word_1_165' title='bbox 324 1756 371 1787; x_wconf 78' lang='lat' dir='ltr'>ria</span> <span class='ocrx_word' id='word_1_166' title='bbox 397 1754 598 1787; x_wconf 78' lang='lat' dir='ltr'>diversorum</span> <span class='ocrx_word' id='word_1_167' title='bbox 623 1762 780 1795; x_wconf 76' lang='lat' dir='ltr'>generum</span> <span class='ocrx_word' id='word_1_168' title='bbox 800 1752 903 1784; x_wconf 82' lang='lat' dir='ltr'>officia</span> <span class='ocrx_word' id='word_1_169' title='bbox 928 1752 1062 1792; x_wconf 79' lang='lat' dir='ltr'>venalia,</span> 
     </span>
     <span class='ocr_line' id='line_1_35' title="bbox 326 1805 1063 1851; baseline -0.003 -12"><span class='ocrx_word' id='word_1_170' title='bbox 326 1817 421 1851; x_wconf 87' lang='lat' dir='ltr'>quae,</span> <span class='ocrx_word' id='word_1_171' title='bbox 432 1807 498 1840; x_wconf 90' lang='lat' dir='ltr'>sive</span> <span class='ocrx_word' id='word_1_172' title='bbox 513 1807 622 1848; x_wconf 73' lang='lat' dir='ltr'>rigore</span> <span class='ocrx_word' id='word_1_173' title='bbox 635 1806 845 1849; x_wconf 87' lang='lat' dir='ltr'>quorumdam</span> <span class='ocrx_word' id='word_1_174' title='bbox 862 1805 1063 1838; x_wconf 86' lang='lat' dir='ltr'>decretorum</span> 
     </span>
     <span class='ocr_line' id='line_1_36' title="bbox 326 1858 1064 1901; baseline -0.003 -8"><span class='ocrx_word' id='word_1_175' title='bbox 326 1872 342 1894; x_wconf 87' lang='lat' dir='ltr'>a</span> <span class='ocrx_word' id='word_1_176' title='bbox 369 1860 506 1893; x_wconf 88' lang='lat' dir='ltr'>diversis</span> <span class='ocrx_word' id='word_1_177' title='bbox 545 1859 695 1892; x_wconf 83' lang='lat' dir='ltr'>Romanis</span> <span class='ocrx_word' id='word_1_178' title='bbox 731 1858 941 1891; x_wconf 79' lang='lat' dir='ltr'>Pontificibus</span> <span class='ocrx_word' id='word_1_179' title='bbox 972 1869 1064 1901; x_wconf 86' lang='lat' dir='ltr'>prae-</span> 
     </span>
     <span class='ocr_line' id='line_1_37' title="bbox 326 1911 1065 1947; baseline -0.005 0"><span class='ocrx_word' id='word_1_180' title='bbox 326 1914 551 1947; x_wconf 87' lang='lat' dir='ltr'>decessoribus</span> <span class='ocrx_word' id='word_1_181' title='bbox 576 1913 695 1945; x_wconf 89' lang='lat' dir='ltr'>nostris</span> <span class='ocrx_word' id='word_1_182' title='bbox 721 1912 754 1944; x_wconf 89' lang='lat' dir='ltr'>iu</span> <span class='ocrx_word' id='word_1_183' title='bbox 779 1911 974 1944; x_wconf 87' lang='lat' dir='ltr'>consistorio</span> <span class='ocrx_word' id='word_1_184' title='bbox 997 1911 1065 1944; x_wconf 90' lang='lat' dir='ltr'>edi-</span> 
     </span>
     <span class='ocr_line' id='line_1_38' title="bbox 326 1965 1062 2000; baseline -0.004 -1"><span class='ocrx_word' id='word_1_185' title='bbox 326 1971 430 2000; x_wconf 89' lang='lat' dir='ltr'>torum</span> <span class='ocrx_word' id='word_1_186' title='bbox 455 1977 492 1998; x_wconf 86' lang='lat' dir='ltr'>ac</span> <span class='ocrx_word' id='word_1_187' title='bbox 517 1965 611 1999; x_wconf 87' lang='lat' dir='ltr'>etiam</span> <span class='ocrx_word' id='word_1_188' title='bbox 633 1965 862 1998; x_wconf 89' lang='lat' dir='ltr'>nonnullarum</span> <span class='ocrx_word' id='word_1_189' title='bbox 884 1965 1062 1997; x_wconf 87' lang='lat' dir='ltr'>litterarum</span> 
     </span>
     <span class='ocr_line' id='line_1_39' title="bbox 326 2017 1063 2063; baseline -0.004 -10"><span class='ocrx_word' id='word_1_190' title='bbox 326 2019 573 2063; x_wconf 83' lang='lat' dir='ltr'>apostolicarum</span> <span class='ocrx_word' id='word_1_191' title='bbox 611 2019 751 2061; x_wconf 85' lang='lat' dir='ltr'>desuper</span> <span class='ocrx_word' id='word_1_192' title='bbox 786 2018 969 2056; x_wconf 84' lang='lat' dir='ltr'>editarum,</span> <span class='ocrx_word' id='word_1_193' title='bbox 1000 2017 1063 2050; x_wconf 79' lang='lat' dir='ltr'>sive</span> 
     </span>
     <span class='ocr_line' id='line_1_40' title="bbox 327 2070 1063 2113; baseline -0.004 -8"><span class='ocrx_word' id='word_1_194' title='bbox 327 2073 390 2106; x_wconf 73' lang='lat' dir='ltr'>alia</span> <span class='ocrx_word' id='word_1_195' title='bbox 414 2072 524 2105; x_wconf 73' lang='lat' dir='ltr'>forsan</span> <span class='ocrx_word' id='word_1_196' title='bbox 560 2072 700 2111; x_wconf 85' lang='lat' dir='ltr'>ratione,</span> <span class='ocrx_word' id='word_1_197' title='bbox 728 2081 785 2113; x_wconf 85' lang='lat' dir='ltr'>per</span> <span class='ocrx_word' id='word_1_198' title='bbox 810 2070 1063 2113; x_wconf 80' lang='lat' dir='ltr'>assumptionem</span> 
     </span>
     <span class='ocr_line' id='line_1_41' title="bbox 327 2123 1065 2159; baseline -0.005 0"><span class='ocrx_word' id='word_1_199' title='bbox 327 2126 385 2159; x_wconf 83' lang='lat' dir='ltr'>illa</span> <span class='ocrx_word' id='word_1_200' title='bbox 410 2125 629 2158; x_wconf 87' lang='lat' dir='ltr'>obtinentium</span> <span class='ocrx_word' id='word_1_201' title='bbox 655 2124 693 2156; x_wconf 86' lang='lat' dir='ltr'>ad</span> <span class='ocrx_word' id='word_1_202' title='bbox 719 2124 935 2157; x_wconf 83' lang='lat' dir='ltr'>cardinalatus</span> <span class='ocrx_word' id='word_1_203' title='bbox 960 2123 1065 2156; x_wconf 83' lang='lat' dir='ltr'>liono-</span> 
     </span>
     <span class='ocr_line' id='line_1_42' title="bbox 326 2177 1065 2220; baseline -0.004 -8"><span class='ocrx_word' id='word_1_204' title='bbox 326 2190 395 2212; x_wconf 88' lang='lat' dir='ltr'>rem</span> <span class='ocrx_word' id='word_1_205' title='bbox 412 2189 523 2211; x_wconf 83' lang='lat' dir='ltr'>vaeare</span> <span class='ocrx_word' id='word_1_206' title='bbox 549 2183 800 2217; x_wconf 75' lang='lat' dir='ltr'>consueverunt,</span> <span class='ocrx_word' id='word_1_207' title='bbox 819 2177 962 2220; x_wconf 85' lang='lat' dir='ltr'>indeque</span> <span class='ocrx_word' id='word_1_208' title='bbox 983 2187 1065 2209; x_wconf 89' lang='lat' dir='ltr'>non-</span> 
     </span>
     <span class='ocr_line' id='line_1_43' title="bbox 327 2230 1064 2275; baseline -0.004 -10"><span class='ocrx_word' id='word_1_209' title='bbox 327 2233 426 2266; x_wconf 85' lang='lat' dir='ltr'>nullis</span> <span class='ocrx_word' id='word_1_210' title='bbox 451 2232 559 2275; x_wconf 86' lang='lat' dir='ltr'>aliqua</span> <span class='ocrx_word' id='word_1_211' title='bbox 591 2231 766 2264; x_wconf 82' lang='lat' dir='ltr'>etiamnum</span> <span class='ocrx_word' id='word_1_212' title='bbox 799 2231 837 2263; x_wconf 87' lang='lat' dir='ltr'>de</span> <span class='ocrx_word' id='word_1_213' title='bbox 863 2230 1064 2273; x_wconf 73' lang='lat' dir='ltr'>amplissima</span> 
     </span>
     <span class='ocr_line' id='line_1_44' title="bbox 329 2283 1063 2327; baseline -0.004 -8"><span class='ocrx_word' id='word_1_214' title='bbox 329 2285 550 2319; x_wconf 78' lang='lat' dir='ltr'>ecclesiastica</span> <span class='ocrx_word' id='word_1_215' title='bbox 575 2284 733 2327; x_wconf 79' lang='lat' dir='ltr'>dignitate</span> <span class='ocrx_word' id='word_1_216' title='bbox 764 2285 887 2317; x_wconf 91' lang='lat' dir='ltr'>lucrum</span> <span class='ocrx_word' id='word_1_217' title='bbox 914 2283 1063 2327; x_wconf 88' lang='lat' dir='ltr'>capiendi</span> 
     </span>
     <span class='ocr_line' id='line_1_45' title="bbox 328 2336 1064 2381; baseline -0.004 -9"><span class='ocrx_word' id='word_1_218' title='bbox 328 2338 452 2372; x_wconf 83' lang='lat' dir='ltr'>occasio</span> <span class='ocrx_word' id='word_1_219' title='bbox 477 2348 647 2381; x_wconf 85' lang='lat' dir='ltr'>superesse</span> <span class='ocrx_word' id='word_1_220' title='bbox 664 2337 824 2370; x_wconf 77' lang='lat' dir='ltr'>rideatur:</span> <span class='ocrx_word' id='word_1_221' title='bbox 843 2336 972 2379; x_wconf 71' lang='lat' dir='ltr'>dignam</span> <span class='ocrx_word' id='word_1_222' title='bbox 988 2346 1064 2379; x_wconf 88' lang='lat' dir='ltr'>pro-</span> 
     </span>
     <span class='ocr_line' id='line_1_46' title="bbox 329 2390 1064 2434; baseline -0.004 -10"><span class='ocrx_word' id='word_1_223' title='bbox 329 2391 412 2424; x_wconf 77' lang='lat' dir='ltr'>secto</span> <span class='ocrx_word' id='word_1_224' title='bbox 433 2390 589 2434; x_wconf 86' lang='lat' dir='ltr'>pastorali</span> <span class='ocrx_word' id='word_1_225' title='bbox 614 2400 750 2423; x_wconf 85' lang='lat' dir='ltr'>munere</span> <span class='ocrx_word' id='word_1_226' title='bbox 776 2395 895 2429; x_wconf 80' lang='lat' dir='ltr'>nostro,</span> <span class='ocrx_word' id='word_1_227' title='bbox 915 2399 978 2432; x_wconf 87' lang='lat' dir='ltr'>quo</span> <span class='ocrx_word' id='word_1_228' title='bbox 999 2398 1064 2421; x_wconf 89' lang='lat' dir='ltr'>non</span> 
     </span>
     <span class='ocr_line' id='line_1_47' title="bbox 330 2443 1065 2487; baseline -0.003 -10"><span class='ocrx_word' id='word_1_229' title='bbox 330 2454 379 2484; x_wconf 87' lang='lat' dir='ltr'>ea,</span> <span class='ocrx_word' id='word_1_230' title='bbox 399 2453 480 2487; x_wconf 87' lang='lat' dir='ltr'>quae</span> <span class='ocrx_word' id='word_1_231' title='bbox 500 2443 612 2476; x_wconf 89' lang='lat' dir='ltr'>mundi</span> <span class='ocrx_word' id='word_1_232' title='bbox 637 2448 719 2483; x_wconf 88' lang='lat' dir='ltr'>sunt,</span> <span class='ocrx_word' id='word_1_233' title='bbox 739 2443 796 2475; x_wconf 87' lang='lat' dir='ltr'>sed</span> <span class='ocrx_word' id='word_1_234' title='bbox 821 2443 1001 2475; x_wconf 87' lang='lat' dir='ltr'>animarum</span> <span class='ocrx_word' id='word_1_235' title='bbox 1019 2443 1065 2476; x_wconf 91' lang='lat' dir='ltr'>lu-</span> 
     </span>
    </p>

    <p class='ocr_par' dir='ltr' id='par_1_6' title="bbox 367 2513 1022 2548">
     <span class='ocr_line' id='line_1_48' title="bbox 367 2513 1022 2548; baseline 0 -8"><span class='ocrx_word' id='word_1_236' title='bbox 367 2515 376 2540; x_wconf 92' lang='lat'>1</span> <span class='ocrx_word' id='word_1_237' title='bbox 401 2513 470 2540; x_wconf 77' lang='lat' dir='ltr'>Edit.</span> <span class='ocrx_word' id='word_1_238' title='bbox 488 2513 566 2540; x_wconf 59' lang='lat' dir='ltr'>atain.</span> <span class='ocrx_word' id='word_1_239' title='bbox 583 2513 647 2548; x_wconf 82' lang='lat' dir='ltr'>legit</span> <span class='ocrx_word' id='word_1_240' title='bbox 667 2513 738 2548; x_wconf 81' lang='lat' dir='ltr'>quia</span> <span class='ocrx_word' id='word_1_241' title='bbox 758 2521 806 2548; x_wconf 84' lang='lat' dir='ltr'>pro</span> <span class='ocrx_word' id='word_1_242' title='bbox 827 2513 899 2547; x_wconf 71' lang='lat' dir='ltr'>quin</span> <span class='ocrx_word' id='word_1_243' title='bbox 919 2514 957 2547; x_wconf 72' lang='lat' dir='ltr'>(tt.</span> <span class='ocrx_word' id='word_1_244' title='bbox 974 2513 1022 2548; x_wconf 82' lang='lat' dir='ltr'>T.).</span> 
     </span>
    </p>

    <p class='ocr_par' dir='ltr' id='par_1_7' title="bbox 365 2557 845 2593">
     <span class='ocr_line' id='line_1_49' title="bbox 365 2557 845 2593; baseline -0.002 -9"><span class='ocrx_word' id='word_1_245' title='bbox 365 2558 381 2585; x_wconf 73' lang='lat'><strong>2</strong></span> <span class='ocrx_word' id='word_1_246' title='bbox 400 2557 467 2584; x_wconf 76' lang='lat' dir='ltr'>Vide</span> <span class='ocrx_word' id='word_1_247' title='bbox 487 2566 569 2593; x_wconf 84' lang='lat' dir='ltr'>supra</span> <span class='ocrx_word' id='word_1_248' title='bbox 589 2566 649 2593; x_wconf 75' lang='lat' dir='ltr'>pag.</span> <span class='ocrx_word' id='word_1_249' title='bbox 670 2557 723 2584; x_wconf 76' lang='lat'>473</span> <span class='ocrx_word' id='word_1_250' title='bbox 745 2560 780 2592; x_wconf 58' lang='lat' dir='ltr'>tn.</span> <span class='ocrx_word' id='word_1_251' title='bbox 797 2562 845 2590; x_wconf 83' lang='grc' dir='ltr'><em>Τ.).</em></span> 
     </span>
    </p>
   </div>
   <div class='ocr_carea' id='block_1_5' title="bbox 416 2611 989 2641">
    <p class='ocr_par' dir='ltr' id='par_1_8' title="bbox 416 2611 989 2641">
     <span class='ocr_line' id='line_1_50' title="bbox 416 2611 989 2641; baseline -0.005 0"><span class='ocrx_word' id='word_1_252' title='bbox 416 2612 498 2641; x_wconf 74' lang='lat' dir='ltr'><strong><em>Bulz.</em></strong></span> <span class='ocrx_word' id='word_1_253' title='bbox 517 2613 602 2640; x_wconf 86' lang='lat' dir='ltr'>Rom.</span> <span class='ocrx_word' id='word_1_254' title='bbox 618 2627 652 2632; x_wconf 94' lang='lat'>—</span> <span class='ocrx_word' id='word_1_255' title='bbox 670 2612 729 2640; x_wconf 87' lang='lat' dir='ltr'><em>Vol.</em></span> <span class='ocrx_word' id='word_1_256' title='bbox 752 2612 811 2640; x_wconf 77' lang='lat' dir='ltr'>XX.</span> <span class='ocrx_word' id='word_1_257' title='bbox 955 2611 989 2639; x_wconf 64' lang='lat'>64</span> 
     </span>
    </p>
   </div>
   <div class='ocr_carea' id='block_1_6' title="bbox 1106 155 1848 2582">
    <p class='ocr_par' dir='ltr' id='par_1_9' title="bbox 1743 155 1806 188">
     <span class='ocr_line' id='line_1_51' title="bbox 1743 155 1806 188; baseline -0.032 0"><span class='ocrx_word' id='word_1_258' title='bbox 1743 155 1806 188; x_wconf 73' lang='lat'>505</span> 
     </span>
    </p>

    <p class='ocr_par' dir='ltr' id='par_1_10' title="bbox 1106 213 1848 2582">
     <span class='ocr_line' id='line_1_52' title="bbox 1108 213 1840 256; baseline -0.001 -11"><span class='ocrx_word' id='word_1_259' title='bbox 1108 225 1159 245; x_wconf 85' lang='lat' dir='ltr'>cra</span> <span class='ocrx_word' id='word_1_260' title='bbox 1184 214 1352 256; x_wconf 85' lang='lat' dir='ltr'>inquirere</span> <span class='ocrx_word' id='word_1_261' title='bbox 1378 213 1603 252; x_wconf 78' lang='lat' dir='ltr'>admonemur,</span> <span class='ocrx_word' id='word_1_262' title='bbox 1634 223 1700 245; x_wconf 90' lang='lat' dir='ltr'>rem</span> <span class='ocrx_word' id='word_1_263' title='bbox 1729 213 1840 245; x_wconf 76' lang='lat' dir='ltr'>facturi</span> 
     </span>
     <span class='ocr_line' id='line_1_53' title="bbox 1108 266 1843 308; baseline 0.001 -11"><span class='ocrx_word' id='word_1_264' title='bbox 1108 266 1348 303; x_wconf 77' lang='lat' dir='ltr'>existimamus,</span> <span class='ocrx_word' id='word_1_265' title='bbox 1375 266 1401 297; x_wconf 82' lang='lat' dir='ltr'>si</span> <span class='ocrx_word' id='word_1_266' title='bbox 1427 266 1458 296; x_wconf 92' lang='lat' dir='ltr'>in</span> <span class='ocrx_word' id='word_1_267' title='bbox 1485 266 1535 297; x_wconf 81' lang='lat' dir='ltr'>liis</span> <span class='ocrx_word' id='word_1_268' title='bbox 1562 276 1691 308; x_wconf 87' lang='lat' dir='ltr'>quoque</span> <span class='ocrx_word' id='word_1_269' title='bbox 1717 271 1843 308; x_wconf 81' lang='lat' dir='ltr'>aposto-</span> 
     </span>
     <span class='ocr_line' id='line_1_54' title="bbox 1107 317 1844 360; baseline -0.001 -9"><span class='ocrx_word' id='word_1_270' title='bbox 1107 318 1187 351; x_wconf 83' lang='lat' dir='ltr'>licae</span> <span class='ocrx_word' id='word_1_271' title='bbox 1206 323 1337 351; x_wconf 89' lang='lat' dir='ltr'>nostrae</span> <span class='ocrx_word' id='word_1_272' title='bbox 1363 317 1593 350; x_wconf 77' lang='lat' dir='ltr'>sollicitudinis</span> <span class='ocrx_word' id='word_1_273' title='bbox 1618 323 1726 360; x_wconf 79' lang='lat' dir='ltr'>partes</span> <span class='ocrx_word' id='word_1_274' title='bbox 1746 318 1844 350; x_wconf 90' lang='lat' dir='ltr'>inter—</span> 
     </span>
     <span class='ocr_line' id='line_1_55' title="bbox 1106 370 1842 415; baseline -0.003 -11"><span class='ocrx_word' id='word_1_275' title='bbox 1106 381 1279 415; x_wconf 87' lang='lat' dir='ltr'>ponamus.</span> <span class='ocrx_word' id='word_1_276' title='bbox 1302 371 1447 409; x_wconf 82' lang='lat' dir='ltr'>Quamvis</span> <span class='ocrx_word' id='word_1_277' title='bbox 1462 370 1547 402; x_wconf 92' lang='lat' dir='ltr'>enim</span> <span class='ocrx_word' id='word_1_278' title='bbox 1565 370 1777 402; x_wconf 88' lang='lat' dir='ltr'>certissimum</span> <span class='ocrx_word' id='word_1_279' title='bbox 1792 371 1842 411; x_wconf 85' lang='lat' dir='ltr'>sit,</span> 
     </span>
     <span class='ocr_line' id='line_1_56' title="bbox 1108 422 1843 467; baseline -0.003 -11"><span class='ocrx_word' id='word_1_280' title='bbox 1108 428 1205 467; x_wconf 86' lang='lat' dir='ltr'>atque</span> <span class='ocrx_word' id='word_1_281' title='bbox 1236 422 1385 456; x_wconf 89' lang='lat' dir='ltr'>omnibus</span> <span class='ocrx_word' id='word_1_282' title='bbox 1410 423 1624 466; x_wconf 82' lang='lat' dir='ltr'>exploratum,</span> <span class='ocrx_word' id='word_1_283' title='bbox 1655 423 1752 465; x_wconf 80' lang='lat' dir='ltr'>longe</span> <span class='ocrx_word' id='word_1_284' title='bbox 1782 422 1843 454; x_wconf 88' lang='lat' dir='ltr'>ini-</span> 
     </span>
     <span class='ocr_line' id='line_1_57' title="bbox 1109 476 1841 521; baseline 0 -13"><span class='ocrx_word' id='word_1_285' title='bbox 1109 477 1240 521; x_wconf 88' lang='lat' dir='ltr'>quiores</span> <span class='ocrx_word' id='word_1_286' title='bbox 1266 477 1327 510; x_wconf 84' lang='lat' dir='ltr'>hae</span> <span class='ocrx_word' id='word_1_287' title='bbox 1345 476 1378 509; x_wconf 92' lang='lat' dir='ltr'>in</span> <span class='ocrx_word' id='word_1_288' title='bbox 1395 486 1429 509; x_wconf 93' lang='lat' dir='ltr'>re</span> <span class='ocrx_word' id='word_1_289' title='bbox 1444 477 1591 519; x_wconf 87' lang='lat' dir='ltr'>querelas</span> <span class='ocrx_word' id='word_1_290' title='bbox 1610 476 1739 508; x_wconf 92' lang='lat' dir='ltr'>illorum</span> <span class='ocrx_word' id='word_1_291' title='bbox 1760 485 1841 515; x_wconf 87' lang='lat' dir='ltr'>esse,</span> 
     </span>
     <span class='ocr_line' id='line_1_58' title="bbox 1109 528 1843 574; baseline -0.004 -11"><span class='ocrx_word' id='word_1_292' title='bbox 1109 541 1245 574; x_wconf 91' lang='lat' dir='ltr'>quorum</span> <span class='ocrx_word' id='word_1_293' title='bbox 1263 540 1298 563; x_wconf 93' lang='lat' dir='ltr'>os</span> <span class='ocrx_word' id='word_1_294' title='bbox 1319 528 1547 562; x_wconf 86' lang='lat' dir='ltr'>maledictione</span> <span class='ocrx_word' id='word_1_295' title='bbox 1573 533 1605 561; x_wconf 90' lang='lat' dir='ltr'>et</span> <span class='ocrx_word' id='word_1_296' title='bbox 1630 528 1843 561; x_wconf 87' lang='lat' dir='ltr'>amaritudine</span> 
     </span>
     <span class='ocr_line' id='line_1_59' title="bbox 1108 582 1844 627; baseline -0.001 -12"><span class='ocrx_word' id='word_1_297' title='bbox 1108 585 1241 627; x_wconf 86' lang='lat' dir='ltr'>plenum</span> <span class='ocrx_word' id='word_1_298' title='bbox 1263 589 1321 622; x_wconf 83' lang='lat' dir='ltr'>est,</span> <span class='ocrx_word' id='word_1_299' title='bbox 1343 588 1375 616; x_wconf 88' lang='lat' dir='ltr'>et</span> <span class='ocrx_word' id='word_1_300' title='bbox 1401 583 1539 626; x_wconf 88' lang='lat' dir='ltr'>quisque</span> <span class='ocrx_word' id='word_1_301' title='bbox 1564 582 1709 626; x_wconf 88' lang='lat' dir='ltr'>prudens</span> <span class='ocrx_word' id='word_1_302' title='bbox 1735 592 1844 614; x_wconf 88' lang='lat' dir='ltr'>rerum</span> 
     </span>
     <span class='ocr_line' id='line_1_60' title="bbox 1109 635 1845 677; baseline -0.004 -7"><span class='ocrx_word' id='word_1_303' title='bbox 1109 637 1295 670; x_wconf 88' lang='lat' dir='ltr'>aestimator</span> <span class='ocrx_word' id='word_1_304' title='bbox 1326 636 1417 668; x_wconf 85' lang='lat' dir='ltr'>facile</span> <span class='ocrx_word' id='word_1_305' title='bbox 1450 640 1625 677; x_wconf 76' lang='lat' dir='ltr'>agnoscat,</span> <span class='ocrx_word' id='word_1_306' title='bbox 1659 635 1788 668; x_wconf 89' lang='lat' dir='ltr'>nonnisi</span> <span class='ocrx_word' id='word_1_307' title='bbox 1813 645 1845 667; x_wconf 87' lang='lat' dir='ltr'>e-</span> 
     </span>
     <span class='ocr_line' id='line_1_61' title="bbox 1108 687 1845 723; baseline -0.004 0"><span class='ocrx_word' id='word_1_308' title='bbox 1108 691 1383 723; x_wconf 90' lang='lat' dir='ltr'>molumentorum</span> <span class='ocrx_word' id='word_1_309' title='bbox 1405 699 1442 721; x_wconf 84' lang='lat' dir='ltr'>ex</span> <span class='ocrx_word' id='word_1_310' title='bbox 1467 688 1581 721; x_wconf 86' lang='lat' dir='ltr'>officiis</span> <span class='ocrx_word' id='word_1_311' title='bbox 1606 687 1845 721; x_wconf 85' lang='lat' dir='ltr'>sccundodietis</span> 
     </span>
     <span class='ocr_line' id='line_1_62' title="bbox 1108 741 1845 787; baseline -0.004 -11"><span class='ocrx_word' id='word_1_312' title='bbox 1108 743 1364 787; x_wconf 74' lang='lat' dir='ltr'>provenientium</span> <span class='ocrx_word' id='word_1_313' title='bbox 1403 744 1501 774; x_wconf 77' lang='lat' dir='ltr'>causa</span> <span class='ocrx_word' id='word_1_314' title='bbox 1540 741 1669 775; x_wconf 91' lang='lat' dir='ltr'>illorum</span> <span class='ocrx_word' id='word_1_315' title='bbox 1704 742 1845 784; x_wconf 85' lang='lat' dir='ltr'>pretium</span> 
     </span>
     <span class='ocr_line' id='line_1_63' title="bbox 1108 794 1842 839; baseline -0.005 -9"><span class='ocrx_word' id='word_1_316' title='bbox 1108 796 1210 837; x_wconf 88' lang='lat' dir='ltr'>solvi,</span> <span class='ocrx_word' id='word_1_317' title='bbox 1238 797 1328 829; x_wconf 76' lang='lat' dir='ltr'>nulla</span> <span class='ocrx_word' id='word_1_318' title='bbox 1356 805 1492 839; x_wconf 77' lang='lat' dir='ltr'>prorsus</span> <span class='ocrx_word' id='word_1_319' title='bbox 1518 794 1706 828; x_wconf 70' lang='lat' dir='ltr'>excelsioris</span> <span class='ocrx_word' id='word_1_320' title='bbox 1730 794 1842 837; x_wconf 87' lang='lat' dir='ltr'>acqui-</span> 
     </span>
     <span class='ocr_line' id='line_1_64' title="bbox 1108 847 1846 891; baseline -0.005 -9"><span class='ocrx_word' id='word_1_321' title='bbox 1108 849 1201 882; x_wconf 85' lang='lat' dir='ltr'>rendi</span> <span class='ocrx_word' id='word_1_322' title='bbox 1226 849 1343 891; x_wconf 76' lang='lat' dir='ltr'>gradus</span> <span class='ocrx_word' id='word_1_323' title='bbox 1361 848 1473 880; x_wconf 74' lang='lat' dir='ltr'>habita</span> <span class='ocrx_word' id='word_1_324' title='bbox 1496 847 1633 886; x_wconf 88' lang='lat' dir='ltr'>ratione,</span> <span class='ocrx_word' id='word_1_325' title='bbox 1656 856 1728 880; x_wconf 89' lang='lat' dir='ltr'>eum</span> <span class='ocrx_word' id='word_1_326' title='bbox 1753 856 1846 889; x_wconf 88' lang='lat' dir='ltr'>prae-</span> 
     </span>
     <span class='ocr_line' id='line_1_65' title="bbox 1107 899 1846 945; baseline -0.004 -10"><span class='ocrx_word' id='word_1_327' title='bbox 1107 903 1221 935; x_wconf 86' lang='lat' dir='ltr'>sertim</span> <span class='ocrx_word' id='word_1_328' title='bbox 1252 902 1407 945; x_wconf 90' lang='lat' dir='ltr'>pleraque</span> <span class='ocrx_word' id='word_1_329' title='bbox 1433 912 1470 933; x_wconf 79' lang='lat' dir='ltr'>ex</span> <span class='ocrx_word' id='word_1_330' title='bbox 1497 900 1655 933; x_wconf 88' lang='lat' dir='ltr'>eiusmodi</span> <span class='ocrx_word' id='word_1_331' title='bbox 1689 899 1802 932; x_wconf 84' lang='lat' dir='ltr'>officiis</span> <span class='ocrx_word' id='word_1_332' title='bbox 1829 911 1846 932; x_wconf 84' lang='lat' dir='ltr'>a</span> 
     </span>
     <span class='ocr_line' id='line_1_66' title="bbox 1106 952 1845 996; baseline -0.007 -7"><span class='ocrx_word' id='word_1_333' title='bbox 1106 955 1197 989; x_wconf 82' lang='lat' dir='ltr'>laicis</span> <span class='ocrx_word' id='word_1_334' title='bbox 1221 955 1422 996; x_wconf 75' lang='lat' dir='ltr'>coniugatis,</span> <span class='ocrx_word' id='word_1_335' title='bbox 1446 953 1634 992; x_wconf 77' lang='lat' dir='ltr'>infantibus,</span> <span class='ocrx_word' id='word_1_336' title='bbox 1659 952 1724 985; x_wconf 86' lang='lat' dir='ltr'>imo</span> <span class='ocrx_word' id='word_1_337' title='bbox 1749 952 1845 985; x_wconf 86' lang='lat' dir='ltr'>etiam</span> 
     </span>
     <span class='ocr_line' id='line_1_67' title="bbox 1107 1007 1846 1049; baseline -0.007 -7"><span class='ocrx_word' id='word_1_338' title='bbox 1107 1007 1298 1042; x_wconf 87' lang='lat' dir='ltr'>mulieribus</span> <span class='ocrx_word' id='word_1_339' title='bbox 1329 1007 1469 1040; x_wconf 89' lang='lat' dir='ltr'>obtineri</span> <span class='ocrx_word' id='word_1_340' title='bbox 1495 1007 1750 1049; x_wconf 76' lang='lat' dir='ltr'>dignoscantur,</span> <span class='ocrx_word' id='word_1_341' title='bbox 1778 1011 1846 1038; x_wconf 87' lang='lat' dir='ltr'>tan-</span> 
     </span>
     <span class='ocr_line' id='line_1_68' title="bbox 1108 1058 1844 1105; baseline -0.004 -11"><span class='ocrx_word' id='word_1_342' title='bbox 1108 1067 1242 1105; x_wconf 91' lang='lat' dir='ltr'>tumque</span> <span class='ocrx_word' id='word_1_343' title='bbox 1267 1061 1351 1094; x_wconf 87' lang='lat' dir='ltr'>absit</span> <span class='ocrx_word' id='word_1_344' title='bbox 1386 1061 1472 1103; x_wconf 88' lang='lat' dir='ltr'>quod</span> <span class='ocrx_word' id='word_1_345' title='bbox 1500 1059 1636 1092; x_wconf 80' lang='lat' dir='ltr'>Romani</span> <span class='ocrx_word' id='word_1_346' title='bbox 1672 1058 1844 1092; x_wconf 78' lang='lat' dir='ltr'>Pontifices</span> 
     </span>
     <span class='ocr_line' id='line_1_69' title="bbox 1107 1111 1846 1158; baseline -0.007 -10"><span class='ocrx_word' id='word_1_347' title='bbox 1107 1126 1166 1158; x_wconf 90' lang='lat' dir='ltr'>pro</span> <span class='ocrx_word' id='word_1_348' title='bbox 1192 1120 1339 1158; x_wconf 84' lang='lat' dir='ltr'>tempore</span> <span class='ocrx_word' id='word_1_349' title='bbox 1365 1114 1539 1146; x_wconf 80' lang='lat' dir='ltr'>existentes</span> <span class='ocrx_word' id='word_1_350' title='bbox 1557 1112 1588 1144; x_wconf 88' lang='lat' dir='ltr'>in</span> <span class='ocrx_word' id='word_1_351' title='bbox 1613 1112 1644 1144; x_wconf 82' lang='lat' dir='ltr'>S.</span> <span class='ocrx_word' id='word_1_352' title='bbox 1664 1112 1701 1144; x_wconf 84' lang='lat' dir='ltr'>R.</span> <span class='ocrx_word' id='word_1_353' title='bbox 1724 1111 1759 1144; x_wconf 88' lang='lat' dir='ltr'>E.</span> <span class='ocrx_word' id='word_1_354' title='bbox 1779 1122 1846 1144; x_wconf 57' lang='lat' dir='ltr'>carn</span> 
     </span>
     <span class='ocr_line' id='line_1_70' title="bbox 1109 1164 1845 1210; baseline -0.005 -10"><span class='ocrx_word' id='word_1_355' title='bbox 1109 1167 1262 1201; x_wconf 88' lang='lat' dir='ltr'>dinalium</span> <span class='ocrx_word' id='word_1_356' title='bbox 1294 1165 1559 1210; x_wconf 88' lang='lat' dir='ltr'>promotionibus</span> <span class='ocrx_word' id='word_1_357' title='bbox 1594 1165 1773 1208; x_wconf 84' lang='lat' dir='ltr'>quidquam</span> <span class='ocrx_word' id='word_1_358' title='bbox 1805 1164 1845 1197; x_wconf 88' lang='lat' dir='ltr'>de</span> 
     </span>
     <span class='ocr_line' id='line_1_71' title="bbox 1108 1217 1846 1262; baseline -0.007 -8"><span class='ocrx_word' id='word_1_359' title='bbox 1108 1221 1159 1254; x_wconf 89' lang='lat' dir='ltr'>his</span> <span class='ocrx_word' id='word_1_360' title='bbox 1177 1220 1292 1253; x_wconf 88' lang='lat' dir='ltr'>officiis</span> <span class='ocrx_word' id='word_1_361' title='bbox 1318 1220 1459 1262; x_wconf 71' lang='lat' dir='ltr'>cogitare</span> <span class='ocrx_word' id='word_1_362' title='bbox 1478 1217 1720 1257; x_wconf 84' lang='lat' dir='ltr'>consueverint,</span> <span class='ocrx_word' id='word_1_363' title='bbox 1739 1222 1776 1250; x_wconf 83' lang='lat' dir='ltr'>ut</span> <span class='ocrx_word' id='word_1_364' title='bbox 1792 1227 1846 1261; x_wconf 90' lang='lat' dir='ltr'>po-</span> 
     </span>
     <span class='ocr_line' id='line_1_72' title="bbox 1108 1271 1846 1314; baseline -0.007 -7"><span class='ocrx_word' id='word_1_365' title='bbox 1108 1275 1169 1307; x_wconf 91' lang='lat' dir='ltr'>tius</span> <span class='ocrx_word' id='word_1_366' title='bbox 1195 1283 1259 1306; x_wconf 91' lang='lat' dir='ltr'>uon</span> <span class='ocrx_word' id='word_1_367' title='bbox 1283 1283 1358 1305; x_wconf 86' lang='lat' dir='ltr'>raro</span> <span class='ocrx_word' id='word_1_368' title='bbox 1393 1271 1558 1311; x_wconf 84' lang='lat' dir='ltr'>acciderit,</span> <span class='ocrx_word' id='word_1_369' title='bbox 1582 1271 1670 1311; x_wconf 90' lang='lat' dir='ltr'>illos,</span> <span class='ocrx_word' id='word_1_370' title='bbox 1704 1280 1743 1302; x_wconf 83' lang='lat' dir='ltr'>an</span> <span class='ocrx_word' id='word_1_371' title='bbox 1768 1281 1846 1314; x_wconf 90' lang='lat' dir='ltr'>pro-</span> 
     </span>
     <span class='ocr_line' id='line_1_73' title="bbox 1108 1324 1846 1369; baseline -0.005 -9"><span class='ocrx_word' id='word_1_372' title='bbox 1108 1327 1186 1360; x_wconf 89' lang='lat' dir='ltr'>moti</span> <span class='ocrx_word' id='word_1_373' title='bbox 1211 1337 1270 1369; x_wconf 91' lang='lat' dir='ltr'>per</span> <span class='ocrx_word' id='word_1_374' title='bbox 1295 1336 1350 1358; x_wconf 89' lang='lat' dir='ltr'>eos</span> <span class='ocrx_word' id='word_1_375' title='bbox 1376 1325 1478 1358; x_wconf 81' lang='lat' dir='ltr'>officia</span> <span class='ocrx_word' id='word_1_376' title='bbox 1505 1324 1692 1357; x_wconf 79' lang='lat' dir='ltr'>huiusmodi</span> <span class='ocrx_word' id='word_1_377' title='bbox 1717 1324 1846 1356; x_wconf 89' lang='lat' dir='ltr'>obtine-</span> 
     </span>
     <span class='ocr_line' id='line_1_74' title="bbox 1107 1377 1847 1420; baseline -0.005 -10"><span class='ocrx_word' id='word_1_378' title='bbox 1107 1383 1192 1417; x_wconf 84' lang='lat' dir='ltr'>rent,</span> <span class='ocrx_word' id='word_1_379' title='bbox 1208 1387 1344 1420; x_wconf 81' lang='lat' dir='ltr'>prorsus</span> <span class='ocrx_word' id='word_1_380' title='bbox 1361 1377 1548 1418; x_wconf 57' lang='lat' dir='ltr'>ignorasse,</span> <span class='ocrx_word' id='word_1_381' title='bbox 1568 1385 1628 1407; x_wconf 88' lang='lat' dir='ltr'>nos</span> <span class='ocrx_word' id='word_1_382' title='bbox 1643 1380 1749 1407; x_wconf 88' lang='lat' dir='ltr'>tamen</span> <span class='ocrx_word' id='word_1_383' title='bbox 1769 1380 1847 1406; x_wconf 90' lang='lat' dir='ltr'>tem-</span> 
     </span>
     <span class='ocr_line' id='line_1_75' title="bbox 1107 1427 1846 1473; baseline -0.005 -10"><span class='ocrx_word' id='word_1_384' title='bbox 1107 1431 1221 1473; x_wconf 89' lang='lat' dir='ltr'>porale</span> <span class='ocrx_word' id='word_1_385' title='bbox 1247 1429 1474 1472; x_wconf 82' lang='lat' dir='ltr'>quodcumque</span> <span class='ocrx_word' id='word_1_386' title='bbox 1508 1427 1734 1466; x_wconf 88' lang='lat' dir='ltr'>commodum,</span> <span class='ocrx_word' id='word_1_387' title='bbox 1760 1427 1846 1469; x_wconf 90' lang='lat' dir='ltr'>quod</span> 
     </span>
     <span class='ocr_line' id='line_1_76' title="bbox 1107 1479 1846 1516; baseline -0.007 0"><span class='ocrx_word' id='word_1_388' title='bbox 1107 1494 1143 1516; x_wconf 75' lang='lat' dir='ltr'>ex</span> <span class='ocrx_word' id='word_1_389' title='bbox 1168 1482 1355 1515; x_wconf 88' lang='lat' dir='ltr'>eorumdem</span> <span class='ocrx_word' id='word_1_390' title='bbox 1386 1480 1599 1513; x_wconf 83' lang='lat' dir='ltr'>cardinalium</span> <span class='ocrx_word' id='word_1_391' title='bbox 1624 1479 1846 1512; x_wconf 86' lang='lat' dir='ltr'>creationibus</span> 
     </span>
     <span class='ocr_line' id='line_1_77' title="bbox 1107 1533 1848 1580; baseline -0.007 -11"><span class='ocrx_word' id='word_1_392' title='bbox 1107 1535 1352 1580; x_wconf 82' lang='lat' dir='ltr'>quomodolibet</span> <span class='ocrx_word' id='word_1_393' title='bbox 1380 1534 1476 1567; x_wconf 87' lang='lat' dir='ltr'>etiam</span> <span class='ocrx_word' id='word_1_394' title='bbox 1504 1533 1663 1566; x_wconf 84' lang='lat' dir='ltr'>indirecte</span> <span class='ocrx_word' id='word_1_395' title='bbox 1693 1542 1729 1564; x_wconf 87' lang='lat' dir='ltr'>ae</span> <span class='ocrx_word' id='word_1_396' title='bbox 1753 1542 1848 1575; x_wconf 89' lang='lat' dir='ltr'>prae-</span> 
     </span>
     <span class='ocr_line' id='line_1_78' title="bbox 1108 1585 1847 1622; baseline -0.005 0"><span class='ocrx_word' id='word_1_397' title='bbox 1108 1596 1156 1622; x_wconf 87' lang='lat' dir='ltr'>ter</span> <span class='ocrx_word' id='word_1_398' title='bbox 1176 1588 1391 1621; x_wconf 87' lang='lat' dir='ltr'>intentionem</span> <span class='ocrx_word' id='word_1_399' title='bbox 1414 1586 1508 1619; x_wconf 81' lang='lat' dir='ltr'>nobis</span> <span class='ocrx_word' id='word_1_400' title='bbox 1530 1591 1583 1618; x_wconf 88' lang='lat' dir='ltr'>aut</span> <span class='ocrx_word' id='word_1_401' title='bbox 1608 1585 1847 1618; x_wconf 89' lang='lat' dir='ltr'>successoribus</span> 
     </span>
     <span class='ocr_line' id='line_1_79' title="bbox 1107 1638 1847 1681; baseline -0.007 -6"><span class='ocrx_word' id='word_1_402' title='bbox 1107 1642 1227 1676; x_wconf 89' lang='lat' dir='ltr'>nostris</span> <span class='ocrx_word' id='word_1_403' title='bbox 1251 1641 1401 1674; x_wconf 84' lang='lat' dir='ltr'>Romanis</span> <span class='ocrx_word' id='word_1_404' title='bbox 1436 1638 1647 1672; x_wconf 72' lang='lat' dir='ltr'>Pontificibus</span> <span class='ocrx_word' id='word_1_405' title='bbox 1673 1638 1847 1681; x_wconf 78' lang='lat' dir='ltr'>provenire</span> 
     </span>
     <span class='ocr_line' id='line_1_80' title="bbox 1107 1691 1848 1738; baseline -0.007 -10"><span class='ocrx_word' id='word_1_406' title='bbox 1107 1699 1237 1738; x_wconf 87' lang='lat' dir='ltr'>posset,</span> <span class='ocrx_word' id='word_1_407' title='bbox 1264 1693 1392 1737; x_wconf 77' lang='lat' dir='ltr'>penitus</span> <span class='ocrx_word' id='word_1_408' title='bbox 1426 1702 1604 1731; x_wconf 76' lang='lat' dir='ltr'>removere,</span> <span class='ocrx_word' id='word_1_409' title='bbox 1631 1696 1727 1734; x_wconf 87' lang='lat' dir='ltr'>atque</span> <span class='ocrx_word' id='word_1_410' title='bbox 1753 1691 1797 1723; x_wconf 85' lang='lat' dir='ltr'>ita</span> <span class='ocrx_word' id='word_1_411' title='bbox 1814 1701 1848 1723; x_wconf 94' lang='lat' dir='ltr'>o-</span> 
     </span>
     <span class='ocr_line' id='line_1_81' title="bbox 1107 1744 1848 1789; baseline -0.007 -8"><span class='ocrx_word' id='word_1_412' title='bbox 1107 1758 1214 1781; x_wconf 85' lang='lat' dir='ltr'>nmem</span> <span class='ocrx_word' id='word_1_413' title='bbox 1247 1748 1296 1780; x_wconf 74' lang='lat' dir='ltr'>vel</span> <span class='ocrx_word' id='word_1_414' title='bbox 1326 1746 1458 1779; x_wconf 85' lang='lat' dir='ltr'>nimiam</span> <span class='ocrx_word' id='word_1_415' title='bbox 1485 1745 1674 1789; x_wconf 86' lang='lat' dir='ltr'>suspicandi</span> <span class='ocrx_word' id='word_1_416' title='bbox 1700 1744 1848 1777; x_wconf 89' lang='lat' dir='ltr'>occasio-</span> 
     </span>
     <span class='ocr_line' id='line_1_82' title="bbox 1106 1796 1847 1838; baseline -0.008 -4"><span class='ocrx_word' id='word_1_417' title='bbox 1106 1812 1182 1834; x_wconf 90' lang='lat' dir='ltr'>nem</span> <span class='ocrx_word' id='word_1_418' title='bbox 1207 1800 1374 1833; x_wconf 86' lang='lat' dir='ltr'>eliminare</span> <span class='ocrx_word' id='word_1_419' title='bbox 1399 1800 1562 1838; x_wconf 80' lang='lat' dir='ltr'>volentes,</span> <span class='ocrx_word' id='word_1_420' title='bbox 1587 1808 1625 1830; x_wconf 90' lang='lat' dir='ltr'>ne</span> <span class='ocrx_word' id='word_1_421' title='bbox 1651 1808 1709 1830; x_wconf 86' lang='lat' dir='ltr'>nos</span> <span class='ocrx_word' id='word_1_422' title='bbox 1735 1802 1789 1829; x_wconf 90' lang='lat' dir='ltr'>aut</span> <span class='ocrx_word' id='word_1_423' title='bbox 1808 1796 1847 1828; x_wconf 91' lang='lat' dir='ltr'>ii-</span> 
     </span>
     <span class='ocr_line' id='line_1_83' title="bbox 1108 1849 1845 1887; baseline -0.007 0"><span class='ocrx_word' id='word_1_424' title='bbox 1108 1855 1181 1887; x_wconf 89' lang='lat' dir='ltr'>dem</span> <span class='ocrx_word' id='word_1_425' title='bbox 1199 1863 1406 1886; x_wconf 87' lang='lat' dir='ltr'>successores</span> <span class='ocrx_word' id='word_1_426' title='bbox 1431 1851 1532 1884; x_wconf 85' lang='lat' dir='ltr'>nostri</span> <span class='ocrx_word' id='word_1_427' title='bbox 1557 1852 1587 1883; x_wconf 90' lang='lat' dir='ltr'>iu</span> <span class='ocrx_word' id='word_1_428' title='bbox 1615 1856 1677 1883; x_wconf 90' lang='lat' dir='ltr'>tam</span> <span class='ocrx_word' id='word_1_429' title='bbox 1695 1849 1845 1883; x_wconf 87' lang='lat' dir='ltr'>sublimis</span> 
     </span>
     <span class='ocr_line' id='line_1_84' title="bbox 1107 1904 1847 1950; baseline -0.007 -9"><span class='ocrx_word' id='word_1_430' title='bbox 1107 1907 1252 1941; x_wconf 88' lang='lat' dir='ltr'>muneris</span> <span class='ocrx_word' id='word_1_431' title='bbox 1271 1906 1485 1950; x_wconf 89' lang='lat' dir='ltr'>amplitudine</span> <span class='ocrx_word' id='word_1_432' title='bbox 1505 1905 1703 1938; x_wconf 48' lang='lat' dir='ltr'>conferenda</span> <span class='ocrx_word' id='word_1_433' title='bbox 1721 1904 1847 1947; x_wconf 87' lang='lat' dir='ltr'>aliquo-</span> 
     </span>
     <span class='ocr_line' id='line_1_85' title="bbox 1108 1957 1848 2003; baseline -0.005 -10"><span class='ocrx_word' id='word_1_434' title='bbox 1108 1971 1177 1993; x_wconf 90' lang='lat' dir='ltr'>rum</span> <span class='ocrx_word' id='word_1_435' title='bbox 1200 1961 1351 2003; x_wconf 76' lang='lat' dir='ltr'>egregiae</span> <span class='ocrx_word' id='word_1_436' title='bbox 1373 1959 1498 1991; x_wconf 82' lang='lat' dir='ltr'>virtutis</span> <span class='ocrx_word' id='word_1_437' title='bbox 1524 1965 1555 1991; x_wconf 91' lang='lat' dir='ltr'>et</span> <span class='ocrx_word' id='word_1_438' title='bbox 1579 1957 1755 2000; x_wconf 73' lang='lat' dir='ltr'>insignium</span> <span class='ocrx_word' id='word_1_439' title='bbox 1779 1967 1848 1990; x_wconf 90' lang='lat' dir='ltr'>me-</span> 
     </span>
     <span class='ocr_line' id='line_1_86' title="bbox 1107 2010 1847 2050; baseline -0.007 -4"><span class='ocrx_word' id='word_1_440' title='bbox 1107 2012 1244 2047; x_wconf 85' lang='lat' dir='ltr'>ritorum</span> <span class='ocrx_word' id='word_1_441' title='bbox 1269 2012 1386 2045; x_wconf 88' lang='lat' dir='ltr'>intuitu</span> <span class='ocrx_word' id='word_1_442' title='bbox 1413 2012 1580 2050; x_wconf 85' lang='lat' dir='ltr'>ducamur,</span> <span class='ocrx_word' id='word_1_443' title='bbox 1610 2020 1738 2043; x_wconf 86' lang='lat' dir='ltr'>necnon</span> <span class='ocrx_word' id='word_1_444' title='bbox 1762 2010 1847 2042; x_wconf 91' lang='lat' dir='ltr'>ulte-</span> 
     </span>
     <span class='ocr_line' id='line_1_87' title="bbox 1107 2064 1844 2106; baseline -0.007 -6"><span class='ocrx_word' id='word_1_445' title='bbox 1107 2068 1174 2100; x_wconf 90' lang='lat' dir='ltr'>rius</span> <span class='ocrx_word' id='word_1_446' title='bbox 1212 2066 1468 2104; x_wconf 87' lang='lat' dir='ltr'>considerantes,</span> <span class='ocrx_word' id='word_1_447' title='bbox 1497 2064 1669 2096; x_wconf 90' lang='lat' dir='ltr'>admodum</span> <span class='ocrx_word' id='word_1_448' title='bbox 1706 2073 1844 2106; x_wconf 88' lang='lat' dir='ltr'>aequum</span> 
     </span>
     <span class='ocr_line' id='line_1_88' title="bbox 1108 2115 1846 2158; baseline -0.007 -5"><span class='ocrx_word' id='word_1_449' title='bbox 1108 2130 1176 2153; x_wconf 88' lang='lat' dir='ltr'>esse</span> <span class='ocrx_word' id='word_1_450' title='bbox 1200 2124 1233 2152; x_wconf 93' lang='lat' dir='ltr'>ut</span> <span class='ocrx_word' id='word_1_451' title='bbox 1258 2119 1297 2152; x_wconf 89' lang='lat' dir='ltr'>ad</span> <span class='ocrx_word' id='word_1_452' title='bbox 1323 2117 1403 2150; x_wconf 90' lang='lat' dir='ltr'>tanti</span> <span class='ocrx_word' id='word_1_453' title='bbox 1432 2117 1569 2150; x_wconf 87' lang='lat' dir='ltr'>honoris</span> <span class='ocrx_word' id='word_1_454' title='bbox 1591 2115 1753 2158; x_wconf 83' lang='lat' dir='ltr'>fastigium</span> <span class='ocrx_word' id='word_1_455' title='bbox 1775 2126 1846 2148; x_wconf 87' lang='lat' dir='ltr'>eve-</span> 
     </span>
     <span class='ocr_line' id='line_1_89' title="bbox 1108 2169 1846 2216; baseline -0.007 -10"><span class='ocrx_word' id='word_1_456' title='bbox 1108 2174 1162 2214; x_wconf 82' lang='lat' dir='ltr'>cti,</span> <span class='ocrx_word' id='word_1_457' title='bbox 1182 2183 1262 2216; x_wconf 87' lang='lat' dir='ltr'>quos</span> <span class='ocrx_word' id='word_1_458' title='bbox 1280 2182 1339 2215; x_wconf 84' lang='lat' dir='ltr'>pro</span> <span class='ocrx_word' id='word_1_459' title='bbox 1359 2176 1442 2204; x_wconf 86' lang='lat' dir='ltr'>statu</span> <span class='ocrx_word' id='word_1_460' title='bbox 1463 2181 1523 2203; x_wconf 92' lang='lat' dir='ltr'>suo</span> <span class='ocrx_word' id='word_1_461' title='bbox 1538 2170 1625 2202; x_wconf 79' lang='lat' dir='ltr'>iuxta</span> <span class='ocrx_word' id='word_1_462' title='bbox 1641 2169 1760 2213; x_wconf 85' lang='lat' dir='ltr'>gradus</span> <span class='ocrx_word' id='word_1_463' title='bbox 1781 2169 1846 2202; x_wconf 91' lang='lat' dir='ltr'>cel-</span> 
     </span>
     <span class='ocr_line' id='line_1_90' title="bbox 1109 2222 1844 2261; baseline -0.007 -1"><span class='ocrx_word' id='word_1_464' title='bbox 1109 2227 1284 2261; x_wconf 88' lang='lat' dir='ltr'>situdinem</span> <span class='ocrx_word' id='word_1_465' title='bbox 1302 2226 1456 2258; x_wconf 89' lang='lat' dir='ltr'>decenter</span> <span class='ocrx_word' id='word_1_466' title='bbox 1471 2223 1664 2256; x_wconf 86' lang='lat' dir='ltr'>sustinendo</span> <span class='ocrx_word' id='word_1_467' title='bbox 1687 2222 1844 2256; x_wconf 90' lang='lat' dir='ltr'>maiorum</span> 
     </span>
     <span class='ocr_line' id='line_1_91' title="bbox 1108 2276 1845 2324; baseline -0.008 -10"><span class='ocrx_word' id='word_1_468' title='bbox 1108 2289 1320 2324; x_wconf 76' lang='lat' dir='ltr'>expensarum</span> <span class='ocrx_word' id='word_1_469' title='bbox 1345 2287 1446 2310; x_wconf 89' lang='lat' dir='ltr'>onera</span> <span class='ocrx_word' id='word_1_470' title='bbox 1470 2276 1580 2310; x_wconf 90' lang='lat' dir='ltr'>subire</span> <span class='ocrx_word' id='word_1_471' title='bbox 1602 2279 1738 2319; x_wconf 89' lang='lat' dir='ltr'>oportet,</span> <span class='ocrx_word' id='word_1_472' title='bbox 1756 2285 1845 2318; x_wconf 84' lang='lat' dir='ltr'>prae-</span> 
     </span>
     <span class='ocr_line' id='line_1_92' title="bbox 1108 2329 1845 2372; baseline -0.009 -4"><span class='ocrx_word' id='word_1_473' title='bbox 1108 2335 1247 2368; x_wconf 83' lang='lat' dir='ltr'>fatorum</span> <span class='ocrx_word' id='word_1_474' title='bbox 1277 2331 1457 2365; x_wconf 83' lang='lat' dir='ltr'>officiorum</span> <span class='ocrx_word' id='word_1_475' title='bbox 1491 2331 1658 2364; x_wconf 86' lang='lat' dir='ltr'>vacatione</span> <span class='ocrx_word' id='word_1_476' title='bbox 1688 2329 1845 2372; x_wconf 82' lang='lat' dir='ltr'>patrimo-</span> 
     </span>
     <span class='ocr_line' id='line_1_93' title="bbox 1107 2382 1842 2426; baseline -0.01 -5"><span class='ocrx_word' id='word_1_477' title='bbox 1107 2389 1152 2422; x_wconf 90' lang='lat' dir='ltr'>nii</span> <span class='ocrx_word' id='word_1_478' title='bbox 1177 2387 1226 2420; x_wconf 85' lang='lat' dir='ltr'>sui</span> <span class='ocrx_word' id='word_1_479' title='bbox 1251 2385 1482 2419; x_wconf 86' lang='lat' dir='ltr'>detrimentum</span> <span class='ocrx_word' id='word_1_480' title='bbox 1505 2383 1638 2416; x_wconf 86' lang='lat' dir='ltr'>minime</span> <span class='ocrx_word' id='word_1_481' title='bbox 1662 2382 1842 2426; x_wconf 86' lang='lat' dir='ltr'>patiantur:</span> 
     </span>
     <span class='ocr_line' id='line_1_94' title="bbox 1107 2435 1844 2483; baseline -0.008 -10"><span class='ocrx_word' id='word_1_482' title='bbox 1107 2446 1197 2474; x_wconf 88' lang='lat' dir='ltr'>motu</span> <span class='ocrx_word' id='word_1_483' title='bbox 1217 2439 1360 2483; x_wconf 89' lang='lat' dir='ltr'>proprio,</span> <span class='ocrx_word' id='word_1_484' title='bbox 1382 2448 1447 2471; x_wconf 92' lang='lat' dir='ltr'>non</span> <span class='ocrx_word' id='word_1_485' title='bbox 1471 2437 1511 2470; x_wconf 91' lang='lat' dir='ltr'>ad</span> <span class='ocrx_word' id='word_1_486' title='bbox 1536 2436 1725 2480; x_wconf 88' lang='lat' dir='ltr'>cuiusquam</span> <span class='ocrx_word' id='word_1_487' title='bbox 1749 2435 1844 2468; x_wconf 87' lang='lat' dir='ltr'>nohis</span> 
     </span>
     <span class='ocr_line' id='line_1_95' title="bbox 1108 2488 1841 2537; baseline -0.01 -10"><span class='ocrx_word' id='word_1_488' title='bbox 1108 2504 1206 2537; x_wconf 87' lang='lat' dir='ltr'>super</span> <span class='ocrx_word' id='word_1_489' title='bbox 1224 2493 1285 2526; x_wconf 90' lang='lat' dir='ltr'>hoc</span> <span class='ocrx_word' id='word_1_490' title='bbox 1308 2492 1434 2525; x_wconf 88' lang='lat' dir='ltr'>oblatae</span> <span class='ocrx_word' id='word_1_491' title='bbox 1459 2489 1626 2534; x_wconf 88' lang='lat' dir='ltr'>petitionis</span> <span class='ocrx_word' id='word_1_492' title='bbox 1646 2488 1841 2527; x_wconf 89' lang='lat' dir='ltr'>instantiam,</span> 
     </span>
     <span class='ocr_line' id='line_1_96' title="bbox 1109 2542 1845 2582; baseline -0.011 0"><span class='ocrx_word' id='word_1_493' title='bbox 1109 2548 1166 2582; x_wconf 90' lang='lat' dir='ltr'>sed</span> <span class='ocrx_word' id='word_1_494' title='bbox 1191 2557 1229 2581; x_wconf 81' lang='lat' dir='ltr'>ex</span> <span class='ocrx_word' id='word_1_495' title='bbox 1253 2547 1340 2580; x_wconf 77' lang='lat' dir='ltr'>certa</span> <span class='ocrx_word' id='word_1_496' title='bbox 1364 2545 1500 2579; x_wconf 79' lang='lat' dir='ltr'>scientia</span> <span class='ocrx_word' id='word_1_497' title='bbox 1517 2548 1550 2578; x_wconf 83' lang='lat' dir='ltr'>et</span> <span class='ocrx_word' id='word_1_498' title='bbox 1572 2543 1697 2576; x_wconf 76' lang='lat' dir='ltr'>matura</span> <span class='ocrx_word' id='word_1_499' title='bbox 1722 2542 1845 2575; x_wconf 87' lang='lat' dir='ltr'>delibe-</span> 
     </span>
    </p>
   </div>
   <div class='ocr_carea' id='block_1_7' title="bbox 1852 163 2034 191">
    <p class='ocr_par' dir='ltr' id='par_1_11' title="bbox 1852 163 2034 191">
     <span class='ocr_line' id='line_1_97' title="bbox 1852 163 2034 191; baseline -0.005 -1"><span class='ocrx_word' id='word_1_500' title='bbox 1852 165 1899 190; x_wconf 73' lang='lat' dir='ltr'>An.</span> <span class='ocrx_word' id='word_1_501' title='bbox 1921 164 1948 191; x_wconf 81' lang='lat' dir='ltr'>C.</span> <span class='ocrx_word' id='word_1_502' title='bbox 1969 163 2034 190; x_wconf 69' lang='grc'>1693</span> 
     </span>
    </p>
   </div>
  </div>
 </body>
</html>
