2227 3225
143 245 192 271 An.
211 243 239 270 (2.

179 569 240 589 Fidi-s
266 570 320 588 tran>

139 597 275 619 ειιιιψιοιιιιιι.

166 1781 276 1802 Ειιιτόἰιιιη

263 244 329 271 2697

333 293 468 331 stolicis,
487 303 613 324 nornen
630 293 779 324 omnibus
796 298 823 324 rt
843 292 1067 334 singulisilliS‚

333 355 413 388 quae
439 345 543 377 dictus
569 345 752 377 Alexander
776 345 1010 387 praedecessor
1034 343 1067 376 in

332 397 400 430 suis
425 398 541 430 litteris
578 397 753 441 praedictis
779 397 879 430 voluit
914 407 980 430 non
1012 396 1069 430 ob-

331 455 428 490 stare,
453 451 632 494 ceterisque
665 451 835 484 contrariis
862 450 1069 494 quibuscum-

332 514 405 546 «pte.
724 512 728 513 ⁷

377 557 392 599 ξ
424 557 455 589 6.
483 558 636 591 Volumus
674 564 780 591 autem
810 563 845 590 ut
881 557 1068 591 earumdem

333 611 552 653 praesentium
573 612 755 645 litterarum
773 611 992 655 transumptis,
1011 621 1067 643 seu
1088 638 1090 642 .

334 665 499 708 exemplis,
514 666 610 698 ctiam
627 665 801 709 impressis,
820 676 915 698 manu
933 664 1067 697 alicuius

333 718 450 750 notarii
468 718 589 761 publici
608 719 808 762 subscriptis,
824 725 855 751 et
868 718 978 761 sigillo
1000 728 1068 760 icr-

333 780 431 803 sonae
450 771 481 803 in
500 772 719 804 ecclesiastica
736 771 891 814 dignitate
913 770 1068 803 constitu—

335 828 383 855 tae
401 824 542 865 munitis,
558 825 671 857 eadem
698 835 830 867 prorsus
852 824 932 856 tides
948 823 1067 865 ubique

332 876 477 908 locorum
496 882 558 909 tarn
579 877 612 909 in
628 877 751 910 iudicio
769 887 864 920 quain
883 881 970 908 extra
988 875 1067 908 illud

332 928 502 969 habeatur,
523 941 603 973 quae
629 930 708 973 ipsis
726 928 953 972 praesentibus
971 929 1069 961 liabe-

332 986 422 1015 retur
440 981 464 1014 si
484 982 591 1016 forent
608 982 771 1015 exhibitae
791 982 838 1014 vcl
856 987 1014 1014 ostensae.

376 1035 489 1068 Datum
507 1036 639 1075 Romae,
658 1035 745 1078 apud
765 1034 797 1067 S.
822 1034 950 1067 Mariam
971 1034 1069 1067 Maio-

333 1098 413 1127 rem,
431 1088 489 1121 sub
508 1089 628 1122 annulo
646 1088 832 1129 Piscatoris‚
850 1088 900 1120 die
925 1098 969 1120 xii
987 1087 1067 1120 iunii

333 1151 496 1181 Mucxcvn,
513 1141 721 1186 pontificatus
738 1142 843 1174 nostri
861 1151 945 1174 anno
964 1152 1007 1175 v1.

368 1203 430 1231 Dat.
451 1203 494 1231 die
515 1204 546 1232 12
565 1204 731 1238 iunii1697,
752 1203 848 1239 pontif.
869 1212 939 1232 anno
954 1209 990 1231 vt.

663 1347 735 1382 CLI.

332 1426 485 1469 Erigitur
513 1426 671 1469 oppidum
698 1427 848 1460 Blesense
880 1428 916 1459 in
947 1427 1069 1460 civita-

375 1483 448 1519 tem,
476 1479 609 1523 eiusque
633 1478 765 1512 eeclesia
788 1479 822 1512 S.
849 1479 1008 1513 Solemnis
1032 1481 1068 1513 in

375 1531 594 1564 cathedralem
604 1531 625 1564 ¹.

507 1611 703 1639 Innocentius
723 1611 892 1645 episcopus,

525 1663 634 1683 servus
646 1662 800 1683 servorum
811 1656 875 1690 Dei,

450 1702 487 1727 ad
501 1703 681 1734 perpetuam
700 1700 746 1728 rei
765 1701 950 1729 memoriam.

377 1771 410 1803 ln
436 1772 526 1803 sacra
540 1769 626 1803 beati
647 1770 731 1804 Petri
753 1771 836 1804 Sede
846 1771 866 1812 ²,
885 1772 1008 1806 meritis
1031 1773 1069 1807 li-

334 1827 385 1857 cet
409 1823 598 1867 imparibus,
627 1823 670 1856 ita
694 1823 787 1857 Patre
812 1825 971 1858 luminum
1004 1826 1070 1860 dis-

334 1882 488 1921 ponente,
506 1877 663 1917 collocati,
685 1877 723 1910 ad
742 1887 853 1921 agrum
872 1888 1068 1923 gregemque

334 1929 533 1963 dominicum
567 1934 698 1963 nostrae
735 1931 941 1964 commissum
973 1942 1069 1966 curae

333 1983 471 2017 sollicita
487 1983 607 2016 mentis
624 1982 691 2016 acie
712 1983 1022 2028 circumspicientes,
1036 1985 1069 2018 in

334 2036 381 2078 iis,
400 2036 503 2081 quae⁸
517 2037 577 2070 ad‘
591 2037 736 2071 eiusdem
755 2038 833 2081 agri,
849 2038 1069 2083 multiplicatis

370 2144 377 2170 t
399 2142 427 2170 ln
442 2145 530 2171 const.
541 2143 585 2170 ed.
600 2149 725 2178 uocxmv,
741 2143 784 2171 die
802 2144 833 2171 16
847 2144 919 2179 maii,
936 2150 1011 2181 pont.
1027 2151 1067 2178 111,

332 2191 405 2214 extat
423 2187 523 2215 erectio
543 2187 673 2215 ecclesiae
693 2188 855 2221 Alesiensis,
879 2189 1068 2217 Nemausensis

331 2233 475 2266 dioecesis,
491 2233 518 2259 in
538 2234 741 2268 episcopatum;
762 2237 789 2260 et
802 2234 830 2260 in
847 2235 988 2262 Benedicti
1008 2236 1066 2262 Xlll

331 2279 438 2305 constit.
455 2277 519 2305 edit.
535 2284 698 2311 moccxxvui,
715 2278 758 2305 die
775 2278 807 2306 15
821 2279 986 2313 novembris,
1002 2289 1068 2315 pon-

331 2322 370 2349 tif.
387 2329 414 2356 v,
430 2323 532 2349 erectio
549 2322 720 2358 episcopatus
735 2322 872 2350 Fabi-iani.

365 2367 381 2394 2
401 2367 504 2394 Bullam
521 2367 600 2394 istam
616 2367 739 2403 plurimis
756 2368 861 2395 mendis
878 2377 1066 2406 expurgamus,

332 2411 503 2439 conferentes
514 2411 658 2439 editionem
671 2412 729 2439 eius
739 2412 766 2438 in
779 2413 875 2440 Gallia
888 2413 1066 2449 Christiana,

333 2458 398 2483 tom.
409 2456 619 2490 v111(Instrum.,
632 2456 683 2484 col.
695 2457 768 2490 451);
781 2457 827 2484 sed
839 2458 946 2484 nomina
959 2460 1067 2494 propria

332 2507 508 2534 personarum
527 2504 553 2528 et
573 2500 705 2536 locorum,
722 2501 772 2528 etsi
793 2506 891 2534 errata,
907 2502 1066 2539 plerumque

332 2543 431 2570 intacta
448 2544 625 2580 relinquimus
641 2547 680 2580 (n.
698 2546 748 2579 T.).

367 2587 383 2613 3
403 2586 469 2614 Male
480 2587 523 2615 ed.
540 2589 577 2616 M.
593 2590 647 2624 leg.
659 2591 753 2625 iisque
764 2598 811 2625 pro
823 2591 870 2623 iis,
886 2599 960 2626 quae
975 2594 1063 2629 (nm).

369 2631 385 2657 4
404 2630 552 2668 Praeposit.
573 2633 610 2661 ad
629 2642 677 2661 nos
698 2633 822 2662 addimus
844 2638 879 2671 tn.
895 2636 943 2669 T.).

906 244 1114 268 iNNOCltNTIL'S
1140 245 1182 267 xu
1207 245 1256 268 I'P.

1743 236 1800 269 701

1087 291 1196 332 :iltius
1224 291 1427 329 cultoribus,
1465 294 1658 325 exactiorem
1685 295 1841 327 culturam

1087 334 1282 387 vgregisque
1324 345 1476 377 maiorem
1507 346 1734 380 secunditatem
1768 359 1843 390 pro-

1109 396 1214 429 futura
1238 407 1308 430 esse
1329 397 1562 440 dignoscimus,
1583 409 1679 442 opem
1705 410 1741 432 ac
1765 411 1843 442 ope-

1111 459 1178 482 ram
1202 455 1345 483 nostram
1376 451 1591 484 libentissime
1620 452 1843 495 impartimur,

1110 503 1299 546 praesertim
1324 504 1400 536 dum
1427 503 1614 538 sublimium
1641 510 1671 537 et
1701 506 1843 538 excelso-

1111 566 1180 588 rum
1202 566 1315 599 regum
1334 562 1405 590 vota
1429 557 1461 590 id
1487 562 1676 600 exposcunt,
1695 557 1844 590 conside-

1111 609 1251 653 ratisque
1276 610 1432 650 locorum,
1458 620 1673 653 personarum
1700 615 1730 643 et
1757 616 1840 643 tem-

1110 672 1226 705 porum
1245 663 1451 707 qualitatibus
1471 664 1502 697 id
1525 663 1679 708 expedire
1699 663 1843 696 animad-

1087 715 1088 739 l
1110 715 1273 748 vertimus.

1110 826 1222 853 nostro
1253 821 1358 854 osticio
1390 827 1420 853 et
1453 822 1599 855 omnium
1635 822 1880 866 ecetesiarumu

1110 874 1329 907 sollicitudine
1339 875 1475 918 provide
1490 876 1746 916 considerantes,
1758 876 1844 908 dioe-
1855 859 1869 879 ¹³

1111 926 1209 960 cesim
1234 926 1464 961 Carnotensem
1494 933 1557 961 tam
1581 928 1612 960 in
1638 929 1843 971 longitudine

1110 991 1205 1023 quam
1231 981 1264 1013 in
1288 980 1459 1013 latitudine
1477 981 1720 1025 amplissimam,
1740 982 1845 1024 regio-

1110 1043 1250 1076 nemque
1268 1033 1464 1075 Blescnsem,
1483 1035 1681 1078 populorum
1700 1040 1732 1068 et
1756 1035 1845 1068 ineo-

1110 1088 1212 1120 larum
1237 1088 1332 1131 copia
1348 1088 1440 1121 valde
1466 1089 1617 1122 refertam
1632 1089 1650 1129 ¹,
1673 1100 1690 1122 a
1716 1089 1845 1123 civitate

1110 1140 1298 1174 Carnotensi
1315 1151 1387 1174 esse
1404 1142 1485 1175 adeo
1500 1147 1670 1183 remotam,
1685 1148 1720 1175 ut
1732 1142 1845 1175 unicus

1110 1199 1221 1237 pastor
1239 1200 1360 1227 tantam
1387 1195 1566 1228 animarum
1587 1194 1847 1229 multitudinem⁹

1112 1250 1148 1280 ca
1173 1258 1234 1290 qua
1259 1258 1318 1291 par
1343 1253 1391 1281 cst
1416 1248 1586 1291 diligentia
1607 1259 1722 1292 regere
1754 1249 1848 1282 mini-

1112 1310 1163 1333 me
1186 1300 1291 1343 possit
1315 1300 1503 1344 (praecipue
1525 1311 1596 1334 cum
1614 1312 1724 1334 carum
1744 1301 1848 1334 maior

1111 1363 1185 1395 pars
1222 1353 1407 1392 confoveri,
1433 1352 1551 1386 firmari
1584 1358 1615 1386 et
1651 1353 1846 1386 consolidari

1111 1415 1243 1438 necesse
1261 1406 1379 1438 habeat
1395 1406 1428 1438 in
1445 1408 1517 1439 vera
1535 1412 1567 1439 et
1586 1406 1767 1440 orthodoxa
1784 1406 1847 1440 side

1111 1458 1286 1498 catholica,
1309 1458 1349 1491 ad
1375 1469 1481 1501 quam,
1497 1458 1605 1491 divina
1630 1459 1760 1492 favente
1779 1470 1848 1502 gra-

1112 1511 1163 1551 tia,
1179 1516 1275 1554 atque
1286 1510 1297 1527 ³
1314 1511 1532 1554 applicatione
1551 1517 1584 1544 et
1600 1514 1675 1545 cura
1691 1512 1848 1546 carissimi

1111 1564 1144 1596 in
1169 1563 1296 1597 Christo
1323 1563 1378 1597 filii
1405 1564 1506 1597 nostri
1531 1565 1684 1598 Ludovici
1713 1565 1849 1599 Franco-

1111 1627 1182 1650 rum
1206 1617 1303 1660 regis,
1325 1617 1390 1661 qui,
1411 1628 1546 1651 suorum
1564 1618 1772 1652 subditorum
1798 1629 1849 1652 sa—

1111 1670 1171 1704 luti
1197 1681 1326 1714 semper
1342 1670 1495 1713 intentus,
1521 1673 1629 1706 sotum
1650 1673 1706 1706 Dei
1727 1675 1846 1708 cultum

1112 1724 1244 1768 eiusque
1262 1724 1480 1758 orthodoxam
1498 1726 1580 1769 legis
1596 1726 1847 1768 observantiam,

1112 1782 1241 1810 sanctae
1266 1777 1380 1810 matris
1412 1777 1574 1812 Ecclesiae
1599 1780 1845 1821 exaltationem,

1112 1831 1283 1864 haeresum
1309 1831 1570 1874 extirpationem,
1593 1833 1848 1867 haereticorum-

1113 1894 1174 1926 que
1193 1884 1439 1917 conversionem
1454 1895 1529 1929 prae
1546 1886 1649 1919 oculis
1664 1886 1768 1927 habet,
1784 1897 1847 1920 non

1113 1937 1155 1969 ita
1165 1937 1290 1980 pridem
1309 1937 1447 1971 feliciter
1465 1949 1619 1972 conversa
1633 1941 1706 1983 est),
1725 1941 1848 1983 aequis-

1112 1989 1244 2022 simum⁴
1264 2001 1335 2023 esse
1358 1991 1538 2025 remedium
1561 1991 1847 2036 duximus⁵regio-

1112 2053 1168 2076 nes
1185 2043 1371 2076 Blesensem
1387 2050 1418 2077 ct
1433 2045 1714 2087 Vindacfflensem,
1728 2057 1764 2079 ac
1777 2058 1848 2090 par-

1113 2101 1176 2128 tem
1194 2106 1251 2129 seu
1271 2101 1391 2129 certam
1417 2097 1600 2140 portionem
1626 2099 1767 2141 regionis
1784 2099 1847 2133 Du-

1112 2148 1221 2181 nensis
1239 2148 1360 2181 duabus
1378 2149 1568 2192 regionibus
1581 2152 1757 2194 praedictis
1773 2163 1846 2186 con-

1113 2202 1242 2244 tiguam,
1269 2212 1286 2234 a
1311 2201 1454 2235 dioecesi
1478 2202 1669 2236 Carnotensi
1694 2215 1845 2248 separare

1111 2261 1142 2288 ct
1175 2255 1421 2296 dismembrare‚
1448 2256 1672 2300 oppidumque
1693 2258 1845 2293 Blesense

1112 2308 1220 2351 (situm
1246 2308 1278 2341 in
1303 2308 1472 2353 provincia
1496 2310 1725 2344 Aurelianensi
1747 2312 1786 2345 ad
1804 2312 1846 2345 ri-

1147 2415 1156 2440 1
1179 2412 1246 2441 Male
1260 2413 1325 2440 edit.
1340 2413 1420 2441 Mein.
1436 2413 1503 2450 legit
1516 2415 1650 2450 refectam
1668 2417 1706 2445 (n.
1723 2417 1772 2449 T.).

1144 2457 1160 2484 2
1180 2458 1228 2484 Ed.
1239 2458 1318 2485 Main.
1329 2458 1394 2494 legit
1406 2462 1488 2486 tanta
1499 2480 1504 2486 .
1517 2480 1523 2486 .
1535 2480 1541 2486 .
1553 2461 1741 2488 multitudine
1749 2462 1842 2496 (nm).

1144 2503 1159 2528 3
1179 2502 1270 2537 Aptius
1286 2503 1383 2530 Gallia
1404 2503 1574 2531 Christiana
1593 2504 1658 2539 legit
1676 2507 1702 2531 et
1721 2506 1775 2540 piot
1793 2515 1842 2541 pro

1108 2550 1194 2580 alque
1214 2548 1254 2581 (n.
1273 2548 1319 2580 T.).

1143 2594 1159 2619 4
1178 2592 1206 2618 In
1218 2593 1314 2620 Gallia
1330 2594 1497 2622 Christiana
1511 2599 1553 2622 est
1567 2596 1748 2630 aptissimum
1759 2597 1840 2633 (uxr).

1142 2637 1158 2664 5
1178 2637 1247 2664 Edit.
1269 2637 1346 2665 Main.
1369 2639 1431 2674 legit
1452 2639 1538 2667 dicei!
1559 2642 1595 2675 (R.
1612 2639 1659 2674 T.).

1853 244 1901 271 An.
1923 244 1949 271 C.
1970 243 2033 270 ³607

1152 768 1167 810 ἓ
1192 768 1222 800 1.
1243 768 1325 801 llinc
1350 769 1501 812 estquod
1519 780 1587 809 nos,
1602 780 1662 813 pro
1688 770 1842 811 pastorali
1855 780 2036 826 0.‘tfifiisiff¹⁸¹?

1884 833 1928 852 ivl-w
1965 835 2036 859 oppidi
