2227 3225
145 223 194 250 Αη.
216 222 243 250 C.
266 222 331 249 1600

339 271 437 305 lndiis
462 276 494 304 et
519 270 708 313 regionibus
746 275 1005 310 commorantes,
1041 269 1079 301 ab

340 325 490 359 omnibus
507 323 657 367 peccatis,
679 323 850 356 sententiis
874 328 905 356 et
923 322 1080 362 censuris,

341 379 438 412 etiam
463 378 494 410 in
517 378 608 411 Bulla
625 377 752 409 Coenae
766 375 891 408 Domini
918 375 1080 408 contentis

341 438 373 465 et
398 430 584 471 reservatis,
604 430 700 463 etiam
726 429 867 472 gratiose
893 428 1080 462 absolvendi

342 485 541 523 facultatem
704 519 709 521 v

173 548 331 572 eonfimnvu,
386 539 401 582 ᾗ
426 538 478 571 12.
506 537 713 581 Eisdemque,
731 541 775 575 ut,
797 536 898 569 semel
917 536 955 568 ab
974 536 1081 578 aliquo

146 577 468 631 {it-lsti'i‘lilsssssliiliarum
494 591 633 635 partium
659 590 815 632 episcopo
841 589 1011 632 approbati
1043 590 1081 621 ad

146 628 277 650 ‘mmmm'
341 644 615 689 praedicandum,
651 643 871 675 consessiones
908 642 1083 675 audiendas

342 705 373 732 et
396 698 508 731 missas
533 695 766 730 celebrandum
781 692 834 728 *in
870 695 1015 728 ecclesiis
1052 700 1084 728 et

343 750 495 784 oratoriis
520 748 688 783 Societatis
714 749 783 782 lesu
809 748 1004 792 praedictae,
1022 759 1081 791 pro

343 803 595 837 ministeriorum
620 802 804 835 huiusmodi
831 802 983 835 exercitio
1002 804 1083 834 ulte-

343 857 410 890 rius
435 855 599 889 licentiam
618 860 649 888 et
667 855 935 898 approbationem
957 855 995 887 ab
1013 854 1083 887 aliis

345 909 508 952 episeopis
525 935 533 948 ‚
567 913 725 951 quatenus
751 908 871 940 distent
895 908 980 940 ultra
1006 907 1083 939 duas

345 962 581 1004 dietas,petere
595 970 651 993 seu
666 960 787 993 habere
805 959 936 993 minime
954 965 1084 993 tenean-

344 1020 405 1055 tur,
431 1015 488 1047 sed
514 1015 638 1057 absque
663 1013 728 1046 illis
763 1013 945 1057 praemissa
979 1013 1083 1046 facere

343 1066 507 1112 possint¹;
531 1067 556 1099 si
577 1076 655 1099 vero
679 1066 854 1109 episcopus
878 1067 917 1098 ab
935 1063 1098 1104 ecelesias

344 1122 395 1154 vel
411 1123 482 1154 loco
498 1119 551 1152 ubi
570 1119 778 1163 praedicatur
791 1120 842 1152 vel
861 1119 1084 1152 consessiones

345 1175 535 1215 audiuntur,
563 1184 627 1206 non
653 1173 749 1206 distet
785 1174 870 1206 ultra
903 1173 1086 1216 praedictas

346 1228 426 1260 duas
454 1227 564 1265 dietas,
592 1231 667 1258 tunc
687 1225 820 1259 licentia
838 1226 934 1258 etiam
952 1225 1085 1258 alterius

345 1279 506 1312 Ordinarii
525 1280 569 1312 ita
587 1278 682 1311 vieini
697 1279 787 1321 prius
806 1277 945 1310 obtineri
960 1278 1087 1317 debeat,

346 1343 429 1375 quae
455 1337 561 1364 tamen
586 1341 647 1374 per
671 1331 844 1374 epistolam
872 1330 968 1364 etiam
988 1331 1087 1372 impe-

345 1384 422 1417 trari
448 1384 569 1427 possit;

150 1443 334 1495 algsstebffifflg
390 1438 483 1482 §ta
515 1437 644 1471 Possint
677 1437 773 1470 etiam
810 1442 901 1470 extra
937 1437 1088 1470 ecclesias

151 1499 210 1518 ω’*
231 1496 300 1517 ¹⁰⁰·1m
315 1496 554 1524 etconsecratas
579 1501 679 1534 super
696 1490 851 1523 altaribus
869 1490 1088 1534 portatilibus.

151 1525 240 1548 lempna,
254 1528 335 1543 necnon
348 1544 354 1549 ⁴

150 1549 377 1603 {gg-suffnffigffiwwn
404 1545 476 1578 loco
504 1549 611 1577 tamen
631 1543 768 1582 decenti,
782 1543 836 1576 ubi
854 1554 920 1576 non
940 1549 988 1576 est
1004 1554 1088 1577 com-

347 1597 486 1630 moditas
512 1596 733 1637 ecclesiarum,
759 1602 792 1629 et
815 1597 848 1629 in
879 1607 953 1629 casu
979 1607 1089 1630 neees-

347 1650 451 1683 sitatis
487 1655 622 1689 tantum,
648 1650 743 1682 etiam
779 1660 838 1693 per
866 1650 980 1683 horam
1016 1656 1089 1683 ante

346 1703 451 1736 lucem
476 1703 525 1736 vel
551 1702 647 1735 etiam
672 1708 745 1745 post
769 1703 950 1743 meridiem,
975 1703 1006 1735 in
1029 1703 1090 1736 eis-

347 1756 422 1789 dem
447 1755 646 1798 regionibus,
665 1758 738 1788 etim
764 1767 845 1799 opus
870 1756 977 1798 fuerit,
1003 1758 1089 1790 cele-

347 1809 456 1850 brare,
483 1815 515 1842 et
539 1809 571 1841 in
596 1809 731 1850 MaIuco,
756 1810 925 1854 Giappone
962 1817 994 1843 et
1018 1811 1089 1844 aliis

346 1862 527 1895 insularum
544 1888 551 1901 ,
593 1867 752 1896 terrarum
771 1890 778 1903 ‚
823 1863 1064 1906 provinciarum
1083 1890 1090 1904 ,

348 1920 381 1947 et
415 1915 562 1947 locorum
599 1915 843 1958 praedictorum
878 1916 1027 1960 partibus
1060 1923 1092 1949 et

348 1967 435 2007 locis,
462 1978 480 2000 a
504 1968 622 2011 quibus
647 1970 739 2002 valde
768 1969 884 2002 remoti
915 1975 989 2002 sunt
1018 1970 1090 2014 epi-

348 2020 450 2064 scopi,
478 2021 558 2054 oleis
584 2022 714 2062 sanctis,
738 2033 797 2065 per
822 2023 916 2062 duos,
941 2023 992 2056 vel
1014 2028 1090 2064 tres,

348 2080 404 2108 aut
427 2081 567 2118 quatuor
591 2087 693 2109 annos
719 2082 792 2109 ante
818 2076 1027 2117 consecratis,
1055 2076 1092 2110 li-

349 2129 429 2162 bere
455 2129 501 2161 uti
525 2129 671 2172 possint3

154 2180 340 2231 missusspvljffigff}
394 2182 409 2225 ξ
433 2182 486 2214 14.
513 2182 644 2215 Necnon
671 2187 707 2215 ut
732 2183 928 2227 quicumque
946 2195 981 2217 ex
1001 2195 1093 2227 prae-

155 2234 445 2287 g'ggflffugfffflf’dictis
484 2235 683 2279 presbyteris
721 2236 890 2270 Societatis
929 2239 1092 2281 praefatae

351 2293 475 2328 tantum
500 2294 738 2322 sacrosanctum
756 2290 872 2323 missae
898 2291 1092 2324 sacrificium

351 2341 579 2374 defunctorum
610 2352 670 2385 pro
703 2342 869 2376 animabus
899 2344 1093 2378 christifide-

351 2394 438 2434 lium,
465 2393 518 2437 qui
543 2405 579 2427 ex
605 2395 668 2428 hac
692 2396 755 2428 vita
773 2396 803 2429 in
829 2397 985 2430 charitate
1003 2397 1093 2431 Chri-

352 2452 402 2480 sto
438 2446 602 2479 eoniuncti
640 2448 858 2489 decesserunt,
887 2449 919 2481 in
957 2450 1092 2493 singulis

353 2499 501 2532 ecclesiis
526 2499 695 2533 Societatis
720 2501 798 2542 Iesu,
821 2502 858 2534 ad
884 2514 994 2539 unum,
1022 2504 1093 2537 illo-

349 2560 422 2583 rum
447 2550 651 2594 superiorum
685 2552 820 2586 arbitrio
857 2555 958 2586 semel
996 2555 1092 2598 depu-

389 2614 401 2639 ¹
424 2613 493 2641 Edit.
515 2613 594 2641 Main.
615 2615 681 2650 legit
699 2616 786 2650 possit
805 2617 845 2648 (n.
865 2618 913 2650 τ.).

443 2667 523 2694 Bull.
544 2668 628 2695 Rom.
645 2683 679 2688 —
698 2669 758 2696 Vol.
781 2670 840 2697 ΧΧ.
984 2668 1000 2697 7

925 220 1111 244 ΑῘΑΕΥΛΝῸΕΠ
1138 219 1192 244 vm
1217 220 1264 243 ΓΡ.

1779 212 1820 245 AO
1866 222 1913 247 An.
1936 221 1963 247 C.
1984 220 2050 246 roso

1124 269 1268 308 tandum,
1282 268 1382 301 altare
1398 268 1647 308 celebraverint,
1660 280 1718 313 per
1731 270 1862 302 moduni

1123 321 1266 364 sull'ragii
1292 321 1408 354 iisdem
1434 321 1602 354 animabus
1628 322 1765 365 prosint.

1167 376 1181 419 ἓ
1206 375 1259 408 15.
1287 376 1457 408 Postremo
1484 375 1596 408 iisdem
1622 376 1821 418 presbyteris
1846 388 1863 409 a

1124 429 1312 472 praeposito
1338 428 1481 471 generali
1518 439 1552 461 ex
1587 428 1671 461 dicta
1706 429 1864 462 Societate

1125 482 1333 525 deputandis,
1354 487 1387 513 ut
1410 481 1443 513 in
1468 481 1643 524 praedictis
1661 481 1863 523 regionibus,

1125 535 1298 579 provinciis
1329 540 1360 568 et
1390 535 1484 575 locis,
1516 535 1547 567 in
1573 534 1690 577 quibus
1715 534 1866 567 similiter

1125 591 1239 623 fideles
1259 600 1329 622 cum
1347 588 1531 622 infidelibus
1548 588 1664 627 vivunt,
1680 593 1711 620 et
1728 598 1792 620 non
1812 589 1867 620 ad-

1125 649 1198 676 sunt
1215 642 1375 676 Ordinarii
1401 641 1455 685 qui
1474 640 1659 674 huiusmodi
1679 641 1865 673 facultatem

1127 697 1276 736 habeant,
1303 693 1376 739 qui¹
1402 695 1522 728 distant
1546 695 1630 727 ultra
1653 694 1731 726 duas
1751 694 1866 734 dietas,

1125 761 1198 783 cuin
1223 749 1410 793 neophytis,
1438 749 1575 791 aliisque
1600 748 1639 781 ad
1658 747 1754 780 fidem
1774 748 1869 780 redu-

1126 803 1183 836 ctis
1201 831 1208 843 ,
1236 814 1273 836 ex
1300 803 1486 836 rationabili
1517 805 1612 835 causa
1641 807 1672 835 et
1700 801 1865 844 legitima,

1125 867 1224 899 super
1243 861 1317 889 voto
1337 856 1504 895 castitatis,
1524 865 1588 888 non
1610 860 1714 887 tamen
1733 853 1867 886 solemni

1126 908 1375 952 quomodolibet
1409 908 1504 941 etiam
1539 918 1597 950 per
1630 906 1752 939 ordinis
1783 905 1868 938 sacri

1126 963 1365 1007 susceptionem
1390 964 1440 996 vel
1468 962 1683 1005 professionis
1709 960 1868 1003 regularis

1126 1016 1158 1049 in
1183 1016 1344 1058 religione
1366 1026 1424 1059 per
1441 1014 1556 1048 Sedem
1575 1013 1796 1057 Apostolicain
1815 1024 1871 1055 ap-

1127 1069 1261 1112 probata
1286 1068 1492 1102 emissionem
1510 1068 1606 1107 sacto,
1627 1072 1658 1100 et
1682 1077 1780 1109 super
1805 1077 1871 1098 ma-
1927 1074 2065 1111 [ηψυυψνὲί

1129 1122 1281 1156 trimonio
1309 1123 1348 1157 de
1373 1122 1458 1154 sacto
1484 1127 1516 1154 et
1540 1122 1571 1153 in
1598 1120 1677 1153 facie
1706 1119 1869 1152 Ecclesiae
1882 1107 1957 1175 iffs'iiil
1977 1107 2067 1148 wilini?

1129 1175 1194 1207 sive
1220 1175 1362 1207 scienter
1386 1174 1452 1206 sive
1478 1174 1667 1216 ignoranter
1691 1177 1872 1209 contracto,
1949 1169 1955 1175 '

1130 1234 1160 1261 et
1185 1228 1299 1272 quovis
1324 1228 1452 1260 occulto
1477 1226 1724 1269 impedimento,
1742 1229 1873 1267 praeter

1130 1281 1225 1323 primi
1252 1281 1382 1323 gradus,
1399 1285 1535 1323 propter
1560 1279 1647 1322 quod
1673 1279 1735 1311 tale
1762 1277 1873 1310 matri-

1131 1333 1274 1366 monium
1293 1333 1325 1365 in
1341 1332 1544 1365 conscientia
1568 1336 1655 1364 esset
1681 1330 1870 1368 invalidum,

1131 1391 1162 1419 ct
1187 1386 1417 1419 contrahentes
1444 1385 1513 1417 sine
1538 1384 1692 1416 seandalo
1727 1383 1872 1425 separari

1132 1449 1196 1472 non
1221 1444 1369 1482 possent,
1389 1437 1613 1480 dispensandi,
1642 1436 1741 1478 gratis
1767 1441 1874 1468 tamen

1133 1498 1164 1525 et
1181 1492 1212 1525 in
1232 1493 1303 1525 foro
1320 1491 1538 1525 conscientiae
1557 1496 1679 1523 tantum
1696 1501 1703 1530 ;
1723 1500 1759 1522 ac
1777 1500 1875 1532 super
1885 1497 2069 1544 bonf⁰‘'¹'³’'.s‚”‘ii

1132 1545 1227 1579 bonis
1244 1546 1327 1578 male
1346 1544 1523 1588 acquisitis,
1544 1544 1582 1576 ad
1601 1554 1684 1586 quae
1703 1543 1999 1577 restituen-acqueua.
2036 1534 2046 1542 ‘⁸

1133 1599 1172 1632 da
1189 1598 1251 1641 ipsi
1269 1597 1427 1640 neophyti
1448 1602 1480 1630 et
1496 1596 1550 1629 alii
1567 1595 1704 1639 praefati
1723 1595 1876 1628 incertis²

1132 1651 1285 1695 personis
1306 1650 1441 1692 obligati
1468 1649 1644 1687 extiterint,
1667 1659 1739 1681 cum
1766 1648 1811 1681 eis
1835 1648 1874 1680 ad

1132 1715 1231 1748 opera
1257 1705 1309 1748 pia
1333 1703 1560 1747 componendi,
1580 1703 1643 1743 vel,
1664 1702 1689 1735 si
1707 1702 1767 1745 ipsi
1792 1701 1875 1734 indi-

1133 1763 1255 1801 gerent,
1281 1757 1314 1790 in
1340 1762 1406 1790 toto
1428 1757 1480 1789 vel
1499 1756 1531 1788 in
1557 1761 1648 1799 parte
1672 1754 1874 1789 1·emittendi;

1132 1821 1260 1844 necnon
1278 1821 1351 1844 cum
1375 1809 1473 1849 Indis,
1500 1810 1532 1842 in
1559 1810 1628 1842 soro
1654 1808 1890 1845 eonscientiae,
1910 1842 1912 1844 ,
1929 1814 2043 1836 ιὼεωοᾶῑ
2058 1820 2071 1835 a

1886 1847 1970 1862 tetuinus
1979 1845 2071 1862 etffuwr

1135 1869 1265 1904 tantum,
1292 1870 1420 1897 etcum
1457 1861 1631 1906 neophytis
1665 1861 1698 1894 in
1734 1866 2069 1915 utzoquefflffiuffissffln

1133 1918 1322 1960 foro,super
1338 1916 1480 1956 ieiuniis,
1495 1915 1596 1958 gratis
1615 1915 1876 1957 tamen,dispeu-
1986 1907 1995 1914 '⁴

1133 1971 1223 2003 sandi
1240 1982 1248 2010 ·,
1266 1980 1393 2003 necnon
1410 1970 1451 2003 ob
1470 1979 1569 2002 onere
1588 1968 1757 2012 petitionis
1775 1968 1875 2001 debiti

1134 2023 1390 2063 matrimonialis,
1417 2023 1546 2066 quando
1563 2033 1628 2056 non
1647 2028 1734 2055 esset
1751 2021 1875 2055 licitum

1134 2077 1214 2111 illud
1241 2077 1367 2110 ratione
1392 2076 1458 2109 voti
1484 2076 1640 2109 eastitatis
1667 2077 1718 2109 vel
1744 2075 1805 2108 alia
1825 2086 1876 2108 ra-

1135 2130 1281 2163 tionabili
1306 2132 1402 2162 causa
1421 2134 1544 2173 petere,
1562 2130 1595 2162 in
1620 2129 1690 2162 soro
1711 2129 2070 2183 conscien-mffljgssgjffffi

1137 2183 1198 2216 tiae
1224 2188 1347 2216 tantum
1382 2188 1415 2215 et
1444 2183 1544 2225 gratis
1577 2182 1747 2222 liberandi,
1773 2182 2068 2214 licen-bs0⁵¹n11de¹¹um-

1136 2236 1279 2279 tiainque
1305 2235 1435 2278 legendi
1454 2235 1555 2268 libros
1574 2234 1756 2268 infidelium
1778 2235 1817 2268 de
1838 2235 1876 2268 li-

1135 2289 1241 2321 centia
1277 2289 1325 2322 sui
1350 2288 1556 2332 provincialis
1587 2288 1736 2331 personis
1768 2289 1875 2331 dignis

1135 2342 1346 2382 concedendi,
1359 2341 1523 2375 licentiam
1539 2347 1571 2374 et
1588 2342 1782 2381 facultatem,
1798 2353 1876 2385 apo-

1135 2395 1251 2429 stolica
1275 2395 1474 2435 auctoritate,
1502 2400 1615 2428 tenore
1641 2395 1872 2438 praesentium,

1134 2450 1313 2493 respective
1345 2448 1554 2482 concedimus
1591 2454 1623 2482 et
1659 2449 1872 2492 impartimur.

1927 389 2026 409 Solieiidt
2045 395 2057 409 a

1877 419 1923 436 toto
1933 419 2045 437 eastitatis.

1170 2530 1181 2556 ¹
1205 2529 1305 2556 Forsan
1322 2529 1392 2563 quia
1408 2532 1454 2555 aut
1470 2530 1511 2555 vel
1528 2528 1670 2563 legendum
1684 2529 1721 2561 (a.
1739 2529 1786 2561 T.).

1169 2574 1184 2600 2
1205 2573 1254 2600 Ed.
1271 2573 1353 2600 Main.
1371 2573 1435 2607 legit
1456 2573 1486 2600 ἰη
1503 2574 1598 2607 certis,
1620 2577 1645 2600 et
1667 2573 1703 2599 ita
1724 2574 1803 2598 etiam
1825 2581 1874 2599 nos

1135 2617 1268 2645 edidimus
1282 2625 1314 2645 ex
1329 2617 1410 2644 Maia.
1426 2619 1492 2644 torn.
1509 2623 1574 2648 xrn,
1592 2625 1652 2652 pag.
1671 2616 1721 2643 753
1738 2617 1752 2642 b
1767 2618 1804 2650 (a.
1825 2616 1871 2651 r).
