2227 3225
144 228 193 255 An.
209 228 237 256 tx.
261 227 327 254 ¹60³

211 2620 288 2643 Preces
307 2624 369 2646 supe-

924 226 1131 248 l?.>‚titlt‘>;·t*tt's
1158 227 1197 248 xil
1224 226 1269 248 ΓΡ,

337 276 525 318 viarumque
541 273 746 307 incommoda
760 284 796 307 ac
810 283 920 307 eorum
937 284 1074 316 pauper-

340 334 451 369 tatem,
478 328 631 365 accedere
668 327 866 370 nequibant,
892 332 926 358 ut
955 327 1073 359 ibidem

340 382 457 426 gradus
472 381 670 414 academicos
688 384 977 423 consequerentur,
991 379 1075 411 uude

341 436 400 469 flos
415 434 588 467 inventutis
602 434 788 466 earumdem
807 433 978 475 regionum
997 432 1078 464 eius-

341 489 429 522 modi
455 489 580 521 honore
606 487 748 530 privatus
774 486 983 525 remanebat,
1013 496 1075 517 non

342 543 411 576 sine
442 541 605 575 Ecclesiae
637 547 732 584 atque
757 540 954 583 reipublicae
980 539 1078 572 deti-i-

343 601 476 636 mento;
504 596 643 638 ideoque
669 594 737 637 ipse
764 594 949 637 Alplionsus
979 593 1078 636 pluri-

342 659 429 682 mum
446 647 605 692 cupiebat,
621 647 740 680 eisdem
755 646 892 679 alumnis
907 646 1077 688 indulgeri,

343 708 390 743 ut,
413 701 572 734 absolutis
590 700 712 740 studiis,
733 705 765 733 et
784 700 916 743 praevio
929 700 1076 741 rigoroso

345 755 504 794 examine,
530 754 817 793 bacealaureatus,
842 753 1022 795 magisterii
1048 758 1079 785 et

346 808 536 841 doctoratus
558 806 589 838 in
611 805 823 848 philosophia
847 805 965 849 gradus
989 816 1007 838 a
1031 816 1080 838 re-

346 860 500 899 ctoribus,
529 859 699 902 praesectis
725 862 756 892 ct
780 858 942 901 magistris
967 869 1078 901 supra-

347 914 506 946 dictorum
519 912 730 955 collegiorum
746 911 913 955 suscipere
926 912 1080 950 valerent,

347 966 618 1009 quemadmodum
665 965 857 998 recolendae
907 965 1082 1000 memoriae

347 1018 523 1062 Gregorius
547 1018 632 1061 Papa
649 1018 725 1057 XIll,
744 1018 838 1051 etiam
853 1019 1084 1061 praedecessor

349 1078 482 1113 noster,
518 1072 653 1105 alumnis
678 1072 842 1105 seminarii
867 1072 1002 1105 Romani
1028 1082 1085 1115 per

350 1126 504 1170 quasdam
525 1136 597 1159 suas
623 1126 746 1159 litteras
771 1126 969 1159 concessisse
993 1136 1085 1168 repe-

350 1180 506 1213 riebatur:
521 1179 605 1212 idem
617 1179 763 1212 Clemens
777 1180 997 1222 predecessor,
1014 1189 1087 1222 sup-

351 1233 584 1276 plicationibus
604 1232 679 1265 dicti
698 1232 856 1275 Alplionsi
876 1233 1006 1265 nomine
1027 1233 1085 1265 sibi

351 1296 450 1329 super
467 1286 529 1319 hoc
546 1285 714 1319 humiliter
730 1286 887 1329 porrectis
902 1286 1085 1325 inclinatus,

352 1349 411 1382 per
435 1339 589 1382 quasdam
614 1349 686 1371 suas
711 1338 744 1370 in
770 1338 866 1371 simili
892 1339 994 1371 forma
1015 1339 1089 1371 Bre—

352 1392 398 1424 vis
424 1392 475 1425 die
506 1402 569 1425 xvn
602 1392 716 1435 aprilis
749 1401 898 1425 MDCLxxv
922 1391 1088 1434 expeditas

353 1445 490 1485 litteras,
510 1444 664 1487 praefatis
681 1444 818 1477 alumnis
842 1444 1087 1477 seminariorum

354 1497 386 1531 S.
418 1497 510 1530 Fidei
541 1502 573 1530 ct
602 1496 762 1535 Quitensis
792 1496 952 1530 civitatum
978 1497 1091 1530 huius-

354 1550 466 1591 modi,
494 1554 541 1590 ut,
568 1549 708 1593 peractis
733 1549 864 1590 studiis,
897 1550 1090 1593 praevioque

355 1604 503 1646 rigoroso
517 1603 673 1643 examine,
691 1603 954 1635 baccalaureatus
974 1613 1010 1636 ac
1026 1614 1092 1636 ma-

358 1656 483 1701 gisterii
511 1661 543 1690 et
568 1656 754 1689 doctoratus
779 1656 812 1688 in
837 1656 1045 1699 philosophia
1063 1662 1094 1690 et

358 1712 451 1743 sacra
487 1710 655 1752 theologia
693 1709 880 1742 huiusmodi
914 1710 1030 1752 gradus
1062 1710 1091 1742 in

360 1762 507 1805 collegiis
524 1762 696 1805 praediCtis
714 1762 752 1794 ab
770 1762 897 1795 illorum
914 1763 1094 1806 respective

361 1815 553 1856 rectoribus,
576 1815 751 1858 praesectis
770 1821 801 1847 et
817 1815 978 1857 magistris
995 1816 1097 1848 susci-

362 1879 452 1913 pere,
478 1868 607 1912 ipsique
632 1873 790 1907 rectores,
813 1869 969 1911 praesceti
984 1874 1016 1901 et
1032 1879 1095 1902 ma-

364 1922 455 1965 gistri
470 1921 601 1954 eosdem
621 1921 740 1963 gradus
760 1920 853 1953 dictis
871 1921 1020 1961 alumnis,
1038 1932 1099 1954 ser-

363 1977 435 2008 vata
470 1979 575 2007 tamen
618 1973 807 2017 ceteroquin
847 1980 1098 2007 memoratarum

365 2027 511 2070 Gregorii
529 2026 788 2070 praedecessoris
804 2026 982 2059 litterarum
998 2028 1100 2060 forma

367 2085 399 2114 et
419 2080 643 2124 dispositione,
661 2079 810 2112 conferre
835 2080 946 2119 libere,
965 2080 1053 2113 licite
1071 2085 1103 2113 et

366 2133 469 2166 valide
487 2137 622 2176 possent
642 2137 675 2165 et
697 2132 843 2165 valerent
866 2133 1045 2175 respective
1063 2133 1101 2165 ad

369 2187 562 2222 decennium
579 2197 597 2219 a
617 2186 668 2219 die
690 2186 960 2229 praesentationis
981 2197 1104 2219 earum-

371 2241 444 2275 dem
459 2240 634 2273 Clementis
647 2239 910 2284 praedecessoris
923 2240 1104 2273 litterarum

371 2294 625 2338 computandum
643 2320 650 2333 ,
693 2293 883 2326 auctoritate
931 2293 1106 2337 apostolica

373 2347 534 2381 concessit
557 2352 588 2381 et
612 2346 766 2387 indulsit;
787 2351 819 2379 et
843 2345 931 2386 alias,
956 2351 1051 2389 prout
1074 2346 1105 2378 in

373 2401 450 2444 ipsis
475 2399 599 2439 litteris,
618 2409 755 2442 quarum
788 2403 932 2431 tenorem
956 2409 1108 2441 praesen-

376 2454 460 2487 tibus
486 2463 543 2496 pro
568 2453 663 2496 plene
689 2457 721 2485 et
738 2452 934 2485 sufficienter
955 2462 1107 2495 expresso

377 2513 409 2540 et
425 2507 547 2539 inserto
572 2505 687 2539 haberi
707 2506 867 2545 volumus,
887 2504 1016 2538 uberius
1038 2515 1110 2538 con-

380 2560 512 2593 tinetur.

424 2614 439 2658 ἓ
463 2612 494 2645 02.
521 2612 597 2647 Cum
615 2618 732 2654 autem,
753 2611 834 2646 sieut
851 2612 958 2645 dilecti
984 2611 1040 2645 filii
1067 2621 1112 2645 re-

1751 218 1814 249 57'1‘3
1860 226 1908 251 An.
1930 226 1956 251 C.
1978 225 2042 251 tutta

1118 278 1222 305 etores
1248 278 1278 304 et
1306 273 1456 315 praesceti
1489 273 1668 306 studiorum
1697 274 1728 307 S.
1760 275 1848 307 Fidei
1861 287 2042 311 tenimentum-0-

1119 331 1150 357 ct
1187 325 1347 363 Quitensis
1379 326 1593 368 collegiorum
1629 320 1905 369 praelatortnnrum

1119 379 1212 411 uobis
1249 389 1353 421 nuper
1387 380 1504 422 exponi
1538 380 1701 418 fecerunt,
1731 380 1762 411 in
1789 380 1851 411 eis-

1120 432 1191 464 dem
1214 431 1360 473 collegiis
1392 442 1455 464 non
1489 433 1594 465 solum
1621 431 1734 464 artium
1752 459 1759 471 ,
1786 432 1851 464 sive

1120 485 1349 527 philosophiae
1374 490 1406 517 et
1429 495 1539 518 sacrae
1566 485 1771 526 theologiae,
1796 485 1853 517 sed

1120 539 1215 571 etiam
1242 538 1447 571 decretorum
1481 538 1543 571 sive
1570 548 1733 571 sacrorum
1758 548 1854 570 cano-

1120 603 1196 625 num
1221 592 1377 625 lcetiones
1403 591 1593 631 habeantur,
1614 596 1644 624 ct
1669 591 1708 624 ad
1733 591 1855 624 anima-

1120 656 1189 677 rum
1234 646 1368 678 salutem
1415 644 1645 688 Ecclesiacque
1685 644 1855 677 utilitatem

1120 699 1297 742 plurimum
1323 698 1474 741 expediat
1503 699 1650 731 alumnos
1675 698 1857 740 praedictos

1122 751 1274 793 gradibus
1301 751 1495 784 academicis
1528 751 1623 783 etiam
1660 751 1692 783 in
1719 750 1858 783 decretis

1122 805 1187 837 sire
1202 803 1298 836 sacris
1315 803 1495 836 canonibus
1513 803 1708 844 huiusmodi,
1724 808 1860 846 postpe-

1123 862 1211 889 racta
1234 856 1411 890 studiorum
1432 856 1601 896 curricula,
1621 856 1789 889 decorari:
1806 866 1860 888 no-

1124 911 1172 943 bis
1189 915 1364 953 propterea
1381 909 1455 942 dicti
1474 914 1673 952 exponentes
1696 909 1861 942 humiliter

1125 963 1300 1007 supplicari
1327 964 1470 996 fecerunt
1490 968 1525 994 ut
1549 962 1581 994 in
1599 962 1785 1005 praemissis
1804 973 1861 1004 op-

1126 1023 1262 1060 portune
1283 1016 1455 1060 providere
1482 1019 1512 1049 el
1529 1021 1562 1048 ut
1579 1016 1662 1048 infra
1687 1015 1858 1057 indulgere

1127 1071 1166 1104 de
1197 1070 1395 1111 benignitate
1427 1069 1603 1112 apostoliea
1640 1068 1859 1110 dignaremur.

1172 1123 1233 1166 §3
1253 1123 1315 1156 Nos
1335 1123 1444 1165 igitur,
1464 1123 1609 1165 ipsorum
1628 1122 1860 1165 exponentium
1913 1130 2011 1168 extensio
2028 1136 2056 1166 ·nj

1128 1177 1210 1210 votis
1236 1177 1296 1209 hac
1320 1177 1351 1208 in
1377 1186 1421 1216 re,
1447 1182 1601 1219 quantum
1633 1186 1703 1208 cum
1725 1157 2057 1209 Domino‘si1¹¹ri1t⁸1¹‘s¹⁴¹23:2¹⁶·I

1129 1239 1311 1273 possumus,
1341 1228 1563 1261 favorabiliter
1592 1238 1735 1261 annuere
1756 1211 2007 1263 voten-L'Lssr‘iv'ffuur‘it-
2038 1216 2057 1229 m

1130 1289 1202 1322 tes,
1229 1287 1261 1315 et
1293 1292 1403 1315 eorum
1435 1282 1618 1324 singulares
1655 1291 1812 1324 personas
1848 1292 1865 1313 a

1131 1335 1298 1378 quibusvis
1334 1334 1697 1373 excommunicationis,
1727 1344 1866 1377 suspen—

1131 1388 1233 1421 sionis
1258 1393 1290 1420 et
1320 1387 1508 1427 interdicti,
1534 1387 1673 1429 aliisque
1713 1386 1867 1420 ecclesia-

1132 1441 1220 1474 sticis
1250 1440 1433 1479 sententiis,
1464 1440 1609 1472 censuris
1639 1444 1670 1472 et
1697 1440 1826 1482 poenis,
1852 1450 1868 1471 a

1132 1495 1202 1526 iure
1227 1494 1278 1526 vel
1306 1493 1345 1526 ab
1375 1492 1529 1532 homine,
1560 1491 1670 1535 quavis
1696 1491 1867 1525 occasione

1132 1548 1182 1580 vel
1201 1548 1297 1579 causa
1321 1546 1409 1586 latis,
1429 1546 1454 1578 si
1479 1545 1598 1588 quibus
1624 1544 1872 1588 quomodolibet

1134 1601 1307 1633 innodatae
1324 1599 1475 1639 existunt,
1491 1599 1528 1631 ad
1548 1597 1696 1631 effectum
1714 1608 1872 1641 praesen-

1136 1654 1216 1686 tium
1241 1654 1408 1686 dumtaxat
1438 1652 1726 1694 consequendum,
1753 1652 1871 1686 harum

1137 1707 1223 1741 serie
1239 1706 1449 1739 absolventes
1473 1710 1503 1738 ct
1530 1705 1695 1738 absolutas
1716 1705 1785 1738 sore
1802 1715 1874 1738 cen·

1138 1766 1268 1799 sentes,
1291 1758 1479 1792 huiusmodi
1504 1758 1800 1802 supplicationibus
1825 1758 1874 1790 in-

1139 1814 1261 1854 clinati,
1285 1813 1323 1846 de
1343 1812 1578 1846 venerabilium
1597 1812 1728 1845 fratrum
1747 1818 1874 1845 nostro—

1139 1876 1211 1900 rum
1229 1866 1258 1899 S.
1276 1867 1312 1899 R.
1339 1866 1374 1898 E.
1402 1865 1613 1899 cardinalium
1646 1865 1780 1898 Concilii
1809 1864 1876 1896 Tri·

1142 1920 1266 1953 dentini
1294 1919 1509 1962 interpretum
1540 1918 1688 1959 consilio,
1705 1918 1790 1951 veris
1815 1918 1877 1950 cxi-

1142 1974 1303 2007 stentibus
1321 1972 1467 2011 narratis,
1487 1972 1648 2005 indultum
1666 1982 1684 2004 a
1699 1976 1876 2006 memorato

1143 2027 1307 2060 Clemente
1332 2026 1584 2069 praedecessore
1603 2025 1642 2058 ad
1668 2029 1750 2057 artes
1776 2029 1808 2057 et
1832 2034 1878 2057 sa-

1145 2091 1230 2113 cram
1255 2079 1454 2122 theologiam
1478 2079 1675 2118 restrictum,
1699 2088 1736 2110 ac
1760 2078 1798 2110 ad
1825 2078 1879 2110 de-

1146 2133 1294 2167 cennium
1319 2137 1444 2167 tanturn
1469 2142 1668 2171 concessum,
1685 2136 1720 2164 ut
1736 2131 1880 2175 praeser-

1148 2193 1206 2226 tur,
1222 2186 1418 2229 generaliter
1431 2190 1462 2218 et
1478 2185 1663 2218 indistincte
1679 2185 1800 2228 absque
1814 2186 1881 2218 ulta

1148 2239 1304 2283 temporis
1321 2237 1549 2282 praefinitione
1575 2238 1615 2271 ad
1647 2248 1759 2270 omnes
1783 2238 1883 2271 seien-

1149 2294 1208 2326 tias
1241 2301 1323 2336 quae
1349 2292 1382 2325 in
1412 2292 1562 2334 collegiis
1587 2291 1781 2342 supradjgetis
1807 2291 1883 2324 edo-

1150 2350 1285 2386 centur,
1320 2344 1510 2378 auctoritate
1551 2343 1734 2388 praedicta,
1769 2349 1883 2377 tenore

1150 2398 1388 2443 praesentium,
1415 2398 1629 2441 ampliamus:
1657 2399 1742 2431 salva
1777 2403 1884 2430 tamen

1151 2462 1282 2495 semper
1312 2451 1346 2484 in
1375 2451 1563 2495 praemissis
1588 2451 1781 2484 auctoritate
1805 2450 1887 2484 Con-

1153 2505 1351 2549 gregationis
1375 2504 1565 2538 eorumdem
1591 2504 1818 2539 cardinalium.

1197 2558 1211 2601 ξ
1236 2558 1267 2590 4.
1295 2558 1525 2598 Decernentes‚
1544 2558 1674 2591 casdem
1698 2563 1888 2601 praesentes
1925 2561 2044 2584 elau-utu.

1155 2610 1278 2644 litteras
1305 2621 1434 2654 semper
1459 2610 1577 2652 firmas,
1597 2611 1714 2644 validas
1734 2616 1766 2643 et
1784 2611 1888 2644 effica-
