2254 3225
459 294 529 328 XVI.
556 293 695 337 Erigitur
721 294 871 338 oppidum
897 294 935 326 de
968 294 1114 335 Nankim,
1139 293 1197 327 Ma-

547 346 731 380 chaonensis
757 347 928 387 dioecesis,
955 347 984 380 in
1019 347 1195 389 civitatem,

549 399 677 443 eiusque
703 399 834 432 ecclesia
859 399 889 432 in
915 399 1142 441 cathedralem,
1168 405 1197 433 et

547 452 614 495 regi
638 452 849 494 Portugalliae
881 452 928 484 ius
961 456 1143 495 patronatus
1168 458 1198 485 et

547 504 763 549 praesentandi
790 503 981 543 conceditur,
1003 503 1054 536 53.

459 557 546 591 XVII.
572 557 711 600 Erigitur
736 556 886 600 oppidum
922 556 960 589 de
986 556 1093 589 Pekim
1109 583 1116 596 ,
1142 556 1198 589 Ma-
1223 581 1224 584 η

547 609 732 643 chaonensis
757 608 929 650 dioecesis,
954 608 984 642 in
1016 608 1171 642 civitatem
1191 637 1197 650 ,

548 662 677 706 eiusque
703 661 834 695 ecclesia
858 662 890 694 in
915 661 1124 695 cathedralem
1141 688 1148 702 ,
1169 668 1199 695 et

548 715 614 758 regi
652 714 862 758 Portugalliae
897 714 1133 758 iuspatronatus
1169 720 1199 748 ct

547 767 765 812 praesentandi
790 766 983 808 conceditur,
1004 767 1055 801 57.

461 819 562 855 XVIII.
588 819 772 853 Extenditur
789 819 820 852 in
833 825 1021 864 perpetuum
1040 820 1200 864 indulgen-

550 873 590 906 tia
607 872 774 907 stationum
793 872 886 906 Urbis
904 873 942 905 ab
962 873 1144 908 Innocentio
1160 874 1199 908 XI

551 925 857 959 confraternitatibus
877 926 909 958 B.
931 926 1044 960 Mariae
1067 925 1105 960 de
1126 927 1199 960 Mer·

548 979 624 1012 cede
658 978 892 1023 Redemptionis
924 979 1124 1023 Captivorum
1162 980 1198 1013 ad

551 1031 737 1065 decennium
764 1041 943 1072 concessae,
970 1031 1021 1065 60.

462 1084 538 1119 XIX.
564 1084 843 1119 Communicantur
859 1084 1023 1128 privilegia
1048 1090 1077 1118 et
1101 1084 1200 1118 indul-

549 1137 671 1180 gentiae
696 1142 875 1171 ceterorum
900 1137 1093 1181 regularium
1115 1138 1200 1172 Ordi-

551 1190 581 1223 ni
608 1190 639 1223 B.
665 1190 701 1223 M.
727 1189 764 1222 de
800 1190 941 1223 Mercede
974 1190 1199 1234 redemptionis

551 1243 757 1288 captivorum,
783 1243 833 1277 602.

461 1297 520 1332 XX.
547 1297 729 1330 Extenditur
754 1298 895 1330 senarius
926 1308 1075 1332 numerus
1102 1300 1199 1343 magi-

550 1356 687 1385 strorum
709 1351 747 1386 ad
766 1351 994 1385 duodenarium
1012 1353 1042 1385 in
1060 1353 1198 1393 Quitensi

548 1405 711 1450 provincia
735 1405 940 1438 eremitarum
965 1405 994 1439 S.
1023 1406 1198 1449 Augustini,

551 1458 601 1492 65.

462 1512 538 1546 XXI.
576 1511 795 1546 Conceduntur
831 1512 995 1555 privilegia
1032 1512 1199 1556 capellanis

550 1564 771 1599 communibus
796 1564 971 1598 Sanctitatis
996 1565 1085 1606 Suae,
1103 1565 1154 1598 67.

462 1618 551 1652 XXII.
577 1618 780 1651 Declarantur
815 1618 900 1651 nulla
935 1619 1074 1652 extensio
1110 1629 1199 1663 rega-

550 1671 619 1713 liae,
644 1676 779 1715 quatuor
804 1671 1046 1715 propositiones,
1073 1677 1101 1705 et
1127 1673 1198 1706 reli-

550 1735 610 1770 qua
632 1729 759 1769 peracta
784 1734 800 1757 a
825 1725 910 1758 clero
935 1724 1094 1759 Gallicano
1118 1726 1150 1758 in
1170 1731 1199 1759 et

549 1783 636 1812 extra
661 1777 787 1811 comitia
812 1787 859 1811 an.
887 1787 1068 1819 nnetxxxn,
1093 1778 1147 1812 67.

463 1831 569 1867 XXIII.
596 1831 793 1874 Prohibetur,
818 1841 857 1864 ne
882 1836 1056 1874 augeantur
1080 1832 1127 1865 vel
1153 1831 1198 1866 di-

552 1886 734 1919 minuantur
758 1885 824 1918 sine
848 1885 876 1918 S.
903 1885 993 1919 Sedis
1018 1886 1144 1919 licentia
1171 1896 1200 1920 o-

550 1949 626 1972 nera
660 1938 737 1972 solvi
772 1938 862 1972 solita
890 1939 1013 1972 aerario
1037 1939 1200 1983 hospitalis

550 1991 649 2025 sancti
674 1991 796 2025 Ioannis
821 1991 1106 2036 Hierosolymitani,
1125 1992 1176 2025 70.

463 2044 565 2093 XXIV.
591 2044 811 2085 Confirmatur,
830 2045 1006 2085 innovatur,
1023 2045 1200 2078 declaratur

550 2103 580 2132 et
600 2098 770 2142 ampliatur
794 2098 975 2131 constitutio
1001 2098 1044 2131 Pii
1070 2099 1091 2131 t·
1117 2099 1198 2132 circa

551 2151 739 2184 delationem
765 2161 938 2191 armorum,
964 2150 1013 2184 72.

463 2204 551 2238 XXV.
563 2204 816 2238 Condemnantur
831 2204 910 2237 duae
927 2204 1040 2245 theses,
1058 2214 1112 2238 seu
1130 2216 1200 2249 pro·
1223 2224 1224 2230 =

551 2257 733 2302 positiones,
759 2267 821 2290 una
847 2263 1006 2301 tamquam
1032 2258 1199 2299 haeretica,

551 2311 649 2344 altera
675 2314 831 2354 tamquam
858 2311 1049 2352 scandalosa,
1070 2316 1200 2345 temera·
1223 2309 1225 2320 ⁴

551 2364 597 2397 ria
622 2369 651 2397 et
675 2363 798 2407 piarum
824 2364 947 2396 aurium
969 2364 1128 2406 offensiva,
1149 2365 1198 2399 76.

463 2417 563 2452 XXVI.
589 2417 800 2452 Confirmatur
832 2422 862 2450 et
887 2417 1057 2451 innovatur
1082 2419 1199 2453 creatio

552 2471 811 2514 Congregationis
834 2471 1094 2515 presbyterorum
1127 2482 1197 2506 sae-

551 2524 705 2557 cularium
732 2523 763 2556 Β.
788 2524 825 2557 Μ.
851 2524 1036 2568 Assumptae
1060 2524 1197 2558 Bracha-

550 2576 663 2618 rensis,
690 2576 779 2621 eique
796 2577 961 2621 privilegia
985 2582 1015 2611 et
1040 2578 1201 2623 indulgen-

549 2630 611 2664 tiae
634 2631 858 2674 conceduntur,
884 2630 933 2663 77.

1224 2648 1229 2676 t

1045 242 1222 266 nt'LLARtt'M
1249 242 1397 266 ROMAM'M

1249 294 1361 327 XXVII.
1388 294 1574 328 Conceditur
1599 293 1790 339 presbyteris
1814 294 1986 339 Congrega-

1335 347 1428 380 tionis
1446 346 1610 387 Missionis,
1628 346 1759 391 aliisque
1784 347 1811 381 ci
1832 357 1984 392 aggrega-

1337 399 1384 441 tis⁷
1410 399 1538 432 facultas
1555 399 1734 433 absolvendi
1759 410 1776 433 a
1801 400 1923 434 casibus
1942 411 1986 434 rc-

1337 452 1476 492 servatis,
1498 457 1527 484 et
1551 452 1743 495 indulgentia
1767 453 1916 497 plenaria,
1933 453 1984 488 81.

1250 503 1382 537 XXVIII.
1405 504 1617 537 Confirmatur
1641 505 1800 539 decretum
1820 506 1986 540 cardinalis

1337 556 1526 600 protectoris
1562 567 1656 600 super
1692 559 1914 592 controversiis
1948 559 1987 593 de

1338 608 1505 642 residentia
1538 610 1714 651 generalis,
1737 610 1807 644 loco
1841 611 1988 655 capitulo-

1338 672 1433 703 rum,
1459 661 1591 706 aliisque
1606 689 1613 703 ‚
1636 662 1717 696 inter
1731 667 1737 674 ·
1752 664 1932 706 generalem
1956 669 1987 698 et

1338 714 1489 758 quosdam
1516 714 1682 758 religiosos
1707 715 1831 749 Ordinis
1848 716 1879 750 B.
1900 716 1987 751 Ioan-

1338 767 1386 800 nis
1400 767 1453 800 Dei
1468 767 1725 811 Congregationis
1744 768 1921 813 Hispaniae,
1935 768 1986 804 82.

1250 818 1353 853 XXIX.
1380 818 1613 853 Confirmantur
1630 820 1867 855 constitutiones
1884 831 1988 856 mona-

1338 873 1470 906 chorum
1495 872 1763 915 Silvestrinorum,
1788 873 1839 907 87.

1252 925 1337 959 XXX.
1356 926 1567 960 confirmatur
1579 925 1741 959 decretum
1758 927 1986 971 InnocentiiXI,

1337 988 1400 1022 quo
1424 977 1612 1022 prohibetur
1637 978 1763 1012 Graecis
1788 980 1987 1022 quibuscum-

1338 1040 1398 1075 que
1422 1030 1571 1074 pecunias
1595 1036 1791 1075 quaestuare‚
1816 1031 1889 1065 145.

1250 1084 1353 1117 XXXI.
1379 1083 1612 1117 Confirmantur
1644 1089 1674 1117 et
1705 1084 1892 1118 innovantur
1924 1090 1987 1119 tres

1339 1136 1578 1170 constitutiones
1595 1136 1766 1170 Innocentii
1787 1137 1822 1170 Xl
1839 1148 1898 1182 pro
1918 1137 1987 1171 uni-

1339 1189 1538 1222 versitatibus
1557 1189 1587 1222 B.
1606 1189 1793 1223 Ferdinandi
1810 1194 1839 1224 et
1855 1190 1883 1224 S.
1901 1191 1988 1224 Fidei

1338 1242 1470 1275 fratrum
1496 1242 1750 1276 Praedicator-um
1772 1243 1803 1276 in
1817 1243 1912 1277 Indiis
1932 1243 1988 1278 Oc-

1339 1296 1555 1339 cidentalibus,
1581 1297 1653 1330 1147.

1252 1352 1372 1386 XXXII.
1398 1353 1607 1388 Conni-matur
1635 1357 1665 1388 et
1689 1354 1854 1387 innovatur
1877 1353 1988 1388 consti-

1338 1407 1416 1440 tutio
1442 1407 1558 1440 Urbani
1583 1406 1647 1440 VIII
1671 1407 1849 1451 approbans
1866 1407 1984 1441 consti-

1339 1460 1475 1494 tutiones
1509 1465 1616 1494 contra
1649 1459 1839 1506 occupantes
1871 1461 1918 1494 vel
1949 1461 1987 1495 ad

1338 1513 1416 1547 alios
1453 1523 1526 1546 usus
1558 1519 1776 1547 convertentes
1800 1513 1882 1547 bona
1907 1514 1988 1548 loco-

1339 1576 1409 1598 rum
1434 1567 1687 1606 Terraesanctae,
1712 1566 1785 1600 15⁹2.

1250 1618 1382 1653 XXXIII.
1408 1618 1551 1652 Eduntur
1585 1618 1738 1663 quaedam
1774 1618 1987 1653 ordinationes

1337 1682 1395 1715 pro
1419 1672 1527 1705 tutiori
1551 1672 1694 1705 custodia
1710 1671 1865 1705 librorum
1885 1672 1988 1716 capel-

1339 1725 1386 1758 lae
1410 1724 1599 1769 pontificiae‚
1624 1724 1698 1758 154.

1253 1777 1382 1812 XXXIV.
1409 1777 1599 1812 Conceditur
1622 1776 1817 1821 indulgentia
1848 1776 1989 1822 plenaria

1339 1836 1492 1876 perpetua
1515 1832 1547 1864 in
1582 1831 1659 1865 festo
1695 1831 1793 1865 sancti
1824 1831 1948 1866 loannis
1971 1841 1989 1865 a

1339 1885 1368 1919 S.
1383 1884 1529 1918 Facundo
1545 1884 1669 1918 Ordinis
1682 1885 1883 1918 eremitarum
1893 1884 1922 1919 S.
1933 1886 1990 1918 Au-

1340 1937 1466 1981 gustini,
1492 1937 1564 1971 156.

1223 1992 1367 2044 ΙΧΧΧΥ.
1407 1990 1617 2025 Confirmatur
1652 1991 1805 2034 particula
1838 1990 1987 2024 constitu-

1340 2045 1459 2078 tionum
1491 2044 1623 2077 fratrum
1655 2044 1810 2077 Minorum
1843 2044 1986 2078 Conven-

1339 2098 1471 2131 tualium
1512 2097 1596 2131 circa
1631 2097 1780 2130 familiam
1818 2102 1989 2131 conventus

1339 2152 1392 2186 XII
1417 2151 1638 2196 Apostolorum
1664 2151 1702 2184 de
1727 2150 1819 2191 Urbe,
1848 2151 1921 2185 157.

1251 2205 1381 2240 XXXVI.
1396 2204 1536 2248 Triginta
1550 2209 1580 2237 et
1595 2214 1656 2237 una
1669 2204 1900 2248 propositiones
1914 2208 1988 2236 tarn-

1338 2268 1433 2303 quam
1459 2257 1655 2297 temerariae,
1679 2256 1888 2298 scandalosae,
1907 2256 1988 2290 male

1339 2315 1501 2352 sonantes,
1525 2310 1713 2350 iniuriosae,
1738 2309 1860 2343 haeresi
1887 2308 1989 2353 proxi-

1340 2375 1418 2406 mae,
1444 2364 1599 2397 haeresim
1625 2363 1799 2407 sapientes,
1827 2372 1988 2403 erroneae,

1341 2415 1576 2455 schismaticae,
1610 2413 1784 2447 haereticae
1816 2412 1989 2456 respective

1342 2470 1530 2502 damnantur
1561 2473 1591 2501 et
1623 2466 1849 2511 prohibentur,
1874 2475 1988 2509 easque

1342 2523 1389 2556 vel
1409 2522 1523 2555 docere
1547 2520 1593 2553 vel
1618 2518 1784 2552 defendere
1801 2523 1864 2551 tam
1884 2517 1988 2562 publi-

1342 2586 1376 2609 ce
1400 2584 1493 2620 quam
1518 2571 1664 2618 privatim
1678 2571 1855 2616 sub1poena
1868 2581 1988 2605 excom-

1341 2627 1562 2664 municationis
1587 2626 1794 2668 interdicitur,
1819 2623 1891 2659 158.
