2227 3225
125 266 174 292 An.
191 264 220 292 C.
241 264 310 291 1698

152 435 271 457 clausulae.

153 1231 310 1252 Contrariorum

127 1259 248 1285 derogatio.

892 261 1102 285 INNOCEN'HUS
1131 262 1172 284 xu
1200 263 1246 284 rr.
1741 250 1803 283 840
1853 261 1900 287 An.
1920 260 1948 287 C.
1972 259 2041 286 1698

320 323 450 356 semper
465 313 498 345 in
516 310 704 355 praemissis
725 310 914 343 auctoritate
940 320 1062 343 memo-

319 371 408 399 ratae
434 363 703 407 Congregationis
730 363 956 396 cardinalium.

363 419 377 462 ἓ
406 417 438 452 3.
459 418 685 456 ΟθεθιῚιυιιῑῡε,
713 417 841 449 easdem
872 421 1062 459 praesentes

318 471 445 504 litteras
472 481 602 514 semper
627 469 742 514 firmas,
763 469 885 503 validas
912 475 943 502 et
961 470 1061 502 cilica-

318 534 371 557 ces
397 523 536 557 existere
563 529 593 556 et
618 524 697 563 sore,
725 533 864 566 suosque
897 522 1062 565 plenarios

318 583 351 610 et
374 576 518 619 integros
545 575 676 609 etl'ectus
703 576 814 609 sortiri
846 581 879 608 et
902 576 1061 618 obtinere,

317 641 354 663 ac
390 630 478 671 illis,
504 630 542 663 ad
569 641 652 673 quos
683 635 808 673 spectat
841 635 872 662 ct
896 640 957 673 pro
985 635 1062 662 tem-

317 693 399 727 pore
425 684 700 727 quandocumque
727 683 895 727 spectabit,
914 683 945 715 in
961 684 1063 716 omni-

318 738 379 770 bus
400 742 431 769 ct
454 747 514 779 per
535 737 643 769 onmia
659 736 850 779 plenissime
870 736 1038 778 sull‘ragari
1053 764 1060 776 ‚

319 793 349 823 et
373 790 413 822 ab
440 789 485 822 eis
505 790 686 832 respective
704 789 935 822 iuviolabiliter
950 790 1063 821 obser-

319 843 409 883 vari,
443 842 555 885 sicque
589 843 621 874 in
653 842 840 885 praemissis
873 853 932 885 per
965 853 1063 885 quos-

320 905 457 939 cumque
481 896 605 928 iudices
630 896 815 928 ordinarios
836 902 866 928 ct
885 896 1061 938 delegatos,

320 949 418 983 etiam
443 959 610 982 causarum
635 949 747 993 palatii
779 949 952 993 apostolici
974 949 1064 982 audi-

321 1009 431 1045 tores,
458 1003 595 1036 iudicari
626 1009 658 1037 et
692 1004 819 1037 definiri
846 1004 966 1038 debere
986 1032 993 1045 ‚
1027 1014 1061 1036 ac

320 1057 450 1091 irritum
475 1063 507 1091 et
531 1058 647 1098 inane⁷
676 1057 703 1090 si
725 1068 816 1090 secus
850 1069 949 1101 super
974 1059 1025 1091 liis
1047 1070 1063 1091 a

321 1123 503 1156 quoquam,
534 1113 645 1156 quavis
679 1113 887 1153 auctoritate,
924 1114 1065 1147 scienter

320 1168 370 1200 vel
392 1167 597 1210 ignoranter,
624 1168 802 1211 contigerit
826 1171 989 1204 attentari.

366 1223 381 1266 g
405 1222 437 1255 4.
456 1222 527 1255 Non
546 1222 750 1256 obstantibus
776 1225 1065 1259 constitutionibus
1087 1241 1088 1244 ¹

323 1282 355 1310 et
379 1276 640 1310 ordinationibus
667 1277 864 1320 apostolicis,
893 1289 940 1317 ac,
959 1285 1066 1322 quate-
1087 1306 1089 1320 ,

322 1340 383 1363 nus
407 1340 488 1373 opus
507 1329 559 1370 sit,
586 1330 773 1372 provinciae
801 1337 831 1364 et
852 1331 980 1364 Ordinis
1009 1332 1066 1364 liu-
1087 1353 1089 1366 ι

322 1383 476 1423 jusmodi,
499 1384 593 1416 etiam
611 1383 803 1424 iuramento,
819 1385 1066 1419 confirmatione

322 1436 514 1479 apostolica,
532 1438 582 1469 vel
612 1437 721 1480 quavis
741 1438 893 1471 firmitate
927 1439 989 1472 alia
1020 1450 1068 1472 ro-

321 1489 455 1529 boratis,
480 1490 609 1522 statutis
634 1495 664 1522 et
681 1492 983 1531 consuetudinibus,
1002 1493 1067 1536 pri-

321 1542 451 1586 vilegiis
477 1553 622 1586 quoque,
643 1543 776 1576 indultis
798 1550 829 1577 et
850 1545 968 1578 litteris
989 1556 1067 1589 apo-

322 1596 448 1631 stolicis
491 1597 524 1629 in
569 1597 768 1630 contrarium
814 1600 1067 1641 praemissorum

324 1649 576 1694 quomodolibet
600 1651 774 1692 concessis,
808 1651 1007 1685 confirmatis
1038 1658 1069 1685 et

323 1704 501 1745 innovatis·,
532 1704 649 1748 quibus
681 1706 832 1738 omnibus
859 1712 890 1739 et
921 1706 1067 1749 singulis,

323 1757 456 1791 illorum
481 1762 612 1790 tenores
636 1758 863 1800 praesentibus
888 1770 947 1802 pro
973 1761 1068 1802 plene

325 1818 356 1845 et
374 1810 575 1844 sufficienter
594 1812 757 1855 expressis
785 1823 821 1845 ac
845 1813 884 1845 de
906 1813 1004 1846 verbo
1030 1814 1069 1846 ad

324 1866 462 1899 verbum
488 1865 620 1898 insertis
647 1865 818 1906 habentes,
837 1866 902 1899 illis
933 1866 1012 1899 alias
1037 1867 1067 1899 in

326 1930 384 1953 suo
413 1918 533 1952 robore
551 1919 783 1962 permansuris,
813 1920 851 1952 ad
878 1920 1070 1963 praemisso-

326 1984 399 2006 rum
427 1972 585 2013 ess'ectum‚
611 1973 674 2006 hae
698 1973 766 2006 vice
793 1974 967 2014 dumtaxat,
1002 1986 1071 2018 spe-

327 2026 452 2060 cialiter
470 2030 500 2060 et
518 2037 674 2070 expresse
694 2027 909 2070 derogamus3
937 2029 1070 2061 ceteris-

327 2092 389 2125 que
415 2081 586 2114 contrariis
611 2081 886 2125 quibuscumque.

370 2135 484 2167 Datum
512 2134 651 2174 Romae,
684 2135 769 2178 apud
796 2135 827 2168 S.
854 2135 986 2168 Mariam
1011 2136 1070 2169 Ma-

325 2188 439 2228 iorem,
465 2188 526 2221 sub
552 2189 673 2221 annulo
699 2188 884 2229 Piscatoris,
904 2189 954 2222 die
980 2200 996 2221 v
1022 2201 1071 2223 se-

325 2242 484 2287 ptembris
508 2251 684 2281 nncxcvm,
722 2242 929 2286 pontificatus
966 2244 1068 2276 nostri

328 2306 413 2329 anno
431 2305 500 2330 vl11.

362 2357 421 2385 Dat.
438 2357 482 2386 die
498 2358 514 2386 5
530 2358 695 2394 septembris
712 2358 790 2393 1698,
811 2359 906 2394 pontif.
929 2367 997 2386 anno
1014 2366 1068 2386 vm.

627 2521 769 2555 CLXVII.

331 2610 550 2652 Confirmalur
596 2611 759 2644 decretum
803 2612 1071 2655 Conqregyalz'onis

373 2663 594 2708 episcoporum
618 2668 647 2697 et
670 2665 879 2708 reyularium
913 2666 949 2698 in
974 2667 1072 2699 causd

418 2728 496 2758 Bull.
516 2727 600 2756 Rom.
619 2743 654 2748 —
676 2728 738 2758 Vol.
757 2728 810 2757 XX
951 2727 1002 2757 107

1149 310 1309 342 Lusitana
1325 320 1385 353 pro
1402 309 1587 342 executione
1607 310 1848 342 conslilutz'onis

1151 364 1327 397 Clementis
1352 363 1383 396 X
1418 374 1478 406 pro
1515 362 1705 396 Orslirmrz'z's
1736 368 1849 396 contra

1149 417 1360 459 confessarios
1385 416 1552 460 regyulctrcs
1573 415 1609 448 ab
1628 416 1707 448 aliis
1733 427 1849 460 appro-

1151 471 1240 503 batos
1264 470 1284 503 ¹.

1282 559 1482 587 Innocentius
1505 560 1585 593 Papa
1606 559 1670 591 XII,

1225 605 1262 632 ad
1284 608 1462 639 perpetuam
1481 605 1526 632 rei
1546 604 1730 631 memoriam.

1151 687 1165 730 ξ
1182 686 1214 718 Δ1.
1234 685 1403 718 Emanavit
1421 695 1527 728 nuper
1553 695 1569 716 a
1587 683 1849 726 Congregatione
1933 693 2045 714 nmmum

1107 739 1341 772 venerabilium
1361 740 1492 770 fratrum
1515 744 1700 771 nostrorum
1716 737 1747 770 S.
1762 737 1798 770 R.
1812 737 1847 769 E.
1862 721 2046 778 {iiiiiiissiiss't-{ssfii

1107 793 1318 825 cardinalium
1340 792 1481 834 negotiis
1499 797 1531 823 et
1557 775 2046 834 consultationibusiiiss'iiii'ss'ffx'ffi-'zffi

1107 847 1335 889 episcoporum
1367 851 1398 878 et
1424 845 1623 887 regularium
1650 827 2047 887 praeposstsne¹ffth⁴1L2ttae.b¹¹¹'³

1109 900 1139 931 iu
1177 900 1274 931 causa
1310 898 1460 931 Lusitana
1497 897 1730 930 iurisdictionis
1767 897 1851 930 inter

1106 952 1309 985 venerabiles
1335 953 1451 984 i'ratres
1477 952 1652 984 modernos
1691 951 1852 993 archicpi-

1107 1016 1241 1049 scopum
1260 1005 1515 1038 Bracliareusem
1543 1009 1574 1037 et
1593 1004 1780 1047 episcopum
1799 1004 1852 1036 Le-

1109 1059 1258 1099 ricnsem,
1282 1069 1316 1090 ex
1345 1060 1420 1097 una,
1449 1068 1576 1090 necnon
1602 1057 1741 1089 dilectos
1768 1055 1851 1090 filios

1109 1113 1279 1155 regulares
1310 1111 1401 1153 regni
1428 1110 1657 1152 Portugalliae,
1681 1120 1719 1142 ex
1748 1111 1852 1142 altera

1110 1166 1266 1209 partibus,
1289 1170 1445 1205 vertente,
1466 1165 1630 1197 decretum
1649 1164 1771 1196 tenoris
1796 1163 1851 1206 qui

1109 1220 1268 1262 sequitur,
1291 1218 1465 1251 videlicet:
1498 1230 1511 1249 α
1529 1218 1563 1250 In
1589 1220 1682 1250 causa
1700 1218 1853 1250 Lusitana

1110 1272 1343 1306 iurisdictionis
1361 1277 1506 1305 vertente
1525 1272 1610 1304 inter
1633 1271 1852 1315 archiepisco-

1111 1337 1186 1369 pum
1213 1325 1470 1358 Braciiarensem
1509 1331 1540 1357 et
1572 1325 1763 1368 episcopum
1788 1325 1850 1357 Le-

1111 1379 1259 1417 riensem,
1277 1390 1312 1410 cx
1339 1380 1412 1417 una,
1431 1388 1559 1411 necnon
1581 1379 1749 1420 regulares
1775 1378 1855 1410 eius-

1112 1433 1183 1465 dem
1210 1432 1310 1474 regni,
1327 1432 1474 1474 partibus
1502 1442 1537 1463 ex*
1565 1432 1677 1472 altera,
1704 1431 1854 1464 instanti-

1111 1487 1170 1519 bus
1211 1485 1304 1518 dictis
1342 1484 1591 1527 archiepiscopo
1630 1489 1662 1517 et
1698 1485 1853 1528 episcopo

1112 1539 1269 1572 declarari
1309 1549 1347 1571 an
1383 1538 1529 1581 episcopi
1568 1538 1696 1581 possint
1731 1538 1763 1570 in
1799 1541 1855 1571 sua

1113 1592 1256 1626 dioecesi
1282 1592 1462 1636 prohibere
1489 1591 1702 1634 regularibus,
1722 1592 1762 1624 ad
1781 1601 1856 1625 con-

1114 1646 1271 1680 sessiones
1293 1645 1471 1678 audiendas
1490 1645 1675 1688 approbatis
1701 1646 1740 1678 ab
1766 1651 1856 1678 ante-

1113 1701 1299 1734 cessoribus
1330 1699 1493 1743 episeopis
1528 1700 1577 1732 vel
1615 1701 1654 1732 ab
1692 1699 1856 1743 episcopis

1113 1755 1239 1787 alienae
1265 1753 1433 1792 dioecesis,
1453 1764 1492 1786 ne
1510 1753 1648 1796 amplius
1667 1752 1855 1786 confessarii

1114 1819 1228 1841 munus
1269 1813 1446 1841 exerceant
1482 1807 1552 1839 sine
1589 1807 1735 1850 ipsorum
1775 1805 1857 1839 nova

1113 1861 1351 1905 approbatione
1378 1866 1409 1893 et
1434 1860 1586 1900 licentia,
1613 1871 1678 1893 non
1705 1860 1856 1893 obstante

1114 1915 1205 1947 Bulla
1219 1915 1399 1953 Cruciatac,
1414 1919 1442 1946 et
1455 1918 1567 1947 contra
1580 1914 1748 1956 regulares
1758 1918 1857 1945 trans-

1115 1978 1280 2010 gressores
1300 1967 1480 2011 procedere
1504 1968 1634 1999 valeant
1660 1967 1698 1999 ad
1724 1975 1858 2009 suspen-

1114 2022 1252 2061 sionem,
1270 2031 1425 2054 censm‘as
1445 2026 1477 2053 et
1493 2020 1571 2053 alias
1590 2020 1763 2052 canonicas
1780 2030 1859 2062 poe-

1114 2086 1194 2108 nas:
1222 2086 1312 2107 sacra
1339 2073 1554 2116 Congregatio
1581 2073 1859 2106 eminentissimo-

1114 2140 1184 2161 rum
1212 2134 1242 2161 et
1268 2127 1619 2161 reverendissimorum
1638 2126 1670 2160 S.
1683 2127 1721 2160 R.
1735 2127 1770 2160 E.
1790 2137 1859 2159 car-

1114 2182 1270 2215 dinalium
1311 2181 1452 2224 negotiis
1494 2186 1525 2213 et
1563 2180 1858 2213 consultationibus

1114 2236 1346 2279 episcoporum
1372 2240 1402 2267 et
1434 2234 1633 2277 regularium
1659 2233 1858 2276 praeposita,

1114 2289 1220 2322 audita
1244 2289 1404 2322 relatione
1429 2287 1539 2320 nuncii
1573 2287 1746 2330 apostolici
1772 2287 1858 2330 apud

1150 2362 1160 2386 1
1183 2359 1303 2386 Laudata
1315 2358 1460 2385 Clementis
1475 2358 1495 2385 X
1512 2362 1597 2385 const.
1615 2357 1658 2385 ed.
1675 2357 1725 2384 suit
1744 2364 1858 2390 Mociixx,

1113 2405 1156 2432 die
1172 2404 1202 2431 21
1221 2404 1297 2437 iunii,
1315 2403 1411 2439 pontif.
1429 2411 1452 2436 13
1470 2403 1497 2429 in
1514 2402 1596 2429 liuius
1613 2402 1754 2429 Pontificis
1771 2406 1856 2429 const.

1113 2450 1155 2477 ed.
1172 2456 1301 2481 numeri,
1318 2449 1360 2476 die
1381 2449 1397 2475 5
1417 2449 1547 2480 octobris,
1564 2448 1659 2483 pontif.
1678 2454 1712 2481 νι,
1729 2455 1860 2474 concessa

1113 2495 1163 2521 init
1178 2495 1285 2521 vicariis
1306 2494 1462 2529 apostolicis
1482 2498 1577 2520 eontra
1597 2493 1738 2527 regulares
1762 2494 1789 2519 in
1809 2493 1860 2519 An-

1113 2540 1166 2575 glia
1194 2539 1343 2566 iurisdictio
1368 2538 1521 2574 quaedam3
1550 2542 1576 2564 et
1603 2538 1632 2564 in
1659 2537 1803 2564 Clementis
1822 2536 1859 2563 xt

1115 2584 1221 2611 constit.
1240 2584 1305 2610 edit.
1328 2590 1426 2614 nocer,
1447 2583 1491 2609 die
1510 2582 1544 2608 30
1564 2582 1688 2614 ianuarii,
1711 2581 1807 2616 pontif.
1830 2588 1858 2616 v,

1115 2629 1273 2656 conceditur
1297 2627 1445 2655 Ordinariis
1468 2627 1618 2654 insularum
1645 2626 1859 2662 Philippinarum

1114 2674 1155 2702 ius
1175 2673 1312 2711 quoddam
1331 2674 1358 2701 in
1378 2672 1529 2709 regulares.
