2227 3225
100 254 150 281 An.
166 253 194 280 C.
219 251 284 278 ¹698

133 1110 254 1131 Exordium.

113 1804 142 1825 At·
154 1803 239 1824 Urbano
251 1802 295 1823 Vlll

112 1831 150 1851 sub
168 1833 230 1852 coru<
246 1838 296 1857 pru·-

113 1863 145 1877 nis
173 1858 295 1879 intel-‚nctus

113 1884 152 1903 suit
167 1891 295 1912 quicumque

113 1914 214 1932 transitus
251 1919 295 1933 siue

112 1938 196 1960 ltu-enta
205 1941 296 1961 Sanciae

114 1966 175 1987 Sedis
190 1968 221 1987 vul
235 1974 295 1992 genc-

113 1994 171 2014 ratis.

898 247 1108 271 INNOCENTffls

338 301 451 333 Datum
477 300 616 337 Romae,
643 298 727 341 apud
753 297 784 330 S.
813 297 942 329 Mariam
977 296 1038 328 Ma-

295 355 397 387 iorem
419 380 425 391 ,
451 353 510 385 sub
536 353 656 384 annulo
682 351 876 385 riscatoris.
911 349 962 381 die
995 360 1038 381 vu

295 407 439 440 octobris
475 415 664 445 iiocxcviu,
688 404 898 448 pontiticatus
936 402 1038 435 nostri

294 471 380 494 anno
401 471 470 494 vni.

331 523 389 550 Dat.
408 523 451 549 die
468 523 483 549 7
500 522 620 549 octobris
645 522 722 555 11398,
734 507 840 557 pontis.
859 529 929 547 auno
946 526 1003 546 vtu.

605 666 730 700 CLXlX.

297 746 507 786 Prohibelur,
526 756 564 778 ne
587 746 705 788 fratres
732 743 910 787 Caput-cini
937 746 1042 775 trans-

343 805 417 833 ean!
443 800 485 832 ad
510 800 614 831 alium
638 797 829 840 reliqi'onem
853 801 963 829 contra
978 797 1040 838 sor-

342 864 430 886 mam
462 857 498 886 in
531 853 761 885 constitutione
799 850 921 884 Urbani
961 849 1046 882 VIII

339 907 579 952 praescriptam
594 906 614 938 ¹.

482 986 677 1014 Innocentius
700 987 778 1018 rapa
799 985 864 1017 XII,

444 1033 480 1059 ad
497 1033 631 1059 futuram
652 1032 697 1059 rei
717 1030 901 1058 memoriam.

344 1104 536 1137 Sollicitudo
562 1103 734 1147 pastoralis
761 1102 880 1141 oflicii,
903 1111 968 1144 quo
989 1100 1046 1133 Ec-

301 1158 419 1191 clesiae
447 1158 628 1190 catholicae
662 1156 812 1199 regimini
846 1166 904 1198 per
936 1152 1047 1187 inell'a-

301 1212 399 1245 bilem
437 1211 563 1244 divinae
599 1210 753 1244 bonitatis
791 1209 1044 1247 abundantiam,

301 1267 391 1299 nullo
419 1266 495 1298 licet
519 1265 706 1298 meritorum
733 1268 918 1296 nostrorum
937 1262 1048 1295 sull'ra-

302 1320 373 1362 gio,
399 1319 638 1363 praesidemus,
666 1328 726 1350 nos
751 1322 846 1359 urget
871 1322 967 1359 atque
989 1316 1047 1348 iin-

301 1374 412 1416 pellit,
437 1378 488 1412 ιη,
515 1377 684 1415 paternam
710 1370 968 1403 christifidelium
994 1370 1047 1402 Al-

302 1426 415 1459 tissimi
442 1425 611 1468 obsequiis
637 1424 694 1456 sub
721 1424 871 1456 arctioris
897 1423 979 1454 vitae
1000 1422 1047 1454 in—

302 1479 415 1511 stituto
441 1478 650 1510 laudabiliter
663 1476 919 1510 incumbentium
937 1486 1047 1508 curam

303 1536 454 1574 gerentes
473 1557 480 1571 ,
507 1531 682 1572 religiosae
708 1540 819 1563 eorum
851 1529 1047 1568 stabilitati,

302 1590 338 1617 ut
361 1584 394 1617 in
420 1586 456 1617 ea
480 1584 666 1624 vocatione,
690 1583 721 1616 in
748 1594 811 1626 qua
834 1582 938 1616 vocati
964 1588 1048 1620 sunt,

303 1644 515 1682 perseverent
539 1648 641 1681 usque
667 1638 699 1670 in
738 1637 855 1678 finem,
891 1642 1048 1681 quantum

304 1692 400 1725 nobis
436 1703 474 1725 ex
511 1693 576 1725 alto
612 1691 825 1731 conceditur,
858 1690 1048 1734 prospicere

306 1751 502 1788 satagamus.

351 1799 422 1842 ξ’Ῑ.
449 1799 574 1832 Dudum
606 1798 765 1842 siquidem
802 1798 903 1831 felicis
941 1808 1050 1831 recor-

307 1852 448 1885 dationis
473 1850 603 1885 Urbano
621 1852 706 1895 Papa
722 1850 786 1884 Vlll
803 1851 1049 1894 praedecessori

307 1911 419 1939 nostro
444 1916 503 1948 pro
524 1910 618 1948 parte
643 1915 730 1937 nunc
749 1905 915 1938 existentis
934 1915 1051 1947 procu-

308 1960 424 1992 ratoris
449 1959 612 2001 generalis
637 1958 767 1991 Ordinis
793 1958 930 1990 fratrum
952 1958 1052 1991 Mino—

308 2023 379 2046 rum
397 2013 498 2046 sancti
515 2011 680 2044 Francisei
697 2011 952 2054 Capuccinoriun
970 2022 1052 2043 nun-

309 2072 500 2110 cupatorum
525 2065 686 2109 exposito,
705 2065 789 2108 quod
804 2065 956 2097 nonnulli
975 2065 1050 2097 dicti

308 2119 437 2153 Ordinis
462 2119 616 2161 religiosi,
643 2119 732 2151 nulla
747 2119 887 2161 desuper
905 2118 944 2150 ab
966 2118 1053 2161 Apo-

308 2174 405 2207 tolica
428 2173 510 2206 Sede
532 2174 581 2206 vel
601 2172 827 2216 superioribus
841 2172 906 2204 suis
921 2172 1053 2204 obtenta

307 2227 459 2268 licentia,
484 2228 524 2261 ad
549 2227 629 2260 alios
653 2226 790 2260 Ordines
816 2237 874 2259 seu
910 2226 1053 2269 Congre-

308 2282 456 2324 gationes
481 2292 513 2314 se
540 2281 718 2314 transferre
744 2291 841 2324 posse
860 2279 1052 2323 praetende-

308 2340 382 2368 rant
407 2340 439 2369 et
462 2334 743 2378 praetendebant,
770 2344 835 2366 non
860 2333 930 2366 sine
963 2332 1050 2375 gravi

362 2399 373 2424 1
397 2397 558 2424 Constitutio
587 2396 692 2423 Urbani
713 2396 774 2422 VIII
805 2395 877 2422 edita
903 2395 953 2421 suit
980 2403 1051 2422 anno

308 2445 457 2475 uncxxvln,
469 2442 513 2468 die
529 2442 544 2469 9
561 2441 678 2476 augusti.
696 2440 798 2467 Similis
812 2439 966 2466 constitutio
981 2439 1052 2466 edita

309 2485 359 2513 fuit
377 2495 393 2513 a
412 2487 549 2514 Clemente
572 2487 593 2513 X
617 2490 643 2513 et
663 2486 819 2513 Innocentio
840 2485 890 2517 xi,
912 2492 981 2520 quae
1003 2492 1050 2520 po-

309 2535 369 2559 stea
388 2533 544 2559 confirmata
563 2532 613 2558 suit
632 2532 665 2558 ab
680 2531 732 2558 hoc
746 2530 875 2558 Pontitlce
895 2538 942 2565 pro
964 2529 1050 2556 Bene-

311 2575 418 2603 dictinis
444 2577 664 2612 Congregationis
690 2576 716 2602 S.
745 2575 833 2602 Mauri
856 2576 882 2601 in
906 2574 999 2601 Gallia.
1021 2575 1050 2601 In

310 2619 392 2648 huius
414 2620 550 2648 Pontificis
570 2622 678 2649 constit.
702 2620 765 2648 edit.
788 2626 934 2652 nncxcvii,
955 2619 998 2646 die
1019 2619 1051 2646 1⁹2

310 2664 388 2701 iunii,
401 2670 476 2702 pont.
492 2672 528 2702 Vt,
545 2666 632 2703 agitur
643 2666 676 2694 de
687 2665 822 2702 religiosis
833 2665 1049 2693 transeuntibus,

1136 248 1180 270 ΧΠ
1205 249 1253 271 rr.
1729 237 1793 271 853
1841 247 1888 274 Αιι.
1910 246 1937 273 C.
1957 246 2022 272 1698

1082 297 1241 339 regularis
1268 295 1458 338 disciplinae
1487 295 1682 327 detrimento
1709 295 1825 338 ipsius-

1083 360 1144 392 que
1162 348 1291 381 Ordinis
1311 347 1547 390 inquictudine,
1567 347 1650 379 idem
1678 347 1827 380 Urbanus

1084 402 1336 444 praedecessor,
1363 407 1396 432 ut
1430 400 1669 439 incommodis,
1704 401 1829 434 damnis

1084 461 1114 487 ct
1141 454 1457 499 perturbationibus,
1484 464 1567 497 quae
1586 464 1621 486 ex
1642 453 1828 487 huiusmodi

1086 508 1352 541 translationibus
1388 508 1601 545 oriebantur,
1630 512 1831 545 occurreret,

1084 562 1377 606 supplicationibus
1393 562 1470 594 dieti
1492 561 1712 605 procuratoris
1737 571 1831 603 gene-

1086 618 1160 650 ralis
1187 617 1318 650 nomine
1344 616 1404 648 sibi
1433 627 1532 659 super
1567 616 1629 648 boc
1664 615 1831 647 humiliter

1085 671 1243 714 porrectis
1271 671 1466 709 inclinatus,
1488 681 1527 702 ne
1559 670 1596 702 de
1627 674 1737 702 cetero
1758 679 1832 711 per-

1086 725 1192 768 petuis
1220 725 1334 757 suturis
1361 724 1564 765 temporibus
1582 725 1666 755 ullus
1687 723 1832 755 eiusdem

1085 779 1213 812 Ordinis
1239 779 1412 820 religiosus
1446 779 1483 810 ad
1519 778 1672 810 laxiorem
1708 777 1832 819 absque

1086 833 1219 875 speciali
1247 832 1351 864 dictae
1381 831 1482 869 Sedis,
1513 831 1551 863 ad
1571 830 1833 863 Caitbusieusem

1086 896 1184 925 vero,
1211 895 1267 917 seu
1294 895 1532 928 quemcumque
1558 884 1655 916 alium
1681 883 1833 915 Ordinem

1087 940 1137 971 vel
1163 938 1459 981 Congregationem
1480 965 1487 977 ,
1525 937 1584 969 nisi
1623 937 1661 969 de
1694 935 1833 968 ministri

1089 993 1251 1035 generalis
1291 1003 1349 1035 pro
1390 996 1537 1035 tempore
1580 991 1748 1023 existentis
1778 989 1834 1022 Or-

1089 1047 1174 1080 dinis
1199 1046 1377 1090 supradicti
1404 1045 1534 1079 licentia
1564 1045 1594 1077 in
1622 1043 1751 1087 scriptis
1777 1043 1834 1076 ob·

1090 1098 1241 1140 tinentia,
1267 1100 1379 1143 quovis
1405 1104 1574 1142 praetextu
1594 1103 1646 1130 aut
1664 1108 1699 1130 ex
1720 1097 1832 1140 quavis

1090 1155 1205 1194 causa,
1233 1154 1292 1185 sub
1319 1153 1499 1196 apostasiae
1526 1157 1557 1185 et
1582 1150 1736 1184 infamiae
1761 1160 1833 1194 per-

1090 1213 1206 1251 petuae
1233 1209 1319 1245 nota,
1338 1217 1466 1239 necnon
1487 1203 1834 1238 excommunicationis

1091 1268 1123 1294 et
1147 1261 1338 1305 privationis
1363 1259 1450 1293 vocis
1484 1258 1605 1292 activae
1632 1264 1663 1292 et
1689 1258 1834 1301 passivae

1091 1316 1205 1358 poenis
1231 1316 1301 1358 ipso
1327 1315 1409 1346 sacto
1435 1314 1558 1356 absque
1590 1313 1655 1345 utta
1686 1312 1834 1345 declara—

1092 1369 1181 1401 tione
1203 1368 1416 1406 incurrendis,
1434 1367 1571 1399 transire
1591 1376 1724 1410 quoquo
1738 1365 1835 1398 modo

1092 1422 1226 1454 auderet
1251 1432 1305 1454 seu
1325 1426 1564 1464 praesumeret,
1583 1419 1763 1462 apostolica
1781 1429 1837 1451 au-

1091 1475 1241 1508 ctoritate
1267 1474 1434 1507 interdixit
1450 1478 1481 1507 et
1500 1473 1682 1516 probibuit,
1699 1477 1730 1505 et
1744 1472 1834 1513 alias,

1091 1535 1187 1573 prout
1222 1529 1255 1561 in
1290 1529 1392 1572 ipsius
1416 1527 1535 1561 Urbani
1573 1525 1836 1570 praedecessoris

1091 1583 1207 1616 litteris
1232 1583 1373 1626 desuper
1397 1581 1430 1614 in
1455 1581 1554 1613 simili
1589 1581 1692 1613 forma
1727 1579 1836 1612 Brevis

1092 1637 1144 1670 die
1169 1647 1198 1670 ix
1222 1636 1353 1678 augusti
1379 1644 1544 1669 itincxxvui
1573 1633 1742 1678 expeditis,
1758 1644 1837 1677 qua-

1092 1701 1161 1723 rum
1189 1695 1334 1723 tenorem
1360 1688 1587 1733 praesentibus
1603 1697 1662 1731 pro
1680 1687 1777 1730 plene
1804 1691 1837 1719 et

1092 1743 1293 1777 sufficienter
1324 1753 1478 1786 expresso
1509 1746 1542 1775 et
1566 1741 1688 1774 inserto
1720 1737 1835 1773 haberi

1092 1799 1264 1837 volumus,
1290 1796 1422 1829 uberius
1447 1795 1646 1828 continetur.

1137 1851 1151 1894 g
1175 1850 1205 1883 ⁶2.
1231 1850 1308 1883 Cum
1334 1855 1456 1889 autem,
1483 1849 1566 1881 sicut
1594 1847 1734 1880 dilectus
1751 1846 1962 1898 tiliusfflssitffig
1982 1855 2032 1897 0023

1093 1903 1280 1937 Franciscus
1306 1903 1404 1936 Maria
1430 1903 1469 1935 ab
1496 1902 1629 1942 Aretio,
1658 1901 1836 1934 modernus
1847 1909 2031 1930 precesprocufa·

1093 1963 1286 2002 procurator
1311 1955 1472 1999 generalis
1491 1955 1567 1988 dicti
1586 1954 1724 1995 Ordinis,
1741 1955 1835 1988 nobis
1847 1935 1898 1984 33⁵
1926 1931 2032 1983 griffini?-

1093 2021 1200 2054 nuper
1226 2010 1343 2053 exponi
1370 2009 1463 2048 fecit,
1488 2018 1555 2041 non
1571 2008 1697 2040 minora
1714 1985 2034 2040 incom-:ffrifiwiffliiifti‘

1094 2065 1202 2103 moda,
1230 2065 1347 2097 damna
1372 2068 1403 2095 et
1426 2061 1697 2105 perturbationes
1714 2072 1837 2094 memo·
1847 2038 1871 2059 de
1887 2038 1906 2058 ια
1924 2038 2013 2066 TMW'

1094 2124 1163 2152 rato
1189 2117 1301 2150 Ordini
1326 2116 1540 2156 immineant,
1580 2115 1725 2158 quinimo
1762 2125 1838 2159 pro-

1094 2171 1218 2205 vinciae
1242 2170 1417 2204 Galliarum
1442 2169 1542 2213 ipsius
1560 2168 1689 2201 Ordinis
1712 2180 1750 2202 ea
1776 2168 1838 2201 iarn

1096 2225 1236 2269 experiri
1259 2222 1445 2268 coeperint,
1468 2234 1503 2257 ex
1532 2223 1672 2256 transitu
1700 2223 1838 2256 fratrum

1095 2279 1222 2313 Ordinis
1240 2278 1426 2311 huiusmodi
1446 2277 1484 2310 ad
1506 2277 1743 2310 monasterium
1759 2276 1840 2309 Bea-

1097 2339 1146 2366 tae
1173 2332 1290 2365 Mariae
1314 2331 1352 2364 de
1378 2331 1411 2363 la
1450 2331 1577 2374 Trappe
1601 2335 1837 2373 nuncupatum,

1095 2387 1222 2420 Ordinis
1240 2382 1651 2426 Ciste1·eiensis,Sagiensis
1666 2381 1838 2423 dioecesis,

1095 2441 1134 2473 ad
1159 2440 1246 2484 quod
1272 2439 1403 2483 quidam
1428 2449 1464 2471 ex
1498 2438 1584 2479 illis,
1621 2448 1686 2480 quo
1723 2437 1840 2480 spiritu

1095 2493 1181 2527 ducti
1196 2491 1350 2532 nescitur,
1373 2496 1544 2536 praetextu
1563 2496 1669 2524 tamen
1688 2488 1838 2523 arctioris

1094 2547 1176 2580 vitae
1203 2546 1381 2587 ducendae,
1400 2556 1434 2578 se
1462 2545 1635 2577 transferre
1666 2547 1838 2585 satagunt:

1094 2600 1188 2635 nobis
1212 2605 1389 2644 propterea
1414 2598 1517 2632 dictus
1536 2595 1728 2631 Franciscus
1741 2595 1839 2629 Maria

1094 2659 1284 2699 procurator
1298 2653 1462 2698 generalis
1473 2651 1643 2686 humiliter
1660 2648 1837 2694 supplicari
