2227 3225
150 201 199 226 An.
220 200 249 227 C.
272 202 339 230 1695

175 1328 296 1349 clausulae.

919 200 1130 229 {NNOCENTms
1155 205 1201 228 xn
1224 206 1273 228 ΓΡ.

344 254 436 287 enixe
454 254 597 298 plurium
617 254 874 287 orthodoxorum
900 254 1083 296 principum

343 317 457 349 preces
485 307 518 339 in
554 306 696 350 idipsum
731 307 903 339 tendentes
939 307 1084 338 accesse-

343 370 387 398 re,
415 359 624 392 favorabilem
660 370 826 392 assensum
852 359 1008 402 praebere
1034 369 1085 390 cu-

342 412 483 455 pientes,
507 422 543 445 ac
568 412 607 445 de
634 411 870 455 omnipotentis
901 411 957 444 Dei
991 411 1085 443 mise.-

342 465 483 498 ricordia
526 470 557 498 et
598 465 768 499 beatorum
806 465 891 497 Petri
929 469 962 497 et
995 463 1084 496 Pauli

343 518 567 561 apostolorum
594 518 663 551 eius
687 517 879 550 auctoritate
906 516 1031 555 confisi,
1051 527 1085 549 o-

343 571 474 603 mnibus
499 571 671 614 utriusque
697 581 792 603 sexus
818 569 1085 602 christifidelibus

344 624 383 657 ad
411 624 582 657 ecclesiam
617 624 850 667 supradictam,
879 623 961 655 sicut
991 633 1085 666 prae-

343 677 494 718 mittitur,
520 677 782 717 confluentibus,
807 677 862 720 qui
898 677 985 709 illam
1010 687 1083 709 vere

343 731 551 774 poc-nitentes
578 736 611 764 et
642 731 784 764 confessi
818 741 853 763 ac
885 733 976 763 sacra
1000 740 1086 762 coni-

343 783 499 817 munione
524 783 638 816 resecti
661 784 693 816 in
712 794 914 827 quocumque
936 783 1010 816 anni
1032 783 1083 815 die

344 837 461 870 devote
487 837 699 877 visitaverint,
726 842 758 870 et
781 837 826 870 ibi
851 848 911 880 pro
936 836 1085 869 christia-

343 901 460 923 norum
486 890 670 934 principum
696 890 881 930 concordia,
912 890 1084 923 haeresum

344 944 573 986 extirpatione‚
593 954 629 976 ac
646 949 775 977 sanctae
792 943 904 977 matris
922 944 1083 977 Ecclesiae

344 997 543 1030 exaltatione
567 997 637 1040 pias
664 998 704 1030 ad
729 997 829 1030 Deum
857 1008 971 1041 preces
1008 997 1084 1030 elsu-

344 1050 462 1091 derint‚
488 1051 669 1094 plenariam
695 1051 840 1084 omnium
873 1057 1082 1094 peccatorum

344 1114 478 1137 suorum
519 1103 757 1146 indulgentiam
793 1109 824 1136 et
858 1105 1105 1151 remissionem;

344 1156 601 1190 misericorditer
633 1156 665 1189 in
690 1156 826 1190 Domino
862 1157 1082 1190 concedimus.

344 1210 573 1243 Praesentibus
598 1210 764 1253 perpetuis
790 1210 905 1244 suturis
931 1211 1085 1255 tempori-

343 1263 403 1296 bus
428 1263 589 1296 valituris.

387 1317 401 1360 g
433 1316 464 1349 ⁶2.
499 1317 654 1349 Volumus
690 1321 796 1350 autem
829 1322 862 1349 ut
895 1317 1082 1350 earumdem

341 1369 563 1413 praesentium
590 1369 770 1403 litterarum
789 1371 1010 1414 transumptis,
1026 1382 1082 1404 seu

342 1422 513 1465 exemplis,
526 1422 623 1455 etiam
639 1422 818 1465 impressis,
830 1433 927 1455 manu
945 1423 1081 1456 alicuius

340 1474 461 1507 notarii
499 1474 621 1517 publici
658 1475 849 1517 subscriptis
864 1502 871 1515 ,
910 1481 940 1508 et
975 1475 1082 1518 sigillo
1101 1502 1103 1506 ,

340 1538 502 1571 personae
528 1527 559 1560 in
581 1527 802 1561 ecclesiastica
823 1528 980 1571 dignitate
1006 1530 1103 1561 con-5

340 1581 471 1613 stitutae
508 1580 649 1620 munitis,
688 1581 800 1614 eadem
835 1592 970 1624 prorsus
1001 1580 1081 1614 sides
1101 1572 1102 1584 ¹

338 1633 459 1677 ubique
497 1634 644 1667 locorum
680 1633 850 1675 habeatur,
886 1645 967 1678 quae
1002 1634 1081 1677 ipsis
1100 1627 1102 1658 ἶ

340 1687 570 1729 praesentibus
603 1687 783 1720 haberetur
808 1687 834 1720 si
860 1687 966 1721 forent
990 1672 1102 1720 exhi-¹

339 1739 427 1772 bitae
452 1740 502 1772 vel
528 1744 692 1772 ostensae.

384 1791 499 1824 Datum
524 1791 654 1832 Romae,
675 1793 760 1835 apud
786 1792 816 1825 S.
836 1793 966 1825 Mariam
987 1793 1081 1826 Maio·
1099 1792 1101 1799 ’

340 1853 418 1883 rem,
437 1844 497 1876 sub
515 1845 638 1876 annulo
659 1844 843 1885 piscatoris,
864 1845 916 1878 die
932 1856 1010 1878 xvnt
1028 1856 1080 1878 au-
1099 1886 1100 1895 ἵ

341 1896 423 1939 gusti
442 1906 579 1936 mncxcv,
599 1896 806 1940 pontificatus
826 1898 928 1931 nostri
946 1909 1031 1931 anno
1048 1910 1077 1931 v.
1099 1903 1101 1928 ἰ

376 1957 437 1985 Dat.
455 1959 502 1986 die
524 1959 555 1986 18
574 1960 682 1994 augusti
706 1960 783 1992 1695,
805 1960 904 1996 pontif.
926 1969 996 1988 anuo
1016 1973 1042 1991 v.

666 2094 753 2128 CXV.

337 2163 533 2198 Reservatur
556 2163 688 2198 Summo
712 2165 870 2206 Pontifici
894 2164 1003 2197 electio
1028 2175 1079 2197 ro·

384 2219 523 2250 {antium
550 2219 742 2261 siqnalurae
767 2219 936 2259 iustiliae,
970 2219 1079 2262 eisque

382 2271 506 2304 dantur
526 2272 725 2304 rocclzellum
747 2276 775 2304 et
797 2283 900 2315 cappa
924 2283 1044 2315 mayna
1058 2272 1076 2305 ¹.

375 2333 386 2359 1
403 2332 465 2359 Vide
475 2334 582 2360 constit.
599 2333 670 2359 infra
686 2334 790 2360 citatas.
805 2333 832 2360 ln
845 2334 927 2360 liuius
940 2334 1077 2361 Pontificis

339 2380 427 2403 const.
443 2377 508 2404 edit.
523 2383 651 2410 mncxcix,
670 2378 714 2404 die
732 2378 765 2405 30
781 2378 906 2412 ianuarii,
924 2378 1019 2413 pontis.
1037 2385 1075 2413 ix,

339 2421 512 2448 confirmatur
528 2421 682 2449 constitutio
703 2422 736 2448 de
756 2422 824 2448 datis
844 2425 870 2448 et
890 2423 1008 2457 acceptis
1029 2431 1076 2457 pro

338 2465 424 2498 gratia
441 2465 483 2492 vel
503 2465 623 2499 iustitiz⁴13
646 2470 672 2493 et
687 2466 714 2492 in
730 2467 870 2492 Benedicti
885 2466 945 2492 Xlll
967 2467 1074 2493 constit.

339 2507 404 2534 edit.
424 2515 577 2543 Mnecxxvn,
608 2510 651 2536 die
673 2511 704 2537 12
723 2510 791 2544 iulii,
822 2510 918 2545 pontif.
942 2517 976 2543 IV,
998 2510 1076 2537 dictis

338 2553 494 2579 vorantibus
513 2554 671 2582 conceditur
696 2556 782 2590 galeri
809 2555 1003 2582 redimiculum
1029 2564 1075 2583 eo-

339 2595 406 2624 loris
427 2597 551 2626 violacei.

1759 196 1820 230 700
1868 205 1916 231 xn.
1937 204 1966 230 c.
1990 204 2056 231 tna5

1301 254 1494 280 Innocentius
1516 255 1687 288 Episcopus,

1318 304 1423 323 servus
1441 305 1594 324 servorum
1612 298 1672 327 Dei.

1243 341 1279 368 ad
1301 345 1476 375 perpetuam
1496 342 1541 368 rei
1561 343 1744 369 memoriam.

1168 411 1255 444 lntcr
1272 412 1478 454 gravissimas
1497 417 1528 445 et
1546 412 1742 456 multiplices
1760 423 1861 451 curas,
1902 423 2022 444 Exoritnun.

1126 465 1243 507 quibus
1262 476 1298 498 cx
1317 465 1426 498 debito
1451 466 1622 509 pastoralis
1641 466 1736 498 officii
1761 466 1865 498 humi-

1126 518 1207 550 litati
1233 525 1364 552 nostrae
1391 519 1541 552 divinitus
1562 519 1675 552 crediti
1701 519 1866 552 incessan—

1128 577 1176 604 ter
1198 582 1364 614 urgemur,
1390 572 1421 605 in
1447 573 1536 606 illam
1562 573 1783 616 peculiaribus
1804 579 1866 606 stu-

1127 625 1188 657 diis
1206 626 1417 667 intendimus,
1438 638 1496 670 pcr
1514 638 1609 671 quam
1628 627 1866 660 administratio

1127 678 1266 712 iustitiae
1292 680 1411 712 nedum
1437 681 1476 713 ab
1502 681 1664 719 absurdis,
1685 691 1765 724 quae
1788 680 1867 713 irre-

1126 737 1278 774 pserant,
1305 733 1507 773 vindicetur,
1534 734 1610 773 sed,
1638 733 1671 766 in
1697 733 1864 766 meliorem

1127 784 1261 817 sormam
1287 785 1438 823 redacta,
1460 786 1612 819 exactiori
1638 787 1743 819 ordini
1770 786 1866 819 resti-

1127 843 1217 879 tuta,
1251 849 1287 871 ac
1322 839 1481 872 iudicibus
1519 839 1634 872 maiori
1668 845 1734 872 tum
1765 840 1866 872 virtu-

1126 892 1164 924 tis
1189 897 1253 924 tum
1283 892 1418 926 honoris
1448 893 1673 936 praerogativa
1704 893 1865 926 decoratis

1126 945 1310 986 commissa,
1340 946 1372 978 in
1402 946 1470 979 dies
1498 947 1600 990 magis
1628 947 1796 990 magisque
1816 957 1866 980 re-

1127 999 1256 1040 fulgeat.

1169 1052 1183 1095 ξ,
1212 1052 1242 1084 1.
1279 1052 1378 1085 Huius
1415 1053 1687 1086 considerationis
1722 1053 1862 1093 intuitu,
1897 1059 2060 1084 Epilusnwvn-

1875 1088 1990 1106 stitutionis
2032 1087 2058 1105 ιΙι·

1125 1115 1195 1137 cum
1221 1105 1300 1138 alias
1321 1106 1549 1148 particularem
1570 1106 2059 1159 Congregatffisseffl1,{,3',s,‘’„‘;}2·5,2:1·ffi}‚

1125 1158 1358 1191 nonnullorum
1395 1159 1585 1192 dilectorum
1615 1159 1757 1192 filiorum
1796 1159 1918 1193 Ro-bis:

1125 1222 1236 1244 manae
1268 1211 1380 1244 Curiae
1406 1213 1628 1255 praelatorum
1664 1223 1764 1255 super
1788 1212 1865 1245 abu-

1125 1274 1230 1303 suum,
1255 1265 1447 1307 pracsertim
1470 1265 1684 1305 iudicialium,
1711 1265 1864 1298 resorma-

1102 1308 1104 1317 ¹
1125 1317 1209 1350 tione
1235 1317 1508 1360 deputaverimus,
1527 1319 1720 1361 quamplura
1745 1318 1784 1350 ab
1811 1320 1863 1351 ea-

1125 1369 1197 1401 dem
1234 1369 1492 1412 Congregatione
1529 1371 1672 1413 desuper
1711 1371 1796 1404 edita
1833 1375 1864 1402 et

1124 1421 1278 1464 impressa
1316 1423 1444 1455 decreta
1480 1429 1635 1456 oretenus
1672 1423 1864 1466 approbavi-

1123 1485 1204 1513 mus,
1237 1485 1364 1508 necnon
1390 1476 1428 1508 de
1462 1476 1604 1509 eiusdem
1635 1476 1863 1518 Congregatio·

1123 1527 1172 1560 nis
1198 1527 1333 1561 consilio
1367 1529 1487 1562 nostris
1513 1540 1598 1562 anno
1629 1529 1862 1562 lucarnationis

1124 1582 1305 1615 dominicae
1336 1592 1486 1623 nncxcu,
1511 1593 1551 1616 xv
1587 1583 1741 1616 kalendas
1766 1588 1859 1616 octo—

1122 1634 1187 1666 bris
1213 1635 1272 1667 sub
1298 1636 1434 1678 plumbo
1467 1636 1627 1679 expeditis
1654 1635 1770 1668 litteris
1790 1646 1862 1678 par-

1123 1688 1269 1721 ticularia
1308 1689 1413 1721 almae
1456 1688 1550 1721 Urbis
1589 1694 1721 1721 nostrae
1759 1689 1861 1721 tribu·

1122 1741 1207 1774 nalia
1240 1752 1277 1774 ex
1310 1741 1483 1784 privilegio
1507 1742 1684 1774 constituta
1709 1752 1861 1785 suppres-

1122 1795 1219 1827 simus
1256 1800 1288 1827 et
1318 1795 1558 1838 abrogavimus,
1591 1795 1769 1838 eademque
1794 1795 1861 1838 pri-

1121 1848 1240 1891 vilegia
1259 1854 1290 1881 et
1307 1848 1479 1882 tribunalia
1504 1849 1543 1882 ad
1569 1848 1619 1881 ius
1637 1858 1810 1881 commune
1828 1853 1860 1881 et

1121 1901 1246 1934 indices
1265 1901 1447 1935 ordinarios
1461 1907 1660 1935 memoratae
1675 1902 1787 1935 Curiae
1808 1912 1860 1934 re-

1122 1953 1281 1987 duximus.
1298 1954 1336 1986 Et
1352 1955 1499 1995 ulterius,
1515 1960 1549 1988 ut
1565 1955 1669 1988 officia
1687 1965 1858 1988 causarum
1894 1959 1936 1980 Nec
1961 1965 2000 1981 ΜΠ
2026 1960 2051 1981 ¹¹0

1869 1987 1983 2007 venalitati·
2009 1988 2050 2006 nst,-

1121 2006 1228 2038 curiae
1268 2006 1421 2040 Gamerae
1453 2008 1659 2050 Apostolicae
1696 2008 1948 2060 generalisffisseffum
1980 2014 2051 2034 Came·

1121 2059 1287 2099 auditoris,
1305 2071 1430 2093 necnon
1450 2061 1595 2093 eiusdem
1614 2060 1767 2094 Gamerae
1789 2062 1859 2094 thc-

1121 2113 1256 2145 saurarii
1279 2113 1450 2155 generalis,
1469 2113 1638 2146 duodecim
1663 2114 1857 2147 clericorum

1121 2171 1153 2198 ct
1184 2165 1424 2208 praesidentis,
1457 2177 1539 2210 quae
1574 2167 1664 2210 prius
1695 2167 1856 2200 mediante

1120 2219 1226 2262 pretio
1252 2219 1292 2251 ad
1317 2219 1414 2252 vitam
1439 2220 1574 2253 concedi
1599 2227 1856 2261 consueverant,

1120 2272 1151 2303 in
1188 2277 1357 2314 posterum
1395 2273 1433 2306 ad
1473 2278 1618 2305 nostrum
1657 2278 1689 2306 et
1720 2273 1856 2306 Romani

1119 2324 1281 2357 Poiitilicis
1308 2335 1365 2368 pro
1388 2331 1534 2369 tempore
1560 2325 1724 2359 existentis
1755 2332 1785 2359 et
1804 2327 1858 2359 Se-

1119 2378 1168 2410 dis
1193 2378 1396 2421 Apostolicae
1417 2379 1661 2422 beneplacitum
1678 2379 1754 2412 viris
1774 2379 1856 2412 vitae

1119 2436 1149 2463 et
1173 2440 1298 2463 morum
1323 2431 1508 2473 integritate
1535 2431 1786 2474 praestantibus,
1805 2432 1857 2464 lit-

1120 2490 1258 2517 terarum
1298 2485 1433 2518 scientia
1471 2485 1653 2529 praeditis,
1679 2496 1854 2528 rerumque

1119 2538 1332 2571 humanarum
1366 2540 1566 2583 experientia
1597 2539 1786 2582 insignibus,
1813 2539 1853 2572 ad

1118 2591 1274 2625 maiorem
1298 2592 1355 2626 Dei
1379 2593 1524 2636 gloriam,
1558 2593 1703 2627 eiusdem
1738 2593 1852 2626 Roma-
