2227 3225
116 233 208 260 nme.
234 233 293 259 ¹091
902 231 1110 255 INNOilEN'PJUS
1138 234 1178 256 ,xit
1206 234 1252 257 rr.

309 292 404 324 quam
423 286 458 313 ut
474 281 664 324 praefertur,
690 280 756 313 sive
782 280 814 312 in
840 280 1044 323 possessorio
1087 292 1165 323 quas
1196 282 1285 324 ipsae
1320 288 1508 324 praesentes
1534 290 1742 323 emanarunt,
1769 287 1825 319 ad-

306 335 371 367 sive
397 334 429 366 in
454 334 620 377 petitorio,
644 333 812 376 suffragari
844 334 992 366 volumus
1012 338 1044 366 et
1086 333 1210 374 ductae,
1236 334 1429 374 verificatae,
1449 346 1502 368 seu
1533 336 1609 368 alias
1627 337 1824 371 sufficienter

306 387 523 420 decernimus.
1085 392 1136 418 aut.
1162 387 1256 420 etiam
1282 389 1447 420 ullatenus
1467 388 1656 420 iustificatae
1675 400 1739 421 non
1759 391 1822 423 sue-

348 441 362 483 §
397 440 428 473 9.
466 440 616 474 Ceterum
652 440 926 483 appaltatoribus‚
963 440 1042 473 the-
1084 439 1158 477 rint,
1183 447 1237 472 aut
1263 451 1299 473 ex
1333 442 1395 473 alia
1431 442 1542 484 quavis
1581 443 1821 484 quantumlibet

303 494 476 531 sam-ariis,
516 493 746 536 depositurus,
787 493 1039 532 commissaliis,
1082 493 1242 534 legitima,
1280 494 1349 537 pia,
1387 494 1522 527 iuridici}
1555 500 1585 527 et
1616 495 1820 538 privilegiata

302 546 554 585 executoribus,
587 551 617 578 ct
650 546 767 578 ceteris
800 546 969 587 agentibus
1008 548 1183 601 etjcausa,
1219 548 1334 587 colore,
1374 553 1557 590 praetextu,
1592 549 1763 582 occasione
1788 555 1819 583 et

1725 227 1788 259 ⁰223
1835 239 1883 264 An.
1904 237 1932 264 c.
1952 237 2012 265 ¹691

133 452 246 477 iniungitur
256 452 292 481 ¹¹¹‚i'

111 482 180 498 mant
197 482 291 498 executio

109 509 259 531 piat-sentium.

300 599 455 632 ministris
482 599 585 632 dictae
612 598 772 639 Gamerae,
798 609 834 631 ae
859 599 1039 631 communi·
1057 625 1059 630 .
1080 599 1193 641 capite,
1230 600 1325 632 etiam
1362 600 1394 633 in
1420 611 1557 644 corpore
1583 601 1663 634 iuris
1698 603 1815 642 clauso,

300 658 400 686 tatum
437 657 468 685 et
501 652 746 684 universitatum
785 647 1058 694 praedictarum,¹

300 706 487 739 earumdem
513 705 596 738 serie
623 704 842 747 praesentium
861 704 1036 737 districtius

299 758 494 798 inhibemus,
519 768 571 796 ne,
584 763 694 790 contra
720 757 861 800 ipsarum
885 767 1056 800 praesen-¹

299 812 379 844 tium
388 811 646 854 dispositionem,
662 810 882 843 immunitates
894 815 925 842 et
936 820 1037 842 exem·

296 865 436 908 paones,
462 864 522 897 nisi
547 869 581 896 ut
605 874 702 907 supra
720 869 878 906 exceptas,
913 874 948 896 ae
966 874 1033 903 cas,

297 929 376 961 quas
402 928 438 950 ex
465 920 560 950 causa
585 927 658 950 vere
692 919 831 950 onerosa
861 921 1055 974 concessasj

294 971 327 1004 in
353 970 483 1003 Camera
506 970 685 1014 praedicta,
712 975 747 1002 ut
770 970 963 1012 praefertur,
981 969 1054 1008 ad-,³

295 1024 378 1056 mitti
405 1023 588 1065 contigerit,
608 1025 772 1056 ullatenus
798 1023 983 1062 admittant;
1003 1026 1034 1054 et
1052 1020 1054 1061 j

296 1078 321 1109 si
347 1086 439 1109 secus
465 1076 612 1115 fecerint,
647 1077 679 1109 id
712 1075 834 1108 nemini
860 1086 975 1108 eorum
1000 1075 1054 1110 in}

295 1130 362 1162 suis
388 1129 547 1172 computis
583 1139 638 1161 seu
663 1129 843 1161 rationibus
868 1138 927 1171 per
951 1138 1053 1171 eam-¹

297 1183 369 1214 dem
395 1181 559 1215 Cameram
586 1181 710 1214 admitti
729 1183 886 1221 volumus,
905 1181 961 1213 sed
980 1191 1034 1213 eo-

297 1246 367 1267 rum
393 1236 511 1268 damno
533 1245 698 1267 cessurum
717 1246 787 1267 esse
816 1235 1030 1267 declaramus.

341 1289 355 1331 ξ,
390 1287 443 1321 110.
470 1288 638 1320 Postremo
676 1288 747 1321 lites
779 1288 945 1331 quaslibet
972 1281 1053 1320 oc-³

297 1341 427 1373 casione
471 1340 717 1383 privilegiorum
759 1351 795 1373 ac
834 1340 1055 1386 indultorums

296 1403 425 1426 necnon
460 1392 699 1425 immunitatum
736 1398 768 1425 et
792 1391 1054 1441 exemptionum}

297 1445 483 1479 huiusmodi
521 1445 767 1489 quomodolibet
803 1447 969 1479 suscitatas
1002 1445 1054 1478 et'

297 1499 330 1531 in
355 1498 520 1542 quibusvis
547 1498 763 1531 tribunalibus
784 1500 966 1542 pendentes
987 1499 1034 1541 (il-

296 1553 401 1585 larum
436 1551 580 1584 omnium
615 1557 646 1583 et
677 1551 878 1593 singularum
916 1556 1034 1584 statum

297 1610 329 1638 et
352 1604 479 1644 merita,
505 1604 700 1647 nominaque
722 1610 753 1637 et
777 1605 971 1646 cognomina
991 1606 1035 1637 iu-

298 1657 405 1691 dicum
418 1662 449 1690 et
460 1657 709 1700 collitigantium
721 1658 923 1700 quorumvis,
939 1659 1034 1691 etiam

298 1710 432 1754 speciali
446 1710 610 1743 mentione
625 1710 809 1753 dignorum,
823 1711 925 1743 etalia
937 1711 1035 1744 etiam

299 1765 339 1797 de
363 1764 558 1797 necessitate
594 1763 780 1806 specialiter
813 1764 1035 1807 exprimenda,

298 1816 523 1860 praesentibus
557 1826 617 1859 pro
642 1818 740 1859 plene
776 1822 808 1849 et
837 1817 1035 1851 sufficienter

300 1870 464 1914 expressis
502 1870 683 1913 habentes)
723 1881 740 1903 a
779 1871 1034 1915 quibuscumque

300 1923 517 1957 tribunalibus
541 1923 729 1956 huiusmodi
760 1924 799 1956 ad
830 1934 887 1957 nos
912 1935 1037 1958 earum-

300 1977 373 2010 dem
398 1976 484 2009 serie
508 1976 729 2019 praesentium
755 1987 933 2017 avocamus,
949 1978 1037 2010 illas-

300 2039 362 2072 que
389 2029 520 2072 penitus
552 2034 583 2061 et
612 2029 744 2062 omnino
777 2035 935 2072 perpetuo
965 2041 1038 2073 sup-

299 2081 467 2125 primimus
492 2086 524 2114 et
558 2082 786 2123 extinguimus,
812 2087 843 2114 et
878 2093 937 2125 pro
963 2093 1039 2126 sup-

300 2134 422 2178 pressis
446 2139 478 2168 et
510 2134 657 2167 extinctis
698 2135 812 2167 haberi
837 2136 983 2168 volumus
1008 2141 1040 2169 et

302 2187 515 2227 declaramus,
543 2198 580 2220 ae
604 2187 751 2231 partibus
776 2193 967 2231 perpetuum
986 2189 1040 2221 de-

301 2250 400 2284 super
424 2240 592 2273 silentium
616 2240 826 2283 imponimus.

348 2292 363 2335 §
388 2292 442 2325 11.
461 2292 678 2326 Decernentes
699 2298 889 2336 praesentes
906 2294 1040 2335 litteras,

304 2356 341 2378 ac
365 2345 474 2379 omnia
499 2351 531 2378 et
567 2345 694 2388 singula
719 2345 751 2377 in
776 2346 842 2379 illis
879 2351 1041 2388 contenta,

306 2398 403 2431 etiam
427 2408 464 2432 ex
497 2408 535 2431 eo
560 2399 646 2441 quod
672 2399 869 2442 quicumque
895 2400 927 2432 in
952 2410 1043 2442 prae-

305 2451 412 2484 missis
438 2451 502 2484 sive
523 2461 638 2484 eorum
662 2452 772 2496 aliquo
798 2452 956 2485 interesse
986 2453 1043 2485 ha-

304 2504 420 2536 bentes
451 2514 507 2537 seu
537 2504 660 2537 habere
685 2506 930 2548 quomodolibet
953 2517 1044 2549 prae-

307 2556 479 2589 tendentes
504 2556 567 2590 illis
592 2567 657 2590 non
682 2558 919 2599 consenserint,
945 2569 980 2591 ac
1004 2560 1043 2593 ad

309 2616 346 2641 ea
369 2608 472 2641 vocati
497 2613 528 2641 et
551 2610 661 2649 auditi,
680 2620 735 2642 seu
762 2621 888 2651 causae,
907 2617 1044 2655 ‘propter

414 2668 493 2697 Bulc.
508 2670 592 2698 Rom.
604 2683 638 2689 —
658 2671 717 2699 Voc.
735 2672 792 2699 XX.
937 2671 972 2699 ἓξ)

142 1295 199 1315 Lito<
223 1300 286 1320 snper

103 1326 225 1346 prm-nimus
251 1327 285 1341 ex·-

103 1350 232 1373 tinguuntur.

137 2296 255 2320 clausulae.

1079 651 1174 684 etiam
1200 653 1352 693 enormis,
1378 655 1624 687 enormissimae
1651 660 1682 688 et
1708 656 1815 688 totalis

1077 703 1237 744 laesionis
1252 707 1342 739 nullo
1360 717 1501 749 unquam
1521 713 1667 751 tempore
1685 708 1723 740 de
1741 709 1816 742 sub-

1076 757 1256 800 reptionis,
1293 760 1342 792 vel
1379 760 1603 803 obreptionis,
1642 761 1813 802 nullitatis,

1076 815 1129 841 aut
1166 810 1376 844 invaliditatis
1412 813 1500 852 vitio,
1538 825 1595 847 seu
1621 814 1813 848 intentionis

1053 867 1205 910 'nostrae
1231 865 1278 896 vel
1304 866 1494 906 quorumvis
1519 867 1677 900 interesse
1696 868 1813 901 haben-

1076 915 1153 947 tium
1179 926 1366 957 consensus,
1396 923 1449 950 aut
1481 920 1543 953 alio
1574 921 1686 963 quovis
1712 932 1813 964 quan-

1075 969 1188 1000 tumvis
1212 980 1328 1011 magno
1350 975 1381 1002 et
1398 972 1601 1006 substantiali
1624 985 1659 1006 ac
1687 975 1813 1008 inexco-

1074 1021 1173 1062 gitato
1199 1022 1325 1054 defectu
1350 1024 1467 1064 notari,
1502 1025 1699 1069 impugnari,
1726 1028 1812 1061 inva-

1074 1073 1178 1113 lidari,
1204 1075 1377 1117 restringi,
1405 1079 1592 1117 retractari,
1618 1079 1650 1111 in
1681 1080 1729 1112 ius
1762 1081 1811 1113 vel

1074 1128 1324 1160 controversiam
1351 1131 1507 1169 revocari,
1535 1133 1702 1175 suspendi,
1728 1133 1812 1166 limi-

1074 1179 1143 1218 tari,
1169 1185 1222 1212 aut
1246 1181 1284 1212 ad
1310 1182 1471 1215 terminos
1493 1183 1571 1216 iuris
1598 1186 1721 1225 reduci,
1754 1197 1811 1219 seu

1051 1226 1227 1266 [adversus
1252 1234 1322 1266 illas
1349 1236 1543 1278 aperitionis
1580 1238 1655 1278 oris,
1682 1240 1811 1273 restitu-

1074 1285 1171 1318 tionis
1197 1287 1229 1318 in
1254 1288 1427 1330 integrum,
1453 1298 1507 1324 aut
1531 1292 1617 1324 aliud
1638 1294 1812 1336 quodcum-

1075 1349 1137 1381 que
1164 1339 1263 1378 iuris,
1298 1341 1372 1373 sacti
1408 1344 1457 1375 vel
1484 1345 1604 1385 gratiae
1630 1347 1811 1380 remedium

1074 1391 1255 1434 impetrari,
1278 1399 1332 1425 aut
1352 1395 1524 1438 impetrato
1554 1409 1609 1430 scu
1627 1400 1721 1432 etiam
1742 1411 1812 1432 mo-

1076 1448 1108 1475 tu
1136 1444 1234 1477 simili
1252 1456 1409 1480 concesso
1435 1451 1621 1493 quempiam
1639 1453 1671 1484 in
1690 1453 1810 1486 iudicio

1074 1498 1124 1529 vel
1145 1502 1233 1530 extra
1257 1498 1337 1532 illud
1363 1501 1410 1533 uti
1433 1512 1489 1534 seu
1518 1513 1551 1535 se
1573 1504 1682 1538 iuvare
1703 1517 1813 1549 posse,

1075 1559 1180 1593 neque
1207 1553 1336 1585 easdem
1361 1561 1548 1596 praesentes
1567 1558 1626 1589 sub
1646 1559 1813 1602 quibusvis

1076 1603 1225 1637 similium
1246 1606 1294 1638 vel
1317 1606 1523 1642 dissimilium
1547 1612 1814 1646 constitutionum

1076 1667 1113 1689 ac
1152 1658 1391 1692 revocationum
1430 1667 1461 1693 et
1501 1663 1742 1697 ordinationum
1768 1676 1812 1699 re·

1077 1709 1307 1750 vocationibus,
1333 1714 1619 1757 suspensionibus,
1649 1718 1814 1751 limitatio-

1076 1762 1172 1795 nibus
1208 1769 1240 1796 et
1275 1765 1346 1798 aliis
1384 1769 1554 1801 contrariis
1591 1770 1814 1813 dispositioni-

1076 1816 1135 1848 bus
1170 1827 1230 1859 pro
1265 1822 1410 1862 tempore
1447 1823 1692 1864 quomodolibet
1723 1825 1815 1857 factis

1077 1870 1312 1912 comprehendi
1328 1877 1382 1904 aut
1401 1875 1655 1917 comprehensas
1680 1878 1814 1918 censeri,

1079 1923 1136 1955 sed
1153 1933 1283 1967 semper
1303 1925 1342 1957 ab
1368 1926 1432 1959 illis
1458 1933 1619 1971 exceptas,
1638 1935 1669 1962 et
1689 1931 1816 1973 quoties

1080 1976 1153 2008 illae
1180 1978 1388 2019 emanabunt,
1416 1981 1510 2013 toties
1536 1981 1568 2013 in
1593 1983 1767 2025 pristinum
1786 1989 1818 2017 et

1080 2029 1313 2063 validissimum
1330 2037 1447 2065 statum
1465 2034 1641 2075 restitutas,
1657 2037 1817 2079 repositas

1082 2087 1113 2115 et
1138 2083 1282 2125 plenarie
1308 2085 1533 2128 reintegratus,
1563 2098 1599 2120 ac
1636 2089 1732 2121 etiam
1758 2090 1817 2122 sub

1082 2136 1256 2178 posteriori
1282 2137 1373 2178 data,
1401 2144 1560 2181 quatenus
1585 2151 1667 2183 opus
1694 2141 1753 2181 sit,
1778 2142 1818 2175 de

1083 2198 1164 2220 novo
1181 2198 1361 2229 concessas,
1380 2196 1607 2235 perpetuoque
1622 2193 1753 2233 validas,
1771 2194 1821 2226 fir-

1083 2251 1150 2274 mas
1164 2247 1195 2274 et
1209 2242 1355 2275 efficaces
1375 2244 1513 2278 existere
1532 2250 1562 2277 et
1576 2246 1656 2286 fore,
1674 2257 1820 2290 suosque

1083 2293 1248 2336 plenarios
1272 2299 1304 2327 et
1328 2295 1474 2338 integros
1498 2296 1633 2330 effectus
1651 2298 1759 2331 sortiri
1784 2310 1822 2332 ac

1083 2346 1240 2387 obtinere,
1256 2357 1291 2380 ac
1305 2347 1357 2380 ab¹
1373 2349 1531 2390 omnibus,
1546 2350 1584 2382 ad
1599 2360 1680 2393 quos
1698 2356 1823 2394 spectat

1085 2404 1116 2432 et
1125 2399 1397 2444 quandocumque
1410 2402 1577 2444 spectabit,
1589 2403 1823 2437 inviolabiliter

1085 2452 1260 2492 observari,
1275 2453 1385 2496 sicque
1400 2453 1432 2486 in
1446 2455 1633 2498 praemissis
1645 2466 1710 2498 per
1727 2466 1823 2499 quos-

1086 2515 1223 2549 cumque
1247 2505 1370 2539 iudices
1400 2511 1432 2539 et
1459 2508 1708 2548 commissarios,
1726 2508 1822 2541 etiam

1086 2568 1255 2592 causarum
1280 2560 1390 2602 palatii
1408 2561 1578 2603 apostolici
1597 2561 1768 2599 auditores.
1787 2570 1824 2594 ac

1124 2622 1134 2648 1
1152 2620 1304 2656 Praeposit.
1322 2621 1356 2648 ab
1371 2630 1421 2649 nos
1437 2622 1559 2648 addimus
1578 2622 1616 2656 (n.
1632 2623 1682 2657 T.).
