2254 3225
262 277 286 294 n.
303 268 329 293 c.
355 266 421 293 icae
465 254 529 288 [18⁵2

1007 249 1183 276 BULLARIUM
1209 244 1361 270 ROMANUM

1943 244 1992 270 An.
2013 244 2041 269 C.
2061 244 2129 270 ¹692

431 319 499 347 ctae
512 308 767 345 etdemandatac
784 306 917 338 fuissent
930 300 1087 346 personis,
1101 308 1162 330 nio·
1204 293 1376 327 occasione
1401 302 1457 325 seu
1482 292 1513 324 in
1540 297 1610 324 actu
1635 292 1700 325 vias
1725 294 1872 327 eiusdem
1889 295 1935 327 di-

432 366 480 399 dis
500 375 536 398 ac
556 362 668 397 formis
683 361 714 394 in
733 357 896 404 praesenti
914 355 1025 388 nostra
1040 353 1074 385 in
1095 360 1164 394 per·
1205 347 1335 380 strictus
1361 346 1530 385 invisendi,
1557 346 1739 380 sacriltatem
1764 349 1935 382 coercendi

432 423 566 462 potuum
582 415 718 448 valitura
735 408 964 445 constitutione
981 402 1162 442 contentis·‚

432 481 537 515 quam,
549 466 732 512 supplendo
747 472 875 497 omnem
890 466 919 494 et
930 465 1165 503 quamcumque

434 522 579 566 alioquin
614 516 830 565 necessariam
860 524 915 547 seu
951 515 1165 555 opportunam

436 574 697 619 expressionem,
731 580 766 602 ac
797 566 928 601 sublatis
958 563 1106 598 omnibus
1138 565 1168 593 ct

435 629 691 672 quibuscumque
715 620 906 659 contrariis,
938 616 1080 655 diversis,
1111 624 1169 647 seu

438 791 470 819 et
494 784 697 818 mandamus.

273 854 370 874 abolet-ir
384 852 428 872 css:-

246 886 300 900 mum
336 885 429 900 a-sesso-

1207 399 1489 434 contravenientes
1514 400 1806 440 communionibus,
1827 402 1939 434 banni-

1209 453 1337 493 mentis‚
1362 453 1489 485 statutis
1511 457 1543 485 et
1563 453 1822 487 ordinationibus
1840 455 1939 487 tribu-

1210 506 1290 539 nalis
1315 515 1370 538 seu
1398 505 1621 547 magistratus,
1646 516 1771 539 necnon
1796 507 1941 550 ipsoruin

1210 558 1438 600 magistrorum
1471 558 1521 590 vel
1550 558 1683 590 alterius
1719 568 1828 591 eorum
1849 570 1942 602 prae-

1190 647 1192 654 Ι
1211 610 1311 653 ceptis
1329 619 1385 643 seu
1401 609 1608 649 iussionibus,
1626 621 1729 653 usque
1755 612 1793 644 ad
1815 622 1943 645 eorum-

437 678 685 716 differentibus,
710 674 842 709 omnino
878 678 910 705 et
939 668 1172 704 inviolabiliter
1213 664 1285 695 dem
1317 662 1628 695 contravenientium
1664 665 1943 702 carcerationem,

437 731 609 771 observari,
637 727 808 772 adimpleri
832 732 864 760 ct
888 724 1003 768 exequi
1025 722 1171 755 volumus
1192 739 1194 750 ι
1213 726 1249 748 ac
1274 715 1369 748 etiarn
1396 715 1703 757 excarcerationem,
1722 717 1754 749 in
1781 718 1883 750 forma
1899 723 1946 750 ta-

1190 759 1194 773 1

1193 782 1196 797 i

1215 779 1286 801 men
1314 768 1567 809 extraiudiciali,
1594 774 1690 812 prout
1714 769 1809 803 etiam
1838 781 1946 813 proce·

482 840 497 883 ἓ
521 838 552 871 6,
586 834 859 870 Reformationem
891 841 966 864 varo
1003 827 1174 862 tribunalis
1194 858 1197 883 Ι
1216 822 1311 855 dendi
1338 821 1369 854 in
1391 822 1487 854 Simili
1512 822 1615 854 sol'tntl
1628 828 1741 855 eontra
1761 823 1948 856 huiusmodi

247 903 496 931 „magnaei-numen
512 890 719 933 magistratus
735 885 919 920 huiusmodi
938 895 955 917 a
977 880 1174 915 iurisdictio·
1195 891 1198 932 j
1216 875 1494 908 contravenientes
1525 875 1563 907 ad
1597 875 1858 917 pignorationem
1890 887 1950 919 pro

248 940 335 954 Unt'u‘ul·

439 945 490 979 nis
514 944 630 977 norma
659 947 690 974 et
722 938 930 973 distinctione
961 933 1153 977 incipientes
1167 959 1174 971 ,
1197 953 1200 976 5
1217 929 1345 961 mulctis
1360 933 1392 960 et
1409 927 1523 970 poenis
1542 929 1736 970 pecuniariis
1753 929 1784 962 in
1798 929 1951 972 praefatis

440 996 570 1042 praevia
594 994 691 1038 pretii
716 1003 753 1025 ac
782 992 945 1034 impensae
962 985 1177 1031 expeditionis
1198 1018 1199 1022 ,
1217 980 1433 1014 bannimentis
1457 980 1626 1020 contentis,
1644 992 1679 1013 ac
1697 983 1886 1016 eorumdem
1903 983 1953 1026 pi-

440 1048 648 1082 restitutione
673 1046 736 1078 iam
766 1045 847 1076 facta
873 1042 901 1073 ei
927 1041 980 1084 qui
1006 1039 1178 1080 magistro-
1219 1044 1356 1077 gnorum
1371 1033 1607 1066 restitutionem
1622 1034 1808 1073 (reservatis
1824 1045 1954 1078 semper

441 1113 510 1134 rum
536 1101 656 1132 riarum
672 1096 844 1131 assessoris
863 1094 1005 1128 officium
1022 1092 1179 1124 hactenus

443 1153 594 1192 obtinuit,
620 1151 760 1185 officium
788 1146 974 1181 huiusmodi
993 1145 1124 1188 penitus
1149 1148 1181 1173 ct

444 1207 575 1241 omnino
600 1203 840 1248 supprimimus,
859 1201 1025 1233 abolemus
1042 1203 1073 1230 et
1087 1198 1181 1229 abro-

444 1270 568 1303 gamus.

279 1326 361 1346 causae
383 1324 435 1346 iuris
488 1314 504 1356 g
529 1312 559 1345 7.
579 1309 840 1343 lurisdictionem
858 1307 890 1339 in
908 1305 1056 1339 omnibus
1073 1307 1105 1335 ct
1118 1302 1183 1335 sin·

253 1359 350 1400 32:5¹¹&
366 1357 531 1409 eaiiifissgulis
548 1364 650 1397 causis
665 1361 715 1396 in¹
736 1362 815 1394 iuris
836 1359 983 1401 congrui,
1001 1368 1057 1390 seu
1076 1357 1185 1398 singu-

255 1412 340 1427 'd'mm'
448 1421 487 1453 lis
514 1419 552 1451 ab
571 1428 609 1450 eo
629 1414 899 1458 dependentibus,
916 1410 1050 1444 annexis
1068 1415 1185 1442 etcon-

448 1472 550 1509 nexis,
574 1470 606 1502 in
633 1468 748 1512 quibus
773 1466 910 1499 antehac
946 1462 1113 1496 memorati
1138 1472 1187 1493 cu-

450 1523 608 1558 merarius
620 1532 657 1554 ac
668 1519 897 1562 magistrorum
912 1517 1035 1550 viarum
1047 1524 1188 1548 assessor

451 1577 580 1611 insimul
606 1573 846 1618 procedebant,
881 1572 913 1603 in
950 1575 1115 1612 posterum
1149 1568 1187 1599 ad

453 1630 603 1665 eumdem
636 1626 847 1660 camerarium
884 1623 1043 1667 privative
1083 1620 1188 1663 quoad

453 1684 534 1718 alios
559 1686 725 1725 spectare3
752 1677 939 1710 huiusmodi
957 1680 1063 1708 autem
1081 1684 1190 1706 causas

453 1738 487 1770 in
512 1735 613 1778 gradu
637 1730 863 1776 appellationis
888 1729 1071 1761 iisdemmet
1088 1726 1190 1758 modis

455 1794 488 1823 et
510 1787 632 1825 formis,
657 1784 775 1828 quibus
801 1783 958 1814 hactenus
984 1781 1191 1813 observatum

457 1842 525 1882 suit,
550 1840 589 1873 ad
614 1836 796 1882 praesidem
819 1835 943 1867 viarum
977 1832 1194 1866 devolvendus

459 1903 538 1933 esse,
553 1896 582 1925 et
605 1891 644 1923 ab
669 1889 725 1922 illo
750 1888 789 1921 ad
807 1886 947 1919 tribunal
968 1886 1119 1918 Gamerae
1141 1895 1194 1916 su-

459 1945 625 1991 pradictae
636 1941 866 1986 appellandum
881 1949 954 1972 esse
975 1938 1193 1971 decernimus.

504 1998 574 2042 38.
601 1997 635 2029 In
669 1994 804 2037 reliquis
840 1992 989 2026 omnibus
1025 1990 1130 2023 causis
1166 1995 1198 2022 et

461 2051 627 2096 negotiis,
656 2058 834 2090 eorumque
860 2045 1015 2085 annexis,
1045 2043 1198 2077 connexis

464 2112 496 2140 et
519 2102 791 2147 dependentibus,
811 2110 939 2133 omnem
964 2104 995 2131 ct
1015 2107 1200 2141 quamcum-

465 2169 527 2203 que
552 2154 764 2189 necessariam
790 2158 821 2186 et
838 2157 1055 2195 opportunam
1073 2149 1201 2182 iurisdi-

465 2212 604 2245 ctionem
629 2219 686 2252 pro
713 2213 859 2249 tempore
895 2203 1045 2238 existenti
1078 2202 1200 2235 viarum

467 2262 618 2309 praesidi,
637 2260 789 2304 privative
815 2258 919 2302 quoad
945 2257 1035 2296 alios,
1054 2254 1203 2288 concedi-

468 2328 548 2356 mus,
567 2320 598 2348 et
618 2314 656 2352 ad
675 2313 836 2352 eumdem,
860 2321 895 2343 ac
912 2309 1019 2352 quoad
1037 2308 1202 2341 Cameram

468 2369 643 2413 praefatam
671 2365 792 2409 pariter
824 2363 1026 2406 appelletur,
1056 2365 1202 2404 spectare

469 2424 617 2457 volumus
643 2424 675 2452 et
699 2418 900 2450 mandamus.

301 2485 462 2511 ouaonamsint
516 2476 530 2519 ᾗ
554 2474 584 2507 9.
609 2471 766 2515 Magistris
793 2474 897 2501 tamen
927 2467 1047 2500 viarum
1078 2471 1140 2498 tam
1173 2464 1204 2497 in

279 2512 462 2538 „misum-umm-
714 2525 719 2530 .
790 2523 796 2528 .
888 2521 893 2526 .
946 2520 951 2525 .
1165 2517 1171 2523 .

280 2544 377 2561 cutmen.
474 2530 558 2563 Urbe
584 2536 679 2570 quam
712 2534 743 2556 in
770 2532 838 2555 eius
865 2521 1007 2553 districtu
1038 2518 1204 2562 praetatis,

290 2012 392 2037 Reliquae
401 2014 450 2030 vero

269 2045 346 2059 can-ae
356 2037 382 2058 ad
391 2042 451 2064 prae·

269 2066 342 2086 sidem.

512 2601 523 2626 1
547 2596 695 2631 Praeposit.
716 2594 748 2621 ‘in
768 2591 883 2619 delenda
909 2589 1033 2624 videtur,
1055 2588 1095 2615 vel
1115 2591 1208 2623 postea

478 2644 539 2672 iure
560 2649 606 2678 pro
627 2639 700 2667 sitris
719 2636 863 2673 legendum
883 2635 922 2670 (tt.
948 2632 997 2670 τ.).

1220 1086 1385 1129 praedicto
1409 1086 1531 1118 viarum
1555 1086 1699 1129 praesidi
1730 1087 1876 1121 ulteriori
1901 1099 1955 1122 co-

1201 1139 1366 1191 ¹guitione
1391 1144 1423 1172 et
1445 1139 1605 1181 recursu),
1633 1150 1890 1182 praeservamus,
1914 1147 1954 1182 et,

1202 1268 1204 1278 t

1202 1280 1204 1300 1

1223 1198 1378 1235 quatenus
1403 1202 1483 1234 opus
1509 1192 1561 1231 sit,
1589 1192 1684 1224 etiam
1710 1194 1930 1227 concedimus.

1266 1246 1280 1288 g
1305 1245 1356 1277 10.
1379 1244 1493 1277 lisdem
1509 1255 1637 1287 quoque
1657 1245 1777 1277 viarum
1795 1247 1956 1289 magistris

1204 1323 1206 1347 2
1223 1308 1340 1336 euram,
1359 1296 1691 1339 superintendentiam
1708 1302 1737 1330 ct
1757 1298 1949 1332 administra

1204 1351 1207 1355 '
1226 1352 1344 1383 tionem
1360 1347 1957 1389 instruendi,reficiendi,restaurandi,

1227 1402 1467 1442 manutenendi,
1489 1401 1666 1434 mundandi
1692 1407 1724 1434 et
1759 1401 1959 1444 expurgandi

1228 1457 1301 1496 vias,
1328 1457 1449 1498 plateas
1474 1459 1505 1486 et
1522 1455 1592 1487 loca
1610 1453 1716 1493 Urbis,
1737 1464 1863 1487 necnon
1884 1465 1961 1486 con-

1228 1508 1385 1547 firmandi,
1411 1506 1552 1550 eligendi
1579 1512 1610 1539 et
1633 1507 1802 1539 amovendi
1828 1506 1964 1539 archite-

1229 1568 1309 1601 ctos,
1327 1560 1575 1602 submagistros,
1595 1559 1762 1602 operarios
1780 1563 1811 1591 ct
1827 1558 1965 1591 artifices

1230 1613 1395 1658 praedicto
1420 1612 1622 1654 magistratui
1646 1611 1766 1644 viarum
1791 1611 1967 1644 inservien-

1233 1673 1290 1707 tes,
1316 1667 1401 1699 salvo
1426 1675 1557 1707 semper
1573 1664 1642 1697 iure
1657 1664 1815 1707 praesidis
1836 1664 1966 1697 eosdem

1233 1730 1269 1752 ex
1294 1719 1376 1751 iusta
1400 1719 1495 1751 causa
1519 1717 1725 1757 removendi,
1750 1722 1849 1760 prout
1872 1716 1968 1749 etiam

1235 1773 1416 1805 facultatem
1442 1775 1473 1803 et
1497 1769 1643 1803 licentias
1667 1770 1826 1802 hactenus
1849 1770 1889 1802 ab
1914 1769 1967 1802 iis-

1236 1827 1309 1859 dem
1335 1825 1402 1857 dari
1435 1824 1563 1862 solitas,
1599 1828 1631 1856 et
1662 1822 1694 1855 in
1715 1827 1879 1866 posterum
1911 1832 1971 1865 pro

1236 1878 1450 1912 indemnitate
1484 1877 1688 1918 magistratus
1722 1881 1754 1908 et
1787 1875 1972 1908 officialium

1237 1933 1325 1965 iuxta
1349 1931 1478 1963 modum
1497 1928 1781 1972 praescribendum
1802 1929 1974 1970 registran-

1240 1986 1295 2018 das
1311 1989 1341 2017 et
1357 1983 1463 2026 sigillo
1481 1981 1640 2025 praesidis
1656 1980 1754 2023 gratis
1772 1981 1974 2021 muniendas,

1240 2036 1452 2075 concedendi,
1478 2036 1565 2068 salvo
1589 2034 1628 2066 ad
1652 2037 1867 2066 memoratum
1885 2043 1976 2076 prae-

1242 2092 1355 2130 sidem,
1371 2088 1488 2122 auditis
1503 2086 1675 2130 magistriS,
1690 2087 1727 2118 ab
1742 2086 1930 2119 huiusmodi
1943 2087 1977 2119 li-

1243 2145 1419 2177 centiarum
1439 2139 1652 2183 denegatione
1666 2150 1723 2172 seu
1737 2139 1882 2172 indebita
1900 2150 1978 2172 con-

1244 2197 1392 2231 cessione
1418 2204 1573 2233 recursu,
1604 2193 1754 2225 similiter
1788 2202 1978 2235 praeserva-

1245 2260 1330 2289 mus,
1347 2253 1393 2288 et,
1409 2252 1567 2290 quatenus
1583 2256 1662 2288 opus
1679 2245 1737 2284 sit,
1753 2244 1973 2278 concedimus.

1288 2303 1302 2345 g
1327 2301 1379 2334 ll.
1406 2297 1534 2332 Eidem¹
1559 2297 1700 2341 praesidi
1730 2301 1976 2340 procuratorem
2045 2302 2168 2333 comant„

1245 2355 1410 2393 fiscalem,
1439 2350 1701 2384 ratiocinatorem
1743 2354 1775 2382 et
1813 2330 2172 2383 exactoresi'ffliiss'eniiffiiss

1246 2413 1521 2452 quarumcumque
1537 2409 1680 2435 taxarum
1695 2403 1744 2435 vel
1763 2402 1978 2443 exactionum,
1990 2386 2073 2404 'mim'

1247 2468 1310 2495 tam
1336 2461 1367 2493 in
1387 2459 1471 2493 Urbe
1497 2468 1590 2501 quam
1617 2454 1648 2488 in
1674 2456 1741 2488 eius
1768 2456 1915 2489 districtu
1933 2467 1980 2489 su-

1249 2514 1411 2559 pradictis,
1436 2521 1561 2545 necnon
1595 2509 1828 2542 mandatarium
1856 2514 1887 2542 et
1917 2509 1980 2542 via-

1250 2579 1317 2601 rum
1343 2563 1616 2604 commissarium,
1652 2573 1722 2595 cum
1754 2562 1981 2605 magistrorum

1287 2630 1297 2655 1
1320 2626 1391 2655 Edit.
1408 2625 1486 2653 Μαίη.
1502 2624 1568 2660 legit
1585 2623 1688 2651 Fidem
1705 2630 1752 2659 pro
1764 2622 1916 2656 Eidemm.
1934 2626 1982 2655 T-J.
