2227 3225
136 231 188 260 An.
200 229 231 258 C.
255 228 320 258 ¹093

917 217 1125 243 INNOCENTIUS
1149 215 1193 239 xn
1217 215 1265 238 1¹1⁵.

331 277 449 310 tionem
476 263 632 313 faciendi,
657 268 694 306 ac
718 270 773 305 illa
791 274 823 303 et
847 266 1061 313 quaelibetil-

327 330 429 363 lorum
454 327 618 366 visitandi,
644 330 676 359 ct
710 324 742 357 in
767 323 898 357 illorum
923 325 1059 359 statum,

328 383 473 423 formam,
499 381 637 423 regulas,
655 378 810 417 instituta,
829 375 982 418 regimen,
1001 377 1063 405 sta-

329 440 405 475 tuta,
425 433 686 471 consuetudines,
704 431 876 473 vitamque,
896 428 984 466 ritus,
999 435 1064 458 mo-

329 499 394 528 res,
421 487 636 531 disciplinam,
661 483 839 518 doctrinam
856 486 886 514 et
905 478 1064 513 idoneita-

330 547 393 574 tem
408 540 606 583 singularum
626 546 849 582 personarum,
867 530 1063 567 coniunctim

330 595 379 627 vel
406 593 550 632 divisim,
574 597 605 625 et
630 596 692 624 tam
718 591 750 622 in
782 587 885 631 capite
911 595 1006 629 quam
1032 583 1064 615 in

330 646 494 687 membris,
519 655 646 679 necnon
671 643 755 676 circa
772 641 915 675 divinum
933 638 1063 676 cultum,

331 700 515 743 religiosam
540 697 748 736 functionem,
775 693 984 728 eeclesiarum
1008 690 1065 723 de-

333 764 452 793 corem,
480 752 640 785 fructuum
665 755 695 783 et
719 748 908 782 introituum
935 743 1067 787 disposi-

334 806 463 846 tionem,
490 806 673 848 regularem
688 802 917 845 religiosorum
943 803 1005 830 tam
1025 796 1066 829 vi-

332 869 441 892 rorum
479 869 573 902 quam
600 857 770 891 mulierum
807 850 1066 887 observantiam,

333 913 458 955 aliaque
484 911 591 945 onmia
616 915 647 944 et
671 909 799 952 singula
822 906 861 940 ad
886 910 991 938 actum
1010 902 1068 934 lnt-

333 965 473 998 iusmodi
522 963 714 997 visitationis
764 959 1069 1004 quomodocumque

334 1017 522 1061 spectantia,
545 1017 720 1059 diligenter
744 1011 946 1057 inquirendi,
973 1015 1003 1042 et
1029 1008 1068 1041 ad

335 1071 422 1103 hunc
448 1069 596 1103 effectum
621 1077 846 1113 quaecumque
873 1065 1000 1098 illorum
1018 1072 1068 1094 ar-

336 1123 458 1163 cliiria,
483 1122 699 1156 bibliotheca:
724 1125 756 1153 ct
791 1125 1011 1163 quaecumque
1037 1113 1069 1145 in

335 1176 400 1209 illis
425 1176 635 1209 continentur
666 1174 857 1207 documenta
892 1174 924 1202 et
954 1169 1071 1200 instru-

336 1235 446 1262 menta
463 1228 648 1261 authentica
660 1253 668 1267 ,
684 1226 873 1268 scripturas,
886 1222 998 1260 libros,
1015 1230 1068 1252 ra-

339 1283 457 1316 tionem
477 1281 539 1315 dati
556 1285 587 1313 et
601 1278 731 1322 accepti,
747 1281 897 1319 computa
908 1279 939 1307 et
953 1273 1072 1305 ratioci-

338 1333 632 1379 niaperlustrandi‚
648 1329 852 1375 inspiciendi,
871 1331 1073 1372 perscrutan-

339 1389 380 1429 di,
395 1386 591 1432 praesertim
617 1395 693 1418 vero
718 1383 771 1416 SS.
788 1379 1008 1415 Eucharistiae
1030 1389 1074 1410 sa-

339 1446 538 1475 cramentum
550 1444 581 1472 et
598 1447 705 1471 sacras
721 1435 884 1479 reliquias,
897 1438 937 1473 et,
956 1431 1073 1475 quibus

339 1497 445 1540 ipsum
476 1492 740 1536 augustissimum
772 1489 1012 1522 Sacramentum
1039 1495 1075 1517 ac

341 1559 450 1582 sacrae
474 1545 631 1590 reliquiae
653 1550 685 1577 et
701 1554 751 1576 res
769 1542 807 1575 ad
825 1541 887 1574 alia
907 1538 1076 1573 ecclesias-

342 1602 404 1635 tica
421 1604 621 1634 sacramenta
641 1597 841 1641 pertinentes
860 1592 1075 1630 continentur,

342 1665 433 1689 sacra
452 1664 536 1693 vasa,
555 1651 701 1696 pyxides,
720 1648 840 1688 thecas,
860 1643 1075 1683 tabernacula,

342 1718 467 1742 necnon
489 1706 687 1743 indumenta,
706 1705 895 1736 ornamenta
913 1705 944 1732 et
962 1698 1079 1730 instru-

342 1766 459 1800 menta,
484 1757 635 1792 utensilia
661 1761 692 1789 et
716 1753 952 1798 supellectilem
977 1750 1079 1783 eccle-

344 1813 512 1852 siasticam,
529 1811 624 1844 etiam
650 1808 836 1852 pretiosam,
856 1805 1030 1848 diligenter
1047 1807 1079 1836 et

345 1871 491 1900 accurate
506 1861 712 1907 inspiciendi,
738 1865 770 1893 et
790 1859 828 1893 ad
847 1857 1012 1901 praedicta
1029 1866 1080 1889 ex-

346 1918 524 1952 hibendum
535 1923 754 1960 quascumque
767 1921 923 1955 personas
942 1907 1078 1952 cogendi

347 1978 378 2005 et
401 1968 617 2014 compellendi
633 1979 640 2009 ;
662 1977 698 2000 ac
715 1967 747 1999 in
765 1963 953 2009 praemissis
979 1961 1081 1995 omni-

346 2026 407 2058 bus
424 2029 457 2057 et
481 2022 627 2067 singulis,
648 2015 887 2064 quaecumque¹
906 2015 1081 2049 correctio-

347 2089 397 2118 ne,
423 2074 652 2110 emendatione
684 2077 717 2105 et
741 2070 972 2105 reformatione
999 2066 1083 2100 indi-

348 2141 424 2175 gere
438 2127 663 2171 cognoveritis,
679 2123 873 2167 corrigendi,
890 2119 1081 2155 emendandi

350 2190 383 2217 et
416 2180 633 2220 reformandi,
664 2186 900 2222 processusque
936 2184 1084 2207 necessa-

349 2237 414 2270 rios
439 2237 577 2278 desuper
601 2231 740 2265 faciendi
765 2235 798 2263 et
821 2228 915 2262 nobis
940 2228 1085 2260 referen-

351 2291 406 2331 di,
433 2299 490 2322 seu
522 2287 610 2320 iuxta
640 2284 863 2319 ordinationes
895 2286 1021 2314 nostras
1052 2280 1084 2312 in

350 2343 403 2376 his
438 2346 621 2385 opportune
660 2335 876 2382 providendi,
914 2334 1085 2373 mandata,

353 2397 495 2436 decreta,
521 2398 640 2427 statuta
665 2397 697 2425 et
716 2389 948 2427 ordinationes,
973 2397 1086 2419 execu-

354 2448 433 2481 tioni
451 2445 677 2484 demandandi,
699 2454 734 2477 ac
751 2441 905 2475 custodiri
928 2446 960 2473 et
975 2440 1086 2472 obser-

353 2500 416 2533 vari
435 2497 669 2544 praecipiendi,
688 2497 882 2539 demumque
901 2493 1007 2527 onmia
1025 2492 1086 2525 alia

390 2615 402 2642 1
425 2613 493 2641 Edit,
517 2613 597 2641 Malu.
619 2612 684 2649 legit
704 2617 879 2646 quacumque
898 2612 934 2643 (a.
952 2606 1001 2641 τ.)-

1743 197 1806 232 499

1105 269 1137 297 et
1161 262 1289 305 singula
1313 255 1393 304 qnae
1431 247 1618 292 tmin‘sinodi
1650 256 1838 290 visitationis

1105 315 1285 359 negocium,
1300 313 1486 347 ulteriorem
1498 321 1716 356 progressum,
1731 320 1841 342 execu-

1106 369 1237 408 tionem,
1263 372 1295 401 et
1318 366 1351 399 in
1377 377 1414 399 ea
1438 366 1520 398 facta
1544 370 1576 397 et
1592 363 1737 396 facienda
1753 372 1841 394 man-

1107 422 1198 462 data,
1226 421 1372 459 decreta,
1404 423 1522 452 statuta
1554 423 1586 450 et
1620 415 1842 450 ordinationes

1107 478 1307 507 concernunt
1335 477 1367 504 et
1402 474 1622 510 concernent‚
1651 478 1706 501 seu
1736 467 1774 500 ad
1807 476 1843 498 ea

1107 525 1351 570 quomodolibet
1366 528 1514 567 spectant
1534 528 1564 556 et
1581 521 1782 565 spectabunt,
1801 518 1845 550 fa-

1108 579 1224 619 ciendi,
1239 577 1386 621 gerendi,
1407 575 1603 620 exequendi,
1622 572 1795 607 mandandi
1814 576 1846 604 et

1108 631 1301 671 ordinandi,
1333 629 1652 671 contradictor-esque
1685 631 1717 659 et
1752 624 1844 658 vobis

1108 685 1141 717 in
1166 683 1353 727 praemissis
1378 682 1606 715 inobedientes
1637 684 1669 712 et
1693 678 1844 718 rebelleS,

1109 737 1218 780 eisque
1244 735 1410 776 auxilium,
1436 734 1607 768 consilium
1623 733 1673 766 vel
1692 731 1843 771 favorem,

1110 789 1237 833 publice
1252 790 1302 822 vel
1321 789 1453 829 occulte,
1473 788 1595 820 directe
1612 786 1662 819 vel
1676 784 1846 822 indirecte,

1111 841 1357 886 quomodolibet
1375 845 1652 884 praestantes,per
1666 835 1851 880 suspensio·

1111 897 1161 929 nis
1186 906 1222 929 ac
1247 895 1342 929 etiam
1360 893 1550 938 privationis
1563 891 1799 927 beneficiorum
1818 893 1851 922 et

1112 949 1292 983 officiorum
1317 947 1613 982 ecclesiasticorum
1634 956 1671 979 ac
1698 954 1758 988 per
1777 953 1851 976 cen-

1112 1013 1204 1036 suras
1239 1007 1271 1035 et
1293 1011 1417 1046 poenas
1450 999 1683 1034 ecclesiasticas
1715 1002 1746 1030 et
1770 1002 1851 1030 tem-

1113 1056 1261 1099 porales,
1290 1055 1387 1089 etiam
1422 1043 1683 1096 mancipationis·
1702 1050 1850 1092 carceri,

1113 1109 1242 1152 aliaque
1257 1113 1442 1152 opportuna
1456 1106 1535 1139 iuris
1557 1111 1588 1139 et
1608 1105 1680 1138 faeti
1694 1103 1850 1144 remedia,

1114 1162 1333 1206 appellatione
1345 1160 1531 1204 postposita,
1548 1157 1784 1202 compescendi,
1799 1167 1854 1190 au-

1115 1216 1291 1258 xiliumque
1305 1213 1428 1246 brachii
1450 1212 1631 1252 saecularis,
1647 1211 1672 1244 si
1690 1221 1771 1254 opus
1790 1210 1854 1243 sue-

1115 1268 1165 1308 rit,
1180 1266 1360 1305 invocandi,
1382 1268 1524 1310 plenam,
1546 1265 1692 1305 liberam,
1711 1264 1854 1307 amplam

1117 1325 1148 1353 et
1164 1320 1346 1353 universam
1367 1318 1536 1351 tribuimus
1551 1322 1755 1361 potestatem.
1771 1316 1855 1349 Man-

1118 1374 1231 1406 dantes
1257 1378 1432 1416 propterea
1464 1370 1615 1405 omnibus
1640 1375 1672 1403 et
1696 1369 1831 1412 singulis
1847 1396 1854 1410 ,

1118 1426 1157 1458 ad
1178 1436 1259 1469 quos
1278 1430 1401 1468 spectat
1418 1429 1449 1457 et
1465 1424 1634 1467 spectabit,
1653 1433 1856 1467 quacumque

1119 1478 1287 1521 dignitate,
1314 1477 1519 1518 auctoritate,
1539 1481 1698 1521 potestate
1717 1482 1747 1509 et
1764 1485 1857 1518 prae-

1120 1532 1296 1565 eminentia
1321 1531 1533 1574 fulgentibus,
1554 1535 1588 1563 ut
1612 1530 1704 1563 vobis
1729 1535 1760 1562 et
1785 1529 1855 1561 cui-

1119 1585 1199 1617 libet
1222 1590 1366 1617 vestrum
1393 1584 1426 1617 in
1451 1582 1637 1627 praemissis
1659 1583 1810 1616 omnibus
1827 1586 1859 1614 et

1120 1637 1255 1680 singulis
1292 1642 1440 1680 prompte
1476 1641 1613 1679 pareant
1640 1640 1670 1668 et
1695 1635 1858 1675 obediant,

1120 1691 1265 1735 alioquin
1301 1690 1476 1724 sententias
1492 1716 1500 1730 ,
1526 1689 1590 1722 sive
1615 1700 1754 1732 poenas,
1781 1699 1860 1732 quas

1122 1745 1181 1777 rite
1203 1745 1340 1777 tuleritis
1366 1754 1423 1776 seu
1449 1743 1625 1776 statueritis
1653 1743 1684 1776 in
1710 1743 1858 1782 rebelles,

1121 1804 1206 1832 ratas
1230 1797 1442 1838 babebimus,
1470 1801 1500 1829 et
1525 1795 1678 1829 faciemus
1694 1823 1701 1836 ,
1728 1800 1861 1828 auctore

1121 1851 1266 1890 Domino,
1282 1860 1383 1893 usque
1409 1849 1447 1882 ad
1474 1849 1726 1883 satisfactionem
1750 1848 1862 1881 condi-

1122 1914 1217 1947 gnam
1244 1902 1476 1936 inviolabiliter
1500 1901 1677 1935 observari.

1166 1957 1180 2000 ξ
1205 1956 1236 1989 ⁶2.
1253 1956 1402 1989 Ceterum
1424 1955 1456 1989 in
1475 1954 1657 1987 visitatione
1675 1952 1862 1986 huiusmodi

1124 2010 1272 2043 ordinem
1309 2008 1558 2052 praecedentiae
1592 2008 1675 2040 inter
1699 2006 1861 2045 ecclesias,

1124 2061 1321 2096 monasteria
1347 2066 1380 2094 et
1397 2062 1468 2094 loca
1488 2070 1711 2104 quaecumque
1728 2070 1789 2104 per
1806 2070 1861 2092 vos

1124 2115 1294 2155 visitanda,
1319 2120 1475 2158 quantum
1490 2114 1658 2146 commode
1683 2113 1752 2146 fieri
1771 2118 1863 2156 pote-

1125 2170 1175 2209 rit,
1194 2168 1314 2202 servari
1334 2168 1498 2208 volumus,
1524 2166 1604 2200 nulli
1629 2171 1735 2200 tamen
1761 2168 1863 2200 eccle-

1126 2223 1204 2263 siae,
1230 2219 1426 2254 monastcrio
1452 2220 1502 2253 vel
1523 2221 1605 2260 loco,
1625 2230 1686 2253 nec
1703 2219 1758 2253 ulli
1777 2220 1864 2263 capi-

1127 2277 1205 2316 tulo,
1229 2273 1379 2317 collegio,
1403 2272 1583 2313 conventui,
1602 2272 1863 2306 confraternitati

1127 2334 1180 2362 aut
1203 2337 1373 2372 personae,
1399 2331 1460 2360 tam
1477 2326 1675 2359 coniunctim
1700 2336 1795 2368 quam
1817 2326 1864 2358 di-

1127 2383 1236 2422 visim,
1261 2392 1318 2414 seu
1343 2380 1420 2413 alias
1446 2379 1703 2422 quomodolibet,
1721 2378 1864 2411 eiusdem

1127 2433 1318 2467 visitationis
1335 2432 1399 2465 sive
1417 2431 1540 2465 ordinis
1559 2430 1743 2464 huiusmodi
1759 2430 1789 2462 in
1811 2430 1865 2462 illa

1129 2488 1242 2521 servati
1258 2488 1309 2520 vel
1334 2496 1400 2519 non
1421 2485 1540 2518 servati
1562 2483 1745 2522 occasione,
1765 2483 1795 2515 in
1813 2483 1866 2514 ali-

1129 2552 1192 2585 quo
1218 2540 1312 2573 etiam
1331 2539 1464 2572 minimo
1481 2537 1585 2580 quoad
1601 2536 1862 2580 praecedentiam

1129 2595 1269 2638 aliasque
1287 2591 1526 2637 praerogativas
1541 2598 1760 2633 quascumque
1777 2597 1865 2630 prae-

1851 207 1898 233 Αη,
1916 207 1944 233 (ἵ.
1968 207 2033 233 ¹093

1899 1960 1954 1981 Ordo
1971 1965 2055 1980 servan-

1872 1986 1910 2007 dn:
1921 1988 1941 2006 in
1953 1987 2056 2006 visitatio-

1872 2019 1897 2033 ne
1909 2013 1959 2033 nihil
1976 2012 2056 2032 officiat

1872 2040 1911 2060 iuri
1928 2041 2037 2065 pslmalus.
