2227 3225
169 256 225 294 nn.
241 266 270 293 c.
290 265 356 293 1691

936 262 1145 287 INNOCENTHJS
1171 262 1216 286 Χιι
1240 262 1288 286 1³1³.
1781 254 1840 288 ⁶:521

368 314 552 346 inferantur
570 323 682 346 omnes
701 312 857 356 pecuniae
872 311 1106 354 redemptionis
1148 321 1207 344 suo
1232 317 1376 354 tempore
1403 310 1513 343 usibus
1538 311 1773 354 redemptionis
1800 313 1885 345 ὼιιιι-

368 367 465 400 totius
490 366 679 410 provinciae
707 371 739 398 et
763 364 903 398 fideliter
927 363 1106 396 custodian·
1149 368 1233 396 taxat
1256 363 1382 406 integre
1408 363 1603 396 deserviant.

367 425 430 452 tur.
452 419 486 451 In
511 419 567 452 illo
584 419 706 462 pariter
727 418 934 451 contineatur
957 417 1051 456 liber,
1074 416 1105 448 in
1190 425 1258 448 vni.
1285 415 1428 449 Ulterius
1466 415 1526 459 ipsi
1564 417 1818 450 commendatori
1855 424 1886 451 et

368 483 432 516 quo
450 472 597 514 singulae
616 471 827 514 pecuniarum
844 470 1012 502 missiones
1034 479 1106 511 spe·
1146 469 1320 511 praedictis
1355 469 1426 501 aliis
1461 469 1587 502 duobus
1613 470 1780 511 clavigeris
1804 470 1885 504 eius-

367 526 494 560 cialiter
530 531 561 558 et
594 525 744 558 distincte
781 534 839 567 pro
871 522 1004 565 singulis
1034 532 1105 554 con-
1146 522 1218 554 dem
1244 528 1421 555 conventus
1454 522 1546 555 enixe
1571 523 1806 566 praecipimus,
1829 531 1881 564 ut,

366 579 514 612 ventibus
550 584 793 616 memorentur,
820 581 853 608 ut
879 576 917 609 de
945 585 982 608 eo
1019 574 1104 618 quod
1124 595 1125 620 t
1146 579 1412 618 postsusceptam
1424 576 1603 618 praefatam
1619 575 1800 618 pecuniam,
1813 587 1884 609 con-

367 633 505 675 quisque
538 631 664 664 miserit
693 635 725 663 et
754 630 784 662 in
810 629 1034 671 redemptione
1060 629 1104 661 la·
1123 621 1125 660 f
1146 627 1249 660 festim
1282 629 1341 660 sub
1373 629 1644 662 testimonialibus
1669 629 1787 662 litteris
1813 640 1882 663 rem

366 685 532 718 boraverit
564 685 647 717 ratio
680 683 840 717 habeatur
868 682 901 715 in
927 688 1101 725 promptu;
1122 705 1124 738 Ξ
1145 685 1243 713 totam
1276 680 1405 714 Ordinis
1437 682 1593 723 magistro
1619 682 1825 722 denuncient,
1852 688 1884 716 ct

366 739 450 771 circa
481 739 662 771 clausulam
694 747 771 771 vero
809 742 840 769 et
864 746 915 769 ies
903 735 1101 768 elationem
1143 743 1285 766 summas
1311 745 1424 767 omnes
1448 736 1559 767 allatae
1585 736 1743 778 pecuniae
1769 735 1883 769 fidelis-

366 791 467 834 ipsius
492 796 665 824 serventm
691 790 825 824 eaedem
857 799 939 832 quae
965 789 1003 821 de
1029 789 1104 820 icli-
1143 786 1222 819 sime
1256 788 1419 828 refeiant‚
1460 798 1588 821 necnon
1627 789 1880 831 provincialibus

366 844 437 887 quis
460 843 610 887 superius
634 843 869 881 ordinavimus
897 843 955 875 sub
981 841 1124 901 eisdem}
1143 839 1298 873 Castellae
1324 846 1355 873 ct
1378 841 1560 880 Vandaliac
1586 847 1621 873 ut
1644 853 1755 875 eorum
1781 842 1866 876 nemi

365 898 479 941 poenis
510 896 701 955 privationis
733 896 914 930 officiorum
950 900 983 928 et
1016 894 1123 933 vocis
1143 904 1217 926 nem
1243 895 1389 928 thesauri
1415 896 1550 929 fundum
1577 897 1685 936 lateat,
1710 907 1747 930 ex
1775 908 1879 942 eoque

365 950 485 983 activae
506 955 538 983 et
562 949 722 993 passivae,
741 949 823 982 itaut
847 948 955 982 omnia
980 948 1103 980 redem-
1122 940 1325 991 redemptio
1350 959 1407 982 suo
1433 955 1579 993 tempoie
1605 950 1811 984 decernatur.

364 1004 484 1047 ptionis
509 1003 655 1047 deposita
679 1003 782 1036 tribus
808 1012 938 1045 semper
961 996 1123 1034 (31ιιι’ἰ1)ιιε1
1187 1010 1228 1034 ιΧ
1255 1001 1377 1034 Rursus
1403 1002 1500 1035 etiam
1532 1003 1697 1046 praesenti
1723 1004 1880 1037 constitu-

365 1056 429 1089 sint
451 1056 684 1090 inviolabiliter
709 1055 892 1089 obfirmata.
1144 1054 1231 1086 tione
1251 1055 1412 1087 univeisis
1437 1066 1497 1098 per
1522 1061 1625 1088 totum
1647 1056 1800 1090 Ordinem
1819 1058 1881 1090 fia-

409 1119 450 1143 v1.
474 1110 508 1142 In
540 1109 731 1152 regionibus
762 1109 915 1142 Peruanis
945 1108 1028 1151 apud
1053 1107 1122 1141 In·
1143 1106 1254 1147 tribus,
1270 1108 1440 1141 cuiuslibet
1461 1108 1627 1151 qualitatis
1644 1114 1698 1141 aut
1719 1109 1880 1143 conditio-

365 1163 433 1196 dias
459 1164 672 1206 pecuniarum
697 1163 853 1196 collectae
880 1161 1018 1204 depositi
1052 1171 1122 1203 ge·
1120 1159 1191 1191 nis
1209 1160 1387 1200 extiterint,
1408 1166 1515 1193 ettam
1530 1162 1682 1204 praelatis
1696 1173 1790 1205 quam
1809 1163 1881 1196 sub-

364 1216 482 1249 neralis
499 1216 671 1248 cuiuslibet
687 1215 869 1259 provinciae
888 1214 928 1247 ad
949 1215 1100 1256 generale
1142 1212 1241 1252 ditis,
1267 1213 1416 1246 distincte
1437 1214 1654 1257 p1aecipimus
1687 1215 1747 1248 suh
1775 1218 1880 1258 poena

364 1269 546 1311 depositum
571 1268 753 1311 provinciae
771 1267 929 1300 Limensis
954 1267 1101 1299 descran-
1120 1239 1482 1300 excommunicationis
1495 1267 1626 1300 maioris
1644 1274 1675 1300 et
1691 1268 1879 1311 privationis

364 1327 424 1361 tur,
450 1327 484 1354 ut
509 1322 583 1354 inde
610 1321 669 1353 sub
694 1322 797 1354 classe
822 1320 914 1363 regia
937 1320 976 1352 ad
1002 1320 1101 1362 depo·
1119 1289 1122 1364 Ξ
1140 1318 1227 1350 vocis
1246 1318 1366 1351 activae
1393 1324 1425 1352 et
1449 1320 1594 1362 passivae
1612 1321 1644 1352 in
1667 1326 1876 1364 perpetuum,

362 1374 458 1407 situm
499 1374 652 1416 generale
689 1378 866 1407 conventus
901 1372 1099 1415 Hispalensis
1139 1375 1184 1409 ut,
1201 1370 1227 1402 si
1251 1371 1374 1414 aliquid
1401 1372 1706 1416 quomodocumque
1732 1383 1879 1417 suscepe-

362 1437 421 1470 pro
445 1426 601 1459 Castellae
620 1431 652 1459 et
669 1425 841 1459 Vandaliae
863 1425 1036 1468 provinciis
1052 1435 1101 1457 se·
1119 1442 1123 1500 Ξ
1140 1423 1204 1455 rint
1227 1434 1288 1467 pro
1309 1425 1536 1467 redemptione
1562 1427 1773 1468 captivorum,
1793 1427 1878 1460 intra

363 1489 441 1512 cure
466 1479 647 1512 mittantur.
674 1479 707 1511 ln
736 1478 820 1511 Nova
845 1488 920 1511 vero
944 1477 1098 1520 Hispania
1119 1504 1121 1520 Ξ
1141 1478 1315 1509 terminum
1340 1478 1453 1520 viginti
1485 1484 1624 1521 quatuor
1658 1480 1810 1512 horarum
1837 1480 1877 1513 ad

363 1533 549 1565 thesaurum
567 1532 708 1575 depositi
725 1531 886 1575 generalis
912 1531 1098 1575 provinciae
1119 1523 1123 1578 Ξ
1141 1530 1323 1572 depositum
1349 1531 1508 1572 deferant,
1536 1537 1568 1564 ot
1592 1532 1694 1564 tribus
1721 1533 1790 1566 eius
1815 1535 1878 1566 cla-

362 1584 568 1617 Lautemalae
588 1584 626 1617 ad
648 1584 834 1627 depositum
861 1584 1011 1626 generale
1028 1593 1100 1626 pro·
1119 1581 1122 1653 Ξ
1140 1582 1259 1625 vigeris
1285 1584 1496 1617 manifestent
1522 1590 1553 1617 et
1577 1586 1718 1625 tradant,
1745 1588 1798 1630 qui
1823 1596 1878 1629 pa-

362 1637 485 1670 vineiae
500 1643 530 1670 et
554 1643 733 1670 conventus
751 1636 918 1670 Messicani
936 1637 1099 1669 confluere
1139 1635 1218 1668 riter
1250 1636 1310 1668 sub
1343 1636 1466 1669 eisdem
1498 1637 1614 1680 poenis
1651 1638 1819 1672 confestim
1845 1645 1876 1672 et

362 1690 575 1732 providemus,
601 1695 636 1722 ut
666 1690 741 1723 inde
765 1690 933 1733 utriusque
960 1689 1098 1732 depositi
1139 1689 1207 1721 sine
1239 1691 1348 1728 mora,
1375 1700 1456 1732 quae
1483 1691 1665 1732 praefatum
1699 1691 1876 1724 terminum

361 1743 517 1785 pecuniae
536 1743 574 1776 ad
593 1743 771 1786 praefatum
792 1743 984 1786 IIispalensc
1006 1743 1099 1786 depo-
1139 1742 1284 1781 excedat,
1303 1742 1489 1775 huiusmodi
1511 1743 1661 1786 deposito
1680 1744 1775 1778 simul
1796 1746 1877 1778 infe-

362 1794 458 1827 situm
492 1796 747 1839 adsportentur;
781 1796 820 1828 ad
855 1795 943 1838 quod
977 1795 1094 1835 etiam,
1117 1790 1226 1833 ?1'ent‚
1253 1800 1284 1827 et
1307 1795 1338 1827 in
1364 1795 1447 1828 libro
1473 1796 1593 1829 ibidem
1614 1796 1741 1830 incluso
1767 1797 1876 1830 debita

362 1853 475 1890 utpote
500 1848 735 1882 transvectioni
768 1848 989 1888 commodius,
1015 1859 1096 1892 quae
1117 1840 1118 1882 ἶ
1137 1845 1264 1878 salione
1282 1846 1498 1878 conscribant.

362 1899 394 1931 in
420 1900 588 1942 provincia
611 1900 792 1934 Insularum
811 1900 840 1933 S.
861 1900 1016 1934 Dominiei
1036 1902 1098 1934 col-
1117 1897 1118 1911 ³
1180 1909 1210 1931 Χ.
1237 1899 1301 1932 Sub
1327 1899 1406 1942 ipsis
1431 1910 1561 1943 quoque
1593 1900 1710 1943 poenis
1735 1906 1768 1933 et
1791 1902 1875 1934 ulte-

362 1953 514 1995 liguntur,
533 1958 622 1986 recto
642 1954 768 1986 tramite
794 1954 1007 1986 deducantur.
1138 1951 1204 1984 rius
1228 1952 1348 1985 virtute
1374 1953 1517 1985 formalis
1541 1953 1746 1986 obedientiae
1764 1959 1795 1986 et
1812 1954 1877 1997 pri-

405 2016 458 2038 vn.
486 2004 639 2043 Quocirca
670 2006 834 2038 universis
866 2006 1026 2039 indiarum
1054 2007 1098 2039 vi-
1137 2005 1274 2038 vationis
1300 2005 1481 2038 officiorum
1506 2011 1601 2048 atque
1627 2006 1817 2039 inabilitatis
1836 2007 1875 2039 ad

361 2058 454 2090 cariis
479 2058 683 2100 generalibus
709 2064 741 2092 et
764 2058 1017 2102 provincialibus
1043 2060 1092 2092 in·
1138 2057 1236 2090 illain
1254 2063 1458 2100 perpetuum,
1472 2058 1631 2091 universis
1649 2059 1744 2091 etiam
1764 2064 1796 2091 et
1813 2060 1876 2092 eis-

361 2109 524 2153 iuugimus
548 2111 581 2143 in
606 2111 637 2144 id
664 2111 876 2145 solertissime
894 2112 1094 2153 incumbere,
1139 2111 1211 2143 dem
1235 2116 1271 2142 ut
1295 2111 1444 2153 superius
1471 2111 1624 2143 fratribus
1648 2111 1876 2154 praecipimus,

361 2168 396 2195 ut
419 2164 582 2207 praedicta
608 2165 841 2208 redemptionis
864 2165 950 2198 bona
975 2170 1005 2197 ct
1034 2176 1098 2198 sna-
1138 2169 1169 2196 ut
1194 2163 1361 2207 praedicta
1382 2163 1616 2207 redemptionis
1646 2164 1748 2204 bona,
1776 2165 1878 2197 unde-

361 2225 432 2248 rum
445 2216 687 2259 provinciarum
698 2217 853 2250 collectae
864 2217 999 2250 navibus
1014 2219 1097 2251 bene
1138 2226 1274 2259 cumque
1299 2217 1432 2249 obtenta
1448 2221 1479 2249 et
1496 2216 1632 2249 ubilibet
1648 2216 1820 2256 custodita,
1843 2217 1876 2248 in

360 2268 527 2302 instructis
553 2275 584 2301 et
608 2270 723 2303 validis
736 2270 775 2302 ad
791 2271 965 2313 praefatam
991 2271 1098 2314 Hispa·
1139 2275 1206 2303 toto
1231 2270 1281 2302 vel
1299 2269 1331 2301 in
1349 2274 1448 2312 parte,
1469 2271 1556 2303 nulla
1576 2271 1702 2303 ratione
1717 2271 1766 2303 vel
1785 2280 1878 2313 prae-

360 2321 416 2355 lim
441 2322 603 2355 civitatem
630 2323 809 2363 deveniant,
829 2328 861 2356 et
885 2323 1028 2357 eiusdem
1047 2334 1099 2356 ur·
1139 2328 1227 2354 textu
1252 2332 1328 2355 vero
1352 2323 1402 2355 vel
1428 2322 1508 2355 falso
1533 2322 1571 2355 ad
1597 2323 1659 2355 alia
1680 2322 1777 2355 etiam
1798 2322 1877 2355 indi-

360 2374 411 2407 bis
434 2375 690 2409 commendatori
717 2381 750 2409 et
772 2377 975 2419 procuratori
1002 2387 1099 2419 gene·
1138 2374 1265 2417 gentiae
1283 2380 1336 2407 aut
1356 2374 1590 2417 cuiuscumque
1603 2374 1734 2417 pietatis
1754 2374 1877 2418 impen-

361 2425 420 2459 rali
437 2427 672 2470 redemptionis
689 2438 725 2461 ac
742 2428 940 2471 depositario
959 2429 1097 2471 digniori
1139 2428 1191 2461 dia
1214 2428 1411 2461 transferant
1427 2437 1483 2460 seu
1508 2427 1657 2460 tranferri
1676 2427 1874 2471 permittant,

362 2479 549 2519 tradantur,
583 2480 636 2523 qui
671 2480 839 2524 profecto¹
865 2481 1012 2514 adhibito
1044 2488 1095 2514 aut
1139 2481 1199 2513 nisi
1226 2480 1265 2513 ad
1282 2491 1358 2513 usus
1380 2479 1479 2523 ipsius
1497 2478 1662 2512 effectivae
1680 2479 1877 2522 redemptio-

363 2531 552 2565 authentico
577 2533 762 2566 testimonio
789 2544 826 2566 ea
851 2539 969 2567 cuncta
997 2535 1097 2566 susci·
1138 2533 1427 2576 ms.Neci11super,
1443 2533 1503 2566 sub
1515 2532 1636 2566 eisdem
1647 2532 1770 2576 poenis,
1786 2542 1877 2574 prae-

364 2582 462 2626 pient‚
489 2585 697 2628 generalique
723 2587 872 2630 deposito
890 2587 1044 2627 inferent,
1063 2593 1097 2620 ut
1139 2591 1228 2618 textu
1242 2586 1486 2629 qualiscumque
1500 2585 1692 2623 securitatis,
1707 2595 1724 2616 a
1737 2584 1875 2627 pignore

400 2644 409 2669 1
432 2644 467 2669 Au
489 2648 572 2679 recte,
594 2645 694 2674 iudicet
714 2647 799 2675 lector
818 2648 890 2675 scius
912 2650 947 2683 (a.
970 2649 1016 2682 τ.).
1140 2638 1551 2681 interveniente,pecunias
1566 2637 1794 2671 extraliantvel
1809 2645 1873 2668 mu-

1893 266 1941 291 Αιι.
1959 265 1988 291 C.
2012 266 2075 292 1⁴9¹
