2254 3225
231 284 279 309 An.
300 283 328 310 C.
353 283 414 310 1001
464 273 527 307 ί210

422 331 519 365 daver
543 331 776 371 deosculantes,
792 330 874 364 servi
898 329 956 363 Dei
987 339 1082 372 opem
1106 328 1155 359 in-

422 385 497 418 tima
535 384 708 418 devotione
748 384 975 426 implorarunt,
1014 380 1155 422 Baptista

422 437 558 470 Cabillin
594 441 625 469 et
662 435 799 469 lsabella
832 435 915 468 Cano
946 442 1077 476 prorsus
1102 436 1151 463 at-

422 490 526 530 tracti,
551 489 607 522 ille
632 499 739 527 crure,
765 494 797 521 et
821 487 867 520 sic
884 485 1017 519 claudus
1034 489 1068 515 ut
1085 483 1155 515 sine

424 544 607 577 fulcimento
638 552 704 575 non
743 542 865 574 valeret
900 539 1059 575 incedere,
1097 536 1156 568 ista

421 595 556 629 brachio
592 600 623 628 et
646 605 741 627 manu
773 604 833 636 per
868 590 1098 633 sesquiannum
1123 592 1157 620 ut

424 649 493 681 eius
529 647 733 680 sanationem
768 643 913 685 chirurgi
949 642 1012 674 iam
1042 641 1157 683 despe-

423 706 558 739 rassent,
583 700 622 732 ad
647 698 834 732 eorumdem
859 695 1076 727 membrorum
1096 692 1157 734 pri-

424 754 543 787 stinum
569 753 668 785 robur
693 756 724 783 et
748 759 852 787 usum,
879 757 915 780 ac
940 747 966 779 si
991 755 1156 788 nunquam

424 809 509 841 laesa
535 806 676 843 fuissent,
701 807 834 845 repente
860 803 1066 832 revocantur.

469 860 482 902 ᾗ
507 858 559 891 18.
586 858 704 890 Ioanna
738 853 905 887 Dominica
929 861 1001 884 cum
1025 859 1158 892 sexage-

426 913 540 945 simum
564 909 694 942 tertium
719 906 830 940 aetatis
847 913 923 937 suae
944 913 1063 936 annum
1084 912 1158 945 age-

424 970 483 1004 ret,
508 974 545 996 ex
571 963 634 994 alto
660 960 804 1001 delapsa,
831 958 930 989 talem
968 955 1048 988 ossis
1075 954 1157 987 sacri

425 1017 598 1049 fracturam
624 1018 655 1046 et
692 1011 825 1044 alterius
858 1009 942 1043 ossis
977 1008 1010 1041 in
1036 1008 1158 1041 femore

424 1069 620 1102 luxationem
646 1075 738 1109 passa
763 1064 879 1103 fuerat,
913 1066 949 1093 ut
973 1071 1077 1104 genua
1103 1060 1159 1093 sse-

425 1128 510 1155 ctere
536 1126 567 1154 et
591 1120 661 1153 sine
687 1116 879 1150 fulcimentis
897 1115 1050 1148 incedere
1068 1124 1159 1156 pror-

425 1185 479 1207 sus
514 1172 688 1216 nequiret3
716 1170 770 1202 sed
797 1169 911 1212 quinto
946 1165 1158 1209 aegritudinis

424 1237 499 1260 suae
535 1236 618 1258 anno
654 1224 762 1256 adhuc
798 1220 952 1263 insepulti
988 1219 1072 1252 servi
1103 1218 1158 1250 Dei

424 1291 552 1313 manuni
566 1279 705 1312 ubertim
719 1276 895 1310 fluentibus
909 1273 1057 1317 lacrymis
1073 1283 1160 1305 oscu-

424 1335 499 1372 lata,
524 1332 674 1374 illiusque
707 1327 973 1362 intercessionem
1002 1336 1039 1359 ex
1060 1325 1159 1358 corde

426 1386 608 1428 deprecata,
633 1393 702 1415 cum
728 1391 761 1414 se
786 1379 981 1413 fulcimentis
1001 1378 1160 1410 niteretur

425 1438 588 1476 attollere,
615 1439 753 1478 repente
778 1431 965 1466 vehementi
984 1431 1105 1469 dolore,
1125 1440 1159 1462 os

425 1492 558 1524 fractum
595 1486 794 1521 consolidari
826 1490 858 1519 et
880 1485 1023 1517 luxatum
1059 1482 1161 1516 sensit

426 1543 551 1587 reponi,
576 1541 748 1584 statimque
774 1539 923 1582 expedite
943 1543 974 1571 et
991 1537 1059 1569 sine
1085 1536 1161 1569 ullis

426 1594 617 1629 fulcimentis
644 1592 832 1632 ambulavit,
858 1596 890 1625 et
915 1589 1087 1623 incolumis
1114 1589 1160 1622 ef-

426 1649 505 1682 fecta
531 1653 590 1681 est.

470 1703 485 1745 ἓ
510 1701 562 1734 19.
588 1700 726 1734 Caecilia
750 1699 834 1733 Sorli
855 1698 888 1731 in
923 1698 1023 1731 altero
1048 1708 1163 1742 corpo-

427 1755 471 1787 ris
494 1756 594 1788 latere
619 1752 852 1796 septemdecim
877 1750 1042 1783 mensibus
1061 1751 1164 1783 fuerat

427 1810 464 1841 ea
494 1812 646 1850 correpta
682 1805 833 1848 paralysi,
868 1809 902 1836 ut
938 1803 1019 1835 inibi
1055 1804 1162 1836 nullus

425 1871 559 1904 prorsus
585 1864 689 1892 motus
714 1859 762 1891 vel
787 1867 900 1890 sensus
925 1857 1040 1893 carnis,
1059 1868 1161 1900 aqua,

426 1912 585 1956 pungenti
611 1912 695 1944 ferro
721 1911 855 1949 tentata,
874 1919 934 1941 nec
954 1909 1084 1951 sanguis
1102 1909 1164 1942 exi-

426 1966 493 2005 bat,
519 1963 737 2002 remansisset,
763 1962 898 1994 brachio
924 1967 954 1994 et
972 1972 1067 1994 crure
1085 1972 1164 2005 pen-

427 2018 590 2056 dentibus,
614 2027 712 2049 manu
737 2017 881 2054 attracta,
907 2014 1017 2057 digitis
1049 2015 1164 2048 immo-

428 2071 537 2104 biliter
563 2069 708 2108 aduncis,
736 2077 899 2110 carneque
937 2066 1079 2100 eiusdem
1113 2068 1161 2100 la-

428 2123 506 2155 teris
532 2123 612 2154 adeo
638 2122 841 2163 consumpta,
868 2126 901 2152 ut
925 2120 1025 2151 solam
1052 2124 1082 2151 et
1107 2119 1165 2152 sic-

429 2186 496 2209 cam
522 2176 641 2219 pellem
667 2173 796 2206 ossibus
821 2172 1087 2216 superinductam
1114 2173 1167 2205 ha-

428 2228 532 2267 beret,
561 2226 686 2260 meritis
719 2226 807 2258 beati
831 2225 996 2258 Paschalis
1017 2225 1048 2257 in
1074 2236 1164 2268 spem

431 2281 542 2314 salutis
559 2285 675 2319 erecta,
697 2279 736 2312 ad
754 2278 823 2311 eius
842 2278 1025 2320 sepulcrum
1045 2278 1167 2310 curavit

432 2333 549 2373 afferri,
577 2332 750 2376 statimque
786 2342 822 2365 ac
846 2331 980 2373 singulis
1012 2331 1167 2363 membris

433 2387 527 2420 laesis
552 2386 773 2429 applicabatur
797 2390 920 2424 catena,
946 2395 1008 2427 qua
1028 2384 1083 2417 Dei
1104 2394 1168 2416 ser-

433 2449 490 2471 vus
514 2439 545 2470 in
568 2438 632 2470 vita
654 2437 937 2481 praecingebatur,
956 2447 1080 2475 sensus,
1102 2447 1169 2469 mo-

434 2497 495 2530 tus,
527 2491 634 2530 robur,
668 2501 754 2528 caro,
789 2490 934 2522 incessus
971 2494 1002 2522 et
1031 2489 1168 2531 pristina

436 2545 520 2576 salus
556 2543 715 2582 redibant,
743 2543 847 2575 donec
870 2542 1018 2581 Caecilia,
1045 2542 1167 2584 ingenti

435 2595 565 2638 perfusa
583 2595 708 2637 gaudio,
726 2595 822 2628 citato
837 2605 894 2637 per
912 2594 1078 2627 ecclesiam
1097 2604 1169 2636 gra-

438 2647 479 2680 du
504 2646 654 2680 exsiliens
681 2647 862 2687 discurrit„

259 868 285 889 ῦς
298 868 383 889 tractum
394 869 415 888 et

230 895 323 924 luxatum
359 901 413 915 com·

232 924 309 949 posunt.

260 1707 359 1727 Mambri·
373 1713 416 1728 mo-

234 1735 275 1753 tm..
292 1738 312 1754 et
334 1740 415 1755 sensum

235 1760 334 1781 reddidit.

999 278 1175 305 BULLARIUM
1201 276 1354 301 mummi

1419 306 1452 310 ,d
1504 307 1515 309 A
1605 305 1609 307 .
1641 308 1644 309 ⁷
1731 304 1736 305 t
1765 304 1770 305 t
1834 303 1838 304 t
1932 277 1982 303 An.
2003 276 2031 303 C.
2058 277 2120 304 1691

1240 325 1254 368 ἓ
1279 324 1333 357 20.
1359 324 1406 358 Ob
1431 323 1593 368 quoddam
1619 323 1786 366 sanguinis
1811 325 1931 368 prossu-
1967 337 2126 367 unvisamm-

1195 378 1288 417 vium,
1315 387 1375 410 nec
1398 378 1540 421 pupillae
1566 387 1627 410 nec
1650 378 1718 411 ulla
1741 388 1851 411 earum
1880 365 2125 412 νο-ῗιῖἶηῗῖῐὲἵῖξῗζζῗῖἶ

1196 430 1290 473 stigia
1325 435 1549 463 remanserant
1582 430 1730 463 Michaeli
1767 430 1931 470 Gabaldo,

1198 483 1251 526 qui
1277 493 1294 516 a
1318 488 1406 516 sexto
1431 483 1544 516 aetatis
1567 493 1680 516 mense
1701 483 1739 515 ad
1761 483 1933 525 septimum

1198 546 1318 568 annum
1340 535 1435 568 vitam
1460 536 1595 569 duxerat
1619 545 1682 567 non
1708 535 1862 568 caecitate
1887 546 1935 568 so-

1198 589 1275 628 lum,
1301 589 1357 621 sed
1374 588 1623 631 superveniente
1641 587 1806 620 surdidate
1824 588 1937 630 deplo-

1197 642 1350 682 rabile1n;
1387 641 1504 674 emisso
1537 651 1595 683 per
1620 640 1768 673 afflictam
1801 645 1935 674 matrem

1198 698 1272 726 voto
1290 694 1476 737 sepulcrum
1497 693 1582 726 beati
1597 692 1762 725 Pasclialis
1781 693 1933 733 adeundi,

1199 746 1334 789 eiusque
1365 756 1427 789 ope
1453 746 1627 779 ferventius
1653 745 1821 784 invocata,
1846 756 1863 778 e
1887 756 1938 778 ve-

1199 798 1293 841 stigio
1318 809 1398 842 puer
1421 799 1532 832 videns
1560 803 1592 831 et
1616 798 1750 830 audiens
1776 798 1815 830 ad
1848 797 1937 831 illam

1200 852 1332 884 festivus
1344 851 1493 891 occurrit,
1508 851 1751 894 perfectumque
1766 850 1936 893 utriusque

1199 915 1312 937 sensus
1337 915 1429 937 usum
1454 904 1574 946 iugiter
1598 903 1714 936 exinde
1739 903 1882 936 retinuit.

1243 957 1257 999 g
1279 957 1329 989 21.
1349 957 1497 989 Extrema
1510 956 1662 989 unctione
1679 956 1742 988 iam
1759 955 1933 994 delibutus,
1959 967 2129 998 innatorum.

1201 1015 1232 1043 et
1258 1010 1509 1053 desperantibus
1536 1010 1674 1042 salutern
1687 1008 1835 1049 medicis,
1862 994 2103 1051 age-'’⁰¹¹¹‘¹''“¹¹²'

1199 1062 1253 1094 bat
1277 1063 1417 1095 animam
1441 1062 1556 1094 Petrus
1580 1061 1639 1101 Gil,
1666 1061 1721 1104 qui
1746 1061 1872 1103 magnis
1893 1061 1938 1094 fc-

1200 1114 1323 1154 tii-ibus,
1341 1114 1527 1153 vomitibus,
1545 1114 1684 1157 aliisque
1704 1113 1936 1153 accidentibus,

1201 1173 1323 1209 septem
1350 1167 1399 1199 vel
1425 1172 1497 1199 octo
1522 1166 1681 1198 mensium
1699 1165 1813 1208 spatio,
1838 1165 1939 1197 fuerat

1201 1220 1378 1259 afflictatus,
1404 1219 1629 1261 gravissimum
1656 1219 1812 1251 exhalans
1837 1218 1941 1250 foeto-

1200 1283 1286 1311 rem,
1323 1271 1484 1314 corruptis
1523 1281 1603 1314 prae
1639 1270 1744 1303 morbi
1781 1269 1938 1313 gravitate

1201 1325 1386 1363 visceribus,
1412 1325 1459 1357 vix
1486 1323 1700 1357 maestissima
1724 1333 1806 1355 uxor
1829 1328 1939 1355 votum

1201 1379 1360 1412 invisendi
1386 1377 1472 1410 beati
1498 1376 1664 1409 Paschalis
1696 1377 1883 1418 sepulcrum
1910 1379 1941 1407 et

1201 1437 1312 1475 parata
1343 1430 1448 1463 funeri
1474 1429 1643 1463 deserendi
1676 1427 1842 1467 emiserat,
1868 1437 1940 1459 cum

1202 1486 1250 1518 vir
1284 1485 1373 1518 nulla
1407 1486 1497 1517 mora
1532 1482 1669 1515 surrexit
1704 1481 1876 1514 incolumis
1910 1485 1943 1513 et

1203 1548 1302 1571 uxore
1328 1537 1444 1571 comite
1468 1541 1577 1569 votum
1598 1535 1748 1568 emissum
1769 1533 1938 1577 persolvit.

1246 1592 1260 1635 ξ
1286 1591 1326 1624 22
1357 1591 1453 1623 Fama
1484 1589 1581 1632 igitur
1612 1587 1789 1621 sanctitatis
1821 1587 1856 1619 B.
1883 1586 1941 1618 Pa·
2003 1598 2018 1619 A
2037 1596 2134 1618 vauiov

1203 1643 1512 1683 schalis,miraculis
1538 1646 1570 1674 et
1595 1640 1707 1683 gratiis
1733 1640 1772 1672 ad
1798 1639 1866 1672 eius
1892 1624 2137 1681 in-l³13‘,f¹²s¹t⁵u‘³:„⁰l?2³r.'

1203 1697 1405 1730 vocationem
1430 1701 1461 1728 et
1485 1693 1753 1727 intercessionem
1788 1691 1939 1731 obtentis,
1951 1679 2043 1726 [ἱῗὲοινῗῖ
2055 1678 2136 1724 ωῗῖῗῗ“

1204 1750 1235 1783 in
1273 1750 1341 1782 dies
1381 1747 1699 1791 percrebrescente,
1733 1750 1808 1788 post
1837 1744 1940 1776 varias

1203 1802 1413 1846 probationes
1436 1799 1601 1833 ordinaria
1635 1797 1826 1831 auctoritate
1851 1807 1941 1830 rece-

1205 1861 1288 1898 ptas,
1326 1852 1516 1896 supervenit
1551 1850 1714 1893 delegatio
1739 1849 1939 1893 apostolica;

1204 1908 1295 1941 cuius
1318 1907 1428 1949 vigore
1454 1904 1609 1938 consectis
1635 1903 1780 1947 quinque
1813 1913 1944 1946 proces-

1205 1962 1303 2001 sibus,
1339 1960 1443 2001 iisque
1479 1957 1620 2001 primum
1657 1966 1674 1988 a
1698 1955 1802 1988 tribus
1832 1965 1942 1987 causa-

1207 2024 1274 2046 rum
1298 2011 1407 2056 palatii
1434 2009 1606 2054 apostolici
1638 2007 1850 2047 auditoribus,
1888 2007 1944 2050 qui

1206 2071 1386 2099 accuratam
1422 2068 1453 2097 et
1488 2062 1673 2095 distinctam
1699 2060 1834 2094 edidere
1859 2060 1943 2092 rela-

1207 2120 1339 2158 tionem,
1366 2122 1397 2150 et
1421 2115 1627 2159 postmodum
1654 2112 1686 2145 in
1712 2112 1944 2155 Congregatio-

1208 2183 1279 2206 nem
1306 2176 1380 2203 tunc
1406 2168 1504 2202 sacris
1529 2167 1644 2199 ritibus
1678 2165 1944 2209 praepositorum

1208 2224 1430 2263 cardinalium,
1456 2222 1562 2255 bonae
1587 2219 1764 2252 memoriae
1798 2219 1944 2251 Roberto

1209 2277 1293 2311 tituli
1328 2276 1360 2309 S.
1386 2274 1503 2308 Mariae
1537 2273 1569 2305 in
1595 2273 1669 2311 via,
1705 2272 1781 2304 dum
1806 2271 1943 2311 vivebat,

1209 2330 1402 2374 presbytero
1426 2325 1581 2360 cardinali
1600 2324 1797 2358 Bellarmino
1822 2334 1947 2356 nuncu-

1210 2388 1284 2426 pato
1309 2381 1485 2419 referente,
1512 2378 1687 2420 diligenter
1707 2376 1897 2409 examinatis
1915 2381 1947 2409 et

1210 2440 1334 2467 mature
1367 2431 1536 2470 discussis,
1570 2429 1641 2472 piae
1666 2428 1842 2461 memoriae
1866 2429 1946 2461 Pau-

1211 2489 1260 2520 lus
1295 2486 1353 2519 PP.
1374 2485 1420 2526 Y„
1442 2484 1538 2517 etiam
1563 2482 1799 2526 praedecessor
1822 2486 1945 2521 noster,

1211 2539 1386 2572 humilibus
1411 2535 1706 2580 supplicationibus
1732 2533 1875 2567 universi
1893 2533 1948 2566 Or-

1211 2593 1295 2625 dinis
1320 2591 1454 2623 fratrum
1478 2588 1637 2621 Minorum
1662 2586 1762 2619 sancti
1783 2587 1944 2619 Francisci

1212 2645 1250 2678 de
1282 2641 1490 2677 observantia
1521 2640 1791 2674 Discalceatorum
1823 2649 1930 2673 nuncu
