2254 3225
225 228 274 255 An.
291 227 318 254 c.
338 227 404 255 1691
453 219 517 254 198

416 277 602 320 respiciens,
618 283 650 311 et
663 278 822 312 Christum
841 285 975 323 propter
987 280 1147 313 Christum

415 339 480 362 non
505 336 641 374 propter
675 342 732 365 sua
764 343 943 375 quaerens,
976 331 1146 371 familiari,

416 393 480 426 quo
498 385 583 426 apud
602 385 779 427 praefatum
802 385 987 428 episcopum
1008 386 1148 426 Burgen-

415 445 483 467 sem
508 435 712 478 fungebatur,
737 437 929 477 ministerio,
946 434 1146 469 canonicatui

416 492 448 520 et
471 487 636 521 beneficiis
662 490 810 522 omnibus
835 489 1081 528 abrenuncians,
1097 499 1148 520 so-

414 540 517 584 lisque
536 542 750 585 eleemosynis
770 553 828 585 pro
845 543 963 575 missae
987 540 1147 574 sacrificio

414 593 454 626 ad
471 594 519 626 sui
540 595 806 627 sustentationem
824 600 1003 634 contentus,
1023 594 1148 626 serren-

415 646 477 678 tius
495 646 633 679 orationi
655 653 687 679 et
702 648 854 680 attentius
870 656 1034 679 sacrorum
1052 645 1148 679 libro-

415 709 485 731 rum
517 700 650 733 lectioni
683 700 823 732 animum
850 699 1018 739 adiunxit;
1051 704 1083 732 et
1106 710 1146 732 ne

415 750 477 783 sibi
500 752 617 792 solum,
637 752 694 784 sed
716 751 785 784 aliis
805 751 937 791 viveret,
958 751 1065 795 coepit
1083 762 1147 785 ver-

415 803 489 836 bum
524 804 579 837 Dei
616 815 730 846 magno
770 804 952 836 auditorum
988 814 1146 837 concursu

414 856 549 900 parique
574 857 717 900 prosectu
743 857 775 889 in
801 857 912 890 eadem
930 858 1086 900 Burgensi
1104 857 1148 890 ci-

415 909 507 942 citate
533 910 740 942 annunciare.

459 963 473 1004 ξ,
497 962 528 995 6.
549 962 724 1005 irrepserat
742 968 816 996 tunc
834 963 1048 997 Salmanticae
1067 975 1148 998 sum-

415 1026 465 1047 ma
490 1021 521 1047 et
546 1015 684 1058 impunis
710 1016 864 1058 peccandi
889 1017 1028 1057 licentia,
1052 1018 1148 1051 adeo-

415 1079 477 1111 que
502 1074 686 1100 exarserant
717 1068 884 1111 potissime
910 1069 995 1102 inter
1019 1071 1146 1104 nobiles

414 1120 564 1152 intestina
589 1121 662 1153 odia
687 1126 719 1153 et
743 1122 922 1164 pertinacia
946 1123 1087 1163 dissidia,
1114 1130 1147 1156 ut

413 1172 487 1205 inde
506 1173 626 1213 civitas,
641 1173 673 1205 in
692 1172 841 1206 efferatas
860 1174 1016 1208 sactiones
1039 1177 1146 1216 scissa,

413 1226 549 1258 maxima
574 1226 754 1259 animorum
780 1227 958 1260 acerbitate
987 1229 1149 1262 caedium-

413 1288 473 1321 que
499 1278 679 1322 srequentia
696 1280 844 1320 saeviret,
862 1281 993 1324 quando
1017 1287 1148 1316 aelerna

412 1331 562 1363 maiestas
586 1331 777 1364 charitatem
803 1333 885 1365 servi
919 1334 986 1374 sui,
1013 1340 1048 1367 ut
1072 1335 1149 1368 illuc

415 1388 577 1427 tamquam
602 1385 690 1427 pacis
715 1386 849 1427 angelus
874 1394 1039 1429 pergeret,
1065 1388 1150 1421 exci-

415 1431 502 1469 tavit.
530 1437 592 1469 Piis
628 1437 672 1469 ibi
709 1439 865 1481 operibus
904 1446 936 1472 et
970 1441 1058 1473 verbi
1093 1442 1147 1475 Dei

414 1489 648 1532 praedicationi
666 1501 743 1534 prae
765 1491 885 1524 viribus
903 1498 934 1525 et
947 1493 1150 1537 utiliterplu-

414 1542 496 1576 rium
530 1553 686 1576 annorum
729 1544 832 1587 spatio
867 1545 1032 1585 addictus,
1067 1547 1148 1580 nihil

415 1595 530 1636 timuit,
557 1596 639 1629 nihil
665 1597 844 1638 recusavit,
872 1598 954 1632 nihil
980 1600 1096 1639 omisit,
1115 1606 1149 1632 ut

414 1649 558 1689 animas,
582 1655 788 1692 pcccatorum
814 1661 917 1684 coeno
938 1663 1065 1693 eruens,
1083 1653 1148 1686 Deo

415 1702 627 1743 lucrifaceret,
649 1709 679 1735 et
696 1703 804 1736 civiles
822 1705 964 1737 flammas
991 1716 1063 1738 rore
1081 1707 1149 1749 pie-

415 1754 487 1787 tatis
502 1760 534 1787 et
548 1755 650 1788 imbre
668 1756 919 1798 praedicationis
931 1758 1145 1800 extingueret.

223 1808 403 1857 „ulffifgssgngg
458 1806 472 1849 ἓ
499 1807 525 1840 7.
551 1807 612 1840 Sed
642 1813 676 1840 ut
701 1809 755 1841 Dei
780 1810 880 1842 virtus
905 1811 936 1843 in
963 1810 1148 1845 intirmitate

224 1859 540 1913 23¹·1'133321532fss1'1·loannis
559 1860 658 1902 magis
676 1862 827 1902 eluceret,
845 1862 931 1905 gravi
949 1865 1147 1898 calculorum

415 1913 529 1946 morbo
554 1913 738 1957 corripitur,
763 1925 781 1947 a
806 1925 871 1958 quo
896 1926 967 1949 cum
992 1927 1058 1949 non
1077 1928 1149 1960 pos-

413 1970 461 1998 set
496 1966 557 1998 nisi
589 1972 734 2000 extremo
768 1972 801 2000 et
826 1968 958 2012 ancipiti
996 1970 1148 2004 sectionis

413 2019 558 2052 remedio
583 2020 785 2053 medicorum
810 2020 930 2055 iudicio
949 2022 1092 2063 liberari,
1115 2024 1147 2056 in

415 2081 461 2111 eo,
479 2073 534 2115 qui
559 2078 652 2105 sanat
676 2083 789 2106 omnes
811 2073 1028 2115 infirmitates,
1049 2076 1148 2108 confi-

414 2134 475 2163 sus,
502 2131 607 2158 votum
631 2126 716 2158 vovit
748 2126 919 2169 religiosae
949 2128 1032 2161 vitae
1057 2128 1147 2161 insti-

249 969 347 991 Studium
368 975 401 996 pa>

222 1002 261 1017 ets.

415 2180 516 2209 tutum
541 2179 752 2220 capessendi,
780 2179 805 2211 si
839 2178 878 2211 ab
911 2179 1026 2212 eodem
1058 2181 1169 2223 gravi>

412 2228 526 2262 morbo
556 2231 757 2274 graviorique
782 2231 934 2264 sectionis
960 2232 1145 2266 discrimine

414 2281 452 2313 ad
478 2282 633 2315 maiorem
658 2283 713 2315 Dei
744 2284 880 2326 gloriam
913 2286 1143 2320 convaluisset.

413 2333 581 2366 Exaudivit
604 2335 755 2369 Dominus
774 2336 1039 2380 deprecationem
1063 2339 1145 2371 servi

414 2386 485 2426 sui,
513 2388 565 2429 qui
582 2414 589 2427 ‚
616 2388 772 2430 pristinae
799 2389 966 2423 restitutus
992 2391 1145 2432 sanitati,

413 2438 554 2471 reddidit
572 2441 736 2474 Altissimo
754 2447 826 2474 vota
850 2452 906 2475 sua
931 2443 962 2475 in
988 2443 1145 2485 religione

415 2491 621 2524 cremitarum
656 2494 755 2525 sancti
792 2495 984 2537 Augustini,
1026 2497 1145 2529 selecto

415 2542 656 2576 Salmanticensi
689 2553 868 2588 conventu,
896 2548 949 2580 ubi
986 2550 1144 2590 regularis

416 2594 605 2639 discipliuae
623 2598 761 2631 strictior
782 2599 986 2633 observantia
1004 2602 1142 2643 rigebat.

991 231 1169 256 BULLARIUM
1192 230 1347 255 ROMANUM

1234 279 1248 321 ἓ
1273 278 1304 311 8.
1328 281 1454 312 Annum
1479 291 1579 324 agens
1602 283 1820 325 probationis,
1847 284 1924 318 licet

1190 337 1293 364 aetate
1323 337 1514 375 provectus,
1541 335 1641 376 gradu
1671 336 1923 378 baccalaureus,

1190 384 1303 417 ordine
1321 386 1484 427 sacerdos,
1500 390 1586 420 tanta
1604 388 1720 421 enituit
1733 389 1923 431 humilitate,

1190 437 1349 470 modestia
1372 444 1404 471 et
1429 438 1624 481 obedientia,
1645 447 1680 474 ut
1696 447 1858 485 tamquam
1876 444 1925 476 lu-

1190 500 1285 523 cerna
1310 501 1407 534 supra
1426 493 1657 526 candelabrum
1678 495 1803 528 luceret
1820 496 1925 529 omni-

1189 543 1249 575 bus
1285 544 1338 586 qui
1375 544 1406 577 in
1443 545 1540 579 domo
1573 552 1693 588 erant;
1731 548 1923 591 tyrocinium

1189 597 1310 640 quippe
1336 598 1505 641 religionis
1530 600 1629 633 virtus
1654 607 1806 635 veterana
1830 613 1923 646 prae-

1189 655 1341 683 cesserat.
1365 650 1487 684 Emissa
1502 652 1715 695 professione,
1734 665 1793 697 per
1809 655 1924 689 arduas

1189 702 1346 744 regularis
1359 704 1569 746 perfectionis
1584 706 1722 747 semitas,
1733 708 1923 751 abnegando

1189 756 1420 798 semetipsum,
1446 757 1594 800 iactoque
1620 760 1783 801 profundo
1808 762 1923 795 sunda-

1189 814 1297 841 mento
1330 809 1533 850 humilitatis,
1559 811 1589 843 in
1614 812 1749 846 sublime
1773 814 1923 848 virtutum

1189 862 1405 902 consurrexit,
1432 868 1464 896 et
1499 864 1614 897 exinde
1647 866 1827 899 animarum
1853 869 1923 901 zelo

1191 915 1291 957 magis
1316 916 1485 955 exardens,
1506 928 1541 949 ac
1565 924 1718 961 proptera
1743 921 1851 953 omnia
1871 932 1924 953 su-

1189 968 1330 1007 stinens,
1352 968 1383 1000 in
1410 969 1495 1008 Deo,
1522 970 1575 1012 qui
1601 973 1752 1013 perennis
1784 973 1923 1007 charitas

1190 1026 1247 1057 est,
1273 1021 1391 1053 mansit
1415 1026 1447 1053 et
1467 1021 1548 1054 Deus
1575 1022 1607 1055 iu
1633 1034 1684 1056 eo.

1233 1074 1247 1115 ἓ
1265 1073 1295 1105 9.
1316 1073 1635 1115 Superseminavcrat
1649 1075 1774 1109 interea
1788 1077 1922 1112 humani

1190 1127 1321 1169 generis
1346 1126 1494 1159 inimicus
1519 1128 1614 1171 plura
1638 1132 1670 1162 et
1693 1130 1806 1172 peiora
1829 1131 1923 1164 vitio-

1191 1190 1260 1212 rum
1309 1184 1341 1212 et
1379 1180 1676 1214 recrudescentium
1717 1182 1922 1217 dissidiorum

1190 1232 1320 1270 zizania,
1345 1232 1384 1265 ad
1409 1243 1491 1275 quae
1516 1233 1710 1267 eradicanda
1738 1245 1754 1268 e
1780 1236 1923 1270 claustro

1190 1290 1358 1318 revocatur
1382 1285 1530 1325 Ioannes,
1551 1286 1617 1329 qui,
1636 1287 1805 1330 religionis
1823 1289 1925 1322 lorica

1190 1343 1221 1370 et
1251 1337 1307 1370 Dei
1332 1337 1447 1371 virtute
1482 1338 1705 1380 praecinctus,
1732 1339 1859 1382 pietatis
1888 1352 1924 1374 ac

1191 1390 1278 1433 pacis
1302 1390 1450 1423 inimicos
1482 1391 1528 1423 sic
1560 1391 1591 1423 in
1625 1391 1762 1425 Domino
1789 1393 1924 1427 adorsus

1191 1450 1241 1476 est
1264 1449 1296 1476 et
1319 1449 1550 1486 persequutus,
1568 1449 1603 1475 ut
1627 1454 1691 1476 uon
1716 1452 1925 1479 convertere-

1193 1501 1241 1527 tur
1265 1496 1369 1528 donec
1393 1494 1582 1528 delicerent.
1602 1497 1789 1538 Apostolico
1807 1499 1923 1541 spiritu

1190 1547 1379 1590 insurgebat
1403 1547 1434 1579 in
1461 1548 1596 1587 scelera,
1623 1554 1655 1581 et
1679 1548 1803 1582 fervido
1827 1551 1923 1583 simul

1190 1611 1226 1633 ac
1250 1600 1389 1632 facundo
1411 1600 1577 1632 charitatis
1603 1601 1723 1643 impetu
1749 1602 1795 1634 sic
1818 1604 1921 1636 vehe-

1190 1653 1284 1685 batur
1308 1652 1340 1684 in
1366 1653 1450 1691 odia,
1468 1658 1502 1685 ut
1526 1653 1645 1686 surdae
1670 1653 1813 1697 alioquin
1838 1654 1925 1698 paci—

1190 1706 1257 1738 ficis
1283 1705 1425 1738 consiliis
1450 1715 1541 1738 aures
1571 1710 1603 1738 et
1627 1705 1777 1739 indurata
1801 1707 1925 1742 invete-

1189 1758 1265 1790 ratis
1283 1757 1423 1801 peccatis
1438 1763 1470 1790 et
1486 1758 1700 1791 simultatibus
1715 1765 1846 1802 pectora
1857 1771 1922 1794 nou

1191 1817 1321 1854 possent
1345 1810 1495 1843 resistere
1520 1810 1700 1854 sapientiae
1732 1818 1762 1845 et
1795 1814 1921 1857 spiritui

1191 1864 1244 1907 qui
1273 1864 1465 1907 loquebatur
1494 1874 1554 1907 per
1587 1875 1622 1896 os
1657 1864 1737 1898 eius.
1771 1866 1862 1907 Hinc,
1888 1873 1923 1900 ut

1190 1916 1307 1949 civium
1333 1916 1511 1949 discordias
1537 1917 1714 1958 evelleret,
1740 1918 1922 1962 aliquorum

1190 1970 1290 2012 magis
1310 1969 1523 2012 pertinacium
1545 1969 1620 2003 odia
1639 1970 1671 2003 in
1690 1970 1834 2015 seipsum
1852 1983 1924 2006 con-

1189 2023 1294 2062 vertit,
1312 2023 1388 2055 dum
1408 2022 1473 2055 illis
1490 2022 1567 2055 vitia
1586 2024 1812 2065 exprobrabat,
1828 2031 1924 2068 prout

1189 2075 1323 2118 Spiritus
1339 2074 1473 2107 Sanctus
1491 2074 1588 2108 dabat
1613 2075 1735 2118 eloqui.
1764 2077 1802 2109 At
1826 2077 1923 2110 nullis

1189 2128 1313 2160 iniuriis
1348 2133 1535 2167 revocatus,
1562 2129 1659 2161 nullis
1696 2129 1850 2172 periculis
1874 2132 1922 2164 rel

1189 2181 1283 2213 minis
1312 2179 1443 2213 territus
1473 2190 1614 2222 unquam
1640 2181 1745 2223 potuit
1769 2193 1786 2214 a
1811 2189 1922 2217 sancto

1189 2244 1286 2276 opere
1306 2233 1480 2273 dimoveri;
1496 2233 1551 2266 sed
1571 2233 1678 2276 potius
1699 2236 1923 2278 persequutio-

1190 2297 1262 2318 nem
1293 2286 1419 2329 pallens
1455 2291 1587 2329 propter
1610 2286 1788 2328 iustitiam,
1816 2287 1921 2322 animo

1189 2349 1318 2381 semper
1336 2338 1466 2378 invicto,
1485 2348 1647 2381 nunquam
1666 2338 1724 2371 suit
1740 2340 1922 2384 promptior

1188 2402 1282 2434 quam
1307 2391 1391 2423 inter
1407 2391 1601 2430 discrimina,
1621 2401 1786 2434 nunquam
1805 2393 1922 2426 sortior

1189 2455 1282 2487 quam
1308 2444 1391 2476 inter
1424 2443 1641 2476 adversitates.
1669 2444 1700 2476 Si
1732 2450 1838 2478 tamen
1864 2446 1920 2479 ali·

1188 2497 1318 2540 quando
1352 2495 1493 2528 divinum
1524 2497 1658 2530 verbum
1691 2498 1863 2532 seminavit
1888 2501 1919 2533 in

1188 2548 1348 2591 lacrymis,
1374 2549 1490 2580 uberes
1515 2548 1610 2581 etiam
1644 2550 1825 2593 manipulos
1851 2553 1920 2595 plu-

1189 2602 1269 2634 rium
1295 2601 1470 2635 animarum
1492 2601 1556 2635 Deo
1581 2602 1862 2637 reconciliaturum
1888 2605 1921 2639 in

1928 237 1981 265 An.
1997 238 2027 266 C.
2049 239 2113 267 1601

1995 1088 2118 1111 inimi-vitias

1932 1114 2023 1134 sedavit.
