2254 3225
213 235 264 262 An.
284 235 311 264 c,
332 235 397 262 icoc
443 227 507 261 748

237 1781 267 1806 E„
272 1780 337 1804 ilotzns
347 1784 398 1799 con-

214 1808 303 1827 sittntioi
304 1807 398 1826 nimete-

405 285 524 318 militer
554 285 714 329 porrectis
746 286 915 328 inclinati,
943 287 981 320 de
1006 297 1143 320 venera-

404 337 520 372 bilium
546 339 682 372 fratrum
702 346 888 374 nostrorum
907 340 939 373 S.
958 340 996 374 R.
1018 340 1053 373 E.
1074 350 1143 373 car·
1164 360 1165 381 3

406 391 561 425 dinalium
579 392 715 426 Concilii
729 393 910 426 Tridentini
927 393 1142 437 interpretum
1164 395 1165 406 ¹

405 445 542 479 consilio
559 472 566 487 ,
603 446 732 479 easdem
769 452 971 489 exponentes
1004 446 1043 478 ad
1068 445 1144 477 frui-

407 498 531 532 tionem
556 499 700 532 omnium
726 498 1000 541 indulgentiarum
1032 497 1143 530 Ordini

404 552 575 595 praedicto
597 562 832 591 concessarum,
854 551 1046 584 auctoritate
1072 561 1145 593 apo·
1164 544 1166 565 ³

405 605 532 646 stoliczt,
548 611 662 639 tenore
679 604 913 648 praesentium,
932 604 1144 637 admittimus:

404 660 492 692 salva
514 665 619 692 tamen
638 669 767 701 semper
785 658 817 690 in
833 657 1022 701 piaemissis
1040 662 1146 690 aucto-

404 711 501 744 ritate
526 711 796 755 Congregationis
827 711 1015 744 eorumdem
1040 710 1145 743 caidi-

404 765 539 797 nalium.
558 764 629 797 Non
650 764 865 804 obstantibus,
884 768 1044 807 quatenus
1061 773 1143 806 opus

405 817 467 858 sit,
493 819 606 851 nostra
639 823 670 851 et
694 817 911 851 Cancellwuiae
937 817 1144 860 Apostolicae

404 870 517 914 regula
535 871 574 904 de
595 881 661 904 non
685 870 906 904 concedendis
931 869 1143 913 indulgentiis
1164 904 1165 914 ἵ

617 924 756 967 aliisque
793 923 1080 957 constitutionibus
1113 928 1144 955 et
1164 918 1165 960 ζ

405 924 445 957 ad
469 924 590 964 instar,

405 977 667 1010 ordinationibus
712 977 920 1021 apostolicis,
959 975 1143 1019 ceterisque

404 1028 575 1061 contrariis
602 1028 873 1071 quibuscumque.

446 1081 560 1114 Datum
585 1081 715 1120 Romae,
739 1081 823 1123 apud
840 1080 871 1113 S.
894 1080 1025 1113 Mariam
1049 1079 1146 1112 Maio-

401 1145 488 1175 rem,
515 1133 573 1167 sub
599 1134 721 1167 annulo
741 1133 927 1173 piscatoris,
944 1133 996 1166 die
1022 1143 1046 1166 ιι
1068 1132 1144 1165 maii

402 1197 552 1228 MDcxcvi,
575 1186 786 1230 pontificatus
815 1186 920 1219 nostri
945 1196 1032 1218 anno
1053 1195 1083 1218 v.

440 1250 499 1277 Dat.
522 1249 565 1276 die
585 1249 601 1276 Ξ
622 1249 687 1277 maii
708 1250 785 1283 1696,
803 1248 899 1285 pontif.
921 1256 990 1276 anno
1010 1255 1036 1275 v.

709 1391 841 1424 CXXIX.

405 1469 616 1514 Praecipitur
656 1470 782 1503 clericis
817 1469 1038 1502 saecularibus
1076 1469 1142 1502 170*-

450 1524 574 1556 ctrinae
600 1524 808 1557 Christianae
828 1524 862 1555 in
882 1522 992 1555 Gallia
1016 1526 1052 1554 ut
1077 1532 1146 1555 ease-

451 1575 576 1609 cutiom'
599 1575 756 1608 mandent
779 1576 881 1608 vitam
906 1585 1106 1607 communem
1122 1574 1143 1607 ¹.
1166 1587 1167 1601 ι

583 1655 780 1682 Innocentius
801 1655 879 1688 Papa
899 1655 968 1688 XII,

531 1700 567 1728 ad
583 1703 759 1735 perpetuam
779 1700 824 1727 rei
840 1700 1021 1727 memoriam.

452 1771 515 1816 §I
538 1771 662 1815 Exponi
679 1771 774 1805 nobis
792 1781 897 1815 nuper
915 1771 990 1804 fecit
1009 1771 1145 1805 dilectus
1166 1762 1168 1771 ⁸

215 1840 233 1853 ιι·
237 1837 289 1853 ⁹¹¹<ss
312 1833 356 1853 v¹¹1
379 1826 493 1879 etfitius
526 1825 686 1869 Iosephus
720 1825 883 1865 Bellisen,
913 1825 1086 1868 piesb3te1
1117 1831 1148 1858 et

215 1860 245 1879 Al·
248 1865 286 1879 mi
282 1859 326 1879 ndi-i
363 1859 398 1904 wil

215 1892 233 1905 et
237 1892 271 1905 ιἰἰι
334 1886 376 1905 vila

215 1918 239 1931 (ιι
247 1918 344 1932 ιιιιιιιιεηι
366 1912 397 1932 di-

216 1919 248 1958 rt'·
244 1945 262 1958 ·e
279 1939 396 1964 ‹longrcgsi

216 1966 279 1985 tionis

384 1884 600 1922 uprocuratoi
619 1889 742 1921 geneia
726 1878 784 1911 alis
800 1877 1071 1920 Congregationis
1089 1879 1149 1911 cle-

409 1932 549 1965 ricoium
568 1931 783 1965 saecularium
804 1931 977 1964 Doctrinae
998 1930 1169 1964 Chiistia

408 1996 469 2018 nae
488 1985 520 2017 in
546 1985 659 2025 Gallia,
681 1984 801 2028 quod·‚
816 1985 893 2017 licet
913 1984 1017 2017 felicis
1043 1995 1148 2018 ιρι-οι-

410 2039 551 2072 dationis
578 2038 726 2071 Clemens
752 2039 836 2081 Papa
865 2037 928 2070 VIII
956 2038 1149 2081 praedeces-

410 2102 463 2125 sor
487 2097 597 2124 noster
621 2102 678 2134 per
711 2092 864 2135 quasdam
895 2102 967 2124 suas
992 2091 1024 2123 in
1050 2092 1147 2125 simili

410 2145 510 2178 forma
530 2144 638 2177 Brevis
660 2144 783 2177 litteras
802 2144 853 2177 die
871 2155 948 2178 xxiii
967 2145 1147 2178 decembris
1168 2140 1170 2181 Ῐ

410 2208 543 2232 MDxcvii
570 2198 734 2241 expeditas
768 2198 946 2241 providerit
977 2209 1031 2231 seu
1063 2199 1170 2239 ordi-t

410 2250 547 2291 naverit‚
576 2256 610 2282 ut
635 2251 745 2283 omnia
769 2256 800 2283 ct
825 2251 951 2293 singula
975 2252 1061 2284 bona
1086 2253 1149 2285 cle—

410 2303 554 2336 ricorum
579 2303 682 2336 dictae
708 2303 975 2346 Congregationis
993 2305 1024 2337 in
1041 2316 1147 2338 arcam

411 2364 614 2388 communem
646 2360 909 2397 reponerentur3
937 2366 972 2387 ac
1003 2361 1149 2398 postmo-

447 2452 458 2477 1
481 2449 549 2478 Vide
569 2453 654 2477 const.
671 2450 816 2477 Clementis
830 2450 887 2477 VIII
904 2453 930 2477 et
945 2451 1086 2478 Alexandri
1104 2452 1148 2478 Vll

410 2494 482 2521 infra
509 2495 613 2521 citatas.
639 2494 670 2520 In
691 2493 771 2520 huius
793 2494 930 2521 I'ontisieis
959 2495 1065 2521 constit..
1083 2495 1146 2522 edit.

411 2545 545 2571 MDcxcvn,
560 2539 602 2566 die
613 2539 647 2565 23
658 2539 757 2573 martii,
769 2539 863 2574 pontif.
880 2547 916 2573 Vt,
934 2538 1056 2574 abrogati
1071 2540 1147 2567 fuere

411 2583 532 2611 discreti.

447 2627 463 2654 2
482 2627 551 2655 Male
567 2627 610 2655 ed.
628 2627 707 2654 Main,
725 2627 790 2664 legit
807 2636 891 2663 quam
906 2636 954 2663 pro
971 2629 1044 2663 quod
1058 2629 1145 2665 (thr).

978 237 1157 262 BULLARIUM
1181 237 1335 261 ROMANUM

1163 288 1165 314 t
1184 287 1270 327 dum,
1286 297 1359 320 cuin
1385 285 1482 319 iidem
1500 284 1610 318 clerici
1629 284 1667 318 ab
1694 284 1762 328 ipsa
1781 282 1921 326 Congre-

1164 329 1165 356 ¹
1184 339 1323 381 gatione,
1340 343 1453 382 utpote
1471 338 1569 371 nullis
1595 337 1675 371 votis
1695 335 1849 376 adstricti,
1870 335 1920 368 in-

1164 412 1165 465 *
1185 393 1311 425 terdum
1336 391 1521 433 deficerent,
1540 391 1573 424 in
1591 393 1629 424 ea
1652 401 1730 424 vero
1755 400 1920 423 remanen-

1186 450 1231 478 tes
1256 444 1318 478 sihi
1335 445 1443 488 aliqua
1459 445 1546 478 bona
1563 444 1740 488 peculiaria
1764 442 1920 476 adscisce-

1164 503 1275 538 rent,
1299 498 1495 531 recolendae
1526 498 1704 531 memoriae
1736 496 1920 530 Alexander

1184 550 1270 593 Papa
1286 550 1346 590 vlt,
1362 550 1458 583 etiam
1475 550 1708 593 praedecessor
1724 555 1844 590 noster,
1862 559 1921 592 per

1165 598 1166 614 ³
1185 613 1258 636 suas
1276 603 1388 636 itidem
1413 604 1446 636 in
1471 604 1573 637 forma
1597 603 1709 636 Brevis
1730 601 1852 637 litteras
1868 602 1920 636 die

1165 621 1255 704 ixxvi
1288 656 1480 699 septembris
1511 666 1630 690 noctix
1665 661 1827 689 emanatas
1859 660 1922 688 sta-

1165 706 1283 761 *tuerit
1306 714 1340 740 ut
1364 719 1477 741 omnes
1508 714 1540 741 et
1560 708 1680 751 singuli
1704 707 1813 741 clerici
1838 707 1923 740 eius-

1165 762 1258 794 dem
1288 760 1555 804 Congiegationis
1580 761 1640 793 tiia
1666 766 1739 794 vota
1763 759 1922 803 simplicia

1165 809 1418 855 'obedientiae,
1443 813 1597 847 castitatis
1635 819 1667 847 et
1696 812 1921 857 paupeitatis,

1185 878 1312 901 necnon
1338 872 1446 900 votum
1476 877 1532 900 sen
1558 867 1776 900 iuramentum
1803 866 1835 899 in
1852 867 1922 909 ipsa

1184 920 1440 963 Congregatione
1455 926 1612 963 perpetuo
1630 919 1871 963 perseverandi,
1889 929 1923 952 e-

1184 973 1372 1007 mitterent:
1395 973 1609 1006 nihilominus
1635 983 1749 1006 eorum
1773 971 1922 1005 nonnulli

1185 1037 1292 1060 arcam
1317 1037 1523 1060 communem
1555 1026 1754 1070 praedictam
1778 1025 1841 1059 iam
1867 1026 1923 1059 de-

1186 1080 1334 1113 fraudare
1360 1079 1530 1123 inciphmt,
1547 1079 1607 1112 sihi
1625 1090 1744 1123 nempe
1762 1079 1923 1112 actionem

1165 1101 1168 1157 Ι
1185 1134 1217 1166 in
1235 1134 1411 1176 legitimam
1429 1144 1517 1166 snam
1535 1134 1718 1177 portionem
1733 1133 1923 1172 retinentes,

1186 1190 1241 1218 aut
1258 1185 1320 1218 alia
1337 1186 1424 1218 bona
1440 1195 1476 1217 ex
1493 1184 1717 1225 concionibus,
1731 1181 1923 1216 missarum¹

1187 1238 1423 1282 elecmosynis,
1448 1238 1551 1271 aliove
1585 1248 1686 1282 opere
1711 1242 1743 1271 et
1766 1236 1924 1270 industria

1186 1291 1265 1336 ipsis
1290 1291 1518 1336 provenientia
1541 1296 1760 1325 reservantes.

1231 1346 1245 1388 g
1270 1345 1301 1378 02.
1328 1345 1405 1379 Cum
1431 1350 1552 1387 antem,
1569 1345 1651 1379 sicut
1668 1345 1781 1378 eadem
1798 1343 1925 1388 exposi-

1186 1398 1231 1431 tio
1257 1398 1481 1441 subiungebat,
1507 1398 1539 1430 id
1564 1408 1631 1431 non
1655 1398 1762 1431 solum
1779 1397 1811 1429 in
1831 1407 1926 1441 prae-

1187 1452 1291 1485 dictae
1317 1452 1586 1494 Congregationis
1608 1452 1704 1495 (quae
1729 1452 1815 1484 bona
1839 1461 1926 1483 com-

1187 1505 1297 1538 munia
1323 1515 1456 1548 semper
1481 1504 1604 1546 habuit,
1630 1510 1661 1537 et
1686 1514 1761 1537 suos
1787 1503 1925 1537 clericos

1187 1557 1226 1590 ad
1251 1568 1359 1590 sacros
1390 1557 1486 1590 etiam
1522 1558 1763 1600 presbyteratus
1795 1556 1925 1589 ordines

1165 1610 1227 1656 'tad
1261 1611 1390 1643 titulum
1426 1610 1528 1653 ipsius
1565 1609 1834 1653 Congregationis
1869 1619 1925 1642 seu

1186 1664 1352 1697 bonorum
1377 1663 1609 1702 communium,
1625 1664 1738 1705 vigore
1763 1662 1924 1695 facultatis

1166 1741 1168 1759 2
1188 1717 1249 1750 sibi
1275 1717 1416 1760 desuper
1440 1727 1498 1759 per
1531 1716 1606 1749 dicti
1633 1715 1807 1748 Alexandri
1831 1725 1925 1758 prae—

1189 1770 1370 1803 decessoris
1390 1770 1514 1802 litteras
1531 1780 1722 1811 concessae,
1738 1768 1926 1812 promoveri

1189 1827 1289 1863 curat,
1308 1833 1431 1866 eosque
1457 1823 1496 1855 ad
1522 1822 1628 1855 studia
1652 1821 1716 1855 suis
1741 1822 1924 1865 sumptibus

1168 1875 1342 1927 institnit,
1369 1886 1406 1908 ac
1431 1875 1540 1908 onmia
1565 1874 1749 1908 necessaria
1773 1874 1837 1907 illis
1862 1879 1927 1907 tarn

1168 1931 1275 1971 bene
1299 1928 1482 1962 valentibus
1515 1939 1609 1972 qnam
1643 1928 1781 1972 aegrotis
1806 1927 1928 1961 submi—

1189 1983 1330 2016 nistrare
1346 1983 1487 2025 tenetur)
1507 1982 1744 2022 detrimentum,
1761 1982 1818 2015 sed
1830 1982 1927 2015 etiam

1189 2036 1223 2068 ιιι
1253 2046 1378 2069 morum
1408 2034 1644 2068 relaxationem
1675 2040 1807 2077 vergat:
1832 2033 1927 2067 nobis

1190 2095 1364 2133 propterea
1379 2088 1480 2121 dictus
1496 2088 1651 2131 Iosephus
1669 2092 1860 2131 procurator
1877 2097 1929 2130 ge-

1189 2140 1309 2174 neralis
1334 2140 1503 2173 humiliter
1533 2140 1711 2183 supplicari
1736 2140 1836 2179 fecit,
1867 2145 1925 2180 ut,

1191 2205 1253 2238 quo
1285 2198 1460 2238 paupertas
1494 2192 1527 2225 in
1561 2193 1631 2236 ipsa
1667 2192 1925 2235 Congregatione

1190 2250 1276 2282 iuxta
1307 2257 1415 2282 saeros
1451 2257 1590 2281 canones
1623 2253 1655 2280 et
1678 2247 1927 2280 constitutiones

1191 2302 1384 2345 apostolicas
1409 2300 1532 2334 illibata
1557 2299 1740 2333 conservari
1769 2304 1801 2332 et
1820 2300 1926 2333 bonus

1191 2356 1272 2388 ordo
1298 2354 1540 2388 communitatis
1566 2353 1604 2386 ab
1630 2352 1718 2386 omni
1743 2353 1928 2396 proprieta-

1193 2409 1231 2442 tis
1245 2409 1317 2442 labe
1332 2414 1494 2451 perpetuo
1516 2407 1644 2440 defendi
1662 2407 1773 2450 possit,
1788 2406 1819 2438 in
1837 2417 1927 2450 prae-

1190 2461 1296 2495 missis
1323 2466 1505 2504 opportune
1535 2459 1704 2502 proridere
1730 2465 1760 2492 et
1784 2464 1818 2492 ut
1842 2459 1927 2493 infra

1190 2515 1362 2557 indulgere
1387 2515 1426 2547 de
1455 2513 1654 2556 benignitate
1676 2513 1855 2556 apostoliea
1878 2512 1927 2547 di-

1191 2577 1377 2611 gnaremur.

1228 2631 1237 2655 1
1261 2628 1331 2656 Edit.
1355 2628 1436 2655 Main.
1459 2627 1523 2664 legit
1543 2629 1657 2657 ιιιὶιιεαιιι
1678 2634 1715 2664 (R.
1733 2630 1783 2664 T.)-

1164 1436 1166 1449 l

1923 233 1975 262 An.
1996 233 2026 261 C.
2043 233 2111 261 1696

1965 1354 2035 1375 causa
2057 1355 2119 1377 huius

1935 1383 2100 1404 constitutionis.
