<?xml version="1.0" encoding="UTF-8"?>
<!DOCTYPE html PUBLIC "-//W3C//DTD XHTML 1.0 Transitional//EN"
    "http://www.w3.org/TR/xhtml1/DTD/xhtml1-transitional.dtd">
<html xmlns="http://www.w3.org/1999/xhtml" xml:lang="en" lang="en">
 <head>
  <title>
</title>
<meta http-equiv="Content-Type" content="text/html;charset=utf-8" />
  <meta name='ocr-system' content='tesseract 3.04.00' />
  <meta name='ocr-capabilities' content='ocr_page ocr_carea ocr_par ocr_line ocrx_word'/>
</head>
<body>
  <div class='ocr_page' id='page_1' title='image "./bullarumdiplomat20cath_0088.png"; bbox 0 0 2254 3225; ppageno 0'>
   <div class='ocr_carea' id='block_1_1' title="bbox 193 210 1119 314">
    <p class='ocr_par' dir='ltr' id='par_1_1' title="bbox 193 210 1119 314">
     <span class='ocr_line' id='line_1_1' title="bbox 193 210 468 248; baseline -0.018 0"><span class='ocrx_word' id='word_1_1' title='bbox 193 223 241 248; x_wconf 74' lang='grc' dir='ltr'>Αη.</span> <span class='ocrx_word' id='word_1_2' title='bbox 264 221 291 248; x_wconf 75' lang='lat' dir='ltr'>c,</span> <span class='ocrx_word' id='word_1_3' title='bbox 313 220 382 247; x_wconf 79' lang='lat'>1690</span> <span class='ocrx_word' id='word_1_4' title='bbox 427 210 468 244; x_wconf 77' lang='lat'>50</span> 
     </span>
     <span class='ocr_line' id='line_1_2' title="bbox 249 269 1119 314; baseline -0.007 -7"><span class='ocrx_word' id='word_1_5' title='bbox 249 285 373 307; x_wconf 65' lang='lat' dir='ltr'>(zeletur-andi</span> <span class='ocrx_word' id='word_1_6' title='bbox 384 269 492 303; x_wconf 85' lang='lat' dir='ltr'>Missas</span> <span class='ocrx_word' id='word_1_7' title='bbox 514 281 641 314; x_wconf 82' lang='lat' dir='ltr'>quoque</span> <span class='ocrx_word' id='word_1_8' title='bbox 667 281 724 314; x_wconf 84' lang='lat' dir='ltr'>per</span> <span class='ocrx_word' id='word_1_9' title='bbox 748 270 861 303; x_wconf 82' lang='lat' dir='ltr'>horam</span> <span class='ocrx_word' id='word_1_10' title='bbox 878 274 951 303; x_wconf 89' lang='lat' dir='ltr'>ante</span> <span class='ocrx_word' id='word_1_11' title='bbox 970 280 1119 303; x_wconf 87' lang='lat' dir='ltr'>auroram</span> 
     </span>
    </p>
   </div>
   <div class='ocr_carea' id='block_1_2' title="bbox 192 315 1118 369">
    <p class='ocr_par' dir='ltr' id='par_1_2' title="bbox 192 315 1118 369">
     <span class='ocr_line' id='line_1_3' title="bbox 192 315 1118 369; baseline -0.005 -10"><span class='ocrx_word' id='word_1_12' title='bbox 192 315 445 369; x_wconf 56' lang='lat' dir='ltr'>222&#39;33?⁰2r⁵3¹1⁵0⁰3{ipsi</span> <span class='ocrx_word' id='word_1_13' title='bbox 470 331 579 369; x_wconf 82' lang='lat' dir='ltr'>patres</span> <span class='ocrx_word' id='word_1_14' title='bbox 596 326 763 358; x_wconf 85' lang='lat' dir='ltr'>Societatis</span> <span class='ocrx_word' id='word_1_15' title='bbox 788 326 956 358; x_wconf 80' lang='lat' dir='ltr'>celebrare</span> <span class='ocrx_word' id='word_1_16' title='bbox 980 323 1118 367; x_wconf 82' lang='lat' dir='ltr'>possint,</span> 
     </span>
    </p>
   </div>
   <div class='ocr_carea' id='block_1_3' title="bbox 192 368 373 387">
    <p class='ocr_par' dir='ltr' id='par_1_3' title="bbox 192 368 373 387">
     <span class='ocr_line' id='line_1_4' title="bbox 192 368 373 387; baseline -0.006 0"><span class='ocrx_word' id='word_1_17' title='bbox 192 372 264 387; x_wconf 76' lang='lat' dir='ltr'>sacros</span> <span class='ocrx_word' id='word_1_18' title='bbox 325 368 373 386; x_wconf 81' lang='lat' dir='ltr'>ante</span> 
     </span>
    </p>
   </div>
   <div class='ocr_carea' id='block_1_4' title="bbox 193 376 1118 421">
    <p class='ocr_par' dir='ltr' id='par_1_4' title="bbox 193 376 1118 421">
     <span class='ocr_line' id='line_1_5' title="bbox 193 376 1118 421; baseline -0.006 -7"><span class='ocrx_word' id='word_1_19' title='bbox 193 396 282 420; x_wconf 64' lang='lat' dir='ltr'>tempus.</span> <span class='ocrx_word' id='word_1_20' title='bbox 385 389 420 411; x_wconf 90' lang='lat' dir='ltr'>ac</span> <span class='ocrx_word' id='word_1_21' title='bbox 430 389 501 411; x_wconf 92' lang='lat' dir='ltr'>cum</span> <span class='ocrx_word' id='word_1_22' title='bbox 511 378 576 411; x_wconf 88' lang='lat' dir='ltr'>suis</span> <span class='ocrx_word' id='word_1_23' title='bbox 588 378 801 421; x_wconf 78' lang='lat' dir='ltr'>regularibus,</span> <span class='ocrx_word' id='word_1_24' title='bbox 810 383 843 410; x_wconf 88' lang='lat' dir='ltr'>ut</span> <span class='ocrx_word' id='word_1_25' title='bbox 853 378 892 410; x_wconf 85' lang='lat' dir='ltr'>ad</span> <span class='ocrx_word' id='word_1_26' title='bbox 904 387 1010 410; x_wconf 88' lang='lat' dir='ltr'>sacros</span> <span class='ocrx_word' id='word_1_27' title='bbox 1021 376 1118 409; x_wconf 83' lang='lat' dir='ltr'>etiam</span> 
     </span>
    </p>
   </div>
   <div class='ocr_carea' id='block_1_5' title="bbox 191 430 1120 683">
    <p class='ocr_par' dir='ltr' id='par_1_5' title="bbox 191 430 1120 683">
     <span class='ocr_line' id='line_1_6' title="bbox 384 430 1118 475; baseline 0 -13"><span class='ocrx_word' id='word_1_28' title='bbox 384 431 624 475; x_wconf 72' lang='lat' dir='ltr'><strong>presbyteratus</strong></span> <span class='ocrx_word' id='word_1_29' title='bbox 639 431 769 464; x_wconf 82' lang='lat' dir='ltr'>ordines</span> <span class='ocrx_word' id='word_1_30' title='bbox 784 441 843 473; x_wconf 82' lang='lat' dir='ltr'>per</span> <span class='ocrx_word' id='word_1_31' title='bbox 857 440 976 463; x_wconf 86' lang='lat' dir='ltr'>annum</span> <span class='ocrx_word' id='word_1_32' title='bbox 990 435 1063 463; x_wconf 86' lang='lat' dir='ltr'>ante</span> <span class='ocrx_word' id='word_1_33' title='bbox 1078 430 1118 462; x_wconf 89' lang='lat' dir='ltr'>le-</span> 
     </span>
     <span class='ocr_line' id='line_1_7' title="bbox 385 482 1120 527; baseline -0.001 -12"><span class='ocrx_word' id='word_1_34' title='bbox 385 484 526 526; x_wconf 82' lang='lat' dir='ltr'>gitimam</span> <span class='ocrx_word' id='word_1_35' title='bbox 545 489 685 517; x_wconf 88' lang='lat' dir='ltr'>aetatem</span> <span class='ocrx_word' id='word_1_36' title='bbox 702 484 884 527; x_wconf 87' lang='lat' dir='ltr'>promoveri</span> <span class='ocrx_word' id='word_1_37' title='bbox 903 483 1040 526; x_wconf 75' lang='lat' dir='ltr'>possint,</span> <span class='ocrx_word' id='word_1_38' title='bbox 1060 482 1120 515; x_wconf 90' lang='lat' dir='ltr'>dis-</span> 
     </span>
     <span class='ocr_line' id='line_1_8' title="bbox 385 536 1076 579; baseline -0.003 -10"><span class='ocrx_word' id='word_1_39' title='bbox 385 547 522 579; x_wconf 85' lang='lat' dir='ltr'>pensare</span> <span class='ocrx_word' id='word_1_40' title='bbox 537 538 674 576; x_wconf 84' lang='lat' dir='ltr'>valeant,</span> <span class='ocrx_word' id='word_1_41' title='bbox 693 536 842 569; x_wconf 86' lang='lat' dir='ltr'>similiter</span> <span class='ocrx_word' id='word_1_42' title='bbox 859 536 1076 569; x_wconf 75' lang='lat' dir='ltr'>concedimus.</span> 
     </span>
     <span class='ocr_line' id='line_1_9' title="bbox 232 588 1118 632; baseline -0.003 -9"><span class='ocrx_word' id='word_1_43' title='bbox 232 604 270 628; x_wconf 67' lang='lat' dir='ltr'>oni</span> <span class='ocrx_word' id='word_1_44' title='bbox 290 603 375 623; x_wconf 70' lang='lat' dir='ltr'>veniant</span> <span class='ocrx_word' id='word_1_45' title='bbox 429 590 443 632; x_wconf 65' lang='grc' dir='ltr'><strong>ξ</strong></span> <span class='ocrx_word' id='word_1_46' title='bbox 468 590 521 622; x_wconf 79' lang='grc'>16.</span> <span class='ocrx_word' id='word_1_47' title='bbox 555 590 592 622; x_wconf 86' lang='lat' dir='ltr'>Et</span> <span class='ocrx_word' id='word_1_48' title='bbox 617 590 772 632; x_wconf 78' lang='lat' dir='ltr'>insuper,</span> <span class='ocrx_word' id='word_1_49' title='bbox 807 589 882 632; x_wconf 86' lang='lat' dir='ltr'>quia</span> <span class='ocrx_word' id='word_1_50' title='bbox 906 600 923 621; x_wconf 85' lang='lat' dir='ltr'>a</span> <span class='ocrx_word' id='word_1_51' title='bbox 952 588 1118 622; x_wconf 77' lang='lat' dir='ltr'>nonnullis</span> 
     </span>
     <span class='ocr_line' id='line_1_10' title="bbox 191 631 1118 683; baseline -0.004 -6"><span class='ocrx_word' id='word_1_52' title='bbox 191 631 374 683; x_wconf 38' lang='lat' dir='ltr'>nssiiiilissytl‘iroililn</span> <span class='ocrx_word' id='word_1_53' title='bbox 387 643 567 676; x_wconf 71' lang='lat' dir='ltr'>dubitatum</span> <span class='ocrx_word' id='word_1_54' title='bbox 595 653 650 675; x_wconf 93' lang='lat' dir='ltr'>seu</span> <span class='ocrx_word' id='word_1_55' title='bbox 676 642 873 675; x_wconf 86' lang='lat' dir='ltr'>haesitatum</span> <span class='ocrx_word' id='word_1_56' title='bbox 899 642 958 674; x_wconf 89' lang='lat' dir='ltr'>suit</span> <span class='ocrx_word' id='word_1_57' title='bbox 982 652 1022 674; x_wconf 87' lang='lat' dir='ltr'>an</span> <span class='ocrx_word' id='word_1_58' title='bbox 1052 653 1118 674; x_wconf 90' lang='lat' dir='ltr'>om-</span> 
     </span>
    </p>
   </div>
   <div class='ocr_carea' id='block_1_6' title="bbox 192 683 1119 757">
    <p class='ocr_par' dir='ltr' id='par_1_6' title="bbox 192 683 1119 757">
     <span class='ocr_line' id='line_1_11' title="bbox 192 683 1119 737; baseline -0.003 -8"><span class='ocrx_word' id='word_1_59' title='bbox 192 683 443 730; x_wconf 46' lang='lat' dir='ltr'>{itit-..cuffsslss‘fnes</span> <span class='ocrx_word' id='word_1_60' title='bbox 460 696 632 737; x_wconf 78' lang='lat' dir='ltr'>indigenae</span> <span class='ocrx_word' id='word_1_61' title='bbox 654 695 783 728; x_wconf 86' lang='lat' dir='ltr'>illarum</span> <span class='ocrx_word' id='word_1_62' title='bbox 801 695 971 737; x_wconf 82' lang='lat' dir='ltr'>regionum</span> <span class='ocrx_word' id='word_1_63' title='bbox 989 694 1119 727; x_wconf 91' lang='lat' dir='ltr'>oriundi</span> 
     </span>
     <span class='ocr_line' id='line_1_12' title="bbox 192 739 281 757; baseline 0 0"><span class='ocrx_word' id='word_1_64' title='bbox 192 739 281 757; x_wconf 71' lang='lat' dir='ltr'>euitatus</span> 
     </span>
    </p>
   </div>
   <div class='ocr_carea' id='block_1_7' title="bbox 386 748 1120 790">
    <p class='ocr_par' dir='ltr' id='par_1_7' title="bbox 386 748 1120 790">
     <span class='ocr_line' id='line_1_13' title="bbox 386 748 1120 790; baseline -0.001 -9"><span class='ocrx_word' id='word_1_65' title='bbox 386 754 418 781; x_wconf 89' lang='lat' dir='ltr'>et</span> <span class='ocrx_word' id='word_1_66' title='bbox 434 750 608 787; x_wconf 76' lang='lat' dir='ltr'>naturales,</span> <span class='ocrx_word' id='word_1_67' title='bbox 629 753 660 781; x_wconf 88' lang='lat' dir='ltr'>et</span> <span class='ocrx_word' id='word_1_68' title='bbox 679 748 933 781; x_wconf 85' lang='lat' dir='ltr'>christianorum</span> <span class='ocrx_word' id='word_1_69' title='bbox 956 748 1120 790; x_wconf 81' lang='lat' dir='ltr'>indigena-</span> 
     </span>
    </p>
   </div>
   <div class='ocr_carea' id='block_1_8' title="bbox 385 801 1137 897">
    <p class='ocr_par' dir='ltr' id='par_1_8' title="bbox 385 801 1137 897">
     <span class='ocr_line' id='line_1_14' title="bbox 385 801 1137 844; baseline 0 -10"><span class='ocrx_word' id='word_1_70' title='bbox 385 812 457 835; x_wconf 85' lang='lat' dir='ltr'>rum</span> <span class='ocrx_word' id='word_1_71' title='bbox 482 802 575 835; x_wconf 87' lang='lat' dir='ltr'>etiam</span> <span class='ocrx_word' id='word_1_72' title='bbox 601 802 837 844; x_wconf 85' lang='lat' dir='ltr'>baptizatorum</span> <span class='ocrx_word' id='word_1_73' title='bbox 871 801 928 834; x_wconf 88' lang='lat' dir='ltr'>filii</span> <span class='ocrx_word' id='word_1_74' title='bbox 961 801 1056 834; x_wconf 85' lang='lat' dir='ltr'>etiam</span> <span class='ocrx_word' id='word_1_75' title='bbox 1086 801 1137 834; x_wconf 67' lang='lat' dir='ltr'>in,</span> 
     </span>
     <span class='ocr_line' id='line_1_15' title="bbox 385 854 1135 897; baseline 0 -9"><span class='ocrx_word' id='word_1_76' title='bbox 385 866 497 888; x_wconf 88' lang='lat' dir='ltr'>eorum</span> <span class='ocrx_word' id='word_1_77' title='bbox 522 854 657 887; x_wconf 77' lang='lat' dir='ltr'>infantia</span> <span class='ocrx_word' id='word_1_78' title='bbox 681 854 846 897; x_wconf 87' lang='lat' dir='ltr'>baptizati,</span> <span class='ocrx_word' id='word_1_79' title='bbox 868 855 937 887; x_wconf 85' lang='lat' dir='ltr'>iure</span> <span class='ocrx_word' id='word_1_80' title='bbox 962 854 1135 897; x_wconf 62' lang='lat' dir='ltr'>neophyti.</span> 
     </span>
    </p>
   </div>
   <div class='ocr_carea' id='block_1_9' title="bbox 383 907 1122 2585">
    <p class='ocr_par' dir='ltr' id='par_1_9' title="bbox 383 907 1122 2585">
     <span class='ocr_line' id='line_1_16' title="bbox 385 907 1120 951; baseline -0.003 -11"><span class='ocrx_word' id='word_1_81' title='bbox 385 907 542 951; x_wconf 84' lang='lat' dir='ltr'>appellari</span> <span class='ocrx_word' id='word_1_82' title='bbox 561 907 704 950; x_wconf 87' lang='lat' dir='ltr'>possint·,</span> <span class='ocrx_word' id='word_1_83' title='bbox 727 907 848 940; x_wconf 89' lang='lat' dir='ltr'>idcirco</span> <span class='ocrx_word' id='word_1_84' title='bbox 866 913 978 939; x_wconf 84' lang='lat' dir='ltr'>tenore</span> <span class='ocrx_word' id='word_1_85' title='bbox 997 917 1120 939; x_wconf 86' lang='lat' dir='ltr'>earum-</span> 
     </span>
     <span class='ocr_line' id='line_1_17' title="bbox 385 959 1120 1002; baseline -0.003 -9"><span class='ocrx_word' id='word_1_86' title='bbox 385 961 457 993; x_wconf 90' lang='lat' dir='ltr'>dem</span> <span class='ocrx_word' id='word_1_87' title='bbox 485 960 699 1002; x_wconf 87' lang='lat' dir='ltr'>praesentium</span> <span class='ocrx_word' id='word_1_88' title='bbox 725 960 931 992; x_wconf 84' lang='lat' dir='ltr'>decernimus</span> <span class='ocrx_word' id='word_1_89' title='bbox 957 964 989 992; x_wconf 88' lang='lat' dir='ltr'>et</span> <span class='ocrx_word' id='word_1_90' title='bbox 1014 959 1120 991; x_wconf 88' lang='lat' dir='ltr'>decla-</span> 
     </span>
     <span class='ocr_line' id='line_1_18' title="bbox 384 1012 1118 1052; baseline -0.001 -7"><span class='ocrx_word' id='word_1_91' title='bbox 384 1024 501 1052; x_wconf 81' lang='lat' dir='ltr'>ramus,</span> <span class='ocrx_word' id='word_1_92' title='bbox 529 1023 642 1046; x_wconf 87' lang='lat' dir='ltr'>omnes</span> <span class='ocrx_word' id='word_1_93' title='bbox 668 1013 827 1046; x_wconf 87' lang='lat' dir='ltr'>oriundos</span> <span class='ocrx_word' id='word_1_94' title='bbox 869 1023 927 1045; x_wconf 91' lang='lat' dir='ltr'>seu</span> <span class='ocrx_word' id='word_1_95' title='bbox 951 1012 1118 1045; x_wconf 75' lang='lat' dir='ltr'>naturales</span> 
     </span>
     <span class='ocr_line' id='line_1_19' title="bbox 385 1065 1119 1110; baseline -0.003 -12"><span class='ocrx_word' id='word_1_96' title='bbox 385 1067 646 1110; x_wconf 82' lang='lat' dir='ltr'>supradictorum</span> <span class='ocrx_word' id='word_1_97' title='bbox 668 1066 810 1098; x_wconf 90' lang='lat' dir='ltr'>omnium</span> <span class='ocrx_word' id='word_1_98' title='bbox 830 1070 893 1098; x_wconf 82' lang='lat' dir='ltr'>tam</span> <span class='ocrx_word' id='word_1_99' title='bbox 914 1065 1119 1098; x_wconf 84' lang='lat' dir='ltr'>orientalium</span> 
     </span>
     <span class='ocr_line' id='line_1_20' title="bbox 385 1117 1119 1162; baseline -0.004 -11"><span class='ocrx_word' id='word_1_100' title='bbox 385 1130 479 1162; x_wconf 87' lang='lat' dir='ltr'>quam</span> <span class='ocrx_word' id='word_1_101' title='bbox 507 1119 754 1151; x_wconf 84' lang='lat' dir='ltr'>occidentalium</span> <span class='ocrx_word' id='word_1_102' title='bbox 788 1118 946 1160; x_wconf 87' lang='lat' dir='ltr'>partium,</span> <span class='ocrx_word' id='word_1_103' title='bbox 975 1117 1040 1149; x_wconf 89' lang='lat' dir='ltr'>imo</span> <span class='ocrx_word' id='word_1_104' title='bbox 1066 1121 1119 1149; x_wconf 88' lang='lat' dir='ltr'>et·-</span> 
     </span>
     <span class='ocr_line' id='line_1_21' title="bbox 384 1171 1121 1214; baseline -0.004 -10"><span class='ocrx_word' id='word_1_105' title='bbox 384 1172 474 1204; x_wconf 88' lang='lat' dir='ltr'>iamsi</span> <span class='ocrx_word' id='word_1_106' title='bbox 501 1172 683 1214; x_wconf 65' lang='lat' dir='ltr'>.Etbiopes‚</span> <span class='ocrx_word' id='word_1_107' title='bbox 708 1171 869 1213; x_wconf 79' lang='lat' dir='ltr'>Angulani</span> <span class='ocrx_word' id='word_1_108' title='bbox 894 1172 943 1203; x_wconf 87' lang='lat' dir='ltr'>vel</span> <span class='ocrx_word' id='word_1_109' title='bbox 965 1180 1121 1213; x_wconf 24' lang='lat' dir='ltr'>,quarum-</span> 
     </span>
     <span class='ocr_line' id='line_1_22' title="bbox 383 1223 1116 1265; baseline -0.003 -9"><span class='ocrx_word' id='word_1_110' title='bbox 383 1224 430 1256; x_wconf 92' lang='lat' dir='ltr'>vis</span> <span class='ocrx_word' id='word_1_111' title='bbox 455 1224 589 1257; x_wconf 89' lang='lat' dir='ltr'>aliarum</span> <span class='ocrx_word' id='word_1_112' title='bbox 615 1224 903 1256; x_wconf 86' lang='lat' dir='ltr'>transmarinarum</span> <span class='ocrx_word' id='word_1_113' title='bbox 934 1223 1116 1265; x_wconf 80' lang='lat' dir='ltr'>regionum,</span> 
     </span>
     <span class='ocr_line' id='line_1_23' title="bbox 385 1275 1120 1310; baseline -0.003 -1"><span class='ocrx_word' id='word_1_114' title='bbox 385 1277 509 1309; x_wconf 88' lang='lat' dir='ltr'>etiamsi</span> <span class='ocrx_word' id='word_1_115' title='bbox 535 1276 787 1310; x_wconf 84' lang='lat' dir='ltr'>christianorum</span> <span class='ocrx_word' id='word_1_116' title='bbox 813 1275 869 1309; x_wconf 81' lang='lat' dir='ltr'>tilii</span> <span class='ocrx_word' id='word_1_117' title='bbox 906 1281 937 1309; x_wconf 91' lang='lat' dir='ltr'>et</span> <span class='ocrx_word' id='word_1_118' title='bbox 961 1276 993 1308; x_wconf 89' lang='lat' dir='ltr'>in</span> <span class='ocrx_word' id='word_1_119' title='bbox 1018 1275 1120 1307; x_wconf 79' lang='lat' dir='ltr'>insan-</span> 
     </span>
     <span class='ocr_line' id='line_1_24' title="bbox 384 1329 1118 1372; baseline -0.001 -11"><span class='ocrx_word' id='word_1_120' title='bbox 384 1329 427 1361; x_wconf 76' lang='lat' dir='ltr'>tia</span> <span class='ocrx_word' id='word_1_121' title='bbox 451 1329 615 1372; x_wconf 85' lang='lat' dir='ltr'>baptizati,</span> <span class='ocrx_word' id='word_1_122' title='bbox 641 1330 690 1361; x_wconf 91' lang='lat' dir='ltr'>vel</span> <span class='ocrx_word' id='word_1_123' title='bbox 710 1329 805 1361; x_wconf 87' lang='lat' dir='ltr'>etiam</span> <span class='ocrx_word' id='word_1_124' title='bbox 824 1329 909 1361; x_wconf 87' lang='lat' dir='ltr'>inter</span> <span class='ocrx_word' id='word_1_125' title='bbox 926 1339 958 1361; x_wconf 88' lang='lat' dir='ltr'>se</span> <span class='ocrx_word' id='word_1_126' title='bbox 977 1330 1026 1361; x_wconf 86' lang='lat' dir='ltr'>vel</span> <span class='ocrx_word' id='word_1_127' title='bbox 1047 1339 1118 1361; x_wconf 89' lang='lat' dir='ltr'>cum</span> 
     </span>
     <span class='ocr_line' id='line_1_25' title="bbox 383 1382 1118 1425; baseline -0.001 -10"><span class='ocrx_word' id='word_1_128' title='bbox 383 1382 562 1425; x_wconf 71' lang='lat' dir='ltr'>Europaeis</span> <span class='ocrx_word' id='word_1_129' title='bbox 597 1382 720 1414; x_wconf 82' lang='lat' dir='ltr'>mixtim</span> <span class='ocrx_word' id='word_1_130' title='bbox 760 1382 925 1424; x_wconf 76' lang='lat' dir='ltr'>progeniti</span> <span class='ocrx_word' id='word_1_131' title='bbox 962 1383 1042 1422; x_wconf 88' lang='lat' dir='ltr'>sint,</span> <span class='ocrx_word' id='word_1_132' title='bbox 1080 1383 1118 1414; x_wconf 88' lang='lat' dir='ltr'>ad</span> 
     </span>
     <span class='ocr_line' id='line_1_26' title="bbox 385 1434 1117 1475; baseline 0.001 -8"><span class='ocrx_word' id='word_1_133' title='bbox 385 1435 610 1467; x_wconf 77' lang='lat' dir='ltr'>concessionis</span> <span class='ocrx_word' id='word_1_134' title='bbox 643 1434 830 1467; x_wconf 90' lang='lat' dir='ltr'>huiusmodi</span> <span class='ocrx_word' id='word_1_135' title='bbox 856 1435 1017 1475; x_wconf 77' lang='lat' dir='ltr'>effectum,</span> <span class='ocrx_word' id='word_1_136' title='bbox 1045 1446 1117 1468; x_wconf 88' lang='lat' dir='ltr'>esse</span> 
     </span>
     <span class='ocr_line' id='line_1_27' title="bbox 385 1487 1118 1530; baseline 0.001 -11"><span class='ocrx_word' id='word_1_137' title='bbox 385 1493 416 1520; x_wconf 89' lang='lat' dir='ltr'>et</span> <span class='ocrx_word' id='word_1_138' title='bbox 439 1487 578 1529; x_wconf 79' lang='lat' dir='ltr'>intelligi</span> <span class='ocrx_word' id='word_1_139' title='bbox 598 1488 718 1520; x_wconf 84' lang='lat' dir='ltr'>debere</span> <span class='ocrx_word' id='word_1_140' title='bbox 738 1488 928 1530; x_wconf 74' lang='lat' dir='ltr'>neophytos,</span> <span class='ocrx_word' id='word_1_141' title='bbox 951 1488 1118 1530; x_wconf 86' lang='lat' dir='ltr'>dictosque</span> 
     </span>
     <span class='ocr_line' id='line_1_28' title="bbox 384 1539 1119 1582; baseline 0.003 -11"><span class='ocrx_word' id='word_1_142' title='bbox 384 1539 593 1582; x_wconf 80' lang='lat' dir='ltr'>presbyteros</span> <span class='ocrx_word' id='word_1_143' title='bbox 619 1550 692 1572; x_wconf 90' lang='lat' dir='ltr'>cum</span> <span class='ocrx_word' id='word_1_144' title='bbox 713 1540 908 1579; x_wconf 82' lang='lat' dir='ltr'>huiusmodi,</span> <span class='ocrx_word' id='word_1_145' title='bbox 929 1541 977 1573; x_wconf 89' lang='lat' dir='ltr'>vel</span> <span class='ocrx_word' id='word_1_146' title='bbox 1002 1546 1036 1572; x_wconf 90' lang='lat' dir='ltr'>ut</span> <span class='ocrx_word' id='word_1_147' title='bbox 1053 1551 1119 1573; x_wconf 87' lang='lat' dir='ltr'>ma-</span> 
     </span>
     <span class='ocr_line' id='line_1_29' title="bbox 385 1591 1117 1634; baseline 0.001 -10"><span class='ocrx_word' id='word_1_148' title='bbox 385 1591 538 1624; x_wconf 87' lang='lat' dir='ltr'>trimonio</span> <span class='ocrx_word' id='word_1_149' title='bbox 564 1592 729 1634; x_wconf 81' lang='lat' dir='ltr'>coniungi,</span> <span class='ocrx_word' id='word_1_150' title='bbox 749 1593 797 1624; x_wconf 85' lang='lat' dir='ltr'>vel</span> <span class='ocrx_word' id='word_1_151' title='bbox 820 1592 851 1624; x_wconf 89' lang='lat' dir='ltr'>in</span> <span class='ocrx_word' id='word_1_152' title='bbox 870 1592 933 1624; x_wconf 86' lang='lat' dir='ltr'>iam</span> <span class='ocrx_word' id='word_1_153' title='bbox 951 1598 1117 1626; x_wconf 85' lang='lat' dir='ltr'>contracto</span> 
     </span>
     <span class='ocr_line' id='line_1_30' title="bbox 384 1644 1119 1687; baseline 0.001 -11"><span class='ocrx_word' id='word_1_154' title='bbox 384 1655 554 1677; x_wconf 83' lang='lat' dir='ltr'>remanere</span> <span class='ocrx_word' id='word_1_155' title='bbox 573 1645 706 1687; x_wconf 92' lang='lat' dir='ltr'>possint,</span> <span class='ocrx_word' id='word_1_156' title='bbox 731 1644 795 1677; x_wconf 83' lang='lat' dir='ltr'>sive</span> <span class='ocrx_word' id='word_1_157' title='bbox 819 1655 932 1677; x_wconf 83' lang='lat' dir='ltr'>eorum</span> <span class='ocrx_word' id='word_1_158' title='bbox 955 1647 1036 1678; x_wconf 86' lang='lat' dir='ltr'>alter</span> <span class='ocrx_word' id='word_1_159' title='bbox 1054 1650 1119 1677; x_wconf 89' lang='lat' dir='ltr'>tan-</span> 
     </span>
     <span class='ocr_line' id='line_1_31' title="bbox 385 1696 1118 1740; baseline 0.003 -12"><span class='ocrx_word' id='word_1_160' title='bbox 385 1702 464 1736; x_wconf 88' lang='lat' dir='ltr'>tum,</span> <span class='ocrx_word' id='word_1_161' title='bbox 490 1696 557 1729; x_wconf 83' lang='lat' dir='ltr'>sive</span> <span class='ocrx_word' id='word_1_162' title='bbox 584 1697 679 1729; x_wconf 87' lang='lat' dir='ltr'>etiam</span> <span class='ocrx_word' id='word_1_163' title='bbox 705 1702 842 1740; x_wconf 82' lang='lat' dir='ltr'>uterque</span> <span class='ocrx_word' id='word_1_164' title='bbox 868 1697 943 1730; x_wconf 88' lang='lat' dir='ltr'>inde</span> <span class='ocrx_word' id='word_1_165' title='bbox 962 1698 1118 1730; x_wconf 88' lang='lat' dir='ltr'>oriundus</span> 
     </span>
     <span class='ocr_line' id='line_1_32' title="bbox 385 1749 1118 1792; baseline 0.003 -11"><span class='ocrx_word' id='word_1_166' title='bbox 385 1760 422 1781; x_wconf 85' lang='lat' dir='ltr'>ac</span> <span class='ocrx_word' id='word_1_167' title='bbox 444 1749 578 1792; x_wconf 86' lang='lat' dir='ltr'>proprie</span> <span class='ocrx_word' id='word_1_168' title='bbox 604 1749 759 1792; x_wconf 74' lang='lat' dir='ltr'>indigena</span> <span class='ocrx_word' id='word_1_169' title='bbox 784 1750 824 1781; x_wconf 90' lang='lat' dir='ltr'>sit</span> <span class='ocrx_word' id='word_1_170' title='bbox 848 1749 879 1781; x_wconf 92' lang='lat' dir='ltr'>in</span> <span class='ocrx_word' id='word_1_171' title='bbox 914 1750 1004 1790; x_wconf 81' lang='lat' dir='ltr'>locis,</span> <span class='ocrx_word' id='word_1_172' title='bbox 1038 1751 1118 1783; x_wconf 74' lang='lat' dir='ltr'>alias</span> 
     </span>
     <span class='ocr_line' id='line_1_33' title="bbox 386 1801 1120 1845; baseline 0 -11"><span class='ocrx_word' id='word_1_173' title='bbox 386 1808 423 1834; x_wconf 92' lang='lat' dir='ltr'>ut</span> <span class='ocrx_word' id='word_1_174' title='bbox 447 1812 557 1845; x_wconf 86' lang='lat' dir='ltr'>supra,</span> <span class='ocrx_word' id='word_1_175' title='bbox 584 1801 616 1833; x_wconf 91' lang='lat' dir='ltr'>in</span> <span class='ocrx_word' id='word_1_176' title='bbox 642 1801 899 1844; x_wconf 85' lang='lat' dir='ltr'>quibuscumque</span> <span class='ocrx_word' id='word_1_177' title='bbox 926 1802 1120 1845; x_wconf 81' lang='lat' dir='ltr'>consangui-</span> 
     </span>
     <span class='ocr_line' id='line_1_34' title="bbox 385 1854 1120 1896; baseline 0.003 -10"><span class='ocrx_word' id='word_1_178' title='bbox 385 1854 496 1887; x_wconf 82' lang='lat' dir='ltr'>nitatis</span> <span class='ocrx_word' id='word_1_179' title='bbox 522 1856 570 1887; x_wconf 82' lang='lat' dir='ltr'>vel</span> <span class='ocrx_word' id='word_1_180' title='bbox 596 1854 758 1886; x_wconf 81' lang='lat' dir='ltr'>affinitatis</span> <span class='ocrx_word' id='word_1_181' title='bbox 783 1855 937 1896; x_wconf 73' lang='lat' dir='ltr'>gradibus</span> <span class='ocrx_word' id='word_1_182' title='bbox 967 1855 1036 1888; x_wconf 88' lang='lat' dir='ltr'>iure</span> <span class='ocrx_word' id='word_1_183' title='bbox 1074 1856 1120 1888; x_wconf 85' lang='lat' dir='ltr'>di-</span> 
     </span>
     <span class='ocr_line' id='line_1_35' title="bbox 385 1907 1119 1951; baseline 0.003 -12"><span class='ocrx_word' id='word_1_184' title='bbox 385 1907 461 1940; x_wconf 68' lang='lat' dir='ltr'>vino</span> <span class='ocrx_word' id='word_1_185' title='bbox 498 1912 651 1950; x_wconf 90' lang='lat' dir='ltr'>utsupra</span> <span class='ocrx_word' id='word_1_186' title='bbox 683 1917 748 1939; x_wconf 90' lang='lat' dir='ltr'>non</span> <span class='ocrx_word' id='word_1_187' title='bbox 783 1907 978 1949; x_wconf 75' lang='lat' dir='ltr'>prohibitis,</span> <span class='ocrx_word' id='word_1_188' title='bbox 1015 1909 1119 1951; x_wconf 88' lang='lat' dir='ltr'>primo</span> 
     </span>
     <span class='ocr_line' id='line_1_36' title="bbox 386 1960 1120 2003; baseline 0.001 -11"><span class='ocrx_word' id='word_1_189' title='bbox 386 1965 529 2002; x_wconf 77' lang='lat' dir='ltr'>excepto,</span> <span class='ocrx_word' id='word_1_190' title='bbox 557 1965 588 1992; x_wconf 88' lang='lat' dir='ltr'>et</span> <span class='ocrx_word' id='word_1_191' title='bbox 619 1960 697 1992; x_wconf 75' lang='lat' dir='ltr'>alias</span> <span class='ocrx_word' id='word_1_192' title='bbox 734 1965 769 1992; x_wconf 92' lang='lat' dir='ltr'>ut</span> <span class='ocrx_word' id='word_1_193' title='bbox 791 1960 984 2003; x_wconf 81' lang='lat' dir='ltr'>praefertur,</span> <span class='ocrx_word' id='word_1_194' title='bbox 1022 1962 1120 2003; x_wconf 76' lang='lat' dir='ltr'>gratis</span> 
     </span>
     <span class='ocr_line' id='line_1_37' title="bbox 386 2012 1122 2055; baseline 0.001 -10"><span class='ocrx_word' id='word_1_195' title='bbox 386 2018 507 2052; x_wconf 86' lang='lat' dir='ltr'>tamen,</span> <span class='ocrx_word' id='word_1_196' title='bbox 535 2012 725 2055; x_wconf 82' lang='lat' dir='ltr'>dispensare</span> <span class='ocrx_word' id='word_1_197' title='bbox 743 2023 837 2055; x_wconf 88' lang='lat' dir='ltr'>posse</span> <span class='ocrx_word' id='word_1_198' title='bbox 857 2014 1065 2046; x_wconf 80' lang='lat' dir='ltr'>concedimus</span> <span class='ocrx_word' id='word_1_199' title='bbox 1091 2020 1122 2047; x_wconf 87' lang='lat' dir='ltr'>et</span> 
     </span>
     <span class='ocr_line' id='line_1_38' title="bbox 387 2066 1121 2109; baseline 0.003 -11"><span class='ocrx_word' id='word_1_200' title='bbox 387 2067 617 2108; x_wconf 77' lang='lat' dir='ltr'>indulgemus;</span> <span class='ocrx_word' id='word_1_201' title='bbox 645 2066 721 2108; x_wconf 86' lang='lat' dir='ltr'>quin</span> <span class='ocrx_word' id='word_1_202' title='bbox 747 2066 853 2105; x_wconf 86' lang='lat' dir='ltr'>etiam,</span> <span class='ocrx_word' id='word_1_203' title='bbox 879 2067 954 2109; x_wconf 80' lang='lat' dir='ltr'>quia</span> <span class='ocrx_word' id='word_1_204' title='bbox 979 2067 1017 2100; x_wconf 90' lang='lat' dir='ltr'>de</span> <span class='ocrx_word' id='word_1_205' title='bbox 1043 2068 1121 2100; x_wconf 81' lang='lat' dir='ltr'>mix-</span> 
     </span>
     <span class='ocr_line' id='line_1_39' title="bbox 386 2118 1119 2162; baseline 0.003 -12"><span class='ocrx_word' id='word_1_206' title='bbox 386 2119 444 2151; x_wconf 85' lang='lat' dir='ltr'>tim</span> <span class='ocrx_word' id='word_1_207' title='bbox 476 2118 678 2162; x_wconf 78' lang='lat' dir='ltr'>progenitis,</span> <span class='ocrx_word' id='word_1_208' title='bbox 715 2130 797 2161; x_wconf 86' lang='lat' dir='ltr'>quos</span> <span class='ocrx_word' id='word_1_209' title='bbox 823 2119 960 2151; x_wconf 54' lang='grc' dir='ltr'>νῆα-[οε1</span> <span class='ocrx_word' id='word_1_210' title='bbox 987 2126 1119 2161; x_wconf 74' lang='lat' dir='ltr'>vocant,</span> 
     </span>
     <span class='ocr_line' id='line_1_40' title="bbox 386 2172 1120 2214; baseline 0.001 -10"><span class='ocrx_word' id='word_1_211' title='bbox 386 2172 488 2205; x_wconf 87' lang='lat' dir='ltr'>maius</span> <span class='ocrx_word' id='word_1_212' title='bbox 514 2172 646 2204; x_wconf 85' lang='lat' dir='ltr'>dubium</span> <span class='ocrx_word' id='word_1_213' title='bbox 672 2172 867 2214; x_wconf 77' lang='lat' dir='ltr'>accepimus,</span> <span class='ocrx_word' id='word_1_214' title='bbox 892 2183 963 2204; x_wconf 86' lang='lat' dir='ltr'>cum</span> <span class='ocrx_word' id='word_1_215' title='bbox 1001 2174 1120 2205; x_wconf 84' lang='lat' dir='ltr'>eisdem</span> 
     </span>
     <span class='ocr_line' id='line_1_41' title="bbox 385 2225 1120 2267; baseline 0.001 -10"><span class='ocrx_word' id='word_1_216' title='bbox 385 2225 504 2263; x_wconf 83' lang='lat' dir='ltr'>mixtis,</span> <span class='ocrx_word' id='word_1_217' title='bbox 529 2235 611 2267; x_wconf 88' lang='lat' dir='ltr'>quos</span> <span class='ocrx_word' id='word_1_218' title='bbox 636 2225 786 2257; x_wconf 76' lang='lat' dir='ltr'>similiter</span> <span class='ocrx_word' id='word_1_219' title='bbox 807 2225 845 2257; x_wconf 87' lang='lat' dir='ltr'>ad</span> <span class='ocrx_word' id='word_1_220' title='bbox 868 2226 953 2257; x_wconf 86' lang='lat' dir='ltr'>hunc</span> <span class='ocrx_word' id='word_1_221' title='bbox 974 2225 1120 2258; x_wconf 72' lang='lat' dir='ltr'>effectum</span> 
     </span>
     <span class='ocr_line' id='line_1_42' title="bbox 386 2277 1118 2321; baseline -0.001 -11"><span class='ocrx_word' id='word_1_222' title='bbox 386 2278 571 2321; x_wconf 66' lang='lat' dir='ltr'>neophytos</span> <span class='ocrx_word' id='word_1_223' title='bbox 598 2277 779 2310; x_wconf 86' lang='lat' dir='ltr'>censendos</span> <span class='ocrx_word' id='word_1_224' title='bbox 805 2288 875 2310; x_wconf 86' lang='lat' dir='ltr'>esse</span> <span class='ocrx_word' id='word_1_225' title='bbox 901 2278 1118 2318; x_wconf 82' lang='lat' dir='ltr'>deceruimus,</span> 
     </span>
     <span class='ocr_line' id='line_1_43' title="bbox 386 2329 1122 2373; baseline 0 -10"><span class='ocrx_word' id='word_1_226' title='bbox 386 2331 418 2363; x_wconf 90' lang='lat' dir='ltr'>in</span> <span class='ocrx_word' id='word_1_227' title='bbox 437 2330 589 2373; x_wconf 80' lang='lat' dir='ltr'>gradibus</span> <span class='ocrx_word' id='word_1_228' title='bbox 609 2335 641 2362; x_wconf 89' lang='lat' dir='ltr'>et</span> <span class='ocrx_word' id='word_1_229' title='bbox 660 2329 873 2362; x_wconf 79' lang='lat' dir='ltr'>matrimoniis</span> <span class='ocrx_word' id='word_1_230' title='bbox 894 2331 1068 2363; x_wconf 86' lang='lat' dir='ltr'>contractis</span> <span class='ocrx_word' id='word_1_231' title='bbox 1091 2337 1122 2363; x_wconf 88' lang='lat' dir='ltr'>et</span> 
     </span>
     <span class='ocr_line' id='line_1_44' title="bbox 387 2382 1120 2424; baseline 0 -9"><span class='ocrx_word' id='word_1_232' title='bbox 387 2382 620 2415; x_wconf 78' lang='lat' dir='ltr'>contrahendis</span> <span class='ocrx_word' id='word_1_233' title='bbox 646 2382 840 2424; x_wconf 86' lang='lat' dir='ltr'>praedictis,</span> <span class='ocrx_word' id='word_1_234' title='bbox 868 2382 966 2423; x_wconf 70' lang='lat' dir='ltr'>gratis</span> <span class='ocrx_word' id='word_1_235' title='bbox 992 2388 1120 2423; x_wconf 87' lang='lat' dir='ltr'>tamen,</span> 
     </span>
     <span class='ocr_line' id='line_1_45' title="bbox 387 2435 1121 2479; baseline 0 -11"><span class='ocrx_word' id='word_1_236' title='bbox 387 2436 561 2469; x_wconf 86' lang='lat' dir='ltr'>dummodo</span> <span class='ocrx_word' id='word_1_237' title='bbox 588 2446 651 2468; x_wconf 91' lang='lat' dir='ltr'>non</span> <span class='ocrx_word' id='word_1_238' title='bbox 678 2435 720 2467; x_wconf 91' lang='lat' dir='ltr'>ita</span> <span class='ocrx_word' id='word_1_239' title='bbox 747 2436 838 2468; x_wconf 77' lang='lat' dir='ltr'>facile</span> <span class='ocrx_word' id='word_1_240' title='bbox 855 2435 886 2467; x_wconf 89' lang='lat' dir='ltr'>id</span> <span class='ocrx_word' id='word_1_241' title='bbox 903 2435 966 2475; x_wconf 78' lang='lat' dir='ltr'>fiat,</span> <span class='ocrx_word' id='word_1_242' title='bbox 994 2437 1121 2479; x_wconf 86' lang='lat' dir='ltr'>dispen-</span> 
     </span>
     <span class='ocr_line' id='line_1_46' title="bbox 387 2488 1120 2531; baseline 0.001 -11"><span class='ocrx_word' id='word_1_243' title='bbox 387 2500 471 2527; x_wconf 87' lang='lat' dir='ltr'>sare;</span> <span class='ocrx_word' id='word_1_244' title='bbox 499 2488 684 2531; x_wconf 79' lang='lat' dir='ltr'>eisdemque</span> <span class='ocrx_word' id='word_1_245' title='bbox 711 2488 910 2531; x_wconf 75' lang='lat' dir='ltr'>presbyteris</span> <span class='ocrx_word' id='word_1_246' title='bbox 937 2489 1120 2521; x_wconf 72' lang='lat' dir='ltr'>facultatem</span> 
     </span>
     <span class='ocr_line' id='line_1_47' title="bbox 387 2542 1015 2585; baseline -0.002 -11"><span class='ocrx_word' id='word_1_247' title='bbox 387 2542 527 2585; x_wconf 63' lang='lat' dir='ltr'>desuper</span> <span class='ocrx_word' id='word_1_248' title='bbox 551 2542 759 2574; x_wconf 73' lang='lat' dir='ltr'>concedimus</span> <span class='ocrx_word' id='word_1_249' title='bbox 785 2546 1015 2584; x_wconf 84' lang='lat' dir='ltr'>opportunam.</span> 
     </span>
    </p>
   </div>
   <div class='ocr_carea' id='block_1_10' title="bbox 423 2603 1024 2638">
    <p class='ocr_par' dir='ltr' id='par_1_10' title="bbox 423 2603 1024 2638">
     <span class='ocr_line' id='line_1_48' title="bbox 423 2603 1024 2638; baseline 0 -8"><span class='ocrx_word' id='word_1_250' title='bbox 423 2605 431 2630; x_wconf 88' lang='grc'>1</span> <span class='ocrx_word' id='word_1_251' title='bbox 453 2603 479 2629; x_wconf 81' lang='lat' dir='ltr'>ln</span> <span class='ocrx_word' id='word_1_252' title='bbox 498 2604 547 2630; x_wconf 70' lang='lat' dir='ltr'>loc.</span> <span class='ocrx_word' id='word_1_253' title='bbox 565 2604 658 2637; x_wconf 82' lang='lat' dir='ltr'>parali.</span> <span class='ocrx_word' id='word_1_254' title='bbox 676 2604 773 2638; x_wconf 66' lang='lat' dir='ltr'>legitur</span> <span class='ocrx_word' id='word_1_255' title='bbox 790 2604 914 2630; x_wconf 63' lang='lat' dir='ltr'>mosiis-os</span> <span class='ocrx_word' id='word_1_256' title='bbox 931 2604 965 2637; x_wconf 68' lang='lat' dir='ltr'>(n.</span> <span class='ocrx_word' id='word_1_257' title='bbox 978 2605 1024 2635; x_wconf 69' lang='lat' dir='ltr'>T.}.</span> 
     </span>
    </p>
   </div>
   <div class='ocr_carea' id='block_1_11' title="bbox 1137 283 1142 1455">
    <p class='ocr_par' dir='ltr' id='par_1_11' title="bbox 1137 283 1142 1455">
     <span class='ocr_line' id='line_1_49' title="bbox 1137 283 1142 1455; baseline 0 0"><span class='ocrx_word' id='word_1_258' title='bbox 1137 283 1142 1455; x_wconf 95' lang='lat' dir='ltr'> </span> 
     </span>
    </p>
   </div>
   <div class='ocr_carea' id='block_1_12' title="bbox 1139 1584 1143 2302">
    <p class='ocr_par' dir='ltr' id='par_1_12' title="bbox 1139 1584 1143 2302">
     <span class='ocr_line' id='line_1_50' title="bbox 1139 1584 1143 2302; baseline 0 0"><span class='ocrx_word' id='word_1_259' title='bbox 1139 1584 1143 2302; x_wconf 95' lang='lat' dir='ltr'> </span> 
     </span>
    </p>
   </div>
   <div class='ocr_carea' id='block_1_13' title="bbox 963 221 1319 246">
    <p class='ocr_par' dir='ltr' id='par_1_13' title="bbox 963 221 1319 246">
     <span class='ocr_line' id='line_1_51' title="bbox 963 221 1319 246; baseline 0 -1"><span class='ocrx_word' id='word_1_260' title='bbox 963 221 1095 245; x_wconf 69' lang='lat' dir='ltr'>BULLARI</span> <span class='ocrx_word' id='word_1_261' title='bbox 1102 221 1141 245; x_wconf 74' lang='grc' dir='ltr'>ΠΜ</span> <span class='ocrx_word' id='word_1_262' title='bbox 1167 221 1319 246; x_wconf 72' lang='lat' dir='ltr'><strong>ROMANUM</strong></span> 
     </span>
    </p>
   </div>
   <div class='ocr_carea' id='block_1_14' title="bbox 1159 270 1901 2007">
    <p class='ocr_par' dir='ltr' id='par_1_14' title="bbox 1160 270 1897 1157">
     <span class='ocr_line' id='line_1_52' title="bbox 1205 270 1893 314; baseline 0.003 -12"><span class='ocrx_word' id='word_1_263' title='bbox 1205 270 1219 313; x_wconf 63' lang='lat' dir='ltr'>g</span> <span class='ocrx_word' id='word_1_264' title='bbox 1244 270 1296 303; x_wconf 69' lang='lat'>17.</span> <span class='ocrx_word' id='word_1_265' title='bbox 1315 271 1546 311; x_wconf 79' lang='lat' dir='ltr'>Decernentes‚</span> <span class='ocrx_word' id='word_1_266' title='bbox 1562 271 1771 314; x_wconf 77' lang='lat' dir='ltr'>presbyteros</span> <span class='ocrx_word' id='word_1_267' title='bbox 1789 271 1893 305; x_wconf 84' lang='lat' dir='ltr'>dictae</span> 
     </span>
     <span class='ocr_line' id='line_1_53' title="bbox 1160 322 1893 367; baseline 0.005 -12"><span class='ocrx_word' id='word_1_268' title='bbox 1160 322 1330 356; x_wconf 85' lang='lat' dir='ltr'>Societatis</span> <span class='ocrx_word' id='word_1_269' title='bbox 1344 335 1442 367; x_wconf 90' lang='lat' dir='ltr'>super</span> <span class='ocrx_word' id='word_1_270' title='bbox 1460 325 1644 367; x_wconf 80' lang='lat' dir='ltr'>praemissis</span> <span class='ocrx_word' id='word_1_271' title='bbox 1659 329 1689 357; x_wconf 87' lang='lat' dir='ltr'>et</span> <span class='ocrx_word' id='word_1_272' title='bbox 1706 325 1787 365; x_wconf 81' lang='lat' dir='ltr'>aliis,</span> <span class='ocrx_word' id='word_1_273' title='bbox 1804 326 1893 359; x_wconf 79' lang='lat' dir='ltr'>iuxta</span> 
     </span>
     <span class='ocr_line' id='line_1_54' title="bbox 1161 375 1891 421; baseline 0.007 -14"><span class='ocrx_word' id='word_1_274' title='bbox 1161 375 1325 410; x_wconf 76' lang='lat' dir='ltr'>facultates</span> <span class='ocrx_word' id='word_1_275' title='bbox 1351 377 1533 420; x_wconf 85' lang='lat' dir='ltr'>praedictas</span> <span class='ocrx_word' id='word_1_276' title='bbox 1561 382 1592 410; x_wconf 91' lang='lat' dir='ltr'>et</span> <span class='ocrx_word' id='word_1_277' title='bbox 1616 377 1744 411; x_wconf 86' lang='lat' dir='ltr'>illarum</span> <span class='ocrx_word' id='word_1_278' title='bbox 1769 379 1891 421; x_wconf 85' lang='lat' dir='ltr'>vigore,</span> 
     </span>
     <span class='ocr_line' id='line_1_55' title="bbox 1160 431 1894 475; baseline 0.004 -14"><span class='ocrx_word' id='word_1_279' title='bbox 1160 432 1282 463; x_wconf 76' lang='lat' dir='ltr'>servata</span> <span class='ocrx_word' id='word_1_280' title='bbox 1308 436 1412 463; x_wconf 88' lang='lat' dir='ltr'>tamen</span> <span class='ocrx_word' id='word_1_281' title='bbox 1437 431 1567 464; x_wconf 84' lang='lat' dir='ltr'>illarum</span> <span class='ocrx_word' id='word_1_282' title='bbox 1594 432 1705 471; x_wconf 74' lang='lat' dir='ltr'>forma,</span> <span class='ocrx_word' id='word_1_283' title='bbox 1731 441 1894 475; x_wconf 87' lang='lat' dir='ltr'>exequen-</span> 
     </span>
     <span class='ocr_line' id='line_1_56' title="bbox 1160 481 1895 527; baseline 0.005 -14"><span class='ocrx_word' id='word_1_284' title='bbox 1160 481 1219 522; x_wconf 90' lang='lat' dir='ltr'>dis,</span> <span class='ocrx_word' id='word_1_285' title='bbox 1247 493 1282 515; x_wconf 88' lang='lat' dir='ltr'>ex</span> <span class='ocrx_word' id='word_1_286' title='bbox 1309 484 1422 526; x_wconf 89' lang='lat' dir='ltr'>quovis</span> <span class='ocrx_word' id='word_1_287' title='bbox 1443 484 1505 517; x_wconf 87' lang='lat' dir='ltr'>alio</span> <span class='ocrx_word' id='word_1_288' title='bbox 1522 489 1690 527; x_wconf 77' lang='lat' dir='ltr'>praetextu</span> <span class='ocrx_word' id='word_1_289' title='bbox 1708 485 1758 517; x_wconf 87' lang='lat' dir='ltr'>vel</span> <span class='ocrx_word' id='word_1_290' title='bbox 1784 486 1895 527; x_wconf 89' lang='lat' dir='ltr'>quovis</span> 
     </span>
     <span class='ocr_line' id='line_1_57' title="bbox 1160 536 1894 580; baseline 0.003 -12"><span class='ocrx_word' id='word_1_291' title='bbox 1160 536 1271 568; x_wconf 89' lang='lat' dir='ltr'>colore</span> <span class='ocrx_word' id='word_1_292' title='bbox 1291 547 1352 579; x_wconf 88' lang='lat' dir='ltr'>per</span> <span class='ocrx_word' id='word_1_293' title='bbox 1377 548 1597 580; x_wconf 87' lang='lat' dir='ltr'>quoscumque</span> <span class='ocrx_word' id='word_1_294' title='bbox 1615 537 1677 570; x_wconf 87' lang='lat' dir='ltr'>loci</span> <span class='ocrx_word' id='word_1_295' title='bbox 1693 537 1894 577; x_wconf 83' lang='lat' dir='ltr'>Ordinarios,</span> 
     </span>
     <span class='ocr_line' id='line_1_58' title="bbox 1161 589 1896 633; baseline 0.004 -13"><span class='ocrx_word' id='word_1_296' title='bbox 1161 599 1217 620; x_wconf 87' lang='lat' dir='ltr'>seu</span> <span class='ocrx_word' id='word_1_297' title='bbox 1243 589 1323 622; x_wconf 90' lang='lat' dir='ltr'>alios</span> <span class='ocrx_word' id='word_1_298' title='bbox 1354 591 1541 633; x_wconf 84' lang='lat' dir='ltr'>superiores</span> <span class='ocrx_word' id='word_1_299' title='bbox 1577 596 1608 623; x_wconf 92' lang='lat' dir='ltr'>et</span> <span class='ocrx_word' id='word_1_300' title='bbox 1638 590 1762 623; x_wconf 84' lang='lat' dir='ltr'>iudices</span> <span class='ocrx_word' id='word_1_301' title='bbox 1793 592 1896 623; x_wconf 85' lang='lat' dir='ltr'>eccle-</span> 
     </span>
     <span class='ocr_line' id='line_1_59' title="bbox 1161 641 1896 686; baseline 0.004 -14"><span class='ocrx_word' id='word_1_302' title='bbox 1161 641 1309 674; x_wconf 88' lang='lat' dir='ltr'>siasticos</span> <span class='ocrx_word' id='word_1_303' title='bbox 1335 648 1366 675; x_wconf 89' lang='lat' dir='ltr'>et</span> <span class='ocrx_word' id='word_1_304' title='bbox 1389 644 1572 676; x_wconf 83' lang='lat' dir='ltr'>saeculares</span> <span class='ocrx_word' id='word_1_305' title='bbox 1609 643 1720 686; x_wconf 69' lang='lat' dir='ltr'>quavis</span> <span class='ocrx_word' id='word_1_306' title='bbox 1755 643 1896 676; x_wconf 83' lang='lat' dir='ltr'>auctori-</span> 
     </span>
     <span class='ocr_line' id='line_1_60' title="bbox 1162 694 1894 738; baseline 0.003 -13"><span class='ocrx_word' id='word_1_307' title='bbox 1162 698 1224 726; x_wconf 87' lang='lat' dir='ltr'>tate</span> <span class='ocrx_word' id='word_1_308' title='bbox 1250 694 1429 737; x_wconf 74' lang='lat' dir='ltr'>fungentes,</span> <span class='ocrx_word' id='word_1_309' title='bbox 1450 695 1625 734; x_wconf 84' lang='lat' dir='ltr'>molestari,</span> <span class='ocrx_word' id='word_1_310' title='bbox 1645 696 1825 738; x_wconf 84' lang='lat' dir='ltr'>perturbari</span> <span class='ocrx_word' id='word_1_311' title='bbox 1845 696 1894 728; x_wconf 81' lang='lat' dir='ltr'>vel</span> 
     </span>
     <span class='ocr_line' id='line_1_61' title="bbox 1160 746 1894 792; baseline 0.005 -15"><span class='ocrx_word' id='word_1_312' title='bbox 1160 746 1334 790; x_wconf 84' lang='lat' dir='ltr'>inquietari</span> <span class='ocrx_word' id='word_1_313' title='bbox 1361 750 1543 781; x_wconf 88' lang='lat' dir='ltr'>nullatenus</span> <span class='ocrx_word' id='word_1_314' title='bbox 1568 759 1682 792; x_wconf 82' lang='lat' dir='ltr'>posse3</span> <span class='ocrx_word' id='word_1_315' title='bbox 1719 748 1830 791; x_wconf 83' lang='lat' dir='ltr'>sicque</span> <span class='ocrx_word' id='word_1_316' title='bbox 1862 749 1894 781; x_wconf 85' lang='lat' dir='ltr'>in</span> 
     </span>
     <span class='ocr_line' id='line_1_62' title="bbox 1161 800 1895 844; baseline 0.005 -14"><span class='ocrx_word' id='word_1_317' title='bbox 1161 800 1345 840; x_wconf 87' lang='lat' dir='ltr'>praemissis</span> <span class='ocrx_word' id='word_1_318' title='bbox 1363 812 1421 844; x_wconf 86' lang='lat' dir='ltr'>per</span> <span class='ocrx_word' id='word_1_319' title='bbox 1437 812 1654 844; x_wconf 79' lang='lat' dir='ltr'>quoscumque</span> <span class='ocrx_word' id='word_1_320' title='bbox 1669 801 1802 840; x_wconf 88' lang='lat' dir='ltr'>iudices,</span> <span class='ocrx_word' id='word_1_321' title='bbox 1818 802 1895 834; x_wconf 88' lang='lat' dir='ltr'>sub-</span> 
     </span>
     <span class='ocr_line' id='line_1_63' title="bbox 1161 852 1895 896; baseline 0.005 -13"><span class='ocrx_word' id='word_1_322' title='bbox 1161 852 1224 884; x_wconf 74' lang='lat' dir='ltr'>lata</span> <span class='ocrx_word' id='word_1_323' title='bbox 1244 852 1290 885; x_wconf 89' lang='lat' dir='ltr'>eis</span> <span class='ocrx_word' id='word_1_324' title='bbox 1316 858 1348 885; x_wconf 89' lang='lat' dir='ltr'>et</span> <span class='ocrx_word' id='word_1_325' title='bbox 1375 864 1486 886; x_wconf 90' lang='lat' dir='ltr'>eorum</span> <span class='ocrx_word' id='word_1_326' title='bbox 1511 854 1644 887; x_wconf 83' lang='lat' dir='ltr'>cuilibet</span> <span class='ocrx_word' id='word_1_327' title='bbox 1667 854 1777 896; x_wconf 87' lang='lat' dir='ltr'>quavis</span> <span class='ocrx_word' id='word_1_328' title='bbox 1802 854 1895 887; x_wconf 86' lang='lat' dir='ltr'>aliter</span> 
     </span>
     <span class='ocr_line' id='line_1_64' title="bbox 1161 905 1895 949; baseline 0.003 -12"><span class='ocrx_word' id='word_1_329' title='bbox 1161 905 1325 938; x_wconf 90' lang='lat' dir='ltr'>iudicandi</span> <span class='ocrx_word' id='word_1_330' title='bbox 1359 912 1390 939; x_wconf 90' lang='lat' dir='ltr'>et</span> <span class='ocrx_word' id='word_1_331' title='bbox 1420 907 1658 949; x_wconf 84' lang='lat' dir='ltr'>interpretandi</span> <span class='ocrx_word' id='word_1_332' title='bbox 1683 907 1837 939; x_wconf 79' lang='lat' dir='ltr'>facultate</span> <span class='ocrx_word' id='word_1_333' title='bbox 1863 912 1895 939; x_wconf 86' lang='lat' dir='ltr'>et</span> 
     </span>
     <span class='ocr_line' id='line_1_65' title="bbox 1162 959 1896 999; baseline 0.003 -9"><span class='ocrx_word' id='word_1_334' title='bbox 1162 959 1372 999; x_wconf 81' lang='lat' dir='ltr'>auctoritate,</span> <span class='ocrx_word' id='word_1_335' title='bbox 1398 959 1531 992; x_wconf 84' lang='lat' dir='ltr'>iudicari</span> <span class='ocrx_word' id='word_1_336' title='bbox 1557 965 1589 992; x_wconf 89' lang='lat' dir='ltr'>et</span> <span class='ocrx_word' id='word_1_337' title='bbox 1612 960 1739 992; x_wconf 76' lang='lat' dir='ltr'>definiri</span> <span class='ocrx_word' id='word_1_338' title='bbox 1765 960 1896 999; x_wconf 86' lang='lat' dir='ltr'>debere,</span> 
     </span>
     <span class='ocr_line' id='line_1_66' title="bbox 1161 1011 1896 1055; baseline 0.001 -12"><span class='ocrx_word' id='word_1_339' title='bbox 1161 1021 1198 1044; x_wconf 82' lang='lat' dir='ltr'>ac</span> <span class='ocrx_word' id='word_1_340' title='bbox 1221 1011 1349 1043; x_wconf 86' lang='lat' dir='ltr'>irritum</span> <span class='ocrx_word' id='word_1_341' title='bbox 1376 1017 1407 1044; x_wconf 89' lang='lat' dir='ltr'>et</span> <span class='ocrx_word' id='word_1_342' title='bbox 1430 1013 1527 1045; x_wconf 87' lang='lat' dir='ltr'>inane</span> <span class='ocrx_word' id='word_1_343' title='bbox 1553 1013 1578 1045; x_wconf 91' lang='lat' dir='ltr'>si</span> <span class='ocrx_word' id='word_1_344' title='bbox 1602 1023 1694 1045; x_wconf 88' lang='lat' dir='ltr'>secus</span> <span class='ocrx_word' id='word_1_345' title='bbox 1718 1023 1818 1055; x_wconf 85' lang='lat' dir='ltr'>super</span> <span class='ocrx_word' id='word_1_346' title='bbox 1845 1013 1896 1045; x_wconf 81' lang='lat' dir='ltr'>his</span> 
     </span>
     <span class='ocr_line' id='line_1_67' title="bbox 1162 1064 1897 1106; baseline 0.004 -11"><span class='ocrx_word' id='word_1_347' title='bbox 1162 1074 1179 1095; x_wconf 86' lang='lat' dir='ltr'>a</span> <span class='ocrx_word' id='word_1_348' title='bbox 1204 1073 1378 1106; x_wconf 78' lang='lat' dir='ltr'>quoquam,</span> <span class='ocrx_word' id='word_1_349' title='bbox 1397 1064 1509 1106; x_wconf 89' lang='lat' dir='ltr'>quavis</span> <span class='ocrx_word' id='word_1_350' title='bbox 1526 1065 1733 1104; x_wconf 83' lang='lat' dir='ltr'>auctoritate,</span> <span class='ocrx_word' id='word_1_351' title='bbox 1757 1065 1897 1098; x_wconf 84' lang='lat' dir='ltr'>scienter</span> 
     </span>
     <span class='ocr_line' id='line_1_68' title="bbox 1161 1115 1817 1157; baseline 0.003 -10"><span class='ocrx_word' id='word_1_352' title='bbox 1161 1116 1210 1147; x_wconf 88' lang='lat' dir='ltr'>vel</span> <span class='ocrx_word' id='word_1_353' title='bbox 1235 1115 1433 1156; x_wconf 71' lang='lat' dir='ltr'>ignoranter,</span> <span class='ocrx_word' id='word_1_354' title='bbox 1459 1117 1631 1157; x_wconf 80' lang='lat' dir='ltr'>eontigerit</span> <span class='ocrx_word' id='word_1_355' title='bbox 1654 1117 1817 1149; x_wconf 86' lang='lat' dir='ltr'>attentari.</span> 
     </span>
    </p>

    <p class='ocr_par' dir='ltr' id='par_1_15' title="bbox 1161 1167 1900 1476">
     <span class='ocr_line' id='line_1_69' title="bbox 1204 1167 1900 1212; baseline 0.003 -12"><span class='ocrx_word' id='word_1_356' title='bbox 1204 1168 1219 1211; x_wconf 61' lang='grc' dir='ltr'><strong>ξ</strong></span> <span class='ocrx_word' id='word_1_357' title='bbox 1244 1167 1297 1201; x_wconf 74' lang='grc'>18.</span> <span class='ocrx_word' id='word_1_358' title='bbox 1324 1168 1392 1200; x_wconf 83' lang='lat' dir='ltr'>Non</span> <span class='ocrx_word' id='word_1_359' title='bbox 1416 1169 1619 1201; x_wconf 82' lang='lat' dir='ltr'>obstantibus</span> <span class='ocrx_word' id='word_1_360' title='bbox 1637 1170 1836 1212; x_wconf 83' lang='lat' dir='ltr'>praemissis,</span> <span class='ocrx_word' id='word_1_361' title='bbox 1863 1181 1900 1203; x_wconf 88' lang='lat' dir='ltr'>ac</span> 
     </span>
     <span class='ocr_line' id='line_1_70' title="bbox 1161 1220 1900 1263; baseline 0.005 -11"><span class='ocrx_word' id='word_1_362' title='bbox 1161 1220 1329 1263; x_wconf 80' lang='lat' dir='ltr'>quibusvis</span> <span class='ocrx_word' id='word_1_363' title='bbox 1354 1221 1637 1254; x_wconf 85' lang='lat' dir='ltr'>constitutionibus</span> <span class='ocrx_word' id='word_1_364' title='bbox 1662 1228 1695 1254; x_wconf 89' lang='lat' dir='ltr'>et</span> <span class='ocrx_word' id='word_1_365' title='bbox 1720 1223 1900 1256; x_wconf 79' lang='lat' dir='ltr'>ordinatio-</span> 
     </span>
     <span class='ocr_line' id='line_1_71' title="bbox 1161 1273 1898 1317; baseline 0.003 -12"><span class='ocrx_word' id='word_1_366' title='bbox 1161 1273 1255 1306; x_wconf 88' lang='lat' dir='ltr'>nibus</span> <span class='ocrx_word' id='word_1_367' title='bbox 1280 1273 1476 1316; x_wconf 87' lang='lat' dir='ltr'>apostolicis,</span> <span class='ocrx_word' id='word_1_368' title='bbox 1495 1285 1541 1313; x_wconf 90' lang='lat' dir='ltr'>ac,</span> <span class='ocrx_word' id='word_1_369' title='bbox 1561 1279 1720 1316; x_wconf 83' lang='lat' dir='ltr'>quatenus</span> <span class='ocrx_word' id='word_1_370' title='bbox 1743 1285 1824 1317; x_wconf 91' lang='lat' dir='ltr'>opus</span> <span class='ocrx_word' id='word_1_371' title='bbox 1849 1275 1898 1314; x_wconf 86' lang='lat' dir='ltr'>sit,</span> 
     </span>
     <span class='ocr_line' id='line_1_72' title="bbox 1161 1326 1900 1370; baseline 0.003 -12"><span class='ocrx_word' id='word_1_372' title='bbox 1161 1326 1287 1359; x_wconf 53' lang='lat' dir='ltr'>nostr-3¹</span> <span class='ocrx_word' id='word_1_373' title='bbox 1306 1327 1345 1359; x_wconf 89' lang='lat' dir='ltr'>de</span> <span class='ocrx_word' id='word_1_374' title='bbox 1363 1337 1428 1359; x_wconf 93' lang='lat' dir='ltr'>non</span> <span class='ocrx_word' id='word_1_375' title='bbox 1449 1327 1667 1360; x_wconf 86' lang='lat' dir='ltr'>concedendis</span> <span class='ocrx_word' id='word_1_376' title='bbox 1685 1327 1900 1370; x_wconf 78' lang='lat' dir='ltr'>indulgentiis</span> 
     </span>
     <span class='ocr_line' id='line_1_73' title="bbox 1161 1379 1898 1421; baseline 0.004 -11"><span class='ocrx_word' id='word_1_377' title='bbox 1161 1379 1199 1411; x_wconf 88' lang='lat' dir='ltr'>ad</span> <span class='ocrx_word' id='word_1_378' title='bbox 1225 1379 1332 1419; x_wconf 88' lang='lat' dir='ltr'>instar,</span> <span class='ocrx_word' id='word_1_379' title='bbox 1371 1380 1496 1412; x_wconf 88' lang='lat' dir='ltr'>statutis</span> <span class='ocrx_word' id='word_1_380' title='bbox 1529 1385 1561 1412; x_wconf 88' lang='lat' dir='ltr'>et</span> <span class='ocrx_word' id='word_1_381' title='bbox 1594 1381 1898 1421; x_wconf 74' lang='lat' dir='ltr'>consuetudinibus,</span> 
     </span>
     <span class='ocr_line' id='line_1_74' title="bbox 1161 1432 1810 1476; baseline 0.002 -11"><span class='ocrx_word' id='word_1_382' title='bbox 1161 1432 1339 1475; x_wconf 87' lang='lat' dir='ltr'>ceterisque</span> <span class='ocrx_word' id='word_1_383' title='bbox 1358 1432 1528 1465; x_wconf 88' lang='lat' dir='ltr'>contrariis</span> <span class='ocrx_word' id='word_1_384' title='bbox 1541 1433 1810 1476; x_wconf 77' lang='lat' dir='ltr'>quibuscumque.</span> 
     </span>
    </p>

    <p class='ocr_par' dir='ltr' id='par_1_16' title="bbox 1159 1486 1901 1785">
     <span class='ocr_line' id='line_1_75' title="bbox 1203 1486 1896 1529; baseline 0.001 -11"><span class='ocrx_word' id='word_1_385' title='bbox 1203 1487 1218 1528; x_wconf 63' lang='grc' dir='ltr'><strong>ἓ</strong></span> <span class='ocrx_word' id='word_1_386' title='bbox 1246 1486 1296 1519; x_wconf 81' lang='lat'>19.</span> <span class='ocrx_word' id='word_1_387' title='bbox 1324 1486 1553 1518; x_wconf 84' lang='lat' dir='ltr'>Praesentibus</span> <span class='ocrx_word' id='word_1_388' title='bbox 1578 1487 1617 1519; x_wconf 85' lang='lat' dir='ltr'>ad</span> <span class='ocrx_word' id='word_1_389' title='bbox 1644 1487 1756 1529; x_wconf 77' lang='lat' dir='ltr'>viginti</span> <span class='ocrx_word' id='word_1_390' title='bbox 1786 1491 1896 1526; x_wconf 80' lang='lat' dir='ltr'>annos,</span> 
     </span>
     <span class='ocr_line' id='line_1_76' title="bbox 1161 1539 1899 1584; baseline 0 -12"><span class='ocrx_word' id='word_1_391' title='bbox 1161 1551 1178 1572; x_wconf 87' lang='lat' dir='ltr'>a</span> <span class='ocrx_word' id='word_1_392' title='bbox 1204 1540 1266 1573; x_wconf 82' lang='lat' dir='ltr'>fine</span> <span class='ocrx_word' id='word_1_393' title='bbox 1283 1540 1421 1573; x_wconf 83' lang='lat' dir='ltr'>allorum</span> <span class='ocrx_word' id='word_1_394' title='bbox 1437 1539 1550 1582; x_wconf 76' lang='lat' dir='ltr'>viginti</span> <span class='ocrx_word' id='word_1_395' title='bbox 1572 1550 1743 1579; x_wconf 86' lang='lat' dir='ltr'>annorum,</span> <span class='ocrx_word' id='word_1_396' title='bbox 1759 1542 1797 1573; x_wconf 84' lang='lat' dir='ltr'>ad</span> <span class='ocrx_word' id='word_1_397' title='bbox 1817 1552 1899 1584; x_wconf 85' lang='lat' dir='ltr'>quos</span> 
     </span>
     <span class='ocr_line' id='line_1_77' title="bbox 1160 1593 1898 1635; baseline 0.001 -10"><span class='ocrx_word' id='word_1_398' title='bbox 1160 1594 1282 1626; x_wconf 87' lang='lat' dir='ltr'>similes</span> <span class='ocrx_word' id='word_1_399' title='bbox 1319 1593 1439 1635; x_wconf 79' lang='lat' dir='ltr'>gratiae</span> <span class='ocrx_word' id='word_1_400' title='bbox 1475 1604 1492 1625; x_wconf 84' lang='lat' dir='ltr'>a</span> <span class='ocrx_word' id='word_1_401' title='bbox 1528 1593 1898 1627; x_wconf 83' lang='lat' dir='ltr'>felicis-recordationis</span> 
     </span>
     <span class='ocr_line' id='line_1_78' title="bbox 1159 1646 1901 1689; baseline -0.001 -9"><span class='ocrx_word' id='word_1_402' title='bbox 1159 1647 1325 1680; x_wconf 84' lang='lat' dir='ltr'>Clemente</span> <span class='ocrx_word' id='word_1_403' title='bbox 1362 1647 1446 1689; x_wconf 87' lang='lat' dir='ltr'>Papa</span> <span class='ocrx_word' id='word_1_404' title='bbox 1477 1647 1516 1679; x_wconf 83' lang='lat' dir='ltr'>IX</span> <span class='ocrx_word' id='word_1_405' title='bbox 1551 1646 1806 1689; x_wconf 82' lang='lat' dir='ltr'>praedecessore</span> <span class='ocrx_word' id='word_1_406' title='bbox 1843 1657 1901 1679; x_wconf 93' lang='lat' dir='ltr'>no-</span> 
     </span>
     <span class='ocr_line' id='line_1_79' title="bbox 1161 1699 1900 1739; baseline 0 -7"><span class='ocrx_word' id='word_1_407' title='bbox 1161 1705 1228 1732; x_wconf 92' lang='lat' dir='ltr'>stro</span> <span class='ocrx_word' id='word_1_408' title='bbox 1246 1710 1420 1732; x_wconf 81' lang='lat' dir='ltr'>concessae</span> <span class='ocrx_word' id='word_1_409' title='bbox 1440 1699 1581 1739; x_wconf 85' lang='lat' dir='ltr'>suerunt,</span> <span class='ocrx_word' id='word_1_410' title='bbox 1602 1699 1816 1739; x_wconf 88' lang='lat' dir='ltr'>inchoandos,</span> <span class='ocrx_word' id='word_1_411' title='bbox 1831 1705 1900 1732; x_wconf 90' lang='lat' dir='ltr'>tan-</span> 
     </span>
     <span class='ocr_line' id='line_1_80' title="bbox 1162 1752 1412 1785; baseline 0 -1"><span class='ocrx_word' id='word_1_412' title='bbox 1162 1758 1229 1785; x_wconf 90' lang='lat' dir='ltr'>tum</span> <span class='ocrx_word' id='word_1_413' title='bbox 1253 1752 1412 1785; x_wconf 84' lang='lat' dir='ltr'>valituris.</span> 
     </span>
    </p>

    <p class='ocr_par' dir='ltr' id='par_1_17' title="bbox 1163 1805 1901 1953">
     <span class='ocr_line' id='line_1_81' title="bbox 1205 1805 1901 1848; baseline 0.001 -10"><span class='ocrx_word' id='word_1_414' title='bbox 1205 1806 1318 1838; x_wconf 88' lang='lat' dir='ltr'>Datum</span> <span class='ocrx_word' id='word_1_415' title='bbox 1341 1806 1477 1845; x_wconf 70' lang='lat' dir='ltr'>Romae,</span> <span class='ocrx_word' id='word_1_416' title='bbox 1496 1806 1581 1848; x_wconf 89' lang='lat' dir='ltr'>apud</span> <span class='ocrx_word' id='word_1_417' title='bbox 1600 1805 1631 1838; x_wconf 88' lang='lat' dir='ltr'>S.</span> <span class='ocrx_word' id='word_1_418' title='bbox 1651 1805 1783 1838; x_wconf 84' lang='lat' dir='ltr'>Mariam</span> <span class='ocrx_word' id='word_1_419' title='bbox 1802 1806 1901 1840; x_wconf 86' lang='lat' dir='ltr'>Maio-</span> 
     </span>
     <span class='ocr_line' id='line_1_82' title="bbox 1163 1858 1901 1898; baseline 0 -7"><span class='ocrx_word' id='word_1_420' title='bbox 1163 1870 1245 1898; x_wconf 88' lang='lat' dir='ltr'>rem,</span> <span class='ocrx_word' id='word_1_421' title='bbox 1261 1860 1320 1890; x_wconf 89' lang='lat' dir='ltr'>sub</span> <span class='ocrx_word' id='word_1_422' title='bbox 1339 1859 1461 1890; x_wconf 85' lang='lat' dir='ltr'>annulo</span> <span class='ocrx_word' id='word_1_423' title='bbox 1476 1858 1663 1897; x_wconf 83' lang='lat' dir='ltr'>Piscatoris,</span> <span class='ocrx_word' id='word_1_424' title='bbox 1680 1859 1731 1891; x_wconf 91' lang='lat' dir='ltr'>die</span> <span class='ocrx_word' id='word_1_425' title='bbox 1750 1870 1806 1892; x_wconf 58' lang='lat' dir='ltr'>xxx</span> <span class='ocrx_word' id='word_1_426' title='bbox 1820 1870 1901 1891; x_wconf 81' lang='lat' dir='ltr'>mai-</span> 
     </span>
     <span class='ocr_line' id='line_1_83' title="bbox 1164 1910 1875 1953; baseline 0.001 -9"><span class='ocrx_word' id='word_1_427' title='bbox 1164 1912 1197 1944; x_wconf 91' lang='lat' dir='ltr'>tii</span> <span class='ocrx_word' id='word_1_428' title='bbox 1218 1921 1342 1950; x_wconf 70' lang='lat' dir='ltr'>MDCXC,</span> <span class='ocrx_word' id='word_1_429' title='bbox 1373 1910 1582 1953; x_wconf 84' lang='lat' dir='ltr'>pontificatus</span> <span class='ocrx_word' id='word_1_430' title='bbox 1612 1911 1719 1943; x_wconf 89' lang='lat' dir='ltr'>nostri</span> <span class='ocrx_word' id='word_1_431' title='bbox 1745 1922 1831 1944; x_wconf 90' lang='lat' dir='ltr'>anno</span> <span class='ocrx_word' id='word_1_432' title='bbox 1852 1922 1875 1945; x_wconf 85' lang='lat'>1.</span> 
     </span>
    </p>

    <p class='ocr_par' dir='ltr' id='par_1_18' title="bbox 1198 1973 1817 2007">
     <span class='ocr_line' id='line_1_84' title="bbox 1198 1973 1817 2007; baseline 0 -7"><span class='ocrx_word' id='word_1_433' title='bbox 1198 1974 1255 2000; x_wconf 79' lang='lat' dir='ltr'>Dat.</span> <span class='ocrx_word' id='word_1_434' title='bbox 1271 1973 1314 2000; x_wconf 89' lang='lat' dir='ltr'>die</span> <span class='ocrx_word' id='word_1_435' title='bbox 1330 1973 1364 2000; x_wconf 88' lang='lat'>30</span> <span class='ocrx_word' id='word_1_436' title='bbox 1384 1973 1472 2000; x_wconf 84' lang='lat' dir='ltr'>martii</span> <span class='ocrx_word' id='word_1_437' title='bbox 1493 1973 1572 2007; x_wconf 74' lang='lat'>1090,</span> <span class='ocrx_word' id='word_1_438' title='bbox 1593 1973 1689 2007; x_wconf 82' lang='lat' dir='ltr'>pontis.</span> <span class='ocrx_word' id='word_1_439' title='bbox 1711 1981 1780 2000; x_wconf 88' lang='lat' dir='ltr'>anno</span> <span class='ocrx_word' id='word_1_440' title='bbox 1799 1981 1817 2000; x_wconf 89' lang='lat'>1.</span> 
     </span>
    </p>
   </div>
   <div class='ocr_carea' id='block_1_15' title="bbox 1498 2105 1560 2138">
    <p class='ocr_par' dir='ltr' id='par_1_19' title="bbox 1498 2105 1560 2138">
     <span class='ocr_line' id='line_1_85' title="bbox 1498 2105 1560 2138; baseline -0.016 0"><span class='ocrx_word' id='word_1_441' title='bbox 1498 2105 1560 2138; x_wconf 73' lang='lat' dir='ltr'>XV.</span> 
     </span>
    </p>
   </div>
   <div class='ocr_carea' id='block_1_16' title="bbox 1164 2185 1898 2283">
    <p class='ocr_par' dir='ltr' id='par_1_20' title="bbox 1164 2185 1898 2283">
     <span class='ocr_line' id='line_1_86' title="bbox 1164 2185 1898 2228; baseline -0.001 -10"><span class='ocrx_word' id='word_1_442' title='bbox 1164 2187 1406 2228; x_wconf 78' lang='lat' dir='ltr'>Confirmanlur</span> <span class='ocrx_word' id='word_1_443' title='bbox 1430 2185 1589 2228; x_wconf 62' lang='lat' dir='ltr'>quaedam</span> <span class='ocrx_word' id='word_1_444' title='bbox 1613 2185 1737 2217; x_wconf 70' lang='lat' dir='ltr'>decrclu</span> <span class='ocrx_word' id='word_1_445' title='bbox 1759 2186 1898 2227; x_wconf 74' lang='lat' dir='ltr'>capilulz</span> 
     </span>
     <span class='ocr_line' id='line_1_87' title="bbox 1204 2240 1862 2283; baseline -0.003 -10"><span class='ocrx_word' id='word_1_446' title='bbox 1204 2241 1364 2283; x_wconf 69' lang='lat' dir='ltr'>yeneralis</span> <span class='ocrx_word' id='word_1_447' title='bbox 1389 2240 1551 2271; x_wconf 50' lang='lat' dir='ltr'>illinorwn</span> <span class='ocrx_word' id='word_1_448' title='bbox 1577 2240 1862 2273; x_wconf 69' lang='lat' dir='ltr'>Conrfnluule&#39;um.</span> 
     </span>
    </p>
   </div>
   <div class='ocr_carea' id='block_1_17' title="bbox 1278 2319 1776 2398">
    <p class='ocr_par' dir='ltr' id='par_1_21' title="bbox 1278 2319 1776 2398">
     <span class='ocr_line' id='line_1_88' title="bbox 1345 2319 1707 2352; baseline 0 -6"><span class='ocrx_word' id='word_1_449' title='bbox 1345 2321 1509 2346; x_wconf 76' lang='lat' dir='ltr'>Alexander</span> <span class='ocrx_word' id='word_1_450' title='bbox 1530 2319 1609 2352; x_wconf 83' lang='lat' dir='ltr'>Papa</span> <span class='ocrx_word' id='word_1_451' title='bbox 1628 2320 1707 2352; x_wconf 89' lang='lat' dir='ltr'>VIII,</span> 
     </span>
     <span class='ocr_line' id='line_1_89' title="bbox 1278 2364 1776 2398; baseline -0.004 -6"><span class='ocrx_word' id='word_1_452' title='bbox 1278 2365 1312 2392; x_wconf 86' lang='lat' dir='ltr'>ad</span> <span class='ocrx_word' id='word_1_453' title='bbox 1333 2367 1508 2398; x_wconf 77' lang='lat' dir='ltr'>perpetuam</span> <span class='ocrx_word' id='word_1_454' title='bbox 1528 2364 1572 2390; x_wconf 84' lang='lat' dir='ltr'>rei</span> <span class='ocrx_word' id='word_1_455' title='bbox 1594 2365 1776 2391; x_wconf 85' lang='lat' dir='ltr'>memoriam.</span> 
     </span>
    </p>
   </div>
   <div class='ocr_carea' id='block_1_18' title="bbox 1161 2435 1897 2637">
    <p class='ocr_par' dir='ltr' id='par_1_22' title="bbox 1161 2435 1897 2637">
     <span class='ocr_line' id='line_1_90' title="bbox 1204 2435 1896 2479; baseline 0 -10"><span class='ocrx_word' id='word_1_456' title='bbox 1204 2437 1238 2469; x_wconf 91' lang='lat' dir='ltr'>ln</span> <span class='ocrx_word' id='word_1_457' title='bbox 1264 2447 1413 2479; x_wconf 85' lang='lat' dir='ltr'>supremo</span> <span class='ocrx_word' id='word_1_458' title='bbox 1440 2435 1607 2468; x_wconf 82' lang='lat' dir='ltr'>militantis</span> <span class='ocrx_word' id='word_1_459' title='bbox 1632 2435 1792 2468; x_wconf 77' lang='lat' dir='ltr'>Ecclesiae</span> <span class='ocrx_word' id='word_1_460' title='bbox 1814 2437 1896 2469; x_wconf 93' lang='lat' dir='ltr'>solio</span> 
     </span>
     <span class='ocr_line' id='line_1_91' title="bbox 1161 2487 1897 2532; baseline -0.001 -11"><span class='ocrx_word' id='word_1_461' title='bbox 1161 2501 1219 2532; x_wconf 84' lang='lat' dir='ltr'>per</span> <span class='ocrx_word' id='word_1_462' title='bbox 1243 2489 1439 2522; x_wconf 62' lang='lat' dir='ltr'>ineffabilem</span> <span class='ocrx_word' id='word_1_463' title='bbox 1467 2488 1592 2520; x_wconf 83' lang='lat' dir='ltr'>divinae</span> <span class='ocrx_word' id='word_1_464' title='bbox 1617 2487 1770 2520; x_wconf 81' lang='lat' dir='ltr'>bonitatis</span> <span class='ocrx_word' id='word_1_465' title='bbox 1796 2489 1897 2520; x_wconf 64' lang='lat' dir='ltr'>abim-</span> 
     </span>
     <span class='ocr_line' id='line_1_92' title="bbox 1162 2541 1896 2575; baseline -0.001 0"><span class='ocrx_word' id='word_1_466' title='bbox 1162 2543 1302 2575; x_wconf 85' lang='lat' dir='ltr'>dantiam</span> <span class='ocrx_word' id='word_1_467' title='bbox 1329 2542 1417 2574; x_wconf 88' lang='lat' dir='ltr'>nullo</span> <span class='ocrx_word' id='word_1_468' title='bbox 1444 2542 1518 2573; x_wconf 83' lang='lat' dir='ltr'>licet</span> <span class='ocrx_word' id='word_1_469' title='bbox 1544 2541 1736 2573; x_wconf 80' lang='lat' dir='ltr'>meritorum</span> <span class='ocrx_word' id='word_1_470' title='bbox 1765 2548 1896 2574; x_wconf 88' lang='lat' dir='ltr'>nostro-</span> 
     </span>
     <span class='ocr_line' id='line_1_93' title="bbox 1199 2601 1745 2637; baseline -0.002 -8"><span class='ocrx_word' id='word_1_471' title='bbox 1199 2605 1205 2629; x_wconf 82' lang='grc' dir='ltr'>Ι</span> <span class='ocrx_word' id='word_1_472' title='bbox 1231 2603 1299 2629; x_wconf 85' lang='lat' dir='ltr'>Edit.</span> <span class='ocrx_word' id='word_1_473' title='bbox 1321 2602 1398 2628; x_wconf 73' lang='lat' dir='ltr'>Mam.</span> <span class='ocrx_word' id='word_1_474' title='bbox 1420 2601 1482 2637; x_wconf 55' lang='lat' dir='ltr'>tegit</span> <span class='ocrx_word' id='word_1_475' title='bbox 1503 2605 1617 2629; x_wconf 74' lang='lat' dir='ltr'>›zoslrae</span> <span class='ocrx_word' id='word_1_476' title='bbox 1637 2609 1676 2635; x_wconf 48' lang='grc' dir='ltr'>χλ.</span> <span class='ocrx_word' id='word_1_477' title='bbox 1696 2603 1745 2635; x_wconf 83' lang='grc' dir='ltr'>Τ.).</span> 
     </span>
    </p>
   </div>
   <div class='ocr_carea' id='block_1_19' title="bbox 1901 223 2085 251">
    <p class='ocr_par' dir='ltr' id='par_1_23' title="bbox 1901 223 2085 251">
     <span class='ocr_line' id='line_1_94' title="bbox 1901 223 2085 251; baseline 0.011 -2"><span class='ocrx_word' id='word_1_478' title='bbox 1901 223 1948 250; x_wconf 82' lang='lat' dir='ltr'>An.</span> <span class='ocrx_word' id='word_1_479' title='bbox 1970 224 1999 250; x_wconf 91' lang='lat' dir='ltr'>C.</span> <span class='ocrx_word' id='word_1_480' title='bbox 2019 224 2085 251; x_wconf 64' lang='grc'>1693</span> 
     </span>
    </p>
   </div>
   <div class='ocr_carea' id='block_1_20' title="bbox 1929 289 2049 310">
    <p class='ocr_par' dir='ltr' id='par_1_24' title="bbox 1929 289 2049 310">
     <span class='ocr_line' id='line_1_95' title="bbox 1929 289 2049 310; baseline 0.008 -1"><span class='ocrx_word' id='word_1_481' title='bbox 1929 289 2049 310; x_wconf 59' lang='lat' dir='ltr'>Clausulas.</span> 
     </span>
    </p>
   </div>
   <div class='ocr_carea' id='block_1_21' title="bbox 1910 1180 2092 1228">
    <p class='ocr_par' dir='ltr' id='par_1_25' title="bbox 1910 1180 2092 1228">
     <span class='ocr_line' id='line_1_96' title="bbox 1960 1180 2092 1210; baseline -0.008 -10"><span class='ocrx_word' id='word_1_482' title='bbox 1960 1180 2092 1210; x_wconf 58' lang='lat' dir='ltr'>Olv&lt;Lt¹¹2¹um</span> 
     </span>
     <span class='ocr_line' id='line_1_97' title="bbox 1910 1210 2006 1228; baseline 0 0"><span class='ocrx_word' id='word_1_483' title='bbox 1910 1210 2006 1228; x_wconf 77' lang='lat' dir='ltr'>ieiuulio.</span> 
     </span>
    </p>
   </div>
   <div class='ocr_carea' id='block_1_22' title="bbox 1910 1496 2093 1545">
    <p class='ocr_par' dir='ltr' id='par_1_26' title="bbox 1910 1496 2093 1545">
     <span class='ocr_line' id='line_1_98' title="bbox 1948 1496 2093 1517; baseline 0.007 -1"><span class='ocrx_word' id='word_1_484' title='bbox 1948 1496 2093 1517; x_wconf 60' lang='lat' dir='ltr'>Pru-‚sentium</span> 
     </span>
     <span class='ocr_line' id='line_1_99' title="bbox 1910 1523 2003 1545; baseline 0.022 -2"><span class='ocrx_word' id='word_1_485' title='bbox 1910 1523 2003 1545; x_wconf 84' lang='lat' dir='ltr'>duratio.</span> 
     </span>
    </p>
   </div>
   <div class='ocr_carea' id='block_1_23' title="bbox 1933 2443 2057 2468">
    <p class='ocr_par' dir='ltr' id='par_1_27' title="bbox 1933 2443 2057 2468">
     <span class='ocr_line' id='line_1_100' title="bbox 1933 2443 2057 2468; baseline 0.032 -4"><span class='ocrx_word' id='word_1_486' title='bbox 1933 2443 1976 2464; x_wconf 86' lang='lat' dir='ltr'>Exo</span> <span class='ocrx_word' id='word_1_487' title='bbox 1983 2445 2057 2468; x_wconf 78' lang='lat' dir='ltr'>:dium-</span> 
     </span>
    </p>
   </div>
  </div>
 </body>
</html>
