2254 3225
210 214 257 239 An.
274 212 301 239 C.
325 212 388 239 1091

441 203 451 236 l
461 203 501 237 8ss

400 263 418 298 †
439 262 496 300 Ego
519 262 690 293 Franciscus
718 261 792 291 tituli
819 261 847 290 S.
872 259 1004 289 Matthaei
1027 259 1056 288 in
1078 257 1134 287 Me-

481 311 583 340 rulana
606 310 755 349 presbyter
776 308 931 339 cardinalis
948 307 1072 337 Nerlius.

401 360 420 397 ’ξ-
441 359 498 397 Ego
521 359 713 397 Hieronymus
735 358 809 387 tituli
831 357 860 387 S.
880 355 1009 387 Silvestri
1034 355 1062 383 in
1085 353 1135 383 Ca-

483 408 542 446 pite
563 407 714 447 prcsbffter
736 405 891 435 cardinalis
913 405 1060 434 Casanate.

403 458 421 494 †
443 456 501 493 Ego
523 456 668 485 Galcatius
691 455 765 484 tituli
782 454 825 483 Ss.
842 453 950 488 Quirici
973 455 1000 481 et
1023 451 1134 479 lulittae

485 504 636 542 presbyter
657 502 814 532 cardinalis
836 502 1035 530 Mai-escottus.

404 554 422 589 †
444 552 500 589 Ego
522 551 665 580 Fabritius
689 550 763 579 tituli
786 550 814 579 S.
838 546 1005 585 Chrisogoni
1022 545 1136 584 presby-

485 604 528 629 ter
549 598 706 628 cardinalis
728 597 830 636 Spatia.

405 649 424 685 †
444 647 502 685 Ego
525 651 605 686 pater
626 647 750 676 Thomas
768 644 916 674 llovardus
942 642 1017 672 tituli
1032 641 1061 671 S.
1082 641 1138 670 Ma-

485 696 546 725 riae
567 704 653 733 super
674 694 830 724 Minervam
844 691 992 731 presbyter
1007 689 1139 719 cardina-

484 744 520 773 lis
542 744 576 772 de
598 743 750 772 Norfolcia.

405 794 424 830 †
446 793 503 830 Ego
534 792 654 821 loannes
686 789 812 829 Baptista
845 787 922 817 tituli
944 787 973 817 S.
997 787 1138 817 Caeciliae

487 839 637 878 presbyter
659 837 813 868 cardinalis
835 836 965 875 Spinula.

407 889 425 925 †
446 888 504 925 Ego
525 887 614 917 Savus
637 886 712 916 tituli
728 886 756 915 5
773 884 851 914 Petri
873 884 902 913 in
918 883 1039 914 Vincula
1062 892 1139 922 pres-

487 935 567 974 byter
589 934 741 964 cardinalis
762 933 900 962 Millinus.

407 985 426 1020 †
446 983 504 1021 Ego
527 983 696 1012 Laurentius
722 982 857 1011 basilicae
882 980 1037 1010 Duodecim
1064 980 1139 1019 Apo-

486 1031 622 1060 stolorum
641 1029 788 1069 presbyter
799 1028 953 1058 cardinalis
967 1028 1002 1057 de
1017 1028 1137 1057 Laurea.

408 1081 425 1116 †
447 1080 504 1118 Ego
526 1079 644 1108 lacobus
667 1079 742 1107 tituli
771 1078 799 1108 S.
820 1077 926 1107 Mariae
949 1077 979 1106 in
1007 1076 1139 1106 Aracaeli

487 1127 634 1166 presbyter
656 1126 811 1155 cardinalis
833 1126 868 1155 de
890 1125 1019 1163 Angelis.

407 1178 425 1213 ’ὶ-
447 1176 505 1214 Ego
528 1176 647 1205 Ioannes
680 1175 755 1204 tituli
778 1175 806 1204 S.
836 1175 914 1204 Petri
941 1174 970 1203 in
992 1174 1140 1203 Monteau-

486 1233 535 1253 reo
557 1223 706 1262 presbyter
728 1223 883 1252 cardinalis
905 1222 939 1251 de
961 1222 1098 1251 Gaessen.

408 1275 425 1310 †
449 1273 505 1311 Ego
528 1273 558 1302 P.
582 1273 617 1302 M.
637 1273 711 1302 tituli
728 1273 756 1302 S.
775 1272 900 1301 Marcelli
913 1271 1062 1310 presbyter
1077 1280 1139 1300 car-

486 1321 589 1350 dinalis
611 1321 790 1350 PetrucciuS.

408 1370 425 1406 †
446 1369 503 1406 Ego
526 1370 626 1407 Ioseph
649 1369 738 1399 Saens
761 1368 837 1398 tituli
860 1368 886 1397 S.
903 1368 1038 1397 Balbinae
1062 1377 1141 1407 pres-

487 1418 568 1457 byter
589 1418 746 1447 cardinalis
768 1417 802 1446 de
821 1417 956 1454 Aguirre.

408 1469 425 1505 †
446 1468 503 1505 Ego
526 1467 652 1496 Leander
686 1467 760 1496 tituli
793 1466 837 1496 Ss.
861 1466 945 1495 Nerei
968 1470 995 1495 ct
1018 1465 1141 1495 Achillei

487 1516 636 1555 presbyter
660 1515 815 1545 cardinalis
839 1514 1003 1545 Colloredus
1019 1523 1141 1552 magnus

488 1564 738 1602 poenitentiarius.

409 1614 426 1650 †
448 1612 505 1650 Fgo
526 1613 557 1641 F.
583 1612 657 1642 tituli
679 1612 722 1642 Ss.
746 1611 861 1641 loannis
876 1615 904 1640 et
921 1611 1003 1640 Pauli
1026 1611 1142 1651 presby-

488 1665 530 1690 ter
551 1661 706 1690 cardinalis
728 1660 836 1690 Carasa.

409 1711 427 1746 †
449 1710 507 1747 Ego
530 1710 675 1739 Bandinus
699 1710 773 1739 tituli
792 1709 819 1739 S.
834 1708 958 1738 Tliomae
974 1709 1003 1738 in
1019 1708 1142 1738 Parione

489 1757 638 1797 presbyter
660 1757 817 1787 cardinalis
840 1757 1032 1786 Paneiaticus.

409 1808 427 1844 †
451 1807 508 1844 Ego
529 1807 559 1835 F.
584 1806 659 1836 tituli
681 1806 709 1836 S.
734 1805 889 1835 Clementis
912 1805 1062 1845 presbyter
1083 1815 1143 1835 car-

488 1855 592 1884 dinalis
614 1855 647 1884 de
669 1855 781 1884 Abdua.

410 1906 428 1941 †
450 1904 508 1941 Ego
530 1904 671 1933 Tassauus
688 1903 764 1933 tituli
787 1902 815 1933 S.
836 1902 954 1940 Agnetis
970 1903 1056 1932 Extra
1072 1903 1144 1933 Moe-

489 1953 536 1982 nia
558 1953 709 1992 presbyter
739 1951 894 1981 cardinalis
917 1951 952 1981 de
978 1951 1087 1981 Janson
1109 1952 1144 1982 de

489 2002 626 2032 Fourbin.

411 2052 430 2088 †
452 2051 508 2089 Ego
530 2051 650 2080 Ioannes
681 2049 807 2088 Baptista
837 2049 917 2079 tituli
944 2048 972 2079 S.
996 2049 1144 2079 Laurentii

489 2099 519 2128 in
542 2099 617 2128 Pane
639 2103 667 2128 et
691 2098 780 2128 Perna
810 2097 960 2137 presbyter
989 2098 1144 2127 cardinalis

490 2147 633 2176 Rubinus.

412 2197 430 2232 †
453 2195 509 2233 Ego
531 2195 649 2224 loannes
680 2194 807 2233 Baptista
840 2194 916 2223 tituli
945 2194 974 2224 S.
1005 2194 1144 2223 Bernardi

491 2243 636 2283 presbyter
657 2243 813 2273 cardinalis
835 2244 1021 2280 Oostagutus.

412 2295 430 2330 †
452 2293 508 2330 Ego
531 2292 645 2321 Flavius
667 2292 709 2321 Ss.
734 2292 852 2321 Cosmae
879 2295 907 2320 et
932 2290 1063 2320 Damiani
1085 2290 1145 2320 (lia-

491 2351 579 2370 conus
601 2340 756 2369 cardinalis
779 2339 926 2369 Astallius.

413 2392 431 2426 †
454 2390 509 2427 Ego
533 2389 634 2418 Petrus
656 2389 732 2418 tituli
751 2389 779 2418 S.
802 2388 948 2417 Laurentii
972 2387 1001 2417 in
1024 2387 1145 2417 Damaso

491 2436 644 2465 cardinalis
667 2435 807 2464 diaconus
829 2435 988 2465 Ottobonus
1004 2434 1032 2464 S.
1054 2434 1088 2464 R.
1112 2434 1143 2463 E.

492 2481 757 2510 vicecancellarius.

414 2530 431 2560 †
454 2529 509 2566 Ego
533 2528 648 2557 Carolus
670 2529 698 2557 S.
723 2528 827 2557 Mariae
856 2528 885 2557 in
908 2527 1060 2558 Cosmedin
1086 2527 1147 2558 dia-

491 2584 580 2605 conus
601 2575 756 2604 cardinalis
777 2575 904 2605 Bicliius.

981 210 1156 235 BULLADIL'M
1183 208 1222 230 ΠΟ
1228 206 1334 230 iimtzu

1175 257 1193 292 †
1215 255 1275 291 Ego
1298 251 1432 291 Aloysius
1453 251 1482 281 S.
1499 249 1603 280 Mariae
1625 250 1653 280 in
1677 250 1795 280 Porticu
1816 249 1912 279 diaco-

1255 311 1309 332 nus
1331 300 1485 330 cardinalis
1508 300 1683 330 Homodeus.

1175 352 1193 388 †
1215 350 1273 388 Ego
1295 350 1417 378 loannes
1439 348 1612 378 Franciscus
1631 348 1660 378 S.
1677 346 1798 377 Adriani
1816 346 1912 376 diaco-

1255 406 1309 427 nus
1331 396 1486 426 cardinalis
1508 396 1648 426 Albanus.

1176 448 1194 483 ἦ·
1216 446 1273 483 Ego
1295 445 1466 475 Franciscus
1484 445 1512 475 S.
1531 444 1634 482 Angeli
1650 444 1680 473 in
1697 444 1769 473 Foro
1784 443 1911 473 Piscium

1255 493 1411 523 cardinalis
1433 492 1620 523 Barberinus.

1177 544 1195 580 †
1215 543 1274 580 Ego
1296 542 1467 572 Laurentius
1489 542 1517 571 S.
1536 541 1571 570 M.
1589 541 1619 570 in
1643 540 1752 579 Aquiro
1774 539 1913 569 diaconus

1257 590 1413 620 cardinalis
1435 590 1469 619 de
1491 589 1619 619 Alteriis.

1522 726 1570 759 IV.

1180 807 1420 848 Promulgyalnr
1436 806 1639 838 canonizatio
1664 805 1695 838 S.
1723 805 1859 838 Ioannis
1878 804 1916 837 de

1224 860 1262 893 cle
1285 860 1350 893 Dco
1375 860 1442 892 und
1461 870 1534 892 cnm
1554 859 1759 902 indulqenliti
1785 858 1818 890 in
1847 858 1915 890 eius

1224 912 1335 955 ses(0¹.

1357 983 1553 1011 Innocentius
1573 982 1742 1016 episeopus.

1369 1034 1474 1053 servus
1491 1033 1642 1053 servorum
1658 1026 1725 1058 Dei,

1299 1073 1335 1097 ad
1354 1074 1531 1104 perpetuam
1550 1070 1595 1097 rei
1615 1069 1796 1096 memoriam.

1225 1141 1353 1174 [lationi
1374 1141 1522 1182 congruit
1540 1145 1571 1173 et
1585 1140 1737 1173 convenit
1750 1141 1916 1184 aequitati,

1182 1199 1217 1226 ut
1241 1205 1286 1232 ea,
1314 1204 1395 1236 quae
1422 1194 1560 1226 Romani
1591 1192 1756 1226 Pontificis
1782 1195 1916 1237 provida

1183 1247 1417 1280 deliberatione
1448 1258 1485 1279 ac
1517 1246 1751 1279 venerabilium
1784 1247 1916 1280 fratrum

1183 1310 1313 1332 suorum
1339 1300 1370 1332 S.
1399 1300 1436 1331 R.
1467 1300 1501 1332 E.
1532 1299 1767 1339 cardinalium,
1792 1311 1917 1334 necnon

1183 1352 1448 1395 patriarchamun,
1466 1352 1787 1395 archiepiscoporum
1809 1358 1840 1385 et
1854 1353 1920 1396 epi-

1183 1415 1354 1448 scoporum
1381 1410 1457 1438 tunc
1482 1405 1513 1437 in
1539 1405 1682 1437 Romana
1715 1404 1810 1438 Curia
1839 1416 1920 1438 com-

1184 1458 1379 1490 morantium
1413 1457 1558 1490 unanimi
1595 1457 1731 1490 consilio
1767 1458 1918 1498 decreta,

1184 1509 1316 1542 delinita
1342 1515 1373 1542 et
1398 1515 1516 1542 statuta
1540 1510 1687 1549 suerunt,
1713 1509 1790 1543 licet
1815 1510 1919 1553 ipsius

1183 1564 1437 1605 superveniente
1456 1563 1545 1595 obitu
1570 1563 1696 1595 litterae
1721 1563 1919 1605 apostolicae

1184 1615 1326 1658 desuper
1359 1616 1526 1648 consectae
1560 1626 1623 1648 non
1658 1615 1799 1656 suerint,
1826 1626 1918 1648 suum

1184 1669 1326 1701 debitum
1353 1673 1596 1711 consequantur
1620 1667 1776 1701 effectum.

1228 1721 1241 1763 g
1260 1721 1290 1753 sl.
1310 1721 1434 1753 Dudum
1460 1721 1619 1763 siquidem
1645 1721 1748 1754 felicis
1767 1722 1918 1755 recorda-

1186 1774 1280 1806 tionis
1299 1774 1480 1806 Alexander
1498 1774 1583 1816 Papa
1600 1774 1663 1806 Vlll
1688 1775 1917 1817 praedecessor

1186 1832 1295 1859 noster
1309 1826 1361 1869 pia
1378 1828 1490 1859 secura
1508 1826 1719 1859 meditatione
1734 1828 1918 1870 perpendit,

1185 1879 1270 1922 quod
1296 1879 1442 1911 Romana
1467 1879 1627 1911 catholica
1652 1878 1810 1919 Ecclesia,
1837 1891 1919 1923 quae

1186 1943 1281 1974 supra
1298 1932 1544 1964 fundamentum
1562 1932 1784 1974 apostolorum
1802 1938 1833 1965 et
1848 1943 1921 1976 pro-

1186 1986 1358 2028 phetarum
1386 1984 1457 2027 ipso
1486 1994 1609 2017 summo
1638 1984 1784 2026 angulari
1813 1985 1919 2028 lapide

1186 2038 1315 2071 Christo
1333 2038 1403 2070 lesu
1422 2036 1591 2070 aedificata
1616 2047 1632 2068 a
1652 2036 1718 2069 Deo
1744 2037 1838 2070 Patre
1863 2038 1920 2069 mi-

1187 2090 1439 2123 sericordiarum
1458 2089 1657 2132 perennibus
1680 2089 1801 2131 gratiae
1822 2091 1920 2122 caele-

1187 2144 1243 2176 stis
1260 2142 1544 2176 benedictionibus
1561 2143 1753 2182 cumulatur,
1769 2142 1852 2174 sicut
1873 2148 1920 2175 tot

1187 2197 1456 2230 documentorum
1474 2200 1524 2227 est
1537 2194 1657 2226 munita
1678 2194 1859 2237 praesidiis,
1876 2195 1921 2228 ita

1188 2254 1374 2281 sanctorum
1400 2248 1541 2280 virorum
1560 2247 1592 2279 in
1618 2246 1687 2279 dies
1714 2246 1922 2280 confirmatur

1188 2301 1344 2344 exemplis
1361 2327 1368 2341 ,
1401 2311 1483 2344 quae
1514 2311 1586 2333 cum
1613 2300 1652 2332 ad
1676 2299 1831 2333 nietatem
1856 2311 1922 2333 ma-

1224 2400 1234 2424 1
1258 2397 1354 2424 Beatus
1374 2397 1523 2424 declaratus
1549 2395 1598 2422 fuit
1624 2395 1657 2422 ab
1678 2395 1785 2423 Urbano
1805 2395 1860 2422 Vlll
1881 2396 1925 2423 die

1187 2443 1215 2470 2¹
1247 2442 1410 2477 septembris
1436 2447 1558 2474 mncxxx3
1585 2439 1698 2466 Sanctus
1722 2448 1785 2467 vero
1813 2440 1846 2467 ab
1867 2441 1925 2468 Ale-

1187 2487 1287 2514 xandro
1308 2486 1363 2512 VIll
1390 2485 1432 2512 die
1461 2486 1491 2511 16
1515 2485 1634 2512 octobris
1654 2491 1752 2518 uocxc,
1774 2485 1868 2520 pontis.
1888 2492 1923 2519 u;

1186 2533 1252 2559 alias
1272 2530 1485 2558 canonizationes
1506 2529 1566 2557 vide
1585 2529 1612 2556 in
1632 2529 1823 2557 constitutione
1843 2538 1923 2566 prae-

1187 2575 1293 2603 cedenti
1312 2579 1339 2601 et
1358 2573 1491 2610 sequenti.

1917 201 1968 227 An.
1989 200 2018 227 C.
2037 200 2098 227 1691

1953 1152 2074 1174 Exordium.

1954 1731 2026 1751 Dictus
2038 1731 2113 1751 boatu·

1928 1757 2052 1778 Sum-iorum
2063 1758 2111 1778 albo

1928 1784 1952 1804 dil
1967 1787 2046 1809 eruptus
2069 1784 2113 1804 suu-

1929 1813 1958 1830 νει
1975 1811 2001 1830 at·
2027 1810 2113 1830 Alexan-

1929 1836 1966 1857 dio
1984 1836 2036 1857 ΠΗ.
