2254 3225
224 216 272 239 An.
290 213 319 239 c.
342 214 407 241 1692
450 207 516 241 566

415 265 517 298 nerali
553 268 815 310 praescribendis
846 269 942 303 huius
975 271 1147 304 confirma-

415 317 503 351 tione
529 318 661 361 decreti,
677 321 816 355 lecturas
841 322 1011 357 distribuet
1031 334 1070 357 eo
1099 334 1150 357 or-

415 370 509 411 dine,
536 383 600 416 quo
625 374 744 407 suerint
768 376 939 419 approbati
964 388 981 410 a
1004 377 1150 421 patribus

415 423 575 459 iudicibus
600 429 787 468 concursus,
813 429 1014 463 conserendo
1038 430 1152 463 melio-

414 487 483 511 rem
507 478 611 522 priori
635 480 669 512 in
694 480 808 514 ordine
833 482 1014 524 designato,
1036 492 1151 515 secun-

415 530 487 563 dam
512 531 545 564 in
570 533 722 573 secundo,
743 538 776 566 et
795 544 861 567 non
881 535 989 567 aliter.
1008 535 1152 568 Declara-

414 594 485 617 mus
510 585 543 618 in
568 586 671 628 primo
692 587 793 629 gradu
819 597 891 620 esse
917 588 1054 621 lecturas
1075 597 1151 621 eon·

414 643 580 679 ventuum,
607 640 659 683 qui
680 645 836 673 vocantur
859 641 986 683 magni,
1012 646 1045 673 et
1068 640 1151 673 inter

415 700 468 723 eas
494 691 788 734 Pampilonensem.
815 692 1022 725 Nominamus
1047 693 1080 725 in
1105 693 1152 726 iu-

415 743 501 777 dices
526 747 702 777 concursus
734 745 949 778 reverendum
978 746 1151 779 admodum

414 802 538 839 patrem
564 798 795 841 provincialem
821 809 879 842 pro
908 804 1053 841 tempore
1086 799 1151 832 exi-

413 855 561 891 stentem,
581 857 718 894 quatuor
735 857 844 894 patres
870 851 1041 893 magistros
1067 852 1150 884 anti-

414 903 544 946 quiores
556 904 586 936 in
603 905 770 947 provincia
786 905 838 948 qui
858 911 1004 948 tempore
1018 916 1149 938 concur-

413 957 467 989 sus
493 957 658 999 potuerint
682 958 854 997 interesse,
879 964 910 991 et
936 959 1016 992 duos
1042 964 1149 1002 patres

414 1015 566 1051 regentes
581 1009 658 1043 dicti
669 1010 770 1043 nostri
786 1011 928 1053 collegii.
941 1011 977 1044 Et
991 1012 1015 1044 si
1030 1012 1148 1055 aliquis

413 1073 449 1094 ex
475 1068 611 1105 quatuor
645 1063 791 1106 patribus
823 1064 984 1106 magistris
1011 1064 1150 1098 desuerit

411 1115 554 1157 legitime
579 1116 766 1158 impeditus,
794 1116 860 1149 eius
892 1118 966 1149 loco
1001 1117 1150 1151 intererit

411 1168 566 1210 magister
589 1168 754 1212 antiquior
777 1169 817 1201 ab
846 1169 924 1209 illis⁷
944 1175 975 1202 et
993 1170 1018 1203 si
1042 1171 1149 1204 desue-

412 1220 452 1253 rit
476 1221 592 1264 aliquis
617 1232 653 1254 ex
677 1222 885 1264 regentibus,
912 1222 981 1255 eius
1006 1224 1077 1256 loco
1102 1223 1148 1256 in-

411 1274 576 1315 gredietur
599 1275 700 1308 lector
725 1275 880 1308 iubilatus
902 1276 1067 1319 antiquior
1093 1277 1147 1320 qui

411 1332 558 1370 tempore
584 1330 764 1360 concursus
791 1328 885 1361 suerit
908 1329 1042 1370 Matriti3
1070 1335 1101 1363 et
1121 1331 1147 1363 si

409 1384 503 1422 pater
520 1381 622 1413 lector
638 1381 766 1424 collegii
786 1381 933 1421 desuerit,
953 1382 1022 1415 cius
1041 1383 1146 1416 locum

410 1433 579 1476 supplebit
604 1439 695 1476 pater
714 1439 822 1467 rector
846 1435 1015 1468 absolutus
1041 1436 1148 1469 imme-

411 1485 516 1518 diatus
543 1486 685 1519 existens
706 1486 820 1519 Matriti
849 1494 992 1531 tempore
1020 1489 1146 1532 opposi-

412 1538 559 1578 tionum,
587 1538 670 1571 itaut
705 1550 836 1583 semper
871 1541 934 1573 sint
958 1547 1081 1584 septem
1107 1542 1144 1574 ad

408 1590 514 1622 minus
539 1590 659 1624 iudIces
677 1591 753 1624 dieti
772 1592 976 1626 conventas&
997 1594 1075 1626 Item
1092 1595 1145 1627 de-

410 1644 570 1676 claramus
595 1645 813 1687 oppositores,
836 1646 941 1688 quiin
966 1648 1028 1679 uua
1048 1657 1146 1690 oppo-

410 1696 530 1730 sitione
555 1697 711 1730 lecturam
728 1708 794 1731 non
819 1698 1030 1739 obtinuerint,
1048 1711 1144 1743 posse

409 1749 515 1795 ad-hue
541 1750 666 1782 admitti
698 1751 737 1783 ad
763 1751 937 1784 secundam
963 1758 994 1785 et
1017 1753 1144 1786 tertiam

408 1813 469 1845 pro
494 1802 654 1836 distinctis
680 1804 789 1844 annis3
809 1809 952 1838 attamen
969 1810 1018 1839 ter
1039 1808 1145 1850 repul-

407 1865 474 1888 sam
498 1866 637 1898 passum,
664 1856 849 1899 incapacem
871 1863 905 1890 ut
929 1859 1066 1901 amplius
1091 1860 1145 1892 ad-

408 1909 552 1940 mittatur
585 1909 623 1941 ad
656 1909 778 1942 similes
816 1911 1058 1953 oppositiones,
1084 1923 1143 1946 nec

991 222 1168 247 BULLARIUM
1193 223 1210 247 R
1216 222 1347 248 OMANUM

1192 271 1371 315 Giorginas,
1386 272 1483 306 totius
1509 271 1635 306 Ordinis
1658 271 1791 305 fratrum
1812 271 1927 305 e‘remi-

1193 330 1295 358 tarum
1336 326 1436 358 sancti
1475 326 1577 369 patris
1617 326 1720 359 nostri
1755 324 1926 369 Augustini

1192 377 1283 421 prior
1308 378 1482 421 generalis.
1515 378 1592 412 Cum
1626 379 1791 412 decretum
1825 388 1926 421 supra

1191 430 1330 464 relatum
1356 431 1395 464 de
1420 431 1647 474 promovendis
1672 431 1713 464 ad
1736 432 1874 464 lecturas
1891 430 1926 463 in

1192 486 1301 516 nostra
1325 483 1491 527 provincia
1508 483 1675 524 castellae,
1696 484 1829 527 praevio
1849 494 1926 517 con-

1192 538 1389 569 currentium
1413 536 1560 569 examine
1575 563 1582 576 ,
1613 542 1784 578 augmento
1807 536 1928 569 studio-

1192 599 1262 622 rum
1287 595 1318 622 et
1342 589 1510 622 doetrinae
1546 589 1637 622 valde
1674 589 1752 622 utile
1785 589 1927 622 futurum

1192 641 1243 682 sit,
1261 641 1353 681 illud,
1370 641 1478 684 vigore
1503 641 1738 685 praesentium,
1757 641 1926 685 nostrique

1192 695 1335 728 muneris
1352 695 1553 735 auctoritate,
1571 705 1700 728 necnon
1723 695 1763 728 de
1788 694 1926 728 consilio

1193 748 1365 781 admodum
1402 748 1653 781 reverendorum
1688 754 1813 791 patrum
1842 747 1924 780 assi—

1192 801 1351 841 stentium,
1379 801 1597 844 approbamus
1623 806 1654 834 et
1677 799 1902 833 confirmamus
1917 827 1924 840 ,

1191 860 1287 897 atque
1312 865 1372 897 pro
1398 854 1496 896 ipsius
1532 853 1709 887 inviolabili
1735 854 1926 887 executione

1191 907 1406 949 praecipimus
1437 907 1519 949 patri
1549 906 1737 949 provinciali
1761 917 1820 950 pro
1846 911 1927 939 tem-

1190 970 1271 1003 pore
1285 960 1442 1001 existenti,
1458 960 1639 1003 ceterisque
1654 961 1831 993 concursus
1845 959 1928 992 iudi-

1191 1012 1281 1045 cibus
1302 1012 1485 1055 assignatis,
1507 1013 1538 1045 in
1557 1013 1673 1045 virtute
1696 1012 1834 1055 Spiritus
1851 1012 1928 1045 San-

1190 1065 1242 1105 cti,
1269 1071 1300 1098 et
1325 1065 1383 1099 sub
1408 1068 1515 1108 poena
1539 1065 1729 1108 privationis
1754 1065 1926 1108 utriusque

1191 1119 1276 1151 vocis
1301 1125 1333 1152 et
1361 1119 1578 1153 inhabilitatis
1610 1119 1649 1151 ad
1684 1119 1792 1152 omnia
1821 1118 1927 1152 officia

1191 1172 1342 1205 omnibus
1367 1172 1480 1205 suturis
1508 1172 1703 1215 temporibus
1728 1172 1924 1210 obtinenda,

1190 1235 1251 1258 nec
1276 1225 1314 1258 ad
1332 1226 1474 1258 lecturas
1500 1226 1616 1258 artium
1641 1225 1734 1257 aliter
1758 1225 1928 1257 admittant

1191 1283 1244 1311 aut
1266 1284 1495 1321 promoveant,
1531 1278 1592 1311 nisi
1627 1278 1686 1311 sub
1717 1278 1926 1322 praescriptis

1190 1331 1360 1365 memorati
1387 1331 1507 1365 decreti
1541 1331 1804 1371 conditionibus,
1830 1337 1928 1374 prout

1190 1390 1423 1418 concurrentes
1436 1385 1550 1417 maiori
1569 1384 1791 1427 praerogativa
1806 1384 1927 1417 suerint

1191 1437 1367 1479 digniores.
1387 1436 1477 1474 Quod
1495 1437 1520 1469 si
1539 1448 1630 1470 secus
1648 1437 1717 1470 sieri
1739 1437 1924 1480 contigerit,

1189 1491 1296 1534 aliqua
1324 1490 1576 1533 praemissarum
1609 1491 1795 1524 conditione
1827 1491 1926 1523 omis-

1189 1545 1220 1575 sa
1237 1570 1245 1583 ,
1273 1548 1336 1576 tam
1365 1548 1457 1586 pater
1482 1543 1689 1586 provincialis
1716 1554 1812 1587 quam
1843 1544 1926 1576 iudi-

1189 1606 1241 1629 ces
1259 1596 1407 1639 superius
1431 1595 1582 1639 praefixis
1608 1595 1724 1639 poenis
1746 1596 1815 1639 ipso
1841 1596 1924 1629 sacto

1188 1648 1392 1688 subiaceant,
1417 1654 1448 1681 et
1472 1649 1683 1682 nihilominus
1700 1649 1924 1692 promotiones

1187 1702 1277 1744 ipsae
1302 1702 1461 1734 lectorum
1487 1701 1597 1735 irritae
1634 1712 1671 1734 ac
1694 1702 1815 1735 nullius
1839 1704 1925 1735 valo-

1187 1754 1231 1786 ris
1255 1754 1447 1787 habeantur.
1473 1754 1586 1787 Datum
1610 1754 1643 1787 in
1670 1760 1830 1788 conventu
1855 1766 1925 1788 san-

1187 1806 1228 1839 cti
1250 1806 1350 1849 patris
1376 1807 1544 1849 Augustini
1563 1808 1602 1840 de
1621 1807 1717 1847 Urbe,
1735 1807 1787 1841 die
1803 1817 1824 1841 v
1842 1808 1923 1841 iunii

1186 1869 1330 1893 nncxcn.
1358 1859 1469 1892 Frater
1493 1860 1694 1893 Furem-uns
1719 1860 1923 1894 Tasivittom

1929 223 1981 250 An.
2001 224 2031 250 C.
2051 224 2119 251 ¹093

1186 1913 1274 1956 prior
1299 1913 1470 1955 generalis.
1498 1913 1649 1955 Magister
1665 1913 1827 1947 Nmoms
1846 1914 1923 1947 SER-

1185 1975 1266 1999 RANO
1291 1966 1420 1999 Ordinis
1445 1967 1635 1999 secretarius
1653 1979 1684 1999 n.
1984 1979 2117 2000 mmmm

1229 2019 1243 2062 g
1269 2018 1299 2051 ἰ).
1326 2018 1403 2051 Cum
1429 2024 1547 2057 autem,
1568 2019 1650 2051 sieut
1666 2019 1779 2052 eadem
1796 2006 2047 2063 exposi-Zssle'I-ffisstf
2079 2008 2115 2027 ‘¹⁰'

408 1961 603 1994 reverendus
630 1967 723 2004 pater
752 1963 957 2006 provincialis
982 1976 1039 2008 pro
1066 1971 1142 1999 tem-

406 2024 486 2057 pore
514 2013 655 2046 existens
682 2014 843 2048 licentiam
867 2017 1006 2060 amplius
1033 2029 1143 2052 conce-

407 2068 484 2100 dere
509 2067 613 2110 possit
636 2073 671 2099 ut
695 2078 727 2100 sc
753 2068 791 2100 ad
822 2080 1013 2102 coneursum
1044 2081 1142 2115 expo-

407 2126 469 2160 nat,
483 2127 514 2153 et
531 2132 548 2153 a
564 2121 721 2154 iudicibus
743 2123 928 2155 nullatenus
946 2124 1138 2165 admittatur,

406 2174 465 2206 sub
491 2174 605 2216 poenis
630 2185 646 2207 a
671 2176 946 2209 reverendissimo
971 2184 1061 2220 patre
1086 2189 1141 2221 ge-

405 2227 509 2259 nerali
534 2228 805 2269 praescribendis,
823 2235 915 2271 prout
935 2230 994 2262 sibi
1013 2231 1093 2264 bene
1107 2231 1140 2263 in

406 2279 543 2312 Domino
561 2280 722 2313 videbitur
742 2282 892 2324 expedire
907 2294 937 2314 ».
954 2283 990 2315 Et
1003 2283 1139 2317 subinde

406 2337 482 2365 tunc
497 2332 593 2365 etiam
610 2333 749 2366 existens
770 2334 860 2377 prior
884 2336 1043 2376 generalis
1061 2337 1141 2369 eius-

408 2385 481 2418 dem
495 2384 621 2418 Ordinis
635 2386 799 2419 decretum
814 2387 1052 2429 praeinsertum
1071 2400 1140 2422 con-

407 2436 544 2470 firmavit
568 2448 627 2480 per
647 2449 738 2470 suum
764 2440 885 2482 pariter
909 2441 1075 2474 decretum
1100 2448 1139 2475 te—

406 2489 495 2522 noris
520 2491 696 2533 sequentis,
723 2502 861 2534 nempe:
887 2493 1061 2535 «Magister
1082 2496 1139 2527 sra-

407 2538 656 2584 tcr'Fulgentius
673 2543 851 2577 Travalloni
871 2556 886 2577 a
904 2545 1008 2579 Monte
1023 2547 1137 2590 Elparo

439 2603 452 2629 1
475 2602 572 2629 Forsan
594 2604 736 2639 legendum
758 2607 908 2634 sauciastis
927 2610 964 2641 (n,
982 2608 1029 2643 T.).

1185 2073 1228 2105 tio
1254 2066 1480 2115 subiungebat,
1508 2073 1612 2105 dietus
1637 2074 1823 2116 Alphonsus
1847 2085 1923 2118 pro-

1184 2130 1315 2158 curator
1331 2125 1463 2158 decreta
1488 2125 1685 2165 huiusmodi,
1710 2136 1774 2169 quo
1797 2126 1921 2160 firmius

1183 2177 1361 2210 subsistant
1386 2182 1416 2210 et
1436 2183 1603 2210 serventur
1620 2179 1773 2219 exactius,
1792 2184 1923 2222 aposto-

1182 2231 1263 2263 licae
1289 2230 1542 2264 confirmationis
1578 2236 1709 2264 nostrae
1740 2232 1922 2275 patrocinio

1183 2284 1376 2317 communiri
1413 2295 1618 2327 summopere
1641 2285 1825 2319 desideret:
1853 2298 1920 2325 nos,

1183 2338 1330 2369 eumdem
1346 2337 1548 2379 Alpbonsum
1579 2343 1823 2380 procuratorem
1848 2350 1922 2383 spe-

1182 2390 1317 2423 cialibus
1353 2390 1515 2423 savoribus
1552 2397 1583 2422 et
1619 2391 1728 2433 gratiis
1767 2393 1921 2435 prosequi

1181 2444 1340 2483 volentes,
1367 2449 1399 2475 et
1423 2454 1439 2475 a
1466 2443 1633 2486 quibusvis
1660 2446 1922 2478 excommunica-

1183 2495 1289 2536 tionis,
1304 2495 1527 2538 suspensionis
1545 2501 1577 2528 ct
1592 2495 1768 2538 interdicti,
1783 2498 1920 2541 aliisque

1182 2548 1410 2581 ecclesiasticis
1435 2550 1616 2587 sententiis,
1635 2551 1781 2583 censuris
1799 2556 1829 2584 et
1847 2562 1921 2595 poe-

1158 2601 1240 2641 1nis,
1267 2612 1283 2634 a
1309 2601 1378 2634 iure
1404 2603 1452 2634 rel
1479 2603 1517 2634 al·
1545 2603 1690 2644 bomine,
1725 2604 1835 2647 quavis
1860 2615 1921 2637 oc·-
