2227 3225
131 282 182 310 An.
202 280 230 308 C.
250 280 316 308 1698

161 1463 281 1486 ctansutae.

915 277 1125 302 INNOCENTIL'S
1150 278 1191 301 XII
1217 278 1263 302 ΙΨ.

325 329 481 368 volentes,
508 337 619 361 eorum
652 327 836 370 singulares
862 337 1019 371 personas
1051 337 1069 360 a

324 381 490 426 quibusvis
506 381 861 421 excommunicationis,
881 380 1070 424 suspensio-

323 434 373 468 nis
396 439 429 467 et
452 434 634 473 interdicti,
662 434 800 477 aliisque
837 433 1067 467 ecclesiasticis

323 487 507 528 sententiis,
532 488 677 520 censuris
703 493 741 520 et·
758 488 885 531 poeuis,
903 498 919 520 a
934 488 1004 520 iure
1018 487 1068 520 vel

323 541 363 575 ab
390 541 533 580 homine,
560 541 673 585 quavis
700 542 871 575 occasione
899 542 948 574 vcl
973 543 1070 574 causa

325 595 411 635 latis,
431 595 455 628 si
481 595 600 639 quibus
623 595 870 638 quomodolibet
896 595 1069 628 innodatae

324 649 477 689 existunt,
504 649 542 682 ad
569 647 716 682 etl'ectum
736 648 957 692 praesentium
980 648 1071 681 dum-

324 707 412 735 taxat
440 703 718 746 consequendum,
746 702 862 735 harum
895 703 978 735 serie
1016 703 1092 748 ιώ-4

325 757 491 790 solventes
525 762 557 789 et
582 756 743 789 absolutas
770 756 838 789 sore
875 762 1069 795 censentes,

328 809 515 842 huiusmodi
536 809 832 853 supplicationibus
851 809 1008 847 inclinati,
1030 809 1068 841 de

326 862 563 896 venerabilium
589 862 723 895 fratrum
749 868 933 895 nostrorum
952 862 1066 894 S.R.E.

326 915 540 949 cardinalium
566 916 707 959 negotiis
726 922 757 949 et
778 917 1070 949 consultationibus

328 969 562 1013 episcoporum
590 976 621 1003 et
653 969 874 1011 regularium¹
909 970 1068 1010 consilio,

327 1023 549 1066 praeinsertas
588 1023 762 1056 Clementis
808 1023 1069 1067 praedecessoris

327 1076 464 1115 litteras,
482 1087 554 1109 cum
574 1077 724 1109 omnibus
750 1082 780 1110 et
806 1077 943 1119 singulis
970 1078 1001 1109 in
1024 1077 1070 1110 eis

328 1129 502 1169 contentis,
529 1130 722 1163 auctoritate
741 1131 934 1174 apostolica,
960 1137 1071 1163 tenore

327 1183 561 1225 praesentium,
587 1185 805 1227 approbamus
837 1190 868 1217 et
904 1185 1073 1217 contirma-

329 1248 409 1277 mus,
430 1237 560 1280 illisque
579 1237 776 1271 inviolabilis
802 1238 1000 1282 apostolicae
1021 1237 1070 1270 sir-

328 1290 448 1323 mitatis
484 1291 584 1323 robur
620 1290 808 1323 adIicimus:
846 1292 931 1323 salva
965 1296 1072 1323 tamen

329 1354 459 1387 semper
489 1344 521 1377 in
547 1344 734 1388 praemissis
769 1346 961 1378 auctoritate
993 1345 1074 1378 Con-

329 1397 528 1440 gregationis
554 1398 798 1441 praedictorum
825 1399 1053 1431 cardinalium.

372 1450 387 1494 g
411 1450 444 1484 3.
470 1451 704 1492 Decernentcs‚
725 1452 857 1485 easdem
884 1457 1074 1494 praesentes

328 1504 455 1538 litteras
480 1515 611 1548 semper
637 1505 754 1544 Iirmas,
781 1505 901 1538 validas
922 1511 954 1538 et
974 1506 1076 1538 effica-

329 1568 381 1591 ces
408 1557 547 1591 existere
573 1563 604 1591 et
629 1559 708 1599 sore,
736 1569 880 1602 suosque
907 1559 1075 1601 plenarios

330 1616 362 1644 et
385 1611 534 1654 integros
560 1611 696 1644 effectus
722 1611 832 1644 sortiri
860 1617 891 1644 et
909 1611 1073 1652 obtinere,

330 1675 367 1698 ac
392 1664 481 1706 illis,
504 1665 544 1698 ad
574 1676 657 1709 quos
686 1670 811 1708 spectat
844 1670 875 1698 et
906 1676 966 1709 pro
995 1671 1076 1698 tem-

330 1728 410 1761 pore
421 1718 1075 1762 quandocumquespectabit,plenissime

331 1770 512 1813 suflragari,
537 1776 568 1804 et
591 1771 631 1804 ab
649 1772 695 1804 eis
714 1772 890 1815 respective
910 1772 1077 1805 inviolabi-

331 1824 407 1857 liter
425 1824 606 1863 observari,
626 1824 736 1867 sicque
755 1825 786 1856 in
806 1825 998 1867 praemissis
1017 1835 1077 1868 per

332 1887 561 1920 quoscumque
579 1877 702 1910 iudices
721 1878 906 1910 ordinarios
933 1883 963 1910 et
989 1879 1077 1911 dele-

332 1935 434 1973 gatos,
460 1931 559 1963 etiam
581 1942 754 1963 causarum
774 1931 884 1974 palatii
904 1931 1076 1975 apostolici

333 1984 511 2025 auditores,
543 1984 679 2018 iudicari
711 1990 743 2018 et
770 1984 898 2017 definiri
937 1985 1074 2025 debere,

333 2047 370 2070 ac
394 2037 522 2070 irritum
551 2038 701 2077 etinane,
729 2038 754 2070 si
782 2048 874 2070 secus
900 2049 999 2081 super
1026 2039 1076 2071 bis

333 2102 351 2123 a
377 2101 553 2134 quoquam,
580 2091 693 2134 quavis
714 2091 920 2131 auctoritate,
937 2091 1078 2124 scienter

332 2145 382 2176 vel
402 2144 600 2186 ignoranter,
620 2144 794 2186 contigerit
812 2144 978 2177 attentari.
1006 2144 1075 2177 Non

334 2198 539 2231 obstantibus
552 2197 702 2230 omnibus
717 2203 748 2230 et
762 2197 899 2240 singuliS
916 2198 980 2231 illis
995 2209 1077 2242 quae

320 2251 367 2284 vin
385 2251 598 2294 praeinsertis
618 2251 793 2284 Clementis
812 2252 1077 2295 praedecessoris

334 2304 451 2338 litteris
476 2315 632 2337 concessa
654 2309 731 2336 sunt
755 2315 821 2337 non
847 2306 1001 2345 obstare,
1029 2316 1079 2338 ce-

335 2358 481 2402 terisque
502 2358 676 2391 contrariis
703 2358 976 2402 quibuscumque.

377 2411 496 2445 Datum
522 2411 656 2451 Romae,
683 2411 769 2455 apud
797 2412 829 2444 S.
856 2411 1079 2455 MariampMa-

336 2464 453 2505 iorem,
489 2466 548 2498 sub
577 2465 697 2498 annulo
723 2464 917 2505 piscatoris,
948 2464 999 2498 die
1027 2475 1078 2499 xlv

337 2519 523 2552 novembris
547 2528 726 2559 Mncxcvm,
743 2518 955 2561 pontificatus
973 2519 1078 2552 nostri

337 2581 424 2604 anno
449 2582 519 2605 vm.

373 2624 432 2650 Dat.
449 2624 493 2651 die
509 2627 541 2651 14
556 2625 713 2652 novembris
728 2625 808 2659 1698,
826 2625 920 2660 pontis.
936 2633 1007 2653 anno
1022 2632 1078 2653 vm.

374 2687 384 2715 t
407 2685 489 2714 Deest
503 2688 739 2723 praepositorum
757 2690 795 2723 (n.
816 2688 864 2724 τ.).

1753 268 1816 303 893

1404 326 1560 360 CLXXIII.

1112 405 1302 449 Impom'tur
1324 410 1518 449 perpetuum
1553 405 1724 439 silentium
1758 418 1855 450 super

1156 460 1346 503 quaestione
1390 459 1427 491 de
1472 459 1679 492 institutione
1720 459 1855 493 Ordinis

1159 513 1418 548 carmelitarum
1452 523 1473 546 a
1506 513 1677 557 prophetis
1715 513 1793 546 Elia
1828 517 1856 545 et

1157 567 1294 601 Eliseo¹.

1295 638 1495 666 Innocentius
1516 638 1595 672 Papa
1615 638 1680 668 XII,

1243 683 1280 710 ad
1295 687 1473 717 perpetuam
1489 683 1534 710 rei
1550 683 1732 710 memoriam.

1863 278 1910 304 An.
1934 277 1961 303 C.
1982 278 2046 304 1698

1159 753 1412 798 Redemptoris⁹
1437 765 1473 787 ac
1507 754 1631 787 domini
1657 754 1758 787 nostri
1785 754 1855 787 Iesu
1902 765 1992 784 wan„

1114 808 1244 847 Christi,
1271 808 1324 852 qui
1351 807 1493 840 charitas
1521 813 1571 840 est
1596 813 1626 840 et
1643 807 1728 840 Deus
1753 807 1856 850 pacis,

1114 862 1207 902 vices,
1224 862 1298 894 licet
1323 861 1487 903 immeritI,
1513 867 1663 904 gerentes
1689 861 1720 893 in
1748 861 1854 900 terris,

1115 914 1378 948 christifidelium
1406 925 1703 958 quorumcumque,
1732 914 1858 957 potissi-

1115 978 1202 1000 mum
1234 978 1309 1000 vero
1346 967 1461 1000 divinis
1493 967 1660 1010 obsequiis
1686 968 1745 1000 sub
1770 967 1856 1000 suavi

1115 1020 1285 1063 religionis
1310 1020 1387 1064 iugo
1423 1021 1692 1065 mancipatorum,
1725 1021 1859 1054 uberes-

1115 1085 1178 1117 que
1193 1075 1354 1108 bonorum
1370 1085 1506 1118 operum
1521 1075 1657 1113 fructus,
1671 1074 1857 1118 adspirante

1115 1128 1250 1171 superni
1277 1128 1394 1161 favoris
1430 1130 1515 1167 aura,
1554 1128 1703 1171 proferre
1740 1128 1859 1170 iugiter

1116 1181 1344 1224 satagentium,
1363 1181 1462 1225 quieti
1479 1187 1510 1214 et
1529 1179 1767 1225 tranquillitati,
1786 1181 1860 1214 sub-

1116 1235 1188 1268 latis
1202 1235 1317 1278 iurgiis
1346 1241 1444 1278 atque
1470 1236 1755 1275 altercationibus,
1776 1246 1858 1279 quae

1117 1288 1280 1321 fraternae
1302 1288 1470 1321 eharitatis
1508 1289 1721 1321 serenitatem
1755 1289 1860 1321 obnu-

1117 1341 1218 1374 bilare
1244 1347 1389 1385 possent,
1417 1347 1573 1385 quantum
1606 1342 1702 1375 nobis
1733 1353 1770 1375 ex
1795 1342 1860 1375 alto

1118 1396 1326 1434 conceditur,
1371 1397 1563 1434 consulere,
1601 1396 1860 1438 commissaeque

1118 1449 1211 1482 nobis
1236 1460 1253 1481 a
1278 1449 1416 1481 Domino
1438 1448 1608 1491 potestatis
1634 1454 1743 1492 partes
1770 1449 1862 1481 desu-

1119 1512 1176 1545 per
1200 1501 1412 1545 interponere
1438 1502 1620 1542 studemus,
1641 1502 1731 1540 sicut,
1758 1501 1862 1534 omni-

1119 1555 1177 1587 bus
1199 1560 1344 1588 maturae
1363 1555 1637 1588 considerationis
1656 1555 1776 1587 trutina
1793 1565 1863 1598 per-

1119 1608 1243 1651 pensis,
1270 1608 1447 1641 salubriter
1478 1608 1510 1640 in
1536 1608 1672 1642 Domino
1709 1607 1862 1652 expedire

1119 1661 1327 1694 arbitramur.

1164 1715 1178 1758 ἓ
1203 1714 1235 1747 I.
1262 1714 1340 1747 Cum
1365 1714 1484 1758 itaque,
1503 1715 1585 1748 sicut
1602 1725 1668 1748 non
1690 1714 1761 1748 sine
1775 1713 1861 1757 gravi

1120 1768 1218 1800 animi
1256 1768 1357 1801 nostri
1395 1769 1544 1802 molestia
1580 1768 1782 1812 accepimus,
1825 1759 1885 1801 exr

1121 1821 1248 1854 acribus
1274 1831 1372 1865 super
1398 1822 1564 1865 primaeva
1582 1821 1790 1855 institutione
1808 1821 1863 1854 Or-

1121 1875 1206 1907 dinis
1232 1874 1366 1907 fratrum
1387 1876 1500 1908 beatae
1522 1875 1639 1908 Mariae
1665 1875 1802 1917 Virginis
1824 1875 1862 1908 de

1120 1928 1227 1961 Monte
1253 1928 1401 1962 Carmelo
1434 1929 1589 1972 illiusque
1616 1928 1826 1961 successione
1847 1939 1863 1961 a

1122 1982 1240 2014 sanctis
1264 1983 1437 2026 prophetis
1463 1983 1533 2015 Elia
1558 1988 1589 2015 et
1608 1983 1716 2015 Eliseo
1743 1983 1862 2015 dudum

1121 2036 1224 2068 enatis
1250 2036 1525 2076 contentionibus,
1550 2047 1705 2079 magnum
1731 2037 1863 2069 cbriSti-

1121 2089 1269 2122 fidelium
1294 2089 1477 2132 (eiusmodi
1518 2090 1624 2122 minus
1660 2090 1864 2123 necessarias

1122 2142 1335 2185 quaestiones,
1362 2148 1475 2186 utpote
1502 2143 1541 2176 de
1578 2143 1676 2176 rebus
1710 2143 1749 2176 ad
1788 2143 1864 2177 {idei

1121 2195 1290 2229 veritatem
1326 2206 1382 2229 seu
1413 2207 1543 2229 morum
1576 2196 1782 2240 disciplinam
1808 2196 1864 2229 mi-

1122 2249 1209 2283 nime
1247 2250 1507 2293 pertinentibus,
1545 2251 1740 2294 praesertim
1781 2251 1865 2284 inter

1121 2304 1293 2346 religiosos
1317 2305 1415 2345 viros,
1434 2315 1514 2348 quos
1533 2310 1606 2338 vota
1620 2315 1679 2337 sua
1698 2305 1865 2338 Altissimo

1122 2358 1154 2390 in
1192 2358 1364 2391 sanctitate
1401 2365 1432 2392 et
1466 2357 1587 2391 iustitia
1623 2369 1770 2402 paceque
1807 2358 1868 2390 sra-

1158 2422 1169 2446 1
1192 2420 1436 2456 Congregationem
1457 2420 1689 2448 Discalceatorum
1705 2428 1868 2455 componere

1122 2465 1251 2492 Ordinem
1262 2465 1468 2492 Carmelitarum
1485 2466 1659 2493 declararunt
1674 2465 1786 2492 Romani
1797 2465 1866 2492 Pon-

1122 2510 1219 2543 tifices,
1240 2514 1270 2537 ut
1289 2510 1316 2536 in
1345 2510 1493 2537 Clementis
1513 2510 1533 2537 X
1561 2514 1646 2537 const.
1676 2510 1719 2536 ed.
1750 2516 1867 2544 mccxx,

1122 2554 1166 2582 die
1192 2555 1222 2582 31
1255 2555 1385 2590 octobris,
1416 2554 1609 2591 pontis.1:in
1640 2554 1777 2581 Benedicti
1806 2554 1867 2581 xtll

1123 2603 1210 2626 const.
1232 2599 1276 2626 ed.
1294 2606 1432 2631 MDccxxx,
1449 2599 1492 2626 die
1511 2599 1541 2625 14
1555 2599 1699 2628 februarii.
1716 2598 1812 2634 pontif.
1831 2607 1866 2632 v1‚

1122 2644 1212 2679 agitur
1231 2644 1264 2671 de
1284 2644 1401 2671 decretis
1422 2644 1493 2670 circa
1514 2643 1665 2670 doctrinam
1685 2644 1713 2670 S.
1735 2643 1865 2672 Thomae.

1158 2688 1174 2716 2
1193 2688 1265 2716 Edit.
1282 2688 1362 2716 Main.
1379 2688 1444 2724 legit
1458 2687 1640 2723 Redemptori
1658 2688 1697 2722 (R.
1718 2688 1769 2721 L).

1906 1727 1983 1745 Statuit
2001 1729 2021 1746 ut
2039 1732 2058 1746 tn

1890 1753 1971 1773 abrica.
