2254 3225
231 214 279 242 An.
295 213 323 242 C.
346 214 412 242 1696

256 2607 285 2629 Ab
300 2606 398 2628 Innocen-

459 207 522 241 760

422 275 517 299 suum
539 265 642 299 robur
666 266 772 301 adhuc
796 268 983 309 retineant3
1012 268 1155 312 Congre-

422 318 507 361 gatio
532 319 863 354 eminentissimorum
896 327 928 355 et
956 321 1159 355 reverendis-

422 371 577 405 simorum
595 372 626 405 S.
644 373 681 406 R.
700 373 735 407 E.
755 375 970 408 cardinalium
987 375 1159 418 indulgen-

421 424 474 458 tiis
518 426 684 469 sacrisque
724 427 872 471 reliquiis
919 429 1158 471 praefectorum

422 482 539 521 optans
565 489 773 522 summopere
798 480 851 513 SS.
879 480 1078 514 Sacramenti
1104 491 1158 513 ve-

421 532 622 565 nerationem
661 537 692 565 et
726 534 848 566 cultum
880 534 912 566 in
949 534 1018 566 dics
1055 534 1157 575 magis

420 586 542 627 augeri,
575 590 606 617 et
639 586 679 618 ob
710 596 780 618 eam
812 596 939 619 causam
971 586 1155 619 huiusmodi

421 637 611 670 societatem
636 638 668 670 in
702 638 852 671 omnibus
884 638 1031 672 ecclesiis
1061 649 1157 682 paro-

419 690 579 724 chialibus
606 691 698 733 erigi,
724 696 820 734 atque
846 692 885 724 ad
910 692 942 725 id
963 691 1157 725 christifide-

418 744 465 776 les
498 744 680 787 praecipuis
702 745 814 787 gratiis
837 745 988 786 excitari,
1022 746 1155 789 speciali

419 795 534 829 ordine
569 796 680 830 habito
720 796 808 830 vivae
847 798 934 831 vocis
969 799 1100 831 oraculo
1137 809 1154 831 a

417 849 618 882 sanctissimo
658 849 789 883 domino
829 856 941 891 nostro
988 851 1153 886 Clemente

418 899 501 944 Papa
537 902 585 942 X,
613 901 716 934 felicis
747 902 982 936 recordationis
1008 903 1096 937 Pauli
1129 905 1153 937 V

415 953 557 996 vestigiis
588 954 793 995 inhaerente,
818 956 964 989 decernit
988 967 1023 990 ac
1048 957 1153 990 decla-

414 1011 474 1046 rat,
502 1007 588 1040 iuxta
616 1008 745 1040 easdem
775 1008 862 1041 Pauli
889 1008 928 1041 III
953 1009 1154 1043 constitutio-

415 1069 493 1099 nes,
520 1059 802 1093 confraternitates
825 1071 936 1094 ornnes
955 1067 986 1094 et
1010 1062 1152 1105 singulas
1173 1102 1174 1111 ἵ

414 1112 468 1145 SS.
502 1111 654 1156 Corporis
682 1113 819 1154 Christi,
847 1114 968 1158 ubique
994 1120 1151 1149 terrarum

413 1165 571 1199 haetenus
596 1167 779 1210 apostoli-‘xa
813 1168 864 1201 vel
901 1169 1065 1202 ordinaria
1097 1181 1152 1202 au-

413 1217 564 1251 ctoritate
597 1224 729 1259 erectas,
761 1225 817 1252 aut
851 1221 991 1264 posthac
1027 1223 1172 1268 erigen-1

1171 1269 1440 1319 {procuratorem
1479 1276 1573 1309 nobis
1608 1286 1711 1320 nuper
1746 1275 1929 1319 expositum

415 1271 491 1312 daS,
527 1272 650 1316 absque
686 1275 768 1305 nova
803 1279 859 1306 aut
893 1274 1050 1317 peculiari
1090 1276 1151 1309 alia

414 1324 648 1365 concessione,
687 1326 981 1360 communicatione
1013 1328 1062 1361 vel
1097 1340 1152 1372 ag-

414 1377 617 1420 gregatione,
643 1378 712 1411 fore
745 1384 776 1412 et
800 1390 870 1413 esse
900 1380 1020 1414 debere
1051 1383 1152 1425 parti-

413 1430 501 1474 cipes
551 1441 829 1475 quorumcumque
874 1432 1146 1477 privilegiorum,

415 1484 673 1525 concessionum,
699 1484 986 1528 indulgentiarum,
1012 1487 1150 1521 faculta-

414 1542 489 1577 tum,
509 1538 685 1580 gratiarum
703 1543 735 1571 et
754 1538 956 1572 indultorum
975 1541 1014 1573 ab
1035 1541 1148 1574 eodem
1169 1566 1170 1572 ,

412 1589 513 1623 Paulo
530 1590 568 1623 III
594 1591 943 1626 archiconfraternitati
968 1593 1020 1626 SS.
1039 1594 1148 1627 Sacra·
1168 1634 1169 1640 ἵ

412 1643 515 1677 menti
540 1643 579 1676 de
596 1644 737 1677 Minerva
754 1655 815 1688 per
831 1645 931 1679 Breve
958 1646 1067 1679 datum
1085 1646 1148 1681 Ro·
1168 1644 1169 1672 l

1168 1693 1170 1723 ἶ
1191 1701 1336 1734 eiusdem
1361 1699 1488 1733 Ordinis
1513 1700 1723 1739 subditarum,
1746 1700 1803 1733 sed
1828 1699 1925 1732 etiam

1167 1750 1169 1768 ‘¹
1189 1753 1223 1786 in
1247 1754 1318 1786 aliis
1344 1753 1548 1786 omnimodae
1569 1752 1812 1785 Ordinariorum
1837 1753 1926 1785 loco-

412 1706 484 1729 mae
509 1697 595 1740 apud
615 1696 646 1729 S.
667 1697 798 1730 Petrum
829 1697 880 1731 die
900 1708 935 1732 111
961 1700 1146 1734 novembris

411 1759 510 1783 MDCVI
533 1749 725 1783 nominatim
748 1755 779 1783 et
805 1761 957 1795 expresse
976 1763 1148 1787 concesso-

411 1813 492 1843 rum,
519 1813 556 1836 ac
577 1803 609 1836 in
634 1809 800 1847 posterum
825 1815 843 1837 a
862 1804 944 1838 Sede
963 1806 1148 1849 Apostolica

412 1856 708 1898 concedendorum‚
726 1857 853 1901 illisque
871 1859 1020 1892 omnibus
1038 1865 1070 1892 et
1087 1860 1147 1893 sin-

412 1909 495 1952 gulis
531 1909 598 1950 uti,
630 1909 731 1952 potiri
756 1915 787 1943 et
812 1911 953 1953 gaudere
989 1921 1085 1955 posse
1110 1923 1147 1946 ac

412 1962 533 1996 debere
566 1963 674 1995 statim
711 1968 808 2007 atque
844 1964 1167 2018 confraternitatum}

411 2015 598 2049 earumdem
623 2016 744 2049 erectio
770 2017 950 2060 apostolica
981 2018 1029 2051 vel
1060 2019 1146 2052 ordi-

411 2069 503 2102 naria
534 2068 726 2102 auctoritate
757 2069 840 2103 facta
876 2070 989 2111 suerit;
1020 2075 1145 2106 servata

410 2127 517 2155 tamen
553 2122 586 2154 in
620 2121 755 2166 reliquis
791 2123 940 2156 omnibus
979 2125 1145 2167 praedicta

410 2175 584 2208 Clementis
620 2175 683 2208 VIII
715 2176 956 2210 constitutione.
983 2177 1052 2211 Non
1088 2179 1145 2212 ob-

410 2228 569 2261 stantibus
599 2228 886 2261 constitutionibus
912 2235 943 2263 et
968 2231 1145 2265 ordinatio-

409 2281 506 2314 nibus
532 2281 720 2324 apostolicis
737 2281 776 2314 de
796 2281 1007 2325 indulgentiis
1032 2284 1072 2316 ad
1096 2285 1144 2317 in-

410 2340 474 2368 star
497 2345 564 2367 non
589 2335 816 2376 concedendis,
834 2346 896 2369 nee
920 2336 990 2369 aliis
1015 2342 1144 2371 contra-

411 2388 466 2420 riis
492 2387 762 2431 quibuscumque.
786 2388 900 2421 Datum
925 2388 1064 2430 Romae,
1091 2390 1142 2424 die

409 2452 485 2475 xx111
506 2441 619 2485 aprilis
644 2450 819 2475 nnctxxvl.
845 2460 890 2465 —-
913 2441 946 2475 C.
969 2443 1143 2478 cardinalis

410 2495 561 2529 Maximus.
592 2513 636 2517 -
667 2494 811 2527 Micnaiz'L
840 2494 988 2529 Amemus
1012 2496 1144 2530 Ricclus

409 2548 601 2581 secretarius
626 2559 657 2580 n.

452 2601 664 2635 Postmodum
692 2611 767 2636 vero
798 2601 993 2636 recolendae
1021 2613 1142 2637 memo-

999 220 1176 245 BULLARIUM
1201 219 1354 244 ROMANUM

1944 220 1992 246 An.
2009 220 2036 246 C.
2057 221 2124 249 1096

1201 269 1267 301 riae
1293 267 1501 302 Innocentius
1526 268 1612 312 Papa
1636 268 1674 301 XI
1699 268 1821 312 pariter
1845 277 2125 311 prae-tioxlennnrma·

1201 321 1351 355 decessor
1379 326 1491 355 noster
1525 322 1690 355 decretum
1727 320 1931 361 huiusmodi,
1944 310 1987 355 {31¹3
2009 309 2127 360 (ῗὲῗωῖζῖἶῖ

1200 379 1269 407 toto
1294 375 1381 408 illius
1398 371 1509 408 tenore
1527 375 1659 415 inserto,
1679 375 1738 407 sub
1755 374 1849 407 certis
1867 385 1934 407 mo-

1200 428 1240 460 do
1267 433 1298 461 et
1323 429 1425 461 forma
1450 433 1525 461 tunc
1550 428 1712 471 expressis
1741 428 1933 461 auctoritate

1199 480 1377 523 apostolica
1401 481 1603 523 approbavit,
1623 480 1823 513 confirmavit
1839 485 1870 514 et
1887 481 1935 513 in-

1198 532 1337 573 novavit,
1357 538 1452 576 prout
1470 534 1501 565 in
1519 533 1621 577 ipsius
1646 533 1824 567 Innocentii
1841 544 1935 577 prae-

1199 585 1380 618 decessoris
1404 585 1521 619 litteris
1547 586 1688 629 desuper
1704 586 1737 618 in
1756 585 1852 619 simili
1870 586 1935 619 for-

1197 639 1247 670 ma
1264 638 1375 671 Brevis
1402 638 1454 671 die
1479 649 1489 672 1
1508 638 1651 671 octobris
1677 647 1864 672 MDCLxxvm
1885 649 1936 672 ex-

1176 690 1329 734 peditis,
1353 701 1487 734 quarum
1522 696 1671 724 tenorem
1706 692 1935 735 praesentibus

1197 753 1255 786 pro
1285 745 1382 787 plene
1420 748 1450 777 et
1481 744 1677 778 sufficienter
1710 754 1867 788 expresso
1904 750 1936 779 et

1175 810 1176 813 ¹
1197 797 1317 831 inserto
1342 797 1454 831 haberi
1480 799 1641 840 volumus,
1667 798 1800 832 uberius
1824 798 1932 833 conti-

1196 856 1302 883 netur.

1240 905 1254 947 g
1279 903 1310 936 ΕΖ.
1337 903 1414 937 Cum
1439 909 1553 945 autem,
1574 904 1654 938 sicut
1670 915 1730 948 pro
1747 909 1837 949 parte
1855 905 1934 939 dile-
1985 919 2067 949 φαμι
2091 925 2126 941 ex-

1196 961 1320 990 ctorum
1337 957 1618 991 missionariorum
1633 957 1761 991 Ordinis
1775 958 1933 991 Minorum
1944 947 2127 1002 ffi‘tsst-Zminfflfiff

1195 1010 1296 1043 sancti
1321 1010 1484 1043 Francisci
1506 1011 1544 1043 de
1569 1010 1784 1044 Observantia
1808 999 2127 1046 nuncu-fflffllf'o'll‘tlt

1194 1068 1345 1106 patorum
1378 1073 1436 1106 per
1468 1062 1621 1096 dilectum
1652 1062 1756 1097 filium
1795 1054 2022 1096 Franci-‘'³⁰¹¹³·

1195 1126 1283 1148 scum
1300 1116 1374 1149 Diaz
1400 1127 1417 1149 a
1433 1115 1465 1149 S.
1486 1116 1714 1149 Bonaventura
1730 1116 1862 1149 fratrem
1883 1127 1933 1150 ex-

1194 1179 1307 1212 presse
1332 1169 1515 1212 professum
1548 1169 1624 1202 dicti
1648 1168 1777 1202 Ordinis
1808 1179 1845 1202 ac
1876 1179 1932 1203 eo-

1194 1233 1264 1256 rum
1289 1223 1569 1256 missionariorum
1601 1223 1634 1256 in
1665 1223 1810 1256 Romana
1833 1222 1929 1256 Curia

1193 1329 1261 1370 fuit,
1288 1329 1369 1362 duae
1401 1329 1680 1363 confraternitates
1707 1329 1740 1362 in
1765 1329 1928 1363 honorem

1193 1382 1386 1415 sanctissimi
1411 1382 1633 1415 Eucharistiae
1659 1382 1863 1424 sacramenti,
1890 1393 1927 1417 ac

1192 1434 1398 1468 beatissimae
1429 1435 1568 1477 Virginis
1591 1435 1708 1468 Mariae
1733 1435 1766 1468 in
1791 1435 1926 1468 diversis

1191 1487 1357 1520 christiani
1378 1487 1465 1520 orbis
1489 1487 1635 1530 partibus
1661 1489 1759 1531 opera
1784 1493 1815 1520 et
1838 1488 1928 1521 solli-

1191 1541 1332 1574 citudine
1348 1541 1482 1573 fratrum
1496 1541 1724 1584 praefatorum,
1739 1551 1804 1574 non
1819 1541 1925 1574 solum

1190 1594 1223 1626 in
1241 1594 1408 1638 utriusque
1426 1604 1520 1627 sexus
1537 1604 1754 1638 personarum
1771 1594 1926 1627 obedien-

1193 1648 1254 1680 tiae
1290 1658 1347 1680 seu
1384 1647 1555 1680 directioni
1591 1647 1731 1680 ministri
1763 1647 1924 1690 generalis

1189 1817 1260 1839 rum
1285 1806 1501 1839 iurisdictioni
1530 1805 1682 1839 subiectis
1704 1805 1850 1839 ecclesiis
1875 1816 1926 1838 ca-

1189 1859 1305 1892 nonice
1324 1859 1510 1892 iamdudum
1534 1858 1711 1899 institutae,
1738 1869 1774 1891 ac
1798 1857 1834 1891 a¹
1851 1859 1924 1902 piae

1168 1929 1169 1932 ¹
1189 1912 1362 1946 memoriae
1380 1913 1486 1946 Leone
1504 1913 1529 1945 X
1547 1923 1607 1956 per
1631 1923 1704 1945 suas
1728 1912 1854 1946 litteras
1878 1913 1925 1945 in-

1189 1966 1346 2009 cipientes
1373 1966 1454 2000 Cum
1482 1966 1518 1998 in
1546 1966 1708 2006 honorem,
1735 1970 1811 2006 etc.‚
1838 1976 1923 1999 anno

1188 2029 1298 2053 mnxvn
1320 2019 1497 2062 expeditas,
1522 2024 1554 2052 et
1578 2019 1686 2052 forsan
1711 2019 1783 2052 aliis
1808 2019 1925 2051 Roma-

1188 2072 1237 2104 nis
1255 2071 1463 2105 Pontificibus
1491 2071 1588 2104 etiam
1612 2071 1922 2114 praedecessoribus

1187 2125 1305 2158 nostris
1336 2124 1548 2167 approbatae,
1576 2124 1616 2156 ad
1650 2134 1747 2156 unam
1782 2124 1922 2157 subinde

1187 2177 1485 2210 confraternitatem
1521 2176 1687 2209 dumtaxat
1726 2177 1786 2209 sub
1827 2176 1921 2210 titulo

1186 2231 1286 2264 decem
1318 2231 1479 2263 virtutum
1511 2239 1568 2262 seu
1600 2229 1706 2262 decem
1740 2229 1922 2272 beneplaci-

1187 2289 1293 2317 torum
1318 2283 1462 2317 eiusdem
1482 2282 1687 2315 beatissimae
1703 2281 1841 2325 Virginis
1857 2282 1921 2315 Ma-

1185 2338 1263 2378 riae,
1281 2337 1313 2370 in
1332 2335 1465 2369 diversis
1482 2334 1603 2379 pariter
1616 2334 1696 2368 locis
1710 2345 1769 2379 pro
1783 2334 1919 2369 cuiusvis

1185 2395 1287 2424 status
1303 2388 1567 2422 christifidelibus
1581 2388 1636 2432 pia
1652 2389 1843 2421 eorumdem
1861 2389 1875 2421 s
1876 2399 1920 2422 ra·

1185 2449 1270 2476 trum
1294 2445 1368 2476 cura
1388 2446 1608 2485 propagatam,
1624 2441 1738 2474 itidem
1763 2442 1918 2476 canonice

1184 2497 1336 2530 redactae
1355 2494 1493 2536 fuerint3
1511 2495 1688 2528 confratres
1704 2505 1780 2528 vero
1798 2500 1829 2527 et
1845 2505 1919 2528 con-

1184 2559 1311 2582 sorores
1330 2547 1602 2582 confraternitatis
1621 2547 1816 2586 huiusmodi,
1836 2558 1916 2592 quae

1220 2612 1232 2638 1
1253 2610 1406 2646 Praeposit.
1427 2618 1445 2638 α
1465 2617 1513 2638 nos
1533 2609 1655 2637 addimus
1673 2611 1713 2646 (n.
1734 2610 1783 2646 T.).
