2227 3225
88 262 91 264 ¹
141 229 190 255 An.
211 227 238 254 c.
259 226 322 252 ¹602

179 1923 323 1945 &tenduntnr

138 1952 263 1978 praedictae
274 1956 323 1970 con-

139 1978 259 1998 suiuuones
295 1976 322 1997 ad

140 2004 256 2024 offensores
286 2009 323 2023 mi·

138 2034 251 2051 nistret-um
264 2030 322 2050 iusti-

138 2058 189 2080 tiae,
198 2058 263 2081 partis
272 2062 322 2082 que·

138 2084 227 2104 tetanus
243 2084 275 2105 vel
291 2086 322 2104 te-

138 2111 210 2132 stium.

880 206 1104 248 ffixocexrirs
1129 223 1173 247 xii
1197 225 1246 249 pr.

334 274 384 307 vel
409 273 472 306 alio
497 271 611 315 quovis
637 270 733 304 modo
766 270 899 314 patratis
929 274 1065 313 agatur:

335 336 405 365 nos,
417 324 566 359 eximiam
580 325 761 368 legatorum
778 324 817 357 de
835 324 935 357 latere
952 321 1066 357 S.R.E.

335 378 548 412 cardinalium
572 377 764 421 dignitatem
783 387 861 421 prae
886 377 989 410 oeulis
1014 376 1070 409 lia-

335 432 462 472 benteS,
478 440 599 474 eosque
617 430 823 465 facultatibus
841 431 879 465 ca
899 440 962 474 qua
975 430 1070 464 decet

335 484 626 527 circumspectione
651 494 768 520 usuros
793 493 862 517 esse
887 487 1069 527 sperantes,

335 537 496 581 praefatas
521 537 770 571 constitutiones
791 537 967 576 moderari,
986 536 1071 569 illas-

335 600 399 635 que
420 595 452 624 et
475 596 682 635 praesentem
702 595 848 625 nostram
869 589 1071 623 sanctionem

335 643 443 688 quoad
467 650 658 688 praesentes
683 649 715 677 et
739 654 798 687 pro
831 648 980 686 tempore
1006 642 1073 675 exi-

335 702 460 731 stentes
485 698 524 731 de
548 698 651 731 latere
680 698 805 740 legatos
837 697 984 730 eiusdem
1010 696 1073 729 llo-

336 760 451 785 manae
475 750 640 784 Ecclesiae
665 750 845 785 cardinales
871 750 976 783 locum
1015 749 1072 781 lia-

335 805 414 839 bere
439 804 646 838 decernimus
671 814 731 847 pro
756 803 940 838 homicidiis
966 803 1073 835 animo

335 857 452 891 doloso
477 862 509 890 et
531 857 766 900 praemeditato
790 856 994 895 coinniissis;
1021 855 1074 888 iis-

335 910 475 954 demque
499 910 539 944 de
563 911 664 944 latere
687 911 816 953 tegatis,
855 916 889 943 ut
913 910 973 943 sibi
998 919 1075 943 eon-

335 962 435 997 cessis
448 973 506 996 seu
519 963 736 997 concedendis
750 963 963 1003 facultatibus,
979 961 1074 1006 quos¹

335 1026 395 1049 nos
420 1015 507 1049 iuxta
530 1016 766 1060 praescriptam
790 1016 823 1049 in
849 1016 963 1050 iisdem
984 1024 1075 1059 prae-

336 1068 482 1102 sentibus
501 1068 637 1102 sormam
660 1069 757 1102 etiam
781 1069 895 1102 harum
914 1069 998 1101 serie
1016 1077 1074 1111 op-

336 1127 475 1165 portune
500 1122 707 1155 concedimus
723 1149 731 1162 ,
758 1123 865 1166 quoad
890 1122 1007 1165 gratias
1043 1127 1075 1155 et

336 1181 427 1209 actus
453 1175 638 1218 praedictos
663 1175 708 1208 uti
735 1176 859 1218 possint
884 1180 916 1208 et
946 1176 1074 1208 valeant

336 1229 609 1271 quotiescumque
635 1229 673 1261 de
699 1228 887 1262 homicidiis
913 1238 987 1261 casu
1009 1228 1073 1261 sor-

337 1281 417 1315 tuito
442 1281 492 1314 vel
524 1281 593 1313 rixa
617 1290 672 1314 seu
703 1281 781 1314 alias
818 1281 967 1314 similiter
1002 1281 1072 1314 sine

337 1335 412 1369 dolo
441 1339 473 1367 et
497 1334 793 1377 praemeditatione
825 1334 989 1366 commissi
1021 1335 1071 1377 agi

335 1386 523 1429 contigerit3
541 1386 724 1429 iisdemque
739 1386 1025 1420 constitutionibus
1039 1386 1070 1419 in

336 1440 397 1473 hac
412 1445 505 1483 parte
523 1439 727 1482 amplissime
747 1440 942 1482 derogamus
961 1445 993 1472 et
1013 1449 1072 1483 op-

335 1498 475 1537 portune
486 1493 679 1535 derogatum
693 1494 925 1526 essevolumus
939 1498 970 1526 et
983 1504 1072 1526 man-

335 1548 457 1587 damus,
483 1546 585 1579 firmis
610 1552 717 1579 tamen
742 1551 774 1579 et
798 1547 831 1579 in
863 1557 921 1579 suo
950 1547 1070 1581 robore

335 1600 442 1644 quoad
467 1609 689 1643 quoscumque
718 1599 800 1632 alios
825 1600 1070 1634 remanentibus

334 1650 485 1684 omnibus
510 1656 540 1684 et
567 1650 711 1694 singulis,
741 1661 823 1693 quae
853 1651 886 1683 in
915 1652 1071 1694 praefatis

334 1709 366 1738 et
385 1704 419 1737 in
445 1704 610 1748 praesenti
650 1706 759 1737 nostra
784 1705 1070 1738 constitutionibus

334 1757 442 1801 quoad
477 1756 584 1790 omnia
608 1756 787 1790 homicidia
818 1757 913 1793 etiam
946 1757 978 1790 in
1003 1758 1071 1790 rixa

334 1811 384 1843 vel
416 1819 491 1843 casu
535 1809 670 1843 fortuito
706 1811 755 1843 vel
788 1810 867 1842 alias
899 1812 1071 1845 commissa

334 1867 519 1897 statuuntur
543 1867 574 1896 et
599 1863 832 1896 decernuntur.

377 1917 392 1960 g
412 1915 465 1949 110.
487 1916 639 1948 Volentes
661 1920 830 1958 praeterea
856 1916 1071 1961 delinquenti-

332 1970 392 2002 bus
424 1979 576 2002 eorumve
601 1968 782 2001 fautoribus
804 1970 976 2003 occasione
1003 1978 1070 2004 tum

333 2021 585 2055 homicidiorum
619 2026 683 2053 tuni
709 2020 847 2054 aliorum
873 2022 1069 2058 delictorum

333 2085 444 2109 ansam
468 2085 508 2107 eo
532 2074 634 2117 magis
655 2079 834 2117 amputare,
852 2085 893 2108 ne
911 2077 1020 2110 curiae
1039 2083 1070 2111 et

331 2128 410 2162 fisco
434 2128 567 2160 eosdem
586 2127 776 2171 inquirendi
795 2133 826 2161 et
841 2131 1065 2173 processandi,

331 2180 578 2221 condemnandi,
593 2180 780 2221 banniendi,
794 2187 825 2214 et
843 2192 1066 2228 quoscumque

331 2234 473 2267 iustitiae
498 2239 586 2267 actus
610 2234 764 2277 explendi
796 2235 1066 2278 impedimentum

329 2287 518 2331 praebeant,
544 2293 576 2320 et
597 2297 614 2320 e
640 2297 798 2321 converso
823 2289 975 2329 nuncios,
1001 2291 1067 2323 bir-

329 2340 465 2380 ruarios,
495 2340 653 2381 notarios,
678 2346 886 2384 promotores
911 2353 965 2376 seu
991 2354 1067 2386 pro-

329 2399 495 2427 curatores
525 2393 663 2434 fiscales,
697 2394 845 2435 iudices,
873 2401 1065 2440 ceterosque

328 2447 470 2480 iustitiae
491 2446 644 2480 officiales
661 2453 694 2480 et
709 2448 876 2481 ministros
893 2449 932 2481 ad
950 2460 1065 2483 eorum

330 2510 465 2544 operam
489 2500 644 2533 attentius
670 2501 858 2541 navandam,
891 2513 927 2535 ae
951 2514 1066 2546 quere-

368 2573 377 2598 1
397 2570 497 2598 Forsan
516 2578 602 2605 quas;
621 2570 668 2598 sed
688 2570 776 2598 adhue
795 2576 913 2607 synt-ans
932 2573 1066 2602 claudicat

331 2618 367 2651 (u.
385 2615 434 2646 τ.).

419 2669 497 2699 Ball.
516 2669 599 2697 Rom.
620 2684 653 2688 —
677 2670 736 2698 Vol.
758 2670 815 2698 ΧΑ.

962 2672 993 2699 ‘oi

1110 269 1215 302 lantes
1237 268 1277 305 ad
1302 276 1434 312 operam
1452 270 1591 304 iustitiae
1611 271 1712 304 tutius
1730 272 1849 316 implo-

1111 322 1255 362 randam,
1281 327 1313 355 et
1338 326 1435 355 testes
1455 323 1494 356 ad
1519 323 1687 356 veritatem
1713 325 1847 358 liberius

1112 375 1361 419 propalandam,
1388 385 1444 419 spe
1470 381 1501 408 et
1525 376 1688 419 praesidio
1719 377 1849 410 maioris

1113 429 1295 464 securitatis
1321 429 1474 470 excitare,
1508 429 1670 473 praefatas
1696 435 1728 463 et
1758 441 1850 473 prae-

1113 486 1238 514 sentem
1259 487 1401 515 nostram
1427 482 1694 516 constitutionem
1719 483 1765 516 sic
1789 494 1846 517 ex-

1115 536 1277 569 tendimus
1303 542 1335 569 et
1362 536 1544 580 respective
1581 538 1690 571 locum
1726 537 1850 571 habere

1115 590 1317 630 mandamus,
1336 594 1371 623 ut
1396 601 1510 625 omnes
1535 596 1567 624 et
1591 591 1788 636 quicumque
1816 592 1850 625 in

1114 651 1255 686 poenam
1279 644 1385 677 ultimi
1403 644 1559 688 supplicii
1577 646 1627 679 rel
1645 646 1686 679 ad
1703 646 1851 679 triremes

1114 701 1276 738 perpetuo
1296 697 1521 731 condemnati¹
1547 709 1584 732 ex
1609 701 1705 732 causa
1728 700 1853 742 praesa-

1116 753 1224 782 torum
1253 748 1394 783 iustitiae
1420 751 1645 784 ministrorum
1675 757 1707 785 et
1735 752 1854 786 officia-

1115 801 1194 834 lium
1220 812 1277 835 seu
1301 803 1402 846 partis
1428 805 1628 847 querelantis
1651 806 1702 838 vel
1723 805 1852 838 testium

1116 855 1304 889 offensionis
1333 867 1350 890 a
1370 858 1501 891 nemine
1528 869 1564 891 ex
1597 859 1772 902 praedictis
1797 871 1854 903 gu-

1116 909 1358 950 bernatoribus,
1377 911 1583 951 officialibus,
1600 913 1791 953 rectoribus,
1812 913 1855 946 vi-

1117 962 1212 996 cariis
1231 963 1263 995 in
1287 964 1530 1007 temporalibus,
1549 970 1581 998 et
1597 965 1855 1009 quibuscumque

1117 1015 1189 1048 aliis
1214 1016 1346 1059 speciali
1372 1022 1405 1050 et
1434 1017 1599 1053 individua
1624 1021 1702 1052 nota
1726 1019 1855 1062 dignis,

1117 1074 1148 1100 et
1182 1079 1242 1102 nec
1273 1070 1312 1103 ab
1348 1070 1496 1113 ipsismet
1530 1071 1570 1104 de
1606 1073 1708 1106 latere
1739 1072 1854 1115 legatis

1116 1120 1147 1154 S.
1167 1120 1203 1154 R.
1223 1121 1258 1154 E.
1278 1123 1508 1163 cardinalibus,
1527 1125 1658 1165 remitti,
1677 1135 1735 1158 seu
1755 1126 1855 1158 ullam

1117 1184 1153 1207 ex
1180 1175 1292 1217 gratiis
1309 1182 1340 1209 et
1357 1177 1482 1210 actibus
1507 1178 1660 1220 superius
1679 1178 1854 1221 expressis,

1116 1227 1287 1271 minusque
1327 1229 1471 1272 aliquem
1508 1231 1854 1272 salvumconductum,

1116 1286 1344 1324 praeterquam
1369 1293 1429 1325 pro
1451 1293 1540 1323 vero,
1560 1283 1639 1316 reali
1658 1289 1690 1316 et
1706 1294 1856 1317 necessa-

1114 1333 1163 1366 rio
1191 1334 1325 1367 servitio
1352 1335 1519 1376 iustitiae,
1548 1341 1579 1369 et
1606 1341 1681 1369 tunc
1717 1347 1777 1380 pro
1814 1348 1853 1370 eo

1115 1386 1280 1422 dumtaxat
1307 1393 1451 1431 tempore
1471 1389 1558 1432 quod
1577 1389 1763 1423 huiusmodi
1788 1401 1855 1423 ser-

1115 1439 1192 1471 vitio
1224 1446 1390 1482 congruat,
1421 1441 1489 1474 sIne
1514 1452 1678 1485 expresso,
1702 1447 1737 1474 ut
1761 1452 1855 1485 prae-

1115 1491 1226 1531 fertur,
1242 1498 1350 1526 nostro
1375 1503 1431 1526 seu
1454 1493 1591 1527 Romani
1610 1494 1774 1527 pontificis
1794 1505 1854 1538 pro

1114 1549 1262 1587 tempore
1298 1545 1464 1579 existentis
1499 1547 1667 1587 mandato,
1705 1547 1854 1580 obtinere

1113 1598 1276 1630 ullatenus
1297 1599 1425 1642 possint
1444 1604 1476 1632 et
1500 1601 1647 1640 valeant3
1674 1609 1854 1644 omnesque

1114 1655 1146 1683 et
1169 1661 1392 1696 quascumque
1418 1653 1588 1687 facultates
1606 1664 1739 1697 quoquo
1755 1654 1854 1687 modo

1114 1715 1294 1746 concessas,
1329 1716 1411 1749 quae
1443 1707 1671 1750 praesentibus
1707 1707 1855 1740 adversa-

1113 1763 1235 1799 rentur,
1255 1759 1385 1802 penitus
1399 1764 1430 1793 et
1448 1760 1591 1802 omnino,
1608 1765 1644 1793 ut
1660 1760 1852 1804 praefertur,

1113 1821 1298 1845 revocamus
1315 1819 1347 1846 et
1370 1814 1597 1854 annullamus,
1623 1813 1751 1857 istoque
1776 1823 1853 1846 casu

1113 1870 1145 1897 et
1159 1865 1198 1898 ad
1214 1865 1300 1898 hunc
1318 1865 1475 1906 effectum,
1488 1872 1530 1907 ut,
1550 1866 1677 1901 indiciis
1697 1869 1735 1901 ad
1751 1874 1853 1902 trans-

1113 1917 1304 1951 mittendam
1340 1919 1586 1962 inquisitionem
1617 1921 1851 1955 sufficientibus

1113 1981 1151 2004 ex
1186 1981 1345 2014 processu
1370 1974 1783 2016 resultantibus,iudices,
1811 1976 1852 2009 ad

1113 2035 1194 2067 quos
1210 2030 1346 2068 spectat,
1363 2026 1495 2059 serratis
1512 2027 1617 2060 solitis
1636 2028 1792 2069 terminis,
1811 2029 1851 2062 ad

1111 2079 1417 2112 condemnationem
1441 2079 1704 2124 delinquentium
1737 2083 1851 2116 huius-

1111 2131 1199 2165 modi
1224 2132 1375 2175 expedite
1400 2133 1582 2176 procedere
1608 2139 1790 2177 teneantur,
1816 2147 1850 2170 0-

1109 2184 1221 2217 mnino
1245 2185 1394 2217 volumus
1418 2190 1450 2218 et
1470 2185 1688 2220 decernimus.

1153 2240 1167 2282 g
1195 2238 1245 2271 11.
1272 2238 1466 2280 Mandantes,
1493 2240 1679 2275 huiusmodi
1705 2248 1849 2278 nostram

1108 2291 1384 2332 constitutionem,
1412 2303 1449 2325 ac
1473 2293 1581 2327 omnia
1606 2300 1638 2327 et
1661 2295 1791 2339 singula
1815 2297 1848 2330 in

1108 2347 1144 2378 ea
1164 2350 1326 2384 contenta,
1343 2355 1403 2388 per
1421 2357 1644 2390 quoscumque
1663 2349 1759 2382 etiam
1775 2361 1848 2394 spe-

1107 2398 1180 2430 ciali
1198 2400 1274 2431 nota
1291 2398 1405 2441 dignos
1424 2399 1656 2433 inviolabiliter
1670 2403 1847 2443 observari,

1107 2452 1165 2484 sub
1191 2451 1339 2484 omnibus
1373 2452 1518 2485 censuris
1550 2458 1581 2486 et
1612 2455 1727 2496 poenis
1763 2467 1846 2498 quae

1107 2504 1138 2537 in
1169 2504 1317 2547 superius
1342 2505 1452 2538 relatis
1478 2506 1770 2548 praedecessorum
1789 2519 1847 2542 no-

1105 2566 1244 2591 strorum
1259 2557 1376 2590 litteris
1392 2557 1607 2601 imponuntur
1628 2564 1659 2592 et
1675 2561 1845 2594 continen-

1144 2621 1152 2646 1
1176 2619 1247 2646 Edit.
1271 2620 1352 2647 Maia.
1375 2620 1441 2656 legit
1459 2622 1648 2649 condemnari
1667 2624 1704 2656 (u.
1722 2622 1772 2652 T.).

1748 213 1812 247 ΙΙΞΓ)
1857 224 1908 252 An.
1927 223 1955 251 C.
1975 223 2039 251 111512

1882 2249 2003 2274 Clausutae.
