2254 3225
205 204 257 230 An.
273 204 300 229 c.
325 201 391 230 icoo
436 192 499 226 148

395 251 475 284 tioni
511 251 745 285 venerabilium
778 251 911 285 fratrum
942 256 1127 283 nostrorum

396 306 427 338 S.
456 306 491 338 R.
519 306 553 338 E.
587 305 801 338 cardinalium
831 304 970 347 negotiis
997 308 1028 335 et
1053 312 1129 334 eon-

397 358 621 391 sultationibus
639 358 865 401 episcoporum
882 362 914 390 et
933 354 1128 397 regularium

397 411 600 454 praepositae
635 411 788 453 exposito,
815 409 899 452 quod
924 409 1008 451 (cum
1033 406 1127 439 nobis

399 463 487 504 alias,
512 473 626 506 nempe
653 474 735 495 anno
761 471 928 499 MDCLxxxt,
952 470 1011 503 pro
1037 464 1127 501 parte

399 516 498 559 ipsius
524 516 636 558 Ignatii
657 514 876 559 procuratoris
899 512 1013 544 suisset
1037 521 1130 553 expo-

399 569 506 609 situm,
540 570 624 612 quod
652 569 735 601 dicta
759 565 925 610 provincia
954 563 1128 605 collegium

399 622 458 654 sub
500 621 592 653 titulo
618 621 652 652 B.
680 617 872 652 Ferdiuandi
897 616 983 658 regis
1018 615 1130 647 catho-

398 673 462 713 lici,
475 673 580 705 Sancti
598 671 783 714 nuncupati,
798 670 828 701 in
843 668 969 701 civitate
986 667 1128 705 Quitensi

399 727 457 758 sua
480 725 626 768 impensa
650 734 707 766 pro
744 721 966 763 collegialibus
991 720 1131 752 saecula-

397 778 486 810 ribus
523 777 580 809 suh
616 775 771 817 regimine
808 778 839 805 et
864 772 1023 815 gubernio
1055 772 1130 804 reli-

399 831 563 872 giosorum
589 828 664 861 dicti
685 826 821 865 Ordinis,
841 825 892 867 qui
914 825 993 856 inibi
1013 825 1131 857 doctri-

398 892 472 914 nam
497 880 635 914 doctoris
659 877 824 922 apostolici
858 877 888 909 S.
915 877 1056 910 Tliomae
1091 877 1130 909 de

399 934 525 977 Aquino
558 933 731 971 docerent,
756 929 891 962 fundare
927 929 1130 972 intendebat)

399 998 457 1020 nos
475 986 650 1027 collegium
669 982 852 1016 huiusmodi
873 982 1000 1015 fundari
1019 992 1130 1025 appro-

399 1039 555 1077 bavimus,
580 1047 615 1070 ac
646 1037 744 1068 multa
769 1035 936 1078 privilegia
960 1039 991 1067 et
1015 1034 1131 1076 gratias

399 1102 457 1135 pro
491 1102 528 1124 eo
554 1090 691 1132 collegio
724 1098 998 1124 concesseramus,
1034 1092 1133 1129 prout

400 1145 501 1176 dictus
525 1143 662 1185 ignatius
688 1146 880 1183 procurator
905 1150 941 1172 ex
966 1139 1050 1171 binis
1074 1150 1132 1171 no-

400 1196 472 1228 stris
498 1194 624 1233 litteris,
649 1193 719 1225 unis
752 1192 903 1225 videlicet
931 1191 1016 1237 dicto
1048 1201 1131 1223 anuo

399 1245 577 1281 MDCLxxx1¹
611 1245 791 1288 respective
830 1245 861 1276 in
897 1244 994 1276 simili
1029 1243 1133 1276 forma

400 1299 506 1332 Brevis
531 1297 700 1341 expeditis,
727 1301 877 1330 constare
902 1296 1077 1335 asserebat,
1104 1299 1133 1328 et

399 1352 535 1384 subinde
560 1352 669 1393 regius
691 1350 729 1382 ad
754 1350 784 1382 id
812 1353 991 1382 accesserat
1027 1358 1135 1381 assen-

400 1415 472 1443 sus,
499 1403 702 1446 postmodum
720 1412 797 1434 vero
816 1402 930 1433 fratres
949 1400 1051 1433 dictae
1065 1410 1122 1443 pro

399 1456 531 1496 vinciae,
557 1461 591 1487 ut
616 1454 760 1487 fundatio
788 1453 917 1495 collegii
951 1452 1132 1485 huiusmodi

401 1509 439 1540 ad
460 1518 550 1540 suum
570 1507 717 1540 effectum
738 1507 969 1546 reduceretur,
995 1505 1133 1548 primum

401 1565 577 1594 conventus
601 1560 631 1593 S.
652 1559 736 1592 Petri
762 1559 906 1601 Martyris
932 1558 1036 1591 dictae
1062 1557 1135 1590 civi-

401 1613 474 1645 tatis
499 1612 661 1650 Quitensis
685 1611 813 1644 Ordinis
843 1610 998 1653 praedicti
1024 1610 1131 1648 situm,

402 1669 433 1699 et
457 1666 610 1708 quasdam
644 1664 756 1697 domos
788 1664 848 1706 ipsi
882 1662 1058 1696 conventui
1090 1663 1136 1695 vi-

402 1718 505 1756 cinas,
539 1728 597 1759 pro
631 1717 701 1760 ipsa
733 1716 921 1749 fundatione
958 1715 1035 1748 dicti
1069 1716 1135 1748 col-

402 1770 491 1811 legii,
518 1775 548 1801 et
580 1769 742 1812 quoddam
767 1768 951 1812 praedium,
979 1778 1036 1800 seu
1062 1778 1137 1810 pos-

403 1822 588 1861 sessionem,
611 1821 781 1861 Tochache,
798 1826 1031 1863 nuncupatum,
1050 1826 1080 1852 et
1097 1820 1135 1852 ad

403 1874 522 1907 dictum
560 1878 756 1906 conventum
792 1873 936 1915 legitime
970 1878 1134 1915 spectans,

403 1937 461 1969 pro
486 1929 629 1968 congrua
665 1926 750 1959 illius
775 1936 987 1969 personarum
1012 1931 1137 1958 susten-

405 1979 536 2018 tatione,
548 1979 664 2011 deinde
678 1972 843 2021 provincia
854 1979 1021 2021 praedicta
1031 1989 1137 2020 quam-

405 2031 476 2063 dam
504 2030 706 2063 conficiendo
738 2041 868 2063 saccaro
894 2030 1057 2068 fabricam,
1082 2040 1136 2062 seu

405 2083 597 2123 machinam,
608 2084 640 2116 in
652 2084 732 2116 valle
744 2084 782 2116 de
793 2083 920 2126 Pisque,
933 2093 968 2115 ac
981 2083 1059 2115 duas
1070 2093 1139 2126 pos-

406 2136 578 2177 sessiones,
593 2147 688 2168 unam
704 2136 735 2168 in
748 2136 971 2169 iurisdictione
990 2136 1028 2168 de
1043 2136 1136 2175 Loxa,

405 2199 462 2232 pro
477 2190 720 2222 manutentione
734 2189 1026 2221 cathedraticorum
1036 2199 1138 2221 sacro-

406 2251 474 2273 rum
499 2252 655 2274 canonum
680 2242 711 2273 in
730 2241 816 2274 dicto
838 2241 987 2283 collegio,
1005 2243 1136 2274 alteram

406 2305 483 2326 vero
499 2294 531 2326 in
546 2296 626 2327 valle
645 2294 683 2327 de
701 2295 885 2336 Sangolque
900 2299 1135 2335 nuncupatam,

407 2344 493 2377 iuxta
517 2356 591 2378 suos
613 2351 706 2378 notos
724 2345 803 2378 fines
822 2346 896 2377 sitas
914 2350 945 2377 et
962 2345 1001 2377 ad
1023 2345 1137 2377 dictam

408 2398 603 2440 provinciam
617 2399 759 2440 legitime
779 2403 962 2440 spectantes
978 2424 985 2437 ,
1010 2408 1136 2430 necnon

409 2450 507 2491 aliqui
528 2450 672 2482 eiusdem
691 2449 817 2483 Ordinis
842 2449 956 2482 fratres
980 2451 1138 2482 nonnulla

408 2501 611 2544 particularia
626 2502 772 2545 deposita
798 2501 858 2534 sibi
885 2506 1056 2540 reservata,
1082 2512 1136 2533 seu

444 2562 455 2588 1
474 2561 552 2588 Deest
566 2563 666 2589 alteris
682 2570 744 2589 vero
760 2570 836 2588 anno
852 2565 1001 2587 iubemur
1014 2564 1051 2596 (n.
1062 2562 1110 2589 T).

946 198 947 201 ’
991 200 1168 225 numanum
1192 198 1343 222 Romanum

1171 247 1210 279 ad
1239 256 1350 280 eorum
1376 256 1470 278 usum
1506 246 1674 288 permissa,
1708 256 1744 279 ac
1776 245 1903 279 demum

1171 299 1240 341 ipse
1258 298 1397 340 lgnatius
1414 303 1616 340 procurator,
1638 299 1677 331 de
1700 298 1831 331 licentia
1852 298 1902 330 sui

1171 350 1355 394 superioris,
1382 351 1545 393 copiosam
1561 351 1804 392 bibliothecam,
1830 361 1902 383 cum

1171 403 1304 436 diversis
1337 402 1472 446 picturis
1498 402 1530 435 in
1563 404 1646 435 alma
1677 403 1761 436 Urbe
1793 405 1904 437 nostra

1171 457 1262 489 factis
1287 462 1317 488 et
1341 456 1413 489 aliis
1438 456 1534 489 rebus
1556 466 1610 488 seu
1628 456 1827 489 ornamentis
1843 466 1903 499 pro

1171 510 1257 542 cultu
1284 509 1404 549 divino,
1433 509 1517 541 dicto
1536 508 1674 551 collegio
1695 508 1904 549 donaverant,

1171 567 1396 594 concesserant
1409 567 1440 594 et
1456 562 1701 603 assignaverant
1718 561 1903 604 respective,

1171 614 1412 657 capitulumque
1452 613 1652 657 provinciale
1691 613 1793 656 ipsius
1831 623 1906 656 pro-

1171 666 1294 698 vinciae
1320 666 1458 698 fructum
1476 666 1643 698 cuiusdam
1663 666 1776 698 census
1794 666 1902 706 annui,

1172 718 1211 750 ad
1235 718 1491 761 quadringentos
1522 729 1671 751 nummos
1704 728 1794 761 pezze
1824 728 1907 750 nun-

1173 776 1308 813 cupatos
1346 771 1511 804 annuatim
1538 771 1780 810 ascendentem,
1806 770 1838 803 in
1864 770 1907 803 sa-

1173 823 1292 855 bricam
1318 823 1392 855 dicti
1419 823 1569 866 collegii,
1605 823 1819 866 quoadusque
1850 822 1907 855 illa

1173 876 1405 915 absolveretur,
1415 875 1662 919 impendendos,
1676 876 1905 919 applicaverat;

1173 933 1204 961 et
1218 928 1250 960 in
1268 928 1381 960 eadem
1395 928 1598 971 expositione
1613 928 1797 968 subiuncto,
1809 928 1906 971 quod,

1174 991 1245 1014 cum
1276 991 1380 1024 prope
1412 986 1496 1013 esset
1530 986 1564 1013 ut
1598 981 1742 1013 fundatio
1778 980 1906 1022 collegii

1174 1032 1358 1065 huiusmodi
1384 1033 1607 1065 absolveretur
1623 1033 1656 1065 in
1682 1032 1842 1074 publicam
1861 1037 1909 1064 to-

1176 1084 1236 1117 tius
1260 1084 1347 1117 illius
1383 1084 1474 1125 regni
1511 1083 1673 1121 Quitensis
1708 1083 1905 1124 utilitatem,

1174 1137 1271 1170 iidem
1308 1137 1422 1168 fratres
1459 1137 1562 1168 dictae
1598 1135 1807 1178 provinciae,
1843 1146 1907 1178 quo

1175 1189 1294 1222 dictum
1328 1188 1501 1230 collegium
1538 1192 1733 1230 perpetuum
1758 1187 1790 1219 in
1816 1187 1908 1219 dictis

1175 1242 1269 1274 bonis
1309 1246 1341 1273 et
1381 1241 1643 1284 possessionibus
1681 1240 1909 1280 stabilitatem,

1176 1293 1359 1326 firmitatem
1387 1298 1419 1325 et
1452 1292 1659 1325 securitatem
1692 1302 1910 1334 consequere-

1177 1353 1237 1386 tur,
1272 1356 1332 1378 nec
1364 1345 1540 1388 quidquam
1569 1346 1637 1378 ullo
1662 1355 1804 1388 unquam
1831 1350 1910 1377 tem-

1176 1409 1255 1441 pore
1281 1398 1366 1431 circa
1384 1409 1420 1431 ea
1440 1398 1587 1430 innovari
1605 1403 1723 1440 posset,
1738 1397 1911 1440 cupiebant

1177 1451 1380 1490 donationes,
1407 1450 1636 1484 concessiones
1661 1455 1693 1483 et
1720 1450 1911 1492 assignatio-

1177 1514 1233 1536 nes
1270 1514 1368 1546 supra
1402 1508 1566 1542 narratas,
1606 1502 1825 1545 quamdudum
1861 1501 1911 1544 (ut

1178 1557 1282 1589 dictus
1307 1555 1448 1598 Ignatius
1473 1555 1650 1597 asserebat)
1672 1565 1689 1586 a
1706 1554 1823 1587 dilecto
1845 1554 1911 1587 filio

1177 1609 1333 1642 moderno
1358 1608 1511 1649 magistro
1530 1607 1671 1649 generali
1691 1606 1767 1639 dicti
1784 1606 1911 1639 Ordinis

1177 1662 1389 1704 approbatas,
1423 1670 1480 1692 seu
1514 1660 1592 1692 alias
1617 1659 1656 1692 de
1682 1659 1751 1692 eius
1781 1659 1911 1692 licentia

1179 1715 1287 1752 factas,
1303 1724 1320 1745 a
1335 1712 1418 1745 dicta
1436 1711 1694 1753 Congregatione
1712 1710 1909 1743 confirmari:

1177 1770 1353 1798 memorata
1377 1764 1591 1806 Congregatio
1611 1763 1822 1796 cardinalium
1840 1774 1913 1806 sup-

1178 1818 1294 1860 plicem
1320 1816 1475 1855 libellum,
1502 1816 1563 1848 sibi
1590 1826 1691 1858 super
1726 1814 1911 1857 praemissis

1179 1874 1370 1912 porrectum,
1402 1868 1525 1900 remisit
1561 1868 1679 1900 dilecto
1709 1866 1775 1899 sitio
1801 1872 1910 1899 nostro

1179 1922 1302 1955 Palutio
1335 1921 1366 1954 S.
1393 1921 1431 1953 R.
1458 1921 1492 1953 E.
1519 1921 1677 1953 cardinali
1710 1920 1750 1952 de
1780 1920 1910 1952 Alteriis

1178 1979 1375 2017 nuncupato,
1400 1973 1527 2006 Ordinis
1560 1973 1717 2016 praedicti
1743 1973 1826 2015 apud
1853 1983 1912 2005 nos

1180 2033 1210 2060 et
1221 2027 1335 2060 Sedem
1345 2026 1563 2069 Apostolicam
1577 2025 1763 2068 protectori,
1775 2025 1911 2064 ut‚veris

1180 2079 1393 2113 existentibus
1419 2078 1569 2119 narratis,
1597 2078 1683 2110 circa
1708 2078 1911 2121 supradictas

1180 2132 1316 2166 oratoris
1340 2141 1454 2174 preces
1486 2131 1518 2163 id
1550 2136 1704 2163 statueret
1738 2131 1825 2173 quod
1853 2139 1911 2172 pro

1180 2196 1238 2218 suo
1273 2184 1408 2217 arbitrio
1445 2189 1476 2216 et
1498 2183 1671 2226 prudentia
1706 2183 1738 2215 in
1774 2183 1910 2215 Domino

1180 2238 1331 2281 expedire
1371 2236 1563 2275 censuisset,
1603 2240 1699 2279 prout
1738 2235 1770 2267 in
1809 2234 1910 2277 ipsius

1179 2289 1443 2332 Congregationis
1468 2289 1596 2321 decreto
1621 2288 1760 2330 desuper
1785 2288 1835 2320 die
1860 2297 1912 2321 xtv

1180 2342 1363 2376 novembris
1388 2342 1535 2384 proxime
1567 2340 1734 2384 praeteriti
1763 2346 1911 2373 emanato

1180 2395 1374 2428 continetur.
1394 2394 1463 2436 lpse
1484 2404 1560 2426 vero
1581 2392 1719 2425 Palutius
1739 2392 1911 2425 cardinalis

1180 2454 1210 2480 et
1233 2451 1408 2490 protector,
1433 2446 1542 2487 vigore
1569 2445 1728 2478 facultatis
1754 2444 1815 2477 sibi
1836 2455 1913 2478 con-

1180 2510 1299 2538 cessae,
1323 2499 1487 2531 decretum
1514 2497 1615 2529 edidit
1640 2497 1762 2529 tenoris
1788 2497 1843 2539 qui
1868 2508 1914 2530 se—

1180 2552 1300 2596 quitur,
1324 2550 1487 2584 videlicet:
1518 2562 1531 2581 α
1549 2550 1693 2582 Palutius
1719 2550 1805 2583 tituli
1830 2551 1915 2584 basi-

1907 195 1958 224 Aa.
1978 197 2008 225 C.
2026 197 2095 225 ¹690
