2227 3225
125 268 173 294 An.
189 268 217 297 C.
242 271 303 298 1691

132 1489 201 1511 estur
216 1491 249 1512 ttt.

139 1517 168 1535 1».-
184 1524 280 1539 oratioue

98 1544 190 1564 mentali.

906 292 1115 320 INNOCENTH'S
1142 301 1183 323 xtt
1208 303 1255 325 PF.

319 323 432 357 classis
451 327 490 358 ad
512 329 617 362 miuus
642 332 839 376 incipiantur
863 350 935 372 cum
960 349 1055 375 cantu

315 385 416 418 usque
437 379 477 411 ad
497 381 639 423 primum
659 385 813 428 hymnum
835 391 1001 435 inclusive,
1023 402 1056 429 ct

315 427 468 473 deinceps
493 440 638 468 cantetur
658 438 699 470 Te
723 439 826 474 Deum
848 455 919 478 cum
940 447 1053 481 Laudi-

313 480 372 514 bus
396 493 498 527 usque
532 489 570 519 ad
607 489 882 539 tiuem,·de1nptis
917 502 1052 542 psalmis

312 538 343 565 et
368 536 556 580 antiphonis
577 552 700 576 earum.
720 545 898 582 Kalendam
919 563 1051 597 quoque

305 581 448 629 ‘singulis
473 591 588 626 diebus
615 595 781 632 decantari
814 604 994 638 statuimus.
1019 607 1049 640 Si

309 649 405 681 quam
442 650 548 678 autem
589 647 703 682 horam
741 658 831 686 extra
865 659 1049 699 praedictas

306 692 470 728 decantari
496 698 536 730 sit
556 699 587 732 in
606 711 675 741 usu,
694 709 965 743 consuetudinem
983 722 1048 745 non

306 745 523 790 destituimus,
550 753 606 785 sed
631 755 811 799 laudamus,
837 766 869 793 et
892 766 1046 806 progredi
1068 761 1070 785 ‘

306 801 480 835 suademus
506 804 538 836 in
559 807 688 842 melius.

299 866 303 870 -
349 863 392 885 1v.
415 854 525 889 Modus
545 860 703 895 recitandi
725 867 756 897 et
775 868 964 903 modulandi
988 871 1044 904 lio-

304 914 355 937 ras
390 909 562 943 canonicas
602 912 644 945 sit
680 915 800 958 iugiter
835 920 971 956 devotus
1013 930 1042 957 et

304 958 409 998 gravis
435 970 506 993 curn
530 967 629 1006 pausa
647 972 678 999 et
695 968 826 1004 silentio
845 975 1041 1009 solemnitati

303 1012 477 1053 consonis,
506 1015 548 1048 ita
586 1028 736 1054 versuum
772 1026 977 1061 medietatem
1011 1036 1041 1063 et

302 1062 399 1096 finem
435 1067 730 1114 intercidentibus,
772 1083 806 1109 ut
840 1081 929 1113 nulla
954 1083 1039 1116 vocis

300 1119 476 1158 protractio
513 1124 619 1156 taedio
653 1134 794 1162 mentem
829 1132 956 1174 afliciat,
983 1137 1039 1169 sed

299 1170 504 1205 uniformitas
541 1175 744 1214 desinentiae
776 1189 807 1215 et
831 1185 1038 1222 devotionem

299 1229 414 1265 augeat
428 1231 460 1257 et
473 1228 652 1269 perfectum
662 1231 680 1273 ¹;
696 1245 753 1267 vox
776 1238 898 1278 pariter
915 1241 957 1273 sit
972 1243 1037 1275 uni-

298 1285 391 1309 sona:
418 1278 502 1312 hanc
528 1288 634 1316 autem
661 1297 772 1321 omnes
799 1294 835 1323 ea
855 1295 972 1327 mentis
994 1302 1037 1328 at-

295 1329 443 1363 tentione
477 1343 536 1375 pro
570 1336 694 1371 viribus
732 1352 862 1385 semper
892 1346 1033 1387 eliciant,

295 1390 358 1423 qua
384 1383 482 1416 divini
501 1387 597 1420 officii
624 1401 761 1432 pensum
780 1395 845 1429 Deo
866 1400 987 1440 gratius
1004 1407 1035 1434 et

293 1432 488 1471 fructuosius
514 1439 573 1473 sibi
598 1445 751 1478 reddant.

336 1497 359 1520 1.
386 1488 462 1522 Cum
481 1494 583 1527 oratio
602 1499 751 1532 mentalis
773 1501 814 1534 sit
835 1504 932 1538 totius
949 1506 1031 1540 vitae

292 1539 468 1581 spiritualis
493 1545 740 1584 fundamentum
765 1559 797 1586 et
820 1565 928 1589 comes
948 1558 1032 1592 indi-

291 1592 394 1633 vidua,
420 1606 483 1638 qua
508 1598 589 1632 duee
617 1602 655 1635 de
681 1605 796 1639 virtute
822 1607 855 1640 in
881 1610 1029 1645 virtutem

291 1647 457 1687 gradimur
491 1651 594 1686 donec
628 1657 841 1697 perfectionis
872 1665 1028 1698 verticem

288 1703 555 1746 conscendamus
582 1709 740 1744 universis
770 1716 873 1748 nostri
898 1717 1028 1753 Ordinis

288 1751 440 1786 fratribus
464 1757 575 1791 stricte
600 1764 819 1806 praecipimus
840 1774 874 1801 ut
901 1769 950 1802 bis
972 1772 1027 1804 ad-

287 1804 392 1838 minus
418 1807 450 1839 in
472 1809 522 1842 die
548 1815 732 1848 mentaliter
747 1826 843 1853 orent
860 1822 1025 1857 dimidiam

287 1857 399 1890 saltem
425 1860 540 1894 horam
566 1875 626 1907 pro
652 1869 795 1910 qualibet
822 1874 896 1914 viee,
929 1887 1023 1911 mane

285 1908 438 1944 videlicet
462 1919 493 1946 et
518 1926 664 1960 vespere,
690 1922 768 1955 illud
794 1927 1022 1969 propheticum

284 1965 563 2003 praeseferentes:
590 1973 715 2007 Anima
734 1987 804 2009 mea
825 1979 1022 2016 desideravit

283 2018 311 2047 le
334 2016 370 2048 in
395 2024 493 2059 nocte,
517 2023 571 2055 sed
594 2030 621 2057 el
644 2029 765 2070 spiritu
791 2042 858 2064 meo
876 2034 910 2066 in
928 2046 1021 2079 prae-

281 2069 400 2103 coo-diis
424 2075 503 2106 meis
527 2076 565 2108 de
589 2089 683 2112 mane
707 2083 850 2125 viyilabo
870 2088 912 2119 act
934 2093 970 2122 te.

324 2132 358 2155 11.
396 2124 427 2157 ln
463 2127 526 2161 hoc
551 2141 628 2173 ergo
665 2135 750 2168 almo
787 2145 818 2170 et
854 2140 1016 2177 fructuoso

279 2176 432 2210 exercitio
450 2189 510 2222 per
528 2183 634 2217 tritam
652 2195 838 2224 sanctorum
856 2194 937 2227 viam
956 2196 1016 2228 fra-

279 2231 346 2260 tres
380 2229 530 2266 incedant
562 2236 673 2271 habita
704 2243 830 2277 ratione
861 2247 1014 2281 uniuscu-

278 2278 393 2323 iusque
419 2290 520 2318 status
547 2294 576 2320 et
602 2291 812 2337 indigentiae,
846 2301 902 2332 sed
929 2311 1035 2343 sem-j

276 2341 337 2373 per
360 2344 438 2376 prae
463 2340 567 2373 oculis
586 2342 743 2379 habentes
761 2349 1011 2393 frequentiorem
1033 2347 1034 2354 ἵ

277 2394 416 2427 causam,
431 2401 487 2423 cur
510 2395 602 2427 multi
624 2396 654 2429 in
675 2399 737 2433 hoe
762 2401 876 2437 itinere
898 2417 1008 2448 parum

276 2437 360 2471 nilve
385 2442 568 2486 proficiunt,
587 2459 656 2482 esse
677 2451 857 2489 indebitum
880 2461 1009 2494 modum

276 2488 344 2522 eius
354 2498 644 2541 praeparationem,
661 2503 912 2550 inchoationem,
924 2523 1009 2545 exer-

274 2541 458 2579 citationem
480 2556 510 2581 et
530 2555 773 2591 conclusionem
799 2562 1004 2599 conficiendi.

274 2592 362 2630 Quod
401 2601 556 2635 orationis
592 2606 796 2650 dispendium
833 2624 849 2646 a
884 2619 1006 2652 nostris

308 2655 320 2680 1
342 2655 432 2685 Potius
451 2660 509 2695 lege
521 2667 678 2699 profectum
699 2671 736 2704 (n.
754 2673 797 2708 r).

1099 347 1252 383 fratribus
1289 354 1437 396 relegare
1463 359 1629 401 cupientes
1646 389 1653 402 ,
1681 369 1837 407 quaedam

1097 402 1218 434 monita
1242 414 1302 446 pro
1328 406 1421 441 dictis
1454 410 1521 444 eius
1551 416 1696 455 partibus
1728 419 1835 455 debite

1097 457 1286 490 exercendis
1317 459 1356 491 ab
1385 461 1450 496 illis
1477 464 1702 503 indeficienter
1726 473 1837 507 obser—

1095 508 1197 541 vanda
1227 510 1289 543 levi
1315 514 1427 547 saltem
1462 527 1559 551 manu
1593 522 1753 566 attingere
1778 537 1835 560 ne·-

1094 562 1270 595 cessarium
1297 565 1476 602 iudicamus
1491 570 1511 603 ¹.

1137 624 1185 647 111.
1228 615 1383 654 Quocirca
1424 627 1682 667 praeparationis
1714 631 1832 666 utrius-

1092 677 1154 709 que
1174 668 1349 704 discrimen
1367 675 1672 723 animadvertentes,
1692 694 1756 717 non
1774 687 1832 719 mi-

1069 720 1161 759 ,nori
1197 724 1304 757 studio
1338 734 1495 763 remotam
1521 743 1616 775 quam
1648 739 1828 779 proximam

1088 771 1270 807 intendant.
1298 777 1408 815 Quoad
1432 781 1591 824 primam²
1619 789 1705 822 enim
1730 791 1827 834 (quae

1087 831 1199 869 utpote
1224 831 1354 871 praevia
1380 834 1550 877 dispositio
1568 840 1606 872 ad
1632 841 1770 877 fructum
1789 856 1827 878 ex

1086 880 1234 914 oratione
1248 885 1495 928 percipiendum
1518 894 1682 933 praemitti
1702 897 1823 942 debet),

1085 942 1183 974 prava
1205 944 1317 977 opera,
1344 949 1425 972 vana
1450 943 1624 987 colloquia,
1646 950 1825 985 mundanas

1084 986 1308 1027 cogitationes.
1334 990 1537 1029 inordinatos
1564 998 1705 1041 allectus,
1726 1009 1757 1035 et
1774 1015 1825 1037 ce-

1085 1043 1153 1070 tera
1191 1041 1254 1073 alia
1286 1053 1368 1085 quae
1402 1047 1668 1085 distractionibus
1705 1055 1825 1089 fomen-

1083 1096 1150 1123 tum
1174 1094 1350 1135 praebent,
1377 1098 1542 1142 frequenti
1568 1104 1696 1140 divinae
1728 1119 1823 1151 prae-

1082 1144 1205 1178 sentiae
1231 1149 1386 1183 exercitio
1410 1162 1428 1184 a
1452 1163 1486 1186 se
1518 1158 1704 1193 omnimode
1730 1172 1821 1195 aver-

1082 1200 1160 1228 tant.
1176 1197 1287 1235 Quoad
1306 1205 1499 1238 secundam-‘¹
1512 1216 1628 1250 autem,
1643 1214 1819 1249 accedente

1080 1250 1239 1283 orationis
1265 1258 1433 1297 tempore,
1458 1262 1676 1297 conscientiae
1702 1272 1818 1301 statum

1079 1310 1266 1344 agnoscant,
1280 1306 1400 1341 bonum
1427 1312 1606 1355 spirituale,
1633 1328 1697 1360 quo
1716 1322 1817 1363 magis

1078 1353 1254 1396 indigeant,
1280 1362 1499 1404 praevideant,
1537 1369 1816 1407 considerationes

1078 1412 1109 1439 et
1132 1408 1287 1443 affectus⁴
1311 1414 1350 1446 ad
1377 1415 1457 1449 illud
1483 1424 1723 1463 assequendum
1749 1427 1816 1459 effi·

1077 1461 1219 1494 caciores
1237 1468 1459 1509 praeveniant,
1477 1474 1643 1507 materiam
1658 1476 1697 1508 iis
1712 1480 1814 1521 magis

1075 1511 1244 1547 idoneam⁵
1264 1518 1374 1561 aliquo
1402 1522 1552 1557 lectionis
1578 1536 1697 1568 genere
1723 1541 1815 1573 prae-

1075 1572 1207 1607 parent,
1235 1573 1396 1614 totamque
1432 1574 1519 1609 illius
1556 1579 1675 1613 seriem
1707 1583 1745 1615 ad
1781 1585 1814 1618 id

1073 1617 1176 1659 ipsum
1192 1622 1327 1663 provide
1348 1635 1407 1667 pro
1434 1628 1553 1662 viribus
1576 1633 1727 1675 referant,
1754 1637 1814 1669 sic-

1072 1680 1133 1712 que
1168 1678 1200 1705 et
1235 1684 1300 1707 non
1334 1678 1430 1712 aliter
1455 1682 1493 1715 ad
1520 1685 1677 1719 orationis
1703 1688 1811 1723 locum

1071 1731 1256 1759 reverenter
1280 1731 1446 1765 accedant.

1113 1786 1156 1809 1v.
1183 1777 1370 1815 Orationem
1396 1784 1580 1821 inchoaturi
1614 1791 1707 1834 signo
1737 1805 1810 1827 cru-

1069 1827 1113 1860 cis
1138 1829 1238 1864 Deum
1271 1843 1479 1876 praesentem
1510 1840 1572 1874 tide
1600 1844 1666 1877 viva
1702 1849 1810 1880 conci-

1066 1880 1156 1922 piant
1181 1884 1267 1918 circa
1291 1897 1325 1920 se
1352 1890 1545 1926 existentem
1573 1897 1622 1929 vel
1658 1899 1742 1932 intra
1772 1911 1806 1934 se

1043 1952 1044 1960 η
1065 1942 1253 1971 manentem
1270 1950 1329 1982 per
1350 1943 1566 1988 existentiam,
1584 1953 1805 1991 praesentiam

1065 1991 1096 2018 et
1120 1991 1317 2033 potentiam,
1345 2001 1376 2027 et
1399 1999 1506 2031 cordis
1524 2001 1570 2032 sui
1596 2002 1729 2037 intimos
1753 2017 1804 2038 re-

1064 2043 1196 2073 cessus6
1215 2052 1454 2090 penetrantem,
1475 2062 1556 2094 opus
1576 2057 1661 2098 quod
1684 2058 1804 2092 faciunt

1062 2102 1294 2135 agnoscentem
1320 2106 1352 2132 et
1376 2103 1413 2135 ad
1440 2104 1547 2146 ipsum
1573 2108 1798 2153 adiuvantem;

1062 2150 1136 2179 tunc
1162 2148 1262 2182 Deum
1287 2161 1495 2194 praesentem
1521 2160 1666 2201 adorent,
1692 2171 1797 2198 actum

1059 2200 1266 2236 contritionis
1303 2206 1459 2249 eliciant,
1486 2217 1517 2243 et
1552 2214 1687 2255 gratiam
1713 2218 1796 2252 bene

1058 2253 1171 2284 orandi
1197 2254 1237 2286 ab
1263 2266 1301 2288 eo
1326 2262 1507 2303 postulent;
1533 2274 1569 2296 ac
1601 2267 1730 2302 demum
1755 2272 1794 2304 ad

1055 2307 1313 2347 purificationem
1349 2314 1538 2351 intentionis
1575 2331 1648 2354 cum
1683 2323 1794 2358 debita

1054 2359 1275 2402 resignatione
1302 2371 1476 2411 transeant,
1491 2382 1564 2414 qua,
1582 2385 1615 2407 se
1635 2382 1719 2410 totos
1736 2378 1792 2412 Dei

1089 2466 1097 2489 ¹
1123 2464 1192 2492 Edit.
1210 2467 1287 2496 Maia.
1309 2470 1372 2505 legit
1391 2473 1554 2504 indicamus
1572 2478 1610 2512 (n.
1627 2482 1676 2514 Τ.).

1085 2507 1100 2532 ‘2
1120 2508 1190 2535 Edit.
1212 2511 1291 2539 Main.
1312 2515 1379 2549 legit
1395 2519 1525 2551 primum
1541 2526 1580 2553 (R.
1599 2529 1646 2556 Τ.).

1084 2552 1099 2578 3
1120 2553 1189 2580 Edit.
1211 2557 1294 2583 Mam.
1316 2560 1380 2595 legit
1398 2565 1552 2593 secundum
1572 2574 1609 2596 (n.
1631 2573 1680 2602 T.)-

1083 2596 1099 2621 4
1120 2597 1168 2624 Ed.
1186 2599 1263 2627 Main.
1281 2603 1346 2637 legit
1363 2607 1477 2639 effectus
1490 2618 1538 2644 pro
1553 2612 1669 2645 affectus
1679 2621 1716 2649 (R.
1734 2617 1783 2652 Τ.).

1082 2639 1098 2666 5
1118 2640 1188 2668 Edit.
1208 2643 1287 2672 Main.
1309 2647 1372 2681 legit
1389 2650 1522 2679 idoneum
1543 2661 1580 2687 tu.
1597 2659 1634 2691 τ.)

1081 2683 1096 2710 6
1118 2684 1185 2712 Edit.
1207 2686 1286 2715 Maiu.
1310 2691 1370 2726 legit
1391 2703 1519 2723 <arcessas
1537 2702 1573 2732 (R-
1591 2700 1640 2734 T.).

1639 2677 1646 2684 ι

1739 310 1802 344 2ῑ7
1848 321 1896 348 An.
1918 324 1944 351 C.
1966 327 2026 354 1001
