2227 3225
894 264 992 290 INDEX
1013 262 1165 288 INITIALls

1056 316 1162 358 Nuper
1187 325 1204 347 a
1228 313 1477 356 Congregatione
1513 339 1704 346 ......
1731 313 1795 346 873

1057 368 1164 411 Nuper
1188 378 1204 400 a
1229 366 1410 411 particulari
1432 366 1704 409 Congregationis.
1733 366 1796 399 563

267 320 386 364 Exponi
410 319 501 352 nobis
525 326 626 362 nuper
651 316 723 350 fecit
758 343 914 350 .....
943 316 1005 349 748

267 373 388 416 Exponi
413 371 503 405 nobis
528 380 629 414 nuper
653 370 725 405 fecit
760 397 765 403 .
797 397 802 403 .
835 396 840 402 .
871 397 876 403 .
909 397 914 402 .
944 368 1006 402 78⁹2

267 424 387 468 Exponi
411 423 502 456 nobis
532 433 633 467 nuper
658 423 729 456 fecit
763 449 916 456 .....
943 422 1007 454 803

266 476 385 520 Exponi
410 476 502 510 nobis
527 486 627 520 nuper
652 476 723 509 fecit
762 503 767 508 .
799 503 805 508 .
836 503 841 508 .
872 502 879 509 .
909 502 915 508 .
943 474 1007 507 8402

267 531 388 574 Exponi
414 531 504 563 nobis
529 540 630 574 nuper
654 530 725 563 fecit
762 556 915 562 .....
943 528 1008 561 904

266 583 387 626 Exponi
413 583 504 617 nobis
530 593 631 627 nuper
656 583 727 616 fecit
763 609 916 616 .....
944 582 1007 615 907

267 637 388 680 Exponi
414 637 503 671 nobis
528 647 629 681 nuper
655 637 726 670 fecit
764 664 917 670 .....
945 636 1008 670 926

627 744 649 776 G

269 851 362 884 Grata
383 849 603 882 familiaritatis
623 848 774 892 obsequia
801 875 806 880 .
838 875 844 881 .
876 875 881 881 .
913 876 918 881 .
968 847 1009 881 67

269 905 362 937 Grata
387 903 610 937 familiaritatis
634 902 808 946 obsequia.
839 930 845 935 .
876 930 882 935 .
913 929 919 935 .
948 901 1010 935 576

636 1010 645 1042 1

272 1115 307 1148 ln
331 1116 452 1149 excelsa
476 1115 563 1148 Sedis
588 1115 809 1159 Apostolicae.
840 1142 845 1147 .
878 1142 883 1148 .
914 1142 919 1148 .
949 1114 1011 1147 522

273 1169 307 1202 In
332 1171 421 1202 sacra
446 1170 528 1202 beati
554 1170 636 1202 Petri
661 1169 739 1202 Sede
766 1196 919 1202 .....
949 1168 1007 1201 791

272 1223 307 1255 In
330 1223 458 1256 sublimi
483 1222 573 1255 Sedis
603 1223 801 1266 Apostolieae
841 1249 847 1254 .
878 1250 884 1254 .
916 1250 921 1254 .
950 1221 1012 1254 7-26

273 1274 307 1307 ln
332 1285 482 1319 supremo
509 1275 672 1308 militantis
697 1276 853 1308 Ecclesiae
879 1303 883 1308 .
916 1302 921 1308 .
972 1276 1012 1308 50

272 1327 308 1360 In
331 1338 480 1372 supremo
506 1329 669 1362 militantis
694 1329 850 1363 Ecclesiae
879 1356 884 1361 .
916 1356 921 1361 .
949 1327 1013 1361 438

273 1381 308 1414 In
332 1392 482 1425 supremo
507 1382 670 1415 militantis
695 1383 852 1417 Ecclesiae
880 1410 886 1415 .
917 1410 922 1415 .
950 1382 1014 1416 518

273 1434 309 1468 In
332 1445 483 1479 supremo
508 1436 669 1469 militantis
695 1436 851 1470 Ecclesiae
879 1464 885 1469 .
916 1463 922 1469 .
950 1436 1009 1469 571

273 1487 308 1520 In
331 1498 480 1532 supremo
506 1488 668 1522 militantis
695 1489 852 1523 Ecclesiae
879 1516 885 1523 .
916 1516 922 1522 .
952 1488 1015 1522 750

273 1539 406 1573 Iniuncti
430 1541 521 1575 nobis
545 1542 674 1575 caelitus
694 1543 861 1586 pastoralis
882 1569 887 1575 .
918 1569 925 1575 .
953 1542 1017 1576 523

274 1592 452 1628 Iniunctum
477 1594 567 1628 nobis
591 1595 721 1629 caelitus
734 1623 924 1629 ......
952 1595 1015 1629 487

274 1646 473 1681 Inscrutabili
498 1654 643 1682 aeternae
668 1650 850 1694 sapientiae.
881 1677 887 1682 .
919 1677 925 1682 .
974 1649 1016 1682 602

275 1698 474 1734 Inscrutabili
494 1707 637 1735 aeternae
662 1703 853 1746 sapientiae.
882 1729 888 1735 .
919 1730 924 1735 .
953 1701 1017 1735 590

275 1752 473 1787 Inscrutabili
498 1755 620 1789 divinae
644 1756 857 1799 providentiae
883 1783 888 1788 .
919 1783 924 1789 .
954 1756 1012 1788 751

276 1807 361 1841 Inter
385 1809 586 1851 gravissimas
611 1814 639 1842 et
664 1810 854 1854 multiplices
882 1837 887 1843 .
920 1836 924 1842 .
954 1810 1017 1844 709

278 1859 361 1894 Inter
386 1861 575 1906 multiplices
600 1863 766 1906 pastoralis
791 1863 886 1897 officii
921 1890 925 1895 .
976 1863 1016 1896 67

638 1970 662 2002 M

276 2073 434 2109 Militantis
457 2075 614 2110 Ecclesiae
639 2077 786 2120 regimini
809 2104 814 2110 .
846 2104 851 2110 .
882 2104 888 2112 .
919 2104 925 2110 .
953 2077 1017 2111 169

275 2127 435 2162 Militantis
458 2129 614 2163 Ecclesiae
638 2130 785 2173 regimini
809 2157 815 2163 .
847 2157 852 2163 .
883 2158 888 2163 .
920 2158 925 2163 .
953 2130 1016 2165 467

276 2181 435 2216 Militantis
459 2182 615 2216 Ecclesiae
640 2183 786 2227 regimini
810 2211 815 2216 .
846 2211 851 2216 .
883 2210 889 2216 .
921 2211 927 2216 .
955 2183 1017 2217 567

276 2234 435 2269 Militantis
459 2235 614 2270 Ecclesiae
640 2237 785 2280 regimini
810 2264 814 2270 .
846 2265 852 2271 .
883 2265 889 2270 .
920 2265 926 2271 .
955 2236 1017 2271 786

634 2344 657 2377 N

279 2438 345 2474 Nos
374 2441 511 2475 volentes
517 2467 925 2476 ............
999 2443 1017 2476 2

280 2493 345 2528 Nos
369 2495 508 2529 volentes
513 2522 926 2530 ............
998 2497 1018 2530 5

281 2546 344 2581 Nos
370 2547 508 2582 volentes
514 2576 923 2583 ............
951 2548 1016 2583 168

281 2601 344 2635 Nos
370 2601 507 2636 volentes
512 2630 922 2636 ............
952 2602 1010 2635 171

280 2654 386 2700 Nuper
410 2666 426 2688 a
451 2655 699 2701 Congregatione
733 2684 923 2691 ......
951 2656 1014 2690 806

1057 421 1162 464 Nuper
1186 430 1243 464 per
1267 419 1551 462 Congregationem
1590 446 1596 452 .
1627 446 1632 451 .
1663 446 1669 452 .

1202 484 1262 517 pro
1287 476 1375 516 parte
1400 472 1596 505 charissimi.
1628 499 1633 504 .
1664 498 1670 505 .

1200 537 1258 570 pro
1283 532 1371 570 parte
1396 526 1500 559 dilecti
1526 525 1581 557 filii
1627 552 1632 557 .
1664 551 1669 557 .
1700 551 1706 556 .

1201 591 1259 624 pro
1284 585 1373 624 parte
1397 578 1501 612 dilecti
1528 578 1582 611 filii
1629 605 1634 610 .
1666 604 1671 609 .

1202 644 1261 677 pro
1286 638 1373 677 parte
1398 632 1501 665 dilecti
1526 632 1582 664 filii
1628 657 1634 663 .
1664 657 1670 663 .

1202 697 1260 730 pro
1285 692 1372 730 parte
1397 685 1500 718 dilecti
1527 685 1581 717 [ilii
1628 711 1634 716 .
1665 711 1670 715 .
1701 709 1708 715 .

1203 751 1260 783 pro
1285 743 1372 783 parte
1397 739 1502 771 dilecti
1527 737 1582 770 filii
1629 764 1634 769 .
1665 763 1671 768 .
1703 763 1708 768 .

1059 474 1176 517 Nuper,

1058 527 1174 570 Nuper,

1034 606 1035 609 η
1059 581 1175 624 Nuper,

1058 635 1176 678 Nuper,

1060 688 1176 730 Nuper,

1060 741 1177 783 Nuper,

1060 794 1175 836 Nuper,

1060 846 1176 889 Nuper,

1060 899 1179 942 Nuper,

1060 952 1177 995 Nuper,

1061 1006 1176 1049 Nuper,

1062 1058 1178 1101 Nuper,

1061 1110 1178 1153 Nuper,

1063 1324 1163 1358 Officii
1190 1324 1288 1358 nostri
1314 1330 1360 1357 est
1384 1323 1564 1367 pastoralia.
1596 1350 1601 1355 .
1633 1351 1638 1355 .
1670 1349 1676 1355 .

1067 1536 1234 1570 Pastoralis
1257 1537 1352 1570 officii
1377 1535 1468 1570 nobis
1488 1561 1715 1568 .......

1067 1590 1234 1625 Pastoralis
1259 1589 1370 1629 officii,
1395 1589 1479 1633 quod
1503 1594 1631 1623 auctore
1656 1588 1719 1622 Deo

1068 1644 1235 1677 Pastoralis
1260 1643 1365 1684 officii,
1390 1653 1452 1686 quo
1477 1643 1649 1676 catholicae
1674 1669 1679 1674 ,
1710 1667 1716 1674 .

1068 1698 1205 1731 Pastoris
1229 1698 1347 1730 aeterni
1374 1697 1456 1731 vices
1490 1722 1716 1730 .......

1070 1750 1130 1783 Piis
1155 1750 1404 1784 orthodoxorum
1430 1760 1542 1793 regum
1565 1777 1570 1783 .
1601 1777 1606 1782 .

1069 1804 1129 1837 Pro
1154 1809 1242 1847 parte
1267 1803 1420 1837 carissimi
1447 1803 1476 1839 in
1502 1803 1640 1837 Christo.
1672 1829 1678 1835 .

1069 1858 1129 1890 Pro
1154 1862 1242 1901 parte
1267 1857 1421 1890 carissimi
1447 1856 1477 1889 in
1501 1856 1641 1890 Christo.
1673 1882 1679 1888 .

1069 1911 1223 1955 Prospero
1249 1910 1392 1954 felicique
1418 1910 1564 1954 regimini
1600 1938 1605 1943 .
1638 1937 1642 1942 .
1675 1936 1680 1942 .

1068 2125 1220 2165 Quoniam
1247 2126 1277 2157 in
1303 2124 1524 2169 prosequendo
1550 2133 1681 2159 munere
1710 2151 1715 2157 .

1201 803 1259 837 pro
1285 798 1374 836 partc
1399 791 1503 824 dilecti
1529 791 1584 823 filii
1631 817 1636 822 .
1668 816 1673 822 .
1704 816 1710 822 .

1201 856 1260 889 pro
1284 850 1374 889 parte
1400 844 1588 877 dilectorum
1631 869 1637 875 .
1668 869 1673 875 .
1704 869 1710 874 .

1204 910 1263 942 pro
1288 903 1376 942 parte
1400 897 1588 930 dilectorum
1631 922 1637 928 .
1668 921 1674 927 .
1704 921 1710 927 .

1631 974 1636 981 .
1667 974 1673 981 .
1704 973 1710 980 .
1738 946 1802 980 613

1202 1016 1261 1049 pro
1286 1010 1374 1048 parte
1398 1004 1585 1038 dilectorum
1630 1027 1636 1035 .

1202 1068 1262 1101 pro
1286 1063 1374 1101 parte
1399 1057 1587 1090 dilectorum
1629 1081 1635 1087 .

1204 1120 1263 1154 pro
1287 1114 1375 1153 parte
1400 1109 1586 1143 dilectorum
1631 1135 1636 1140 .
1668 1134 1673 1140 .
1705 1134 1710 1139 .

1203 962 1262 996 pro
1288 956 1377 995 parte
1401 950 1588 983 dilectorum

1423 1218 1446 1251 O

1427 1430 1448 1462 P

1425 2020 1449 2057 Q

1430 2232 1452 2264 R

1071 2337 1192 2371 Rationi
1219 2336 1364 2380 congruit
1389 2343 1418 2370 et
1443 2337 1608 2371 convenit.

1071 2391 1194 2424 Rationi
1220 2391 1366 2433 congruit
1390 2395 1420 2424 et
1444 2390 1609 2425 convenit.
1640 2416 1645 2422 .
1677 2416 1682 2422 .

1070 2444 1195 2477 Rationi
1220 2443 1366 2486 congruit
1390 2449 1420 2477 et
1444 2443 1611 2477 convenit.
1642 2469 1648 2475 .
1679 2469 1685 2475 .

1069 2497 1195 2530 Rationi
1221 2497 1368 2540 congruit
1393 2502 1423 2529 et
1447 2497 1610 2530 convenit.
1642 2523 1648 2529 .
1678 2522 1684 2528 .

1070 2549 1291 2594 Redemptoris
1316 2560 1351 2583 ac
1376 2550 1499 2583 Domini
1525 2549 1648 2583 nostri.
1679 2576 1685 2581 .

1069 2602 1289 2647 Redemptoris
1311 2609 1341 2637 et
1366 2602 1489 2636 Domini
1513 2603 1613 2637 nostri
1642 2630 1646 2635 .
1681 2629 1686 2634 .

1070 2656 1286 2702 Redemptoris
1312 2663 1341 2690 et
1367 2656 1492 2690 Domini
1519 2656 1617 2691 nostri
1642 2684 1647 2689 .
1680 2683 1685 2689 .

1685 251 1744 285 981

1700 446 1706 451 .
1735 419 1797 452 706

1702 498 1707 503 .
1735 471 1799 504 514

1734 523 1798 555 446

1702 603 1708 609 .
1736 577 1799 609 570

1702 657 1707 662 .
1737 629 1800 662 784

1736 681 1799 715 828

1737 735 1800 767 847

1738 788 1802 822 944

1760 841 1800 874 89

1739 893 1801 927 543

1667 998 1797 1034 ..731

1667 1053 1801 1087 ..855

1739 1105 1803 1138 874

1707 1349 1713 1356 .
1740 1321 1799 1355 501

1743 1533 1808 1566 674

1744 1586 1807 1620 683

1743 1639 1808 1674 905

1767 1692 1807 1727 87

1639 1776 1646 1783 .
1675 1777 1680 1782 .
1712 1776 1717 1782 .
1745 1746 1808 1781 437

1710 1830 1715 1835 .
1744 1801 1808 1835 704

1711 1882 1716 1887 .
1745 1853 1804 1887 821

1711 1936 1717 1942 .
1746 1906 1810 1941 698

1746 2122 1808 2157 5052

1638 2363 1644 2370 .
1675 2363 1680 2369 .
1712 2363 1718 2369 .
1746 2335 1810 2369 175

1714 2417 1719 2423 .
1750 2388 1812 2423 186

1715 2469 1721 2475 .
1749 2441 1813 2475 196

1715 2522 1721 2529 .
1749 2493 1812 2527 206

1717 2576 1722 2580 .
1751 2547 1814 2581 863

1718 2629 1723 2634 .
1751 2600 1814 2635 156

1717 2683 1722 2688 .
1751 2653 1814 2688 708
