2227 3225
189 231 238 258 Aa.
254 230 286 261 C.
305 231 372 260 1696

972 232 1178 258 INNOCENTIUS
1204 234 1248 259 ΧΗ
1270 234 1317 258 ΡΡ.

1790 229 1852 260 7133
1906 238 1953 261 An.
1974 235 2003 261 C.
2023 235 2088 261 tostss

431 292 445 312 α
464 279 561 314 Sacra
584 279 810 322 Congregatio,
836 290 870 314 re
893 285 1020 314 mature
1045 291 1118 324 per·
1161 282 1244 315 rium
1270 282 1512 326 infrascriptum
1538 283 1664 326 integre
1690 286 1798 323 relata,
1818 284 1896 316 San-

382 334 506 376 pensa,
537 337 569 366 et
599 333 710 366 audito
735 333 832 366 etiam
859 339 951 377 patre
984 332 1117 367 Claudio

382 385 518 418 Estiensi
557 390 589 419 et
626 391 839 429 procuratore
878 387 1117 420 monachorum

381 437 649 481 Congregationis
670 439 866 482 Anglicanae
886 439 918 473 S.
938 438 1117 480 Benedicti,

382 489 525 523 decrevit
542 495 577 523 ut
593 490 693 524 infra:
733 506 736 508 Α

427 554 439 573 »
462 541 572 581 Quoad
597 543 667 577 lum.
687 544 747 578 Per
767 544 1012 589 deputationem
1035 545 1118 579 vica-

382 595 505 629 riorum
530 597 786 640 apostolicorum
815 598 930 631 saetam
956 598 989 631 in
1014 608 1117 641 regno

382 648 517 691 Angliae
538 660 556 682 a
575 653 688 683 sancta
704 651 862 684 memoria
879 651 1060 691 Innocentii
1079 651 1117 684 XI

382 711 527 735 cessasse
545 707 577 735 et
595 713 721 737 cessare
739 714 977 747 quamcumque
992 703 1118 737 iurisdi—

381 753 522 788 ctionem
546 755 765 799 capitulorum
782 767 838 790 seu
856 756 1052 790 vicariorum
1069 767 1119 790 ca-

382 806 590 849 pitularium,
618 814 682 841 tam
705 809 922 843 saecularium
947 820 1043 853 quam
1067 820 1118 842 re-

381 860 552 903 gularium,
575 862 719 895 omnium
739 864 953 897 ecclesiarum
973 864 1117 897 eiusdem

381 914 483 955 regni,
505 920 538 949 et
561 914 728 958 signanter
753 927 873 957 earum,
900 928 982 960 quae
1006 927 1118 951 mona-

381 966 451 999 chis
474 966 744 1011 Congregationis
766 970 963 1013 Anglicanae
988 969 1116 1004 Ordinis

381 1018 411 1051 S.
428 1019 593 1053 Benedicti
610 1021 721 1063 vigore
738 1022 851 1056 Bullae
870 1033 978 1056 sacrae
999 1034 1118 1056 memo-

383 1071 447 1104 riae
468 1071 589 1105 Urbani
606 1073 689 1115 vlu,
708 1085 790 1118 quae
809 1076 923 1119 incipit
946 1076 1118 1115 Plantam,

381 1134 439 1157 seu
457 1126 676 1168 quarumlibet
692 1128 827 1161 aliarum
845 1129 1029 1162 litterarum
1045 1140 1118 1172 apo-

381 1177 581 1220 stolicarum,
601 1186 656 1212 aut
673 1178 751 1214 alias
768 1182 1020 1225 quomodolibet
1037 1193 1117 1216 com·

379 1235 492 1274 petere
517 1238 641 1275 posset3
672 1233 807 1267 durante
843 1240 950 1268 tamen
983 1236 1118 1279 deputa-

381 1284 469 1318 tione
491 1287 691 1326 ,eorumdem
716 1298 774 1321 seu
803 1288 944 1322 aliorum
966 1288 1116 1322 similium

380 1336 574 1371 vicariorum
592 1340 631 1372 ab
649 1340 839 1383 Apostolica
863 1341 945 1375 Sede
972 1343 1118 1385 quando-

379 1399 517 1434 cumque
542 1391 812 1434 deputandorum,
839 1400 870 1427 et
894 1405 959 1428 non
980 1395 1070 1428 alias.

422 1454 436 1474 »
466 1442 576 1481 Quoad
605 1445 662 1476 ΞΜ
694 1456 768 1479 vero
798 1448 925 1480 censuit
950 1449 1117 1491 regulares

378 1505 598 1540 quoscumque
612 1524 619 1537 ‚
654 1498 751 1531 etiam
784 1499 952 1533 Societatis
984 1500 1053 1533 Iesu
1086 1507 1118 1534 et

378 1547 648 1592 Congregationis
686 1552 884 1594 Anglicanae
922 1554 1087 1596 praefatae
1105 1581 1113 1595 ,

378 1607 442 1634 tam
467 1602 552 1636 circa
577 1605 847 1647 approbationem
873 1607 911 1639 ad
938 1607 1117 1641 consessio-

377 1664 435 1688 nes
453 1656 646 1697 audiendas,
666 1668 760 1701 quam
781 1659 866 1692 circa
887 1662 1116 1694 concernentia

378 1717 488 1740 curam
513 1709 691 1742 animarum
710 1716 742 1744 et
763 1719 1040 1746 sacramentorum
1062 1715 1117 1747 ad-

379 1760 662 1803 ministrationem,
680 1764 808 1807 aliaque
826 1766 933 1798 munia
952 1768 1117 1809 parochia-

378 1813 430 1854 lia,
449 1824 521 1847 esse
538 1816 701 1849 subiectos
718 1817 846 1851 vicariis
863 1820 1061 1861 apostolicis,
1083 1822 1114 1853 in

379 1876 518 1909 quorum
536 1867 736 1903 districtibus
755 1880 810 1903 eos
828 1871 1007 1913 respective
1028 1883 1116 1906 com-

378 1919 499 1952 morari
517 1920 703 1963 contigerit.

423 1984 436 2003 »
468 1971 539 2005 Non
568 1973 773 2007 obstantibus
798 1976 906 2018 quoad
936 1979 1116 2020 praemissa

378 2025 636 2071 quibuscumque
660 2027 858 2070 regularium
874 2028 1030 2063 Ordinum
1054 2033 1116 2075 pri-

378 2078 523 2122 vilegiis,
557 2084 589 2112 et
619 2081 811 2123 praesertim
837 2083 999 2117 antedicta
1023 2085 1115 2119 Bulla

378 2142 490 2166 sacrae
507 2133 686 2166 memoriae
713 2133 833 2167 Urbani
853 2135 930 2176 VIII,
949 2137 1013 2170 illis
1033 2139 1113 2172 alias

378 2185 410 2218 in
431 2196 487 2219 suo
507 2186 626 2219 robore
650 2188 886 2229 permansuris,
910 2200 1037 2223 necnon
1064 2191 1115 2224 fir-

377 2239 437 2271 mis
448 2239 693 2282 remanentibus
706 2241 812 2283 quoad
829 2241 1113 2285 reliquaomnitms

378 2296 410 2324 et
439 2291 578 2334 singulis
607 2292 803 2335 privilegiis,
829 2296 1113 2338 praeeminentiis,

377 2344 622 2387 praerogativiS,
636 2345 772 2389 aliisque
789 2346 925 2390 iuribus,
941 2348 1033 2382 dictis
1050 2361 1113 2383 mo-

377 2397 489 2430 nachis
515 2397 785 2441 Congregationis
811 2400 1007 2442 Anglicauae
1033 2413 1113 2445 quo-

376 2450 555 2484 modolibet
589 2452 868 2495 competentibus,
904 2459 966 2488 etc.
999 2455 1111 2491 Datum

377 2503 514 2545 Romae,
541 2505 591 2538 die
617 2511 649 2539 et
671 2517 757 2540 anno
778 2507 894 2550 quibus
911 2518 1021 2552 supra.

421 2569 434 2588 i>
456 2556 543 2594 Quae
557 2558 689 2601 quidem
707 2560 836 2594 decreta
850 2561 962 2594 cadem
977 2562 1027 2595 die
1042 2573 1112 2596 san-

377 2609 518 2645 ctissimo
537 2611 666 2646 domino
683 2618 795 2648 nostro
820 2625 879 2657 per
900 2625 949 2648 me
968 2621 1111 2650 secrcta-

1160 335 1250 367 ctitas
1277 334 1340 368 Sua
1363 335 1506 378 benigne
1524 337 1666 369 laudavit
1687 343 1717 369 et
1735 338 1896 380 approba-

1159 387 1213 427 vit,
1237 387 1465 430 mandavitque
1487 388 1526 420 ab
1553 389 1715 429 omnibus,
1746 390 1785 422 ad
1813 400 1894 432 quos

1159 439 1314 482 pertinet,
1341 439 1570 474 inviolabiliter
1595 441 1776 473 observari.

1281 492 1314 526 C.
1338 493 1374 526 Α.
1398 493 1577 533 ramosus,
1597 493 1805 526 secretarius.
1834 506 1846 524 »

1203 544 1218 588 ξ
1242 543 1273 577 2.
1301 544 1377 578 Cum
1395 551 1515 585 autem,
1533 545 1617 578 sicut
1637 545 1746 578 vicarii
1771 551 1897 589 aposto-

1159 596 1212 630 lici
1236 597 1395 640 praedicti
1420 597 1514 631 nobis
1539 608 1646 642 nuper
1671 598 1788 641 exponi
1814 586 2018 632 seco-Y-ssktffifflttf
2054 588 2078 607 '¹⁰

1160 654 1246 691 runt,
1265 649 1326 693 ipsi
1353 650 1485 684 decreta
1515 650 1725 691 huiusmodi,
1752 661 1816 694 quo
1842 650 1896 682 fir-

1160 702 1243 736 mius
1269 704 1451 736 subsistant
1475 709 1506 737 et
1531 709 1699 737 serventur
1732 704 1895 744 exactius,

1160 756 1357 800 apostolicae
1394 757 1651 790 confirmationis
1684 763 1816 791 nostrae
1841 769 1896 801 pa-

1161 809 1298 843 trocinio
1324 810 1516 843 communiri
1549 810 1725 854 plurimum
1762 811 1894 844 desido-

1161 869 1256 897 rent:
1282 875 1352 904 nos,
1370 864 1545 908 specialem
1563 864 1641 908 ipsis
1658 865 1896 909 exponentibus

1161 918 1295 961 gratiam
1321 919 1428 952 facere
1452 919 1613 959 volentes,
1642 924 1674 951 et
1698 929 1810 952 corum
1832 919 1897 951 sin·

1160 973 1288 1014 gulares
1312 982 1471 1014 personas
1494 982 1511 1003 a
1535 971 1684 1014 quibuvis
1714 982 1897 1004 excomuni-

1161 1024 1352 1065 nicationis,
1385 1025 1609 1068 suspensionis
1644 1028 1675 1058 et
1708 1025 1895 1065 interdicti,

1160 1078 1298 1121 aliisque
1316 1078 1544 1111 ecclesiasticis
1559 1078 1738 1117 sententiis,
1753 1077 1896 1110 censuris

1161 1131 1329 1174 etpoenis‚
1351 1142 1369 1163 a
1394 1131 1464 1164 iure
1481 1131 1531 1164 vel
1557 1131 1596 1163 ab
1622 1131 1765 1169 homine,
1787 1130 1897 1174 quavis

1161 1184 1331 1218 occasione
1357 1185 1406 1217 vel
1431 1186 1525 1217 causa
1541 1183 1624 1224 latis,
1643 1183 1668 1216 si
1687 1184 1802 1227 quibus
1821 1194 1898 1226 quo-

1160 1237 1337 1270 modolibet
1361 1236 1536 1270 innodatae
1563 1236 1726 1277 existunt,
1756 1237 1792 1269 ad
1824 1235 1898 1269 etl'e-

1160 1294 1243 1324 ctum
1264 1289 1484 1333 praesentium
1509 1290 1671 1323 dumtaxat
1694 1299 1898 1332 consequen-

1161 1344 1245 1384 dum,
1268 1344 1381 1376 harum
1407 1342 1491 1376 serie
1517 1343 1722 1376 absolventes
1749 1347 1780 1375 et
1804 1343 1898 1375 abso-

1160 1396 1242 1429 lutas
1278 1396 1346 1428 sore
1382 1400 1574 1436 censentes,
1607 1395 1898 1440 supplicationibus

1161 1459 1273 1482 eorum
1297 1448 1428 1481 nomine
1450 1448 1543 1481 nobis
1562 1459 1661 1491 super
1683 1449 1746 1481 hoc
1771 1448 1899 1480 humili-

1160 1507 1210 1534 ter
1234 1501 1394 1544 porrectis
1420 1500 1586 1541 inclinati,
1614 1501 1746 1534 decreta
1770 1501 1899 1544 pracin-

1161 1560 1266 1595 serta‚
1291 1565 1328 1587 ae
1353 1554 1462 1587 omnia
1487 1559 1519 1587 et
1543 1554 1670 1597 singula
1695 1555 1728 1587 in
1753 1555 1799 1587 eis
1825 1565 1899 1587 con-

1161 1613 1249 1641 tenta
1266 1612 1297 1640 et
1318 1617 1479 1650 expressa,
1495 1608 1690 1640 auctoritate
1708 1608 1898 1650 apostolica,

1161 1666 1276 1693 tenore
1294 1660 1525 1703 praesentium,
1543 1661 1764 1703 approbamus
1782 1665 1813 1693 et
1827 1672 1898 1694 con·

1160 1714 1336 1753 firmamus,
1363 1713 1495 1756 illisque
1521 1713 1719 1746 inviolabilis
1744 1715 1899 1757 apostoli-

1160 1777 1216 1800 cae
1234 1766 1395 1799 firmitatis
1413 1766 1514 1799 robur
1531 1766 1709 1807 adiicimus,
1728 1777 1763 1799 ac
1785 1778 1898 1800 omnes

1161 1826 1193 1853 et
1209 1820 1357 1863 singulos
1383 1820 1462 1852 iuris
1480 1825 1512 1852 et
1530 1820 1604 1853 sacti
1624 1820 1779 1861 desectus,
1795 1821 1819 1854 si
1842 1822 1897 1864 qui

1160 1873 1303 1916 desuper
1345 1873 1594 1916 quomodolibet
1635 1873 1894 1915 intervenerint,

1160 1927 1365 1970 supplemus.

1203 1981 1218 2023 ξ)
1235 1979 1267 2013 3.
1286 1979 1505 2014 Decernentes
1519 2007 1526 2021 ‚
1548 1981 1679 2014 easdem
1708 1987 1897 2024 praesentts

1160 2033 1282 2066 litteras
1296 2042 1425 2076 semper
1436 2032 1553 2074 firmas,
1567 2034 1688 2067 validas
1703 2040 1734 2067 et
1751 2035 1896 2068 efficaces

1160 2085 1298 2118 existere
1325 2090 1355 2118 et
1379 2086 1471 2125 sore,
1496 2096 1636 2129 suosque
1668 2088 1832 2130 plenarios
1866 2094 1898 2121 et

1158 2138 1304 2180 integros
1331 2138 1461 2172 effectus
1487 2139 1597 2171 sortiri
1623 2146 1653 2172 et
1678 2140 1837 2181 obtinere,
1859 2152 1896 2174 ac

1157 2190 1234 2230 iltis,
1259 2192 1298 2224 ad
1333 2201 1415 2234 quos
1453 2197 1580 2235 spectat
1611 2196 1641 2226 et
1665 2201 1724 2236 pro
1751 2199 1895 2237 tempore

1158 2244 1429 2288 quandocumque
1448 2245 1618 2288 spectabit,
1638 2246 1670 2278 in
1695 2247 1845 2280 omnibus
1864 2253 1897 2280 et

1156 2307 1217 2340 per
1235 2297 1344 2330 omnia
1371 2298 1560 2340 plenissime
1586 2298 1771 2342 suffragari,
1800 2306 1831 2333 et
1855 2300 1894 2333 ab

1157 2350 1202 2383 eis
1234 2350 1414 2394 respective
1446 2351 1680 2385 inviolabiliter
1704 2353 1891 2394 observari,

1156 2403 1266 2447 sicque
1297 2403 1330 2436 in
1365 2404 1551 2447 praemissis
1587 2415 1645 2448 per
1676 2416 1894 2449 quoscumque

1156 2456 1278 2490 iudices
1305 2456 1489 2495 ordinarios
1514 2462 1546 2490 et
1581 2457 1768 2500 detegatOS,
1796 2459 1894 2492 etiam

1156 2520 1324 2543 causarum
1352 2509 1464 2552 palatii
1500 2510 1672 2553 apostolici
1699 2511 1863 2544 auditores
1883 2538 1890 2551 ,

1155 2562 1291 2598 iudicari
1311 2568 1341 2596 ct
1361 2562 1487 2597 definiri
1507 2563 1638 2603 debere,
1660 2574 1695 2596 ac
1721 2563 1844 2596 irritum
1862 2570 1894 2597 ct

1156 2617 1262 2658 inane,
1282 2617 1308 2650 si
1341 2626 1433 2651 secus
1464 2627 1562 2661 super
1588 2617 1637 2650 liis
1669 2630 1686 2650 a
1715 2628 1890 2661 quoquam,

1935 1991 1966 2010 tlt«.
1973 1990 2053 2013 umiae.

1955 558 2087 579 Confirmatio
