2227 3225
123 235 171 261 An.
188 233 215 262 C.
240 235 300 262 iffi!

890 238 1095 260 lNNOtll'N'l'll'S

1125 238 1164 260 ιιι
1192 238 1237 260 rr.
1730 232 1793 264 3217

318 284 355 316 tis
375 284 482 317 Ilullae
509 284 698 316 sanctissimi
726 285 841 316 [conis
865 285 886 316 X
910 287 948 317 de
966 296 1050 317 ann-a
1095 286 1190 318 aliam
1211 286 1630 320 intratltt‹›s1ne1ises.·iiite
1653 291 1827 331 capitulum

316 346 422 374 nuxvt,
444 343 473 369 et
499 337 645 370 eiusdem
671 337 926 370 ceuliimationis
948 349 964 370 a
983 339 1052 371 Cle-

315 394 422 422 mente
446 390 496 422 tlt
522 389 561 423 de
586 401 672 423 anno
697 400 816 431 ninxxv,
836 396 989 433 quantum
1012 391 1050 423 ad

316 452 408 474 usum
425 441 586 476 bonorum
612 442 847 486 redemptionis
865 442 1052 476 indifferen-

317 495 408 534 tium,
428 495 470 527 ita
491 501 534 535 ut,
560 506 781 539 quaecumque
807 497 847 528 ab
872 496 950 539 ipsis
976 506 1050 529 con-

316 558 406 581 cessa
447 548 580 581 facultas
613 549 782 592 praedicto
818 549 972 590 magistro
1002 550 1050 582 vel

316 600 426 634 Ordini
452 602 536 634 circa
561 602 801 635 distractionem
820 603 954 635 alicuius
979 613 1051 645 par-

318 655 356 687 tis
374 654 515 694 illorum,
530 666 694 698 nunquam
711 660 880 687 censeatur
900 655 1048 691 admissa,

318 707 380 740 imo
402 708 651 751 quamprimum,
677 714 708 740 et
732 708 871 751 saepius,
903 714 935 740 ut
962 719 1052 751 prae—

317 760 458 799 dicitur,
486 761 524 793 ab
561 760 638 803 ipsis
672 761 827 803 magistro
863 766 895 793 et
930 761 1049 794 Ordine

317 813 519 852 renunciata,
534 823 640 856 neque
667 819 743 846 tune
764 814 795 846 in
815 813 884 847 etus
902 824 1050 857 praesen-

317 866 438 899 tatione
475 871 525 898 aut
560 867 735 909 aliqnando
774 872 940 910 sustepta,
966 867 1050 900 sieut

316 929 386 952 eam
415 924 449 952 ut
475 919 569 952 talem
595 930 679 952 nune
697 920 813 952 iterum
837 921 1048 960 declaramus,

316 977 348 1005 et
371 971 456 1005 iuxta
488 972 655 1016 pristinam
694 973 954 1007 constitutionem
985 984 1046 1006 no-

315 1030 412 1058 stram
443 1027 630 1060 nullatenus
666 1036 683 1059 a
718 1027 864 1070 praefato
895 1027 1048 1069 magistro

315 1079 364 1112 vel
380 1078 637 1122 quilutscumque
653 1079 724 1112 aliis
739 1080 971 1122 exequendam,
989 1080 1048 1112 sub

314 1131 489 1174 praedietis
514 1132 629 1174 poenis
659 1137 690 1164 et
721 1133 873 1165 omnibus
899 1132 970 1164 aliis
997 1143 1049 1164 su-

314 1184 426 1227 perius
451 1184 524 1217 dist.
552 1195 574 1217 11
600 1194 670 1227 cap.
697 1194 732 1218 111
754 1185 837 1224 latis,
855 1185 909 1217 ubi
935 1191 1049 1218 cuneta

315 1237 399 1270 cirea
434 1237 615 1280 praedictas
640 1238 860 1282 eleemosynas
895 1249 959 1272 non
985 1239 1048 1272 alio

315 1290 540 1323 distrahendas
559 1291 723 1334 prohibita
741 1291 826 1324 iuxta
844 1298 1048 1334 praesentem

314 1343 564 1376 declarationem
590 1349 621 1376 et
645 1345 774 1377 decreta
810 1345 956 1387 superius
983 1356 1050 1377 me-

313 1401 439 1428 morata
463 1406 534 1429 esse
564 1401 595 1429 et
627 1397 726 1429 fuisse
758 1407 888 1440 semper
923 1397 1046 1430 iutelli-

314 1448 420 1492 genda
446 1448 691 1482 denunciamus.

356 1513 404 1536 xx.
431 1501 491 1534 Pro
518 1503 568 1534 liis
587 1513 664 1544 ergo
690 1504 844 1544 magister
869 1504 966 1536 debet
991 1504 1050 1537 im-

313 1555 445 1600 pensius
469 1555 576 1588 omnia
608 1561 759 1598 quantum
792 1556 883 1589 liceat
912 1557 1049 1601 impedi-

312 1614 421 1642 menta
452 1618 627 1652 superare,
660 1613 696 1640 ut
727 1608 868 1651 capitulo
905 1611 1047 1651 generali

313 1673 350 1695 ac
368 1662 464 1695 etiam
488 1662 742 1704 provincialibus
763 1673 892 1706 semper
911 1664 1047 1705 intersit,

312 1715 367 1748 ubi
391 1715 568 1758 praedietis
595 1715 732 1747 maxime
763 1721 794 1748 et
819 1716 890 1749 aliis
909 1728 990 1760 (piae
1008 1719 1047 1751 ad

311 1768 432 1800 honum
445 1767 572 1801 OrdInis
589 1767 724 1800 attinent
742 1769 779 1801 ad
799 1770 926 1802 oculum
946 1772 1048 1803 valeat

312 1820 494 1863 providere,
513 1831 551 1853 ne
578 1821 731 1863 gregibus
749 1821 809 1854 sibi
829 1823 953 1855 traditis
975 1835 1048 1867 pro-

312 1879 385 1917 pter
409 1873 456 1906 sui
482 1874 661 1906 absentiam
695 1874 727 1906 in
760 1875 909 1918 capitulis
942 1877 1045 1910 miuus

313 1926 486 1969 diligenter
510 1938 527 1960 a
560 1926 693 1969 reliquis
723 1937 838 1959 eorum
863 1929 1045 1971 pastoribus

312 1981 512 2013 consulatur.

354 2031 420 2067 xiil.
448 2032 587 2066 Ulterius
611 2033 787 2077 'provinciis
804 2035 905 2077 magis
924 2036 1047 2069 desola-

311 2086 362 2127 tis,
386 2086 435 2119 vel
460 2086 566 2119 minus
593 2086 653 2119 sibi
680 2087 922 2128 suistieientibus,
951 2089 1048 2122 debet

311 2148 383 2173 esse
408 2139 619 2173 favorabilior
642 2139 674 2172 in
700 2141 917 2174 concedendis
944 2143 1046 2176 l'ratri-

309 2192 371 2226 hus
395 2191 523 2226 idoneis
548 2197 580 2225 et
602 2193 756 2233 utilibus,
779 2193 845 2227 sive
870 2195 908 2227 ad
935 2197 1046 2238 legen-

308 2245 396 2285 dum,
415 2244 481 2278 sive
499 2245 537 2278 ad
555 2245 822 2288 praedicandum,
841 2247 906 2280 sive
924 2248 962 2280 ad
984 2249 1045 2281 alia

309 2296 436 2331 Ordinis
461 2297 611 2331 obeunda
634 2299 791 2342 negocia,
817 2300 903 2333 iuxta
927 2301 1046 2334 utilita-

311 2355 373 2384 tem
397 2349 537 2391 Ordinis,
563 2356 619 2384 aut
641 2351 777 2385 fratrum
805 2354 1045 2387 transferendo-

309 2414 401 2444 rum,
426 2405 476 2438 vel
501 2404 596 2438 etiam
621 2406 807 2448 provinciae
823 2433 830 2447 ,
858 2417 875 2440 a
900 2419 963 2451 qua
996 2410 1045 2442 rel

310 2457 349 2490 ad
375 2467 469 2500 quam
502 2457 644 2491 traslatio
669 2458 854 2493 huiusmodi
881 2461 978 2493 fuerit.
1002 2462 1046 2494 l'a-

310 2509 445 2550 cienda;
471 2520 637 2554 nunquam
672 2517 776 2545 tamen
801 2514 861 2545 sub
885 2514 978 2547 liuius
1003 2515 1046 2547 sa-

310 2562 438 2595 cultatis
463 2568 632 2605 praetextu
662 2564 794 2598 fratrem
823 2566 961 2609 aliquem
987 2572 1046 2599 tra-

309 2615 406 2648 ducat
430 2615 468 2648 de
494 2616 656 2648 vocalibus
680 2617 774 2650 unius
799 2619 987 2661 provinciae
1012 2620 1044 2653 in

415 2676 495 2705 Bull.
516 2677 600 2704 Rom.
621 2693 653 2697 -
679 2679 736 2707 Vol.
758 2679 818 2707 XX.

962 2681 992 2707 ἀὲ,

1095 338 1292 380 provinciale
1320 339 1405 371 illius
1423 352 1438 371 a
1460 350 1520 382 qua
1542 341 1721 374 dimittitur.
1740 345 1829 381 Quod

1094 401 1154 423 nec
1178 391 1241 424 alio
1270 397 1414 434 tempore
1437 392 1541 432 saciat,
1568 394 1628 425 nisi
1656 396 1831 428 rationabi-

1094 444 1168 476 liter
1199 450 1323 487 urgeat.
1352 445 1585 478 Contentionis
1623 458 1751 490 quoque
1778 450 1828 489 tsi

1094 507 1176 540 quae
1194 497 1314 530 suerint
1332 499 1415 531 inter
1432 499 1627 541 provincias)
1647 501 1740 532 debet
1760 513 1831 544 pru-

1095 549 1209 582 denter
1241 551 1418 592 dirhnere,
1446 558 1477 584 et
1505 564 1522 584 a
1548 553 1670 585 mutuis
1704 565 1756 586 eas
1782 555 1830 587 in-

1093 603 1185 635 iuriis
1210 609 1239 636 et
1267 605 1487 638 vexationibus
1512 616 1731 648 praeservare.

1137 666 1214 689 xxii.
1243 656 1385 699 Magistri
1417 659 1587 699 generales
1620 664 1693 701 post
1718 660 1831 703 imple-

1095 713 1159 740 tum
1185 709 1322 742 officium
1348 717 1499 742 maneant
1527 711 1595 753 ipso
1623 712 1704 744 sactu
1729 713 1830 754 magi-

1093 761 1150 792 stri
1170 762 1207 794 de
1235 773 1384 804 uumer0;
1408 763 1439 795 in
1460 765 1601 807 qualibet
1624 765 1721 797 totius
1739 766 1829 798 Ordi-

1094 814 1141 845 nis
1166 815 1340 857 provincia,
1363 816 1418 848 ubi
1444 817 1657 860 reperiantur,
1679 818 1709 850 in
1730 819 1829 850 omni-

1094 867 1151 899 bus
1169 867 1318 911 capitulis
1337 874 1399 901 tam
1422 870 1632 911 generalibus
1647 882 1741 913 quam
1760 882 1829 914 pro-

1094 920 1294 960 vincialibus,
1320 930 1496 965 eorumque
1523 921 1714 955 delinitoriis
1741 929 1829 955 oxu-a

1093 974 1140 1006 vel
1166 972 1249 1007 intra
1272 975 1447 1017 capitulum
1473 976 1693 1015 celebrandis,
1716 986 1827 1009 vocem

1094 1026 1233 1059 habeant
1252 1027 1421 1060 decisivam
1442 1033 1472 1060 et
1490 1028 1658 1060 electivam
1678 1028 1708 1060 in
1728 1029 1829 1061 omui-

1093 1080 1171 1119 bus;
1199 1080 1356 1113 honorem
1388 1081 1592 1123 paternitatis
1626 1082 1828 1114 reverendis-

1093 1132 1190 1166 simae
1205 1143 1270 1165 non
1285 1133 1449 1173 amittant;
1466 1138 1539 1176 post
1556 1135 1739 1176 praelatum
1755 1145 1829 1166 con-

1092 1191 1204 1218 ventus
1222 1187 1328 1219 locum
1349 1197 1476 1229 semper
1494 1187 1642 1219 obtinent
1667 1187 1826 1220 immedia-

1094 1243 1174 1278 tum,
1201 1239 1396 1282 ubicumque
1419 1239 1588 1279 volueriut,
1608 1240 1829 1273 conventuali-

1095 1297 1190 1325 tatem
1214 1299 1347 1335 possunt
1372 1293 1491 1335 eligere
1514 1293 1552 1325 de
1576 1293 1706 1326 licentia
1730 1294 1829 1335 magi-

1092 1345 1160 1384 stri,
1177 1348 1208 1378 et
1227 1345 1348 1377 ibidem
1375 1345 1494 1377 socium
1521 1346 1650 1387 penitus
1676 1346 1715 1377 ab
1741 1346 1827 1378 omni

1092 1403 1268 1431 conventus
1286 1408 1384 1430 onere
1407 1398 1543 1431 liberum
1564 1398 1625 1430 illis
1645 1399 1720 1431 dare
1738 1410 1829 1441 prae-

1092 1451 1250 1494 cipimus·,
1280 1450 1312 1482 in
1346 1450 1478 1493 reliquis
1510 1451 1653 1492 gaudent
1677 1451 1828 1483 omnibus

1092 1503 1271 1547 privilegiis
1289 1508 1319 1536 et
1337 1503 1596 1546 exemptionibus
1624 1503 1828 1546 quibuscum-

1093 1567 1154 1600 que
1173 1557 1244 1590 aliis
1259 1568 1275 1589 a
1292 1556 1526 1589 constitutione
1541 1557 1715 1597 concessis,
1732 1557 1774 1589 ita
1794 1563 1827 1589 ut,

1092 1610 1178 1642 iuxta
1202 1620 1387 1653 supremam
1410 1609 1599 1651 dignitatem
1618 1611 1826 1652 praeteritam

1091 1663 1229 1705 amplior
1251 1663 1297 1696 eis
1320 1662 1427 1694 honor
1448 1662 1613 1694 deseratur
1628 1663 1659 1694 in
1674 1663 1824 1705 siugulis.

1839 242 1874 266 ,ln
1904 242 1929 266 tl.
1957 243 1972 261 'v
1987 244 2014 257 Ἠ

1134 1726 1156 1749 1.
1183 1715 1222 1749 Ut
1247 1716 1328 1748 haee
1361 1715 1523 1748 successio
1555 1715 1673 1748 elatius
1704 1716 1735 1747 iu
1762 1716 1827 1747 sin·
1875 1728 2022 1766 'w

1090 1771 1173 1813 gulis
1198 1769 1366 1802 eventibus
1393 1774 1560 1809 statuatur,
1582 1769 1686 1812 primo
1704 1775 1734 1802 et
1754 1776 1827 1801 ante
1845 1781 2014 1820 .‘*.'.',¹„'f,‘{,‘¹¹,'.‘.'¹

1090 1823 1198 1856 omnia
1214 1822 1421 1855 decernimus
1438 1822 1623 1863 magistrum
1639 1824 1826 1864 generalem

1089 1887 1183 1920 posse
1207 1875 1327 1918 ubique
1349 1880 1379 1908 et
1404 1875 1518 1918 quovis
1537 1880 1683 1918 tempore
1710 1885 1902 1926 renun-vmslj
1925 1884 2005 1900 ···0<·=

1089 1930 1173 1963 ciare
1203 1929 1425 1971 magistratum
1456 1939 1514 1971 per
1539 1939 1572 1962 se
1598 1929 1648 1961 rel
1672 1939 1829 1971 procura-

1091 1990 1202 2022 torem,
1229 1993 1337 2015 coram
1363 1989 1469 2016 tamen
1492 1982 1681 2025 provinciali
1707 1988 1739 2015 et
1764 1984 1828 2016 ele-

1090 2037 1231 2070 ctoribus
1248 2047 1284 2069 ae
1298 2035 1521 2069 definitoribus
1536 2036 1742 2078 generalibus
1759 2036 1827 2069 eius

1089 2089 1273 2132 provinciae
1292 2089 1341 2122 eui
1361 2089 1472 2121 adesse
1491 2088 1674 2131 eontigerit.
1693 2088 1758 2126 Qua
1777 2100 1827 2121 re-

1089 2143 1293 2175 nuntiatione
1314 2141 1404 2181 saeta,
1424 2146 1455 2173 et
1473 2141 1662 2174 authentico
1680 2142 1827 2175 testimo-

1088 2195 1141 2228 nio
1167 2206 1225 2238 per
1249 2194 1460 2228 secretarium
1494 2193 1621 2226 Ordinis
1653 2198 1823 2236 attestata,

1089 2259 1125 2281 ex
1144 2254 1219 2281 tune
1244 2247 1391 2281 -wotinus
1409 2248 1520 2280 sedem
1540 2248 1684 2290 magistri
1702 2259 1824 2287 vacare,

1088 2307 1119 2335 et
1135 2301 1174 2334 ad
1191 2301 1295 2340 illum,
1316 2300 1370 2344 qui
1393 2300 1461 2333 iure
1483 2301 1599 2333 harum
1624 2301 1827 2334 constitutio-

1088 2366 1163 2388 num
1188 2355 1230 2387 sit
1259 2353 1398 2387 vicarius
1434 2354 1596 2396 generalis
1630 2353 1661 2386 in
1687 2354 1824 2395 Ordine,

1089 2414 1191 2442 totum
1215 2407 1285 2441 eius
1311 2407 1457 2449 regimen
1492 2407 1640 2447 devolvi,
1667 2413 1826 2451 perpetuo

1087 2461 1281 2494 stabilimus.
1308 2460 1386 2493 Cum
1410 2464 1517 2493 autem
1547 2460 1704 2502 magister
1727 2471 1827 2503 gene-

1088 2515 1163 2548 ralis
1189 2514 1230 2547 ad
1254 2514 1396 2556 aliquam
1421 2513 1592 2546 ecelesiam
1622 2523 1679 2546 seu
1705 2514 1828 2556 episco-=

1087 2573 1197 2610 patum
1222 2566 1351 2600 eveniat
1385 2566 1591 2609 promoveri,
1617 2576 1681 2599 non
1718 2567 1823 2598 statim

1087 2620 1182 2654 sedes
1199 2618 1345 2662 magistri
1361 2629 1461 2652 vaeua
1478 2623 1661 2659 censeatur,
1681 2628 1742 2651 nec
1759 2628 1824 2651 sue-
