2227 3225
105 245 156 273 ΑΒ.
176 243 206 273 C.
222 243 292 273 ¹700

297 293 414 327 ctionis
439 303 475 326 ac
498 291 750 337 praedicationis
780 292 936 325 exercitio
959 302 1038 325 con-

298 346 449 386 stitutus;
477 346 556 389 quin
582 346 679 378 etiam
709 345 850 389 publicis
877 345 1037 378 interesse

297 399 529 438 functionibus,
555 399 836 443 processionibus,
855 399 1038 441 ceterisque

296 452 460 485 consuetis
499 457 669 491 teneatur,
695 451 758 484 nisi
784 451 939 494 legitimis
967 457 999 484 et
1023 462 1040 484 a

296 505 526 548 superioribus
551 502 742 548 approbatis
768 505 917 537 detentus
943 505 1040 538 suerit

296 557 552 601 impedimentis.
573 558 780 591 Meminerint
797 558 884 590 iuxta
905 558 1040 590 sanctis-

297 610 370 643 simi
387 611 512 644 domini
527 611 631 644 nostri
646 612 785 643 salutare
801 611 1039 653 praescriptum

297 665 461 698 exercitiis
493 665 719 709 spiritualibus
743 666 856 698 saltem
881 666 980 697 semel
1006 664 1038 697 in

297 728 382 751 anno
407 724 439 751 et
459 720 495 752 ea
522 729 585 762 qua
611 719 704 751 decet
736 718 832 750 animi
865 718 1039 751 devotione

298 781 334 804 ac
354 772 540 805 commercii
560 772 767 805 abdicatione
786 777 883 804 totam
906 782 1039 814 operam

297 824 383 864 dare,
408 835 469 869 per
494 836 590 868 quam
617 824 725 857 anima
757 825 889 858 caelesti
917 825 1038 868 pabulo

295 884 480 919 recreatur,
506 878 672 922 primaeva
705 889 743 912 ex
769 884 844 911 voto
875 878 1039 922 promissa

295 930 362 965 Deo
398 931 636 973 renovatione,
676 937 708 964 et
742 931 913 974 religionis
951 932 1038 965 zelus

112 984 404 1029 >1³90‹›n2;r032·stt1di0
441 985 652 1029 perfectionis
691 991 859 1027 augeatur.
901 995 936 1019 11.
975 984 1036 1018 Ca—

101 1026 203 1047 ⁸¹⁰¹¹¹¹²¹¹⁵'
295 1044 391 1072 veant
414 1039 542 1082 priores
569 1049 610 1072 ne
637 1039 670 1072 in
702 1039 800 1072 rebus
832 1039 1037 1082 gravioribus

296 1091 419 1136 absque
444 1093 549 1126 libero
575 1093 790 1126 discretorum
815 1103 988 1133 consensu,
1007 1099 1038 1126 et

295 1145 328 1179 in
354 1147 451 1179 rebus
482 1147 682 1189 gravissimis
712 1146 841 1179 nonnisi
867 1147 981 1179 maiori
1007 1152 1040 1180 et

295 1200 418 1234 saniori
444 1206 535 1244 parte
562 1200 698 1244 capituli
728 1201 952 1234 conventualis
981 1210 1038 1232 an-

295 1259 428 1294 nuente,
444 1255 626 1298 procedant
642 1266 649 1295 ;
669 1255 809 1298 ideoque
835 1254 1037 1293 mandamus,

295 1308 382 1352 quod
409 1308 509 1342 semel
535 1309 566 1341 in
594 1308 801 1341 hebdomada
825 1307 880 1341 fiat
901 1317 1039 1351 congre-

296 1361 384 1404 gatio
409 1372 468 1405 pro
494 1361 545 1394 his
573 1361 760 1403 tractandis,
797 1372 879 1405 quae
916 1361 1037 1394 nedum

295 1416 482 1457 regularem
507 1414 760 1454 observantiam,
778 1415 834 1447 sed
853 1414 949 1447 etiam
968 1424 1038 1447 rem

296 1473 478 1500 conventus
497 1467 623 1500 utiliter
639 1467 817 1510 gerendam
842 1468 1034 1510 respiciunt.

113 1530 284 1563 nummum
295 1529 343 1555 111.
360 1520 485 1561 Nullus,
501 1520 733 1564 cuiuscumque
749 1520 868 1563 gradus
884 1525 915 1553 et
929 1531 1037 1564 praee-

100 1558 127 1580 ’δ
143 1558 272 1580 ‘mmmm
294 1575 470 1608 minentiae
511 1575 821 1618 quomodocumque
847 1574 1037 1618 privilegia-

296 1633 348 1661 tae
389 1628 485 1661 etiam
522 1627 695 1661 vicariatus
731 1628 896 1670 generalis
933 1627 1036 1660 habiti

294 1682 344 1715 vel
375 1681 520 1714 habendi
558 1681 694 1721 existat,
725 1687 899 1714 censeatur
935 1686 966 1714 et
997 1681 1038 1713 sit

295 1740 468 1778 exemptus
509 1734 548 1767 ab
581 1735 792 1775 obedientia,
828 1734 1036 1768 subiectione

295 1792 327 1821 et
362 1788 564 1821 correctione
601 1788 782 1831 superioris
814 1788 928 1821 localis
960 1798 1038 1821 con-

293 1845 437 1881 ventus,
464 1841 496 1873 in
524 1851 587 1884 qua
620 1841 659 1874 de
695 1841 814 1874 familia
848 1841 1035 1884 designatus

294 1894 399 1937 degit,
433 1895 577 1938 exceptis
610 1894 867 1927 honorificentiis
896 1904 956 1937 per
980 1905 1037 1928 no-

293 1953 376 1982 stras
401 1949 653 1982 constitutiones
680 1948 767 1981 iuxta
787 1947 968 1991 exigentias
988 1948 1035 1981 illi

98 2003 471 2057 EnPus-vit&eom-concessis.
497 2013 540 2036 ιν.
567 2002 780 2035 Provideatur
815 2012 832 2034 a
865 2002 1036 2045 superiore

292 2062 471 2090 conventus
498 2057 637 2100 quilibet
654 2056 841 2099 religiosus,
859 2057 1038 2089 cuiuscum-

292 2122 354 2154 que
389 2111 509 2154 gradus
543 2111 639 2144 etiam
674 2110 847 2144 vicariatus
872 2111 1035 2154 generalis

291 2163 395 2197 habiti
434 2165 485 2197 vel
528 2163 700 2204 habendi,
737 2174 809 2196 cum
849 2164 1037 2197 omnimoda

291 2216 517 2249 uniformitate
544 2223 577 2249 et
611 2217 830 2260 aequalitate,
859 2217 902 2249 ita
926 2222 962 2249 ut
986 2228 1037 2250 eo-

291 2269 365 2303 dem
392 2270 479 2303 victu
509 2275 541 2302 et
572 2270 749 2310 vestiario,
782 2271 964 2314 ceterisque
996 2271 1035 2304 ad

289 2323 359 2356 eius
383 2334 490 2363 usum,
517 2322 700 2361 servitium,
729 2324 960 2356 necessitatem
986 2334 1036 2356 as-

290 2375 426 2418 signatis
460 2376 510 2408 vel
543 2375 748 2418 assignandis
774 2376 860 2409 iuxta
885 2377 1034 2419 regulam

291 2433 324 2461 et
347 2429 599 2462 constitutiones
635 2434 763 2462 nostras
790 2429 934 2462 habeant
962 2441 1036 2472 gau-

291 2480 379 2522 dere,
401 2482 538 2515 sublatis
563 2482 757 2525 ceteroquin
775 2482 1034 2526 quibuscumque

291 2534 580 2578 singularitatibus,
607 2547 690 2580 quae
721 2536 945 2570 communitati
972 2537 1032 2570 de-

292 2589 482 2622 trimentum
514 2595 545 2623 et
575 2590 840 2624 inobservantiae
865 2590 1032 2635 specimen

878 241 1090 267 INNOCENTIUS
1114 241 1160 265 xn
1184 242 1233 266 PP.

1712 233 1777 267 915
1826 242 2010 271 An.C.1·1oo

1082 290 1124 324 tio
1157 290 1349 334 particulari
1381 296 1509 334 patrum
1541 292 1730 332 seniorum,
1756 303 1823 335 gra-

1082 343 1253 376 duatorum
1286 344 1334 376 vel
1369 344 1633 385 gravissimorum
1666 357 1731 378 non
1758 346 1824 378 siut

1082 397 1164 430 adeo
1183 397 1325 430 adstricti
1347 397 1476 437 eisdem,
1493 399 1539 430 rel
1559 409 1617 440 pro
1633 400 1819 431 eorumdem

1083 450 1239 490 servitio,
1277 456 1312 483 ut
1337 450 1433 483 etiam
1465 462 1525 494 pro
1557 452 1691 494 publico
1717 457 1747 483 et
1784 452 1822 484 ad

1083 509 1192 536 cetera
1207 504 1431 536 communitati
1447 504 1641 547 praestanda
1656 504 1693 536 ud
1709 510 1821 536 nutum

1083 557 1264 601 superioris
1298 558 1411 591 localis
1455 563 1619 601 nequeant
1656 558 1820 590 adbiberi.

1083 620 1125 643 vi.
1154 610 1327 643 Memoriae
1347 611 1538 643 mandamus
1556 611 1692 643 cuilibet
1711 622 1747 643 ex
1767 622 1823 644 no·
1864 622 1892 640 uo
1912 624 2019 644 rumoris«)

1082 664 1156 697 stris
1186 664 1347 706 religiosis
1372 671 1528 707 quantum
1556 664 1672 697 deceat
1696 676 1712 696 a
1740 650 1985 697 sanii-“*'‘³¹'¹‘''¹¹¹''''

1083 718 1224 751 liaritate
1268 729 1339 750 cum
1380 718 1598 751 saecularibus
1635 719 1822 759 abstinere,

1083 771 1194 814 eisque
1219 772 1352 814 negotia
1372 777 1433 804 tam
1453 778 1631 805 conventus
1651 783 1745 816 quam
1765 773 1826 806 sra-

1083 829 1177 864 trum,
1211 825 1387 868 praecipue
1414 825 1570 865 desectus,
1597 826 1821 866 absconde1·e;

1083 877 1225 922 ideoque
1254 878 1425 911 statuimus
1460 884 1490 912 et
1525 879 1717 912 mandamus
1743 880 1824 912 nulli

1082 932 1184 975 priori
1208 932 1306 966 licere
1333 934 1518 966 saeculares
1544 944 1767 977 quoscumque
1794 939 1825 967 et

1082 986 1313 1029 cuiuscumque
1338 986 1536 1020 conditionis
1562 987 1646 1020 intra
1671 989 1823 1028 claustra,

1083 1039 1145 1072 nisi
1167 1050 1228 1083 per
1252 1040 1376 1083 aliquot
1397 1041 1465 1073 dics
1484 1046 1516 1073 et
1541 1051 1604 1074 non
1631 1041 1824 1075 mensuatim

1083 1093 1245 1132 retinere,
1268 1103 1328 1126 nec
1353 1094 1434 1127 inito
1460 1100 1554 1137 pacto
1586 1099 1617 1128 et
1649 1094 1765 1137 pretio,
1791 1101 1826 1127 ut

1083 1147 1179 1189 vulgo
1202 1147 1323 1180 dicitur
1338 1147 1470 1186 dozena,
1489 1148 1623 1187 habere,
1642 1154 1681 1187 et,
1704 1155 1825 1191 quanto

1083 1199 1191 1232 minus
1217 1199 1286 1232 fieri
1308 1200 1454 1242 poterit,
1480 1200 1578 1233 etiam
1603 1211 1663 1244 pro
1686 1201 1826 1244 negotiis

1083 1253 1229 1297 alioquin
1250 1263 1314 1286 non
1333 1254 1529 1287 necessariis
1545 1255 1767 1288 introducere:
1784 1255 1823 1287 ab

1084 1306 1146 1339 hoc
1172 1308 1258 1340 enim
1284 1318 1379 1350 quam
1406 1307 1544 1340 maxime
1562 1308 1753 1351 dependere
1780 1309 1826 1340 di-

1082 1361 1251 1404 gnoscitur
1265 1367 1397 1394 nostrae
1416 1361 1522 1394 bonae
1538 1361 1641 1395 famae
1653 1369 1683 1395 et
1697 1363 1826 1403 religio·

1082 1425 1136 1448 sae
1154 1414 1313 1448 libertatis
1331 1415 1550 1448 conservatio.
1571 1425 1624 1448 vn.
1648 1415 1726 1454 Quia
1747 1427 1825 1450 vero

1082 1474 1213 1502 nostrae
1232 1468 1505 1511 Congregationis
1522 1470 1681 1512 profectui
1702 1476 1733 1503 et
1751 1481 1825 1513 pro-

1082 1522 1249 1566 pagationi
1284 1522 1347 1555 hoc
1379 1532 1478 1555 unum
1510 1523 1612 1565 magis
1646 1524 1824 1557 contulisse

1081 1576 1292 1619 comperitur,
1318 1582 1446 1609 nostras
1472 1576 1596 1609 scilicet
1622 1577 1825 1610 constitutio-

1081 1640 1139 1663 nes
1176 1630 1206 1662 in
1246 1631 1304 1662 sua
1329 1630 1470 1672 puritate
1504 1630 1703 1673 relinquere,
1729 1631 1760 1662 in
1786 1631 1824 1663 iis

1081 1683 1258 1726 praecipue
1296 1694 1379 1727 quae
1419 1683 1565 1716 eiusdem
1606 1684 1756 1726 regimen
1793 1689 1826 1717 et

1082 1738 1277 1780 guhernium
1300 1737 1493 1780 respiciunt,
1519 1737 1593 1770 idco
1620 1737 1823 1771 declaramus

1082 1797 1112 1824 et
1129 1790 1298 1823 statuimus
1317 1790 1350 1822 in
1368 1796 1536 1833 posterum
1555 1791 1732 1824 servandas
1753 1802 1822 1824 esse

1081 1844 1215 1877 omnino
1252 1843 1502 1876 constitutiones
1542 1844 1587 1876 De
1611 1843 1824 1885 definitorib.¹

1082 1907 1153 1940 cap.
1174 1907 1278 1936 xxxm,
1305 1907 1338 1929 n.
1357 1906 1428 1935 vni,
1449 1897 1481 1929 in
1507 1908 1571 1940 quo
1598 1898 1823 1931 tantummodo

1081 1950 1269 1983 nominatur
1294 1960 1350 1983 seu
1376 1951 1529 1982 statuitur
1555 1951 1663 1983 locum
1683 1962 1751 1985 esse
1779 1952 1825 1984 vi-

1082 2003 1169 2036 cario
1196 2003 1341 2046 generali
1368 2003 1486 2043 eiecto,
1515 2005 1577 2036 una
1603 2015 1676 2036 cum
1702 2004 1822 2038 vicario

1081 2057 1228 2099 generali
1246 2056 1366 2096 functo,
1383 2062 1415 2089 et
1432 2056 1575 2100 quinque
1593 2057 1822 2091 definitoribus

1081 2121 1098 2143 a
1123 2110 1246 2153 gremio
1268 2110 1400 2151 electis,
1439 2111 1615 2153 derogatur
1648 2118 1823 2155 propterea

1082 2163 1341 2207 quibuscumque
1366 2163 1557 2206 privilegiis,
1577 2165 1823 2197 consuetudini-

1081 2217 1153 2257 bus,
1182 2217 1324 2250 decretis
1351 2222 1384 2249 et
1409 2217 1552 2257 statutis,
1593 2218 1689 2251 etiam
1715 2217 1748 2250 in
1773 2229 1823 2251 or-

1081 2270 1156 2303 dine
1194 2270 1233 2303 ad
1269 2271 1344 2304 illos
1383 2271 1438 2314 qui
1475 2271 1605 2304 suerunt
1642 2273 1691 2304 vel
1729 2278 1823 2305 erunt

1080 2324 1189 2357 vicarii
1216 2326 1397 2367 generales,
1433 2330 1464 2357 et
1497 2325 1703 2358 decernimus
1735 2327 1821 2368 quod

1081 2377 1224 2420 eligendi
1249 2379 1282 2410 in
1309 2377 1500 2411 definitores
1534 2379 1678 2411 babeant
1710 2380 1822 2412 condi-

1080 2432 1184 2465 tiones
1210 2437 1241 2465 et
1258 2432 1414 2476 requisita
1432 2443 1515 2476 quae
1534 2444 1592 2476 pro
1612 2438 1701 2465 tanto
1719 2443 1820 2465 onere

1079 2490 1112 2517 et
1147 2485 1280 2528 negotio
1318 2497 1335 2519 a
1371 2486 1660 2519 constitutionibus
1696 2486 1820 2519 nostris

1078 2539 1359 2583 praescribuntur.
1376 2539 1496 2572 Ultimo
1513 2550 1520 2572 τ
1540 2540 1680 2572 lectores
1698 2544 1729 2572 et
1745 2540 1821 2572 bac·
1854 2542 1881 2565 De
1894 2543 2016 2566 lectoribus-

1077 2592 1219 2625 calaurei
1244 2603 1310 2626 non
1332 2592 1459 2636 possint
1475 2592 1514 2625 ad
1533 2592 1725 2626 ulteriorem
1751 2602 1819 2635 gra-

1855 1422 1885 1443 Do
1896 1422 2019 1449 privilegiis.

97 2641 464 2689 munientibus-praebent,
491 2652 521 2677 v.
548 2643 635 2678 Laici
671 2644 818 2688 deputati
840 2655 900 2688 pro
932 2643 1034 2678 servi·
1078 2645 1154 2680 dum
1177 2646 1360 2690 respective
1385 2646 1581 2690 promoveri,
1599 2646 1660 2679 nisi
1687 2646 1818 2680 actuali-
