2227 3225
67 281 115 307 An.
130 279 161 307 C.
185 278 254 307 ¹699

133 1820 255 1851 Mandatum

72 1852 210 1870 executionis.

852 274 1061 299 INNOCENTIUS
1086 275 1130 297 Xll
1155 274 1203 298 ΓΡ.

260 326 409 361 omnibus
430 331 461 359 et
480 326 615 368 singulis
636 324 724 357 illius
742 323 935 363 honoribus,
954 323 999 354 iu-

260 380 351 413 ribus
371 406 377 419 ‚
415 378 685 422 praeeminentiis
708 382 740 409 et
764 376 999 420 praerogativis

260 432 364 466 solitis
389 437 421 465 et
445 431 620 471 consuetis,
647 436 746 468 motu,
772 429 919 468 scientia,
945 429 1000 461 dc-

261 484 456 519 liberatione
482 490 513 517 et
537 484 709 527 potcstatis
728 483 933 526 plenitudine
950 494 1001 526 pa-

259 538 363 576 ribus,
383 537 498 570 harum
513 537 596 570 serie
613 541 776 580 perpetuo
789 536 1001 568 concedimus

260 596 291 624 et
315 590 536 633 assignamus;
562 600 692 623 necnon
717 589 882 622 vobiscum
905 599 1003 632 super

260 643 461 686 receptionis
486 643 519 675 in
557 643 672 675 fratres
708 642 827 674 milites
864 642 1000 674 militiae

262 697 475 740 praedictae,
514 695 734 739 susceptionis
776 695 909 727 habitus
945 705 1004 737 per

262 750 392 784 eosdem
417 749 534 792 gestari
561 749 674 789 soliti,
713 759 749 780 ac
783 749 1003 792 professionis

261 813 320 846 per
345 803 417 836 illos
444 802 546 835 emitti
573 806 748 835 consuetae
775 802 976 843 regularium
995 828 1002 841 ,

261 866 390 889 necnon
417 855 625 888 servitiorum
652 855 877 897 quorumlibet
901 866 918 886 a
944 860 1005 887 sta-

262 908 338 942 tutis
363 919 420 941 seu
445 907 676 941 stabilimentis
704 907 892 940 huiusmodi
918 919 1005 951 prae-

261 962 484 1004 scriptorum,
512 972 548 994 ac
574 961 709 993 aliarum
735 960 920 1003 quarumvis
946 971 1005 1003 per

260 1015 373 1049 eadem
399 1020 519 1048 statuta
545 1025 604 1046 seu
629 1014 851 1046 stabilimenta
879 1025 914 1046 ac
940 1014 1005 1056 pri-

260 1068 379 1110 vilegia
405 1074 437 1101 et
461 1068 587 1100 indulta
607 1067 784 1110 apostolica
802 1068 840 1100 ad
858 1068 1007 1100 obtinen-

262 1122 339 1154 dum
365 1121 507 1154 osticium
544 1132 601 1153 seu
638 1132 753 1153 munus
780 1121 972 1153 huiusmodi
996 1149 1004 1161 ,

262 1174 414 1217 illiusque
457 1174 717 1207 iurisdictionem
737 1200 744 1213 ,
783 1180 1003 1217 potestatem,

261 1228 539 1270 praeeminentias
557 1228 838 1270 etpraerogativas
860 1238 1008 1260 exercen-

264 1280 338 1312 dum
365 1281 614 1324 quomodolibet
638 1281 870 1323 requisiturum
904 1281 1006 1324 quali-

265 1339 365 1366 tatum
399 1334 610 1372 desectibus,
648 1334 834 1377 ceterisque
871 1334 1007 1377 impedi-

263 1386 383 1418 mentis
409 1387 585 1429 quibusvis,
601 1386 662 1418 hac
688 1386 720 1418 in
747 1397 780 1419 rc
806 1387 898 1420 vobis
929 1398 1008 1430 quo-

263 1439 447 1472 modolibet
472 1438 677 1472 obstantibus
703 1445 734 1471 ct
751 1440 1008 1482 quomodocum-

263 1502 326 1535 que
351 1492 519 1524 obstituris
539 1518 546 1531 ,
574 1503 631 1524 seu
658 1503 740 1535 quae
765 1492 856 1525 vobis
875 1493 1006 1525 obstare

263 1544 376 1587 quovis
401 1545 498 1577 modo
523 1545 714 1587 praetendi,
743 1545 872 1578 censeri
897 1547 946 1578 vel
962 1546 1007 1577 in-

264 1597 367 1640 telligi
395 1602 538 1640 possent,
563 1598 601 1630 ad
629 1599 883 1641 praemissorum
906 1598 1004 1631 effec-

265 1656 345 1691 tum,
373 1656 531 1695 quatenus
559 1661 640 1694 opus
665 1651 720 1691 sit,
740 1651 836 1684 etiam
855 1662 893 1684 ex
911 1663 1008 1692 nunc,

265 1711 366 1748 prout
391 1715 429 1738 ex
455 1710 540 1743 tunc,
555 1710 586 1737 et
611 1715 627 1737 e
653 1711 779 1745 contra,
799 1705 838 1738 de
856 1706 1007 1748 specialis

267 1759 353 1792 dono
379 1757 500 1800 gratiae
526 1758 763 1800 dispensamus.

311 1813 326 1856 ξ
350 1811 382 1845 3.
409 1812 598 1844 Mandantes
623 1817 796 1855 propterea
827 1812 860 1845 in
889 1813 1009 1846 virtute

266 1872 398 1900 sanctae
424 1866 633 1899 obedientiae
669 1877 706 1899 ac
743 1867 890 1900 districte
916 1878 1010 1910 prae-

264 1921 426 1964 cipientes
442 1920 593 1953 omnibus
607 1924 639 1952 et
653 1920 792 1962 singulis
809 1926 1008 1954 memoratae

265 1974 401 2008 militiae
441 1973 634 2006 officialibus
672 1979 703 2006 et
739 1974 895 2006 ministris
933 1985 1011 2017 quo-

267 2037 403 2071 cumque
428 2027 559 2059 nomine
578 2027 789 2070 nuncupatis,
822 2027 981 2060 militibus
1000 2055 1007 2068 ‚

267 2081 420 2114 fratribus
440 2086 471 2113 et
486 2080 646 2123 personis,
666 2081 848 2124 ceterisque
868 2081 906 2113 ad
929 2092 1010 2124 quos

267 2139 393 2177 spectat
418 2139 450 2167 et
475 2134 747 2177 quandocumque
785 2133 946 2176 spectabit
978 2134 1010 2166 in

266 2188 410 2220 futurum
429 2214 436 2227 ,
463 2192 500 2219 ut
525 2192 553 2220 te
593 2187 722 2227 statim,
761 2193 836 2230 post
874 2192 903 2220 te
936 2198 1011 2221 vero

266 2240 452 2283 praedictos
470 2246 542 2272 tuos
561 2246 666 2281 natos,
684 2246 822 2283 nepotes
838 2246 869 2273 et
884 2241 1011 2273 descen-

267 2294 391 2333 dentes,
410 2294 557 2336 aliosque
572 2299 770 2326 memoratae
786 2294 925 2326 familiae
939 2300 1010 2326 tuae

268 2356 474 2379 successores
499 2346 633 2378 Parmae
655 2351 686 2378 et
706 2346 891 2379 Placentiae
913 2347 1012 2380 duces

269 2409 328 2442 pro
357 2405 503 2442 tempore
529 2399 714 2438 existentes,
737 2400 775 2432 ad
797 2399 936 2432 officium
955 2411 1011 2433 seu

271 2462 386 2484 munus
410 2452 519 2494 magni
544 2452 691 2494 magistri
717 2463 772 2485 seu
788 2458 947 2496 perpetuo
963 2453 1013 2485 ad-

270 2503 500 2537 ministratoris
524 2505 709 2538 huiusmodi
725 2505 859 2548 eiusque
874 2506 1013 2538 liberum

271 2557 461 2590 exercitium
486 2557 574 2590 iuxta
607 2563 754 2591 tenorem
791 2559 1012 2601 praesentium

272 2608 432 2652 recipiant
456 2615 489 2642 et
513 2611 694 2652 admittant,
714 2621 836 2654 vosque
858 2621 1015 2653 recogno—

271 2668 383 2704 scant,
412 2674 448 2696 ac
471 2665 581 2706 vobis,
607 2665 641 2698 in
677 2666 830 2699 omnibus
857 2676 937 2709 quae
974 2665 1014 2699 ad

1043 322 1129 355 idem
1155 321 1296 354 officium
1322 332 1379 354 seu
1406 332 1522 354 munus
1540 323 1714 364 pertinent,
1732 334 1785 366 pa-

1043 380 1137 408 rcant
1162 380 1193 407 et
1218 375 1391 415 obediant,
1418 375 1612 418 faveantque
1643 381 1674 407 et
1707 375 1786 408 assi-

1043 434 1129 461 stant
1153 428 1344 471 respective.

1087 482 1101 524 ξ
1126 481 1157 514 4.
1186 482 1229 514 Ac
1254 482 1479 521 decernentes,
1494 481 1581 523 ipsas
1599 487 1787 523 praesentes
1825 492 1944 514 cumulas.

1044 535 1168 567 litteras
1187 561 1194 573 ,
1220 534 1348 566 etiamsi
1373 534 1405 566 in
1433 533 1627 567 cancellaria
1656 533 1787 567 militiae

1045 587 1249 630 supradictae
1276 597 1441 630 nunquam
1474 587 1694 629 registrentur
1729 597 1790 619 nec

1045 641 1282 680 admittantur,
1315 640 1530 673 nihilominus
1569 640 1702 680 sirmas,
1732 650 1791 672 va-

1047 694 1128 726 lidas
1145 700 1175 726 et
1189 693 1335 726 efficaces
1351 694 1488 726 existere
1506 699 1536 726 et
1554 694 1631 732 sore,
1647 703 1789 737 suosque

1047 746 1211 789 plenarios
1237 751 1269 779 et
1293 747 1439 789 integros
1464 746 1597 779 effectus
1624 745 1737 778 sortiri
1760 751 1792 778 et

1048 798 1212 840 obtinere,
1238 810 1273 831 ac
1298 800 1388 832 vobis
1413 799 1603 842 plenissime
1622 798 1790 842 suffragari

1048 853 1080 884 iu
1107 853 1257 886 omuibus
1290 859 1321 887 et
1353 864 1412 897 per
1443 853 1551 887 omnia
1582 853 1722 896 perinde
1755 864 1789 886 ac

1049 907 1075 938 si
1100 907 1140 939 ab
1165 907 1215 947 iis,
1243 908 1281 939 ad
1308 918 1388 950 quos
1415 918 1452 940 ea
1478 917 1529 940 res
1555 912 1690 950 spectat,
1715 917 1793 940 una-

1050 959 1189 999 nimiter,
1211 960 1408 1003 nciuineque
1426 960 1555 1003 penitus
1586 959 1792 1003 discrepante

1026 1054 1027 1062 ἵ
1050 1014 1100 1045 vel
1126 1013 1382 1053 contradicente,
1409 1013 1576 1052 admissae,
1603 1018 1635 1045 et
1659 1013 1691 1045 in
1719 1023 1792 1045 can-

1050 1066 1181 1099 cellaria
1206 1066 1372 1109 praedicta
1403 1066 1595 1108 registratae
1632 1066 1768 1098 fuissent
1786 1093 1794 1106 ,

1050 1130 1157 1162 neque
1178 1120 1266 1162 ipsas
1287 1125 1474 1162 praesentes
1500 1119 1622 1152 litteras
1642 1125 1673 1152 et
1692 1119 1724 1152 in
1746 1120 1792 1152 eis

1050 1178 1203 1206 contenta
1248 1182 1473 1215 quaecumque
1494 1199 1500 1212 ‚
1540 1173 1636 1205 etiam
1682 1184 1719 1205 ex
1756 1184 1793 1206 eo

1050 1227 1136 1269 quod
1163 1226 1309 1269 quilibet,
1336 1225 1432 1258 etiam
1459 1226 1632 1268 primores,
1649 1236 1706 1258 seu
1729 1227 1794 1270 pri-

1050 1280 1092 1311 mi
1111 1280 1341 1322 cuiuscumque
1367 1285 1478 1320 status,
1505 1279 1632 1321 gradus,
1659 1280 1793 1320 ordinis,

1050 1333 1331 1376 praeeminentiae
1356 1337 1386 1365 et
1413 1331 1603 1374 dignitatis,
1631 1343 1688 1365 seu
1714 1333 1794 1365 alias

1051 1385 1203 1429 specifica
1229 1396 1284 1419 seu
1317 1386 1486 1418 individua
1512 1386 1679 1418 mentione
1705 1385 1794 1428 digni

1051 1440 1214 1479 existant,
1249 1440 1280 1471 in
1306 1439 1493 1481 praemissis
1535 1439 1696 1471 interesse
1737 1439 1796 1472 ba-

1050 1493 1165 1525 bentes
1192 1503 1250 1525 scu
1276 1493 1398 1525 habere
1434 1492 1683 1535 quomodolibet
1706 1503 1798 1535 prae-

1052 1546 1233 1584 tendentes,
1261 1545 1324 1578 illis
1354 1555 1420 1578 non
1457 1545 1710 1585 consenserint,
1736 1556 1797 1579 nec

1052 1599 1090 1631 ad
1117 1609 1155 1632 ea
1180 1599 1306 1639 vocati,
1339 1599 1426 1632 citati
1455 1604 1487 1632 et
1522 1599 1650 1639 auditi,
1690 1610 1797 1643 neque

1052 1663 1180 1692 causae,
1206 1658 1344 1696 propter
1370 1663 1448 1695 quas
1475 1652 1565 1696 ipsae
1601 1658 1796 1695 praesentes

1053 1706 1255 1745 emanarint,
1281 1706 1453 1744 adductae,
1478 1705 1662 1738 verificatae
1678 1732 1685 1745 ,
1712 1705 1799 1738 iusti-

1052 1759 1165 1792 ficatae
1193 1759 1335 1797 suerint,
1361 1763 1416 1790 aut
1441 1768 1477 1790 ex
1503 1758 1566 1791 alin
1591 1768 1796 1801 quacumque

1053 1811 1260 1854 quantumvis
1296 1811 1401 1850 iusta,
1434 1811 1489 1854 pia
1524 1817 1556 1844 et
1594 1811 1797 1854 privilegiata

1053 1868 1158 1905 causa,
1185 1866 1305 1903 colore,
1320 1869 1490 1907 praetextu
1509 1869 1540 1897 et
1561 1864 1678 1907 capite,
1701 1865 1796 1897 etiam

1053 1920 1086 1951 in
1115 1928 1255 1961 corpore
1287 1917 1367 1948 iuris
1401 1917 1534 1956 clauso,
1569 1916 1666 1950 etiam
1699 1927 1796 1950 enor-

1054 1972 1126 2012 mis,
1154 1970 1401 2004 enormissimae
1429 1975 1461 2002 et
1485 1970 1594 2003 totalis
1618 1970 1794 2011 laesionis,

1055 2025 1121 2058 ullo
1145 2035 1288 2067 unquam
1325 2029 1471 2066 tempore
1502 2024 1541 2056 de
1572 2024 1797 2068 subreptionis

1054 2079 1104 2112 vel
1149 2077 1354 2121 obreptionis
1393 2082 1447 2109 aut
1490 2077 1649 2110 nullitatis
1694 2077 1772 2110 vitio
1788 2104 1796 2118 ,

1056 2143 1113 2166 seu
1146 2130 1338 2164 intentionis
1367 2136 1521 2171 nostrae,
1547 2136 1600 2163 aut
1637 2130 1797 2164 interesse

1056 2185 1248 2218 habentium
1286 2185 1467 2217 consensus
1485 2210 1492 2224 ,
1521 2184 1624 2217 aliove
1650 2184 1799 2227 quolibet

1056 2239 1151 2272 etiam
1170 2237 1376 2281 quantumvis
1393 2247 1511 2279 magno
1529 2243 1560 2270 et
1580 2237 1796 2278 substantiali,

1055 2302 1092 2324 ac
1117 2292 1294 2333 incogitato
1332 2296 1363 2324 et
1387 2290 1656 2332 inexcogitabili,
1683 2289 1799 2322 indivi-

1056 2345 1220 2387 duamque
1246 2344 1493 2387 expressionem
1519 2343 1709 2386 requirente
1746 2344 1799 2376 de-

1056 2398 1141 2430 fectu
1167 2397 1296 2436 notari,
1323 2396 1524 2439 impugnari,
1550 2396 1706 2438 infringi,
1732 2407 1799 2428 mo-

1057 2450 1203 2492 dificari,
1241 2449 1433 2490 retractari,
1472 2450 1504 2482 in
1541 2449 1798 2482 controversiam

1056 2505 1186 2545 vocari,
1215 2510 1269 2537 aut
1293 2505 1332 2537 ad
1359 2505 1515 2537 terminos
1540 2504 1619 2536 iuris
1657 2513 1711 2536 seu
1741 2509 1798 2535 sta-

1058 2563 1199 2591 tutorum
1233 2568 1289 2591 seu
1316 2557 1614 2590 stabilimentorum
1651 2566 1686 2588 ac
1722 2566 1799 2588 con-

1058 2610 1286 2651 suetudinum,
1323 2621 1439 2643 usuum
1482 2615 1513 2642 et
1552 2608 1799 2652 privilegiorum

1059 2665 1162 2698 dictae
1183 2664 1318 2698 militiae
1337 2663 1458 2703 reduci,
1480 2667 1535 2695 aut
1551 2662 1707 2695 adversus
1725 2661 1797 2696 ittas

1680 264 1740 299 911
1790 274 1837 301 An.
1856 272 1884 300 e.
1906 273 1974 299 1699
