2227 3225
119 245 168 270 An.
189 243 218 270 C.
238 244 307 272 ¹⁶96

312 291 486 331 culpabilem
509 291 684 331 repererint,
708 289 813 330 punire
829 299 862 319 ac
884 290 972 319 etiam
997 299 1048 328 pro

312 340 396 370 modo
431 340 534 378 culpae
569 348 720 369 removere
756 342 922 368 teneantur.
958 338 1048 368 Porro

311 388 404 419 nostri
437 388 553 426 collegii
584 387 829 417 Conimbricensis
865 391 961 417 rector
996 395 1048 425 pro

311 441 442 475 tempore
471 436 646 466 monialibus
668 436 768 466 itidem
793 436 898 465 uostris
920 436 954 465 de
977 435 1048 464 'l'en-

311 485 402 523 tugal‚
425 488 454 514 et
487 486 568 524 prior
600 486 761 514 convontus
796 485 880 522 vulgo
913 485 946 513 de
971 484 1047 513 lieiia

311 581 390 620 prior
429 584 589 611 conventus
626 581 829 619 Alifarbiorum
873 581 1047 611 monialibus

311 631 398 669 vulgo
417 631 451 660 de
473 631 557 667 Layos
579 631 771 660 confessarios
801 630 1048 660 extraordinarios

311 679 486 718 supradictis
508 679 697 718 qualitatibus
728 679 873 718 praeditos
908 672 1069 719 deputent*¹

311 734 414 767 quater
435 729 465 758 in
488 738 563 758 auno
577 753 584 764 ‚
613 728 742 767 quolibet
764 728 875 758 scilicet
898 727 1025 756 trit-uuio
1039 728 1046 742 ¹
1067 741 1069 752 .

311 777 363 816 qui
385 782 520 807 consueta
556 786 671 816 quoque
705 777 795 806 nostri
818 776 935 806 Ordinis
962 775 1048 805 bene-

311 825 374 856 ficia
397 826 506 856 eisdem
531 826 662 855 conferre
685 826 810 855 valcant.

143 882 173 904 Du
194 889 271 910 cappa.

310 923 434 963 publicis
450 924 668 954 communitatis
685 923 809 959 actibus,
828 923 976 961 multoque
994 922 1048 952 mi-

308 982 363 1003 nus
385 973 415 1003 in
437 973 572 1009 ecclesia,
587 977 669 1011 togae
693 973 779 1011 vulgo
803 977 907 1012 cupales
933 981 982 1001 seu
1000 982 1047 1009 90-

309 1031 411 1058 varies,
434 1031 557 1060 quarum
580 1021 642 1051 loco
664 1021 815 1050 dumtaxat.
837 1021 1046 1060 permittuntur

309 1070 339 1100 in
361 1070 463 1108 hyeme
485 1074 584 1100 contra
604 1070 721 1107 frigoris
738 1070 865 1107 rigorem
882 1079 991 1108 cappae
1006 1069 1047 1098 nl-

310 1119 363 1149 bae
385 1129 418 1149 ex
441 1128 537 1158 panno
552 1119 639 1149 etiam
663 1119 726 1148 sine
748 1118 864 1157 caputio
886 1119 1044 1147 confectae.

143 1174 173 1196 Du
188 1175 260 1196 cnoro.
350 1174 377 1195 x.
399 1165 546 1196 Choristae
569 1170 632 1204 post
660 1165 807 1204 inceptum
830 1165 957 1194 osticium
980 1165 1047 1193 clio-

310 1223 375 1245 rum
397 1214 607 1253 ingredientes,
631 1214 798 1244 deosculata
821 1215 910 1251 terra,
935 1218 1068 1255 perma-j

310 1268 399 1293 neant
421 1263 567 1301 genuflexi
583 1273 674 1302 usque
695 1263 730 1293 ad
752 1267 854 1293 nutum
878 1262 1046 1301 superioris,

310 1322 368 1352 quo
390 1312 499 1349 habito,
522 1316 550 1342 et
571 1312 736 1342 deosculata
762 1312 867 1342 iterum
890 1313 989 1348 terra,
1012 1311 1047 1340 ad

309 1370 395 1391 suum
408 1361 504 1391 locum
522 1365 658 1400 pergant,
671 1360 746 1390 idem
763 1360 847 1390 toties
861 1360 1046 1399 praestando,
1067 1368 1069 1373 ’

310 1409 423 1448 quoties
438 1408 474 1438 ob
496 1409 622 1448 aliquam
645 1408 804 1446 legitimam
827 1417 942 1438 causam
965 1417 997 1437 ac
1013 1409 1048 1438 de

308 1506 419 1544 tigerit.
432 1506 601 1536 Sacerdotes
613 1515 691 1543 vero,
709 1511 772 1545 post
785 1505 911 1536 debitam
927 1506 1047 1535 sanctis-

309 1555 382 1584 simo
398 1554 597 1585 Eucharistiae
612 1559 794 1584 sacramento
816 1555 1048 1592 genuflexionem

308 1613 341 1633 ac
363 1604 508 1643 superiori
538 1609 566 1634 et
595 1605 796 1635 communitati
829 1605 1023 1634 reverentiam
1038 1627 1046 1641 ,

307 1652 465 1690 genuflexi,
475 1657 583 1683 terram
593 1653 683 1691 digito
694 1652 912 1691 deosculantur,
923 1663 967 1690 ac,
986 1657 1048 1692 post
1067 1655 1069 1663 ¹

308 1700 426 1731 brevem
448 1703 622 1739 orationem,
646 1702 681 1732 ad
703 1711 786 1732 suum
810 1703 905 1732 locum
928 1712 958 1732 se
980 1712 1048 1732 con-

309 1749 424 1786 ferant,
449 1759 464 1779 a
487 1751 577 1780 choro
598 1760 748 1790 nunquam
772 1751 929 1787 recessuri,
952 1751 1049 1781 cuius-

309 1806 435 1837 cumque
466 1799 574 1836 gradus
606 1803 655 1829 aut
685 1799 861 1829 conditionis
886 1803 1046 1837 praetextu,

309 1843 419 1884 absque
440 1845 615 1875 necessitate
636 1846 776 1875 oretenus
799 1849 828 1875 et
849 1855 907 1875 nou
930 1855 980 1884 per
996 1856 1048 1876 nu-

309 1897 356 1924 tus
376 1894 520 1933 superiori
536 1894 735 1932 comunicatz⁴13
751 1899 788 1929 et,
804 1894 922 1925 obtenta
943 1895 978 1925 ab
1001 1905 1049 1925 eo-

310 1941 376 1972 dem
398 1941 515 1972 licentia
532 1965 539 1978 ‚
563 1943 679 1972 solitam
709 1943 793 1972 altari
816 1944 1046 1981 genuflexionem

310 1993 339 2021 et
360 1991 564 2021 communitati
585 1992 782 2021 reverentiam
807 1992 1006 2031 praestabunt.

350 2049 389 2069 xi.
414 2039 446 2069 In
473 2039 709 2079 processionibus
737 2040 858 2079 aliisque
886 2041 1048 2071 communi-

310 2089 377 2118 tatis
398 2088 512 2118 actibus
540 2089 773 2129 quibuscumque
800 2091 944 2120 choristae
967 2101 1048 2130 prae-

310 2137 414 2167 cedant
435 2137 573 2176 novitios,
597 2138 701 2168 novitii
724 2138 824 2175 laicos,
841 2139 987 2178 ceterique
1004 2149 1047 2169 re-

309 2185 406 2224 ligiosi
439 2186 534 2216 locum
566 2187 690 2225 singulis
724 2187 946 2217 convenientem
979 2189 1048 2218 reti·

144 2046 173 2066 ne
187 2045 260 2066 ordine
270 2045 300 2066 in-

117 2074 147 2092 tur
163 2073 281 2098 religiosos.

309 2240 398 2265 neant.
412 2236 447 2265 ad
463 2236 584 2266 formam
607 2241 771 2266 nostrarum
790 2237 1045 2275 constitutionum,
1067 2238 1068 2241 ’

309 2293 368 2314 non
384 2283 516 2314 obstante
531 2293 716 2324 quacumque
733 2285 887 2315 tolerantia
903 2286 964 2315 sive
979 2295 1047 2315 con-

309 2333 402 2362 traria
417 2332 637 2370 consuetudine,
653 2343 739 2373 quam
757 2338 903 2373 tamquam
922 2334 1045 2365 abusum

309 2380 510 2420 reprobamus.

348 2438 401 2459 xu.
425 2430 535 2468 Regula
557 2429 633 2460 beati
654 2429 767 2461 Alberti
790 2431 918 2470 qualibet
939 2430 1046 2462 hebdo-

311 2477 405 2516 mada,
432 2479 676 2510 constitutionum
707 2489 775 2510 vero
804 2490 870 2519 pars
902 2481 994 2520 prima
1017 2485 1045 2511 et

312 2527 397 2556 tertia
425 2527 555 2566 quolibet
585 2537 684 2559 mense
714 2529 912 2568 perlegantur.
935 2529 1044 2560 Harum

131 2440 159 2462 De
176 2441 300 2461 executione

119 2469 205 2496 regulae
221 2470 241 2487 et
252 2473 301 2488 con-

116 2496 254 2514 eiulationum.

350 2629 359 2654 1
382 2627 495 2655 Videtur
514 2629 656 2665 legendum
677 2630 821 2659 trime->tri
840 2633 877 2666 (n.
899 2631 946 2666 Τ.).

892 242 1100 267 JNNoanrms
1125 242 1169 266 xil
1194 242 1241 267 1³1·-

1717 239 1774 272 Ml

1089 289 1302 320 observantiam
1316 291 1450 321 omnibus
1466 292 1549 322 enixe
1562 293 1752 332 iniungimus,
1766 306 1822 325 non

1089 338 1182 367 solum
1205 339 1298 378 quoad
1323 340 1484 370 orationem
1513 342 1666 372 mentalem
1690 352 1774 373 mane
1796 348 1824 374 et

1090 396 1209 425 vespere
1231 388 1391 417 faciendam
1406 411 1413 425 ,
1437 389 1551 428 aliaque
1578 391 1670 428 magis
1691 392 1825 422 substan-

1090 434 1168 464 tialia
1191 436 1225 465 ad
1248 436 1416 466 interiorem
1440 438 1553 467 animae
1576 439 1718 469 culturam
1739 441 1826 479 perti-

1828 248 1876 274 Αη.
1895 249 1923 274 C.
1950 249 2013 275 ΝΜ)

1068 484 1209 523 ¹nentia,
1234 485 1282 514 sed
1311 485 1397 514 etiam
1428 486 1521 525 quoad
1551 487 1666 517 habitus
1695 488 1825 519 internos

311 533 487 563 monialibus
509 533 617 563 ihidem
641 533 845 567 existentibus,
870 542 902 561 ac
931 533 1047 562 tandem
1067 548 1070 578 Γ

1090 536 1116 560 et
1140 537 1296 570 externos,
1321 543 1446 573 cappas,
1470 536 1583 574 caputia
1600 560 1607 573 ‚
1636 545 1757 566 coronas
1779 547 1826 567 ca-

1067 608 1068 614 ,
1090 580 1158 618 pitis
1180 585 1209 610 et
1231 581 1439 619 calceamenta,
1463 592 1499 613 ne
1521 584 1589 622 quid
1605 588 1706 614 contra
1730 594 1825 615 mores

1089 632 1116 657 et
1138 629 1362 660 constitutiones
1376 635 1491 661 nostras
1509 632 1674 669 innovetur,
1690 633 1743 663 sub
1759 643 1826 673 poe-

1089 678 1127 705 na
1149 677 1320 715 privationis
1344 680 1421 709 vocis
1444 680 1555 710 activae
1577 685 1605 710 et
1628 682 1770 720 passivae.

1129 734 1189 755 xm.
1213 726 1349 764 Erigatur
1365 728 1394 757 in
1407 729 1504 768 aliqua
1520 731 1703 760 convenienti
1719 731 1825 762 cellula
1862 745 1891 766 ne
1908 745 2015 767 wioni„

1066 791 1068 817 ⁴,
1089 776 1248 804 conventus
1272 776 1503 816 [ilyssiponensis
1524 779 1696 817 archivium,
1720 781 1754 810 ad
1776 790 1825 811 cu-

1066 850 1068 866 ,
1090 822 1134 851 ius
1156 824 1318 854 custodiam
1341 826 1496 866 deputetur
1518 828 1673 866 religiosus
1695 830 1823 868 peritus,

349 883 389 904 ix.
413 874 472 904 Sub
494 874 575 904 nullo
591 879 742 913 praetextu
764 873 868 903 deferri
888 873 998 912 possint
1018 873 1046 902 in
1067 873 1068 880 ¹

1089 872 1137 910 qui
1156 872 1227 902 illud
1250 874 1382 912 ordinet,
1407 876 1586 915 protocolla,
1610 877 1801 908 instrumenta
1816 901 1823 915 ,

1067 938 1068 964 ἦ
1088 920 1164 958 iura,
1188 921 1292 960 legata,
1316 932 1434 961 census,
1459 924 1609 964 privilegia
1625 950 1632 963 ,
1655 930 1824 966 ceterasque

1067 970 1068 975 ¹
1088 969 1247 1008 scripturas
1270 971 1397 1002 uniendo
1422 977 1450 1002 et
1465 974 1667 1011 registraiido:
1690 975 1825 1015 idemque

1089 1019 1378 1056 proportionabiliter
1399 1026 1532 1052 servetur
1546 1024 1640 1061 quoad
1662 1024 1824 1054 archivium

1089 1067 1256 1104 provinciae
1277 1068 1306 1098 in
1329 1069 1430 1099 eodem
1446 1076 1591 1101 conventu
1608 1071 1824 1112 Ulyssiponensi

1088 1116 1335 1146 constituendum.

1127 1172 1187 1193 Xiv.
1212 1165 1350 1204 Religiosi
1372 1167 1406 1196 ad
1430 1167 1647 1198 subsistentiam
1669 1169 1823 1206 villarum,
1862 1181 1891 1202 ne
1917 1188 2019 1208 prmum-

1090 1211 1236 1243 vinearum
1260 1220 1287 1244 et
1302 1224 1470 1255 camporum
1486 1217 1627 1256 deputati,
1645 1219 1725 1248 nullo
1742 1209 1923 1255 modoiJJEffiss,
1940 1215 2018 1229 ⁰⁰⁰⁰*

1067 1287 1068 1295 ,
1089 1261 1223 1298 audeant,
1237 1263 1297 1292 sive
1310 1273 1360 1303 per
1369 1265 1586 1304 seimniediate,
1600 1267 1661 1296 sive
1674 1277 1726 1306 per
1740 1268 1823 1304 alios,

1089 1319 1185 1340 emere
1207 1312 1324 1342 nomine
1347 1314 1464 1352 proprio
1482 1315 1594 1351 vineas,
1611 1317 1823 1354 possessiones,

1089 1358 1200 1396 domos,
1224 1360 1331 1397 oleum,
1357 1361 1496 1400 triticum,
1521 1367 1570 1392 aut
1591 1363 1645 1393 alia
1669 1364 1823 1403 eiusmodi,

1068 1406 1142 1446 ¹sub
1165 1408 1265 1446 poenis
1296 1414 1394 1438 contra
1424 1410 1545 1440 clericos
1568 1412 1763 1449 negotiatores
1798 1418 1826 1443 et

309 1457 470 1496 superioris
484 1457 606 1486 licentia
623 1457 731 1486 eisdem
748 1466 763 1486 e
778 1457 868 1486 choro
883 1456 962 1486 exire
980 1465 1049 1486 con·
1068 1458 1069 1464 ¹

1089 1455 1240 1493 religiosos
1271 1458 1478 1496 proprietarios
1505 1469 1519 1488 a
1543 1461 1632 1490 sacris
1666 1462 1825 1492 canonibus

1090 1505 1266 1541 constitutis3
1281 1506 1413 1544 quinimo
1435 1517 1471 1537 ne
1493 1509 1610 1547 quidem
1627 1510 1742 1540 nomine
1758 1520 1827 1540 con-

1091 1554 1194 1582 ventus
1217 1554 1375 1593 quidquam
1393 1556 1436 1585 vel
1459 1558 1633 1587 contrahere
1655 1559 1700 1588 vel
1722 1559 1827 1590 distra-

1091 1601 1159 1631 here
1189 1608 1375 1641 praesumant
1407 1605 1469 1635 sine
1502 1615 1639 1646 expresso
1671 1609 1778 1647 prioris
1799 1614 1827 1639 et

1090 1649 1283 1682 clavariorum
1300 1662 1455 1692 consensu,
1473 1655 1580 1694 quibus
1596 1656 1681 1686 etiam
1697 1657 1827 1696 quolibet

1091 1699 1233 1730 trimestri
1256 1707 1386 1732 exactam
1403 1703 1438 1732 de
1454 1704 1588 1734 omnibus
1605 1706 1745 1735 rationem
1765 1707 1828 1737 red-

1090 1748 1157 1778 dere
1180 1753 1353 1788 teneantur3
1377 1752 1400 1781 si
1433 1753 1498 1791 quis
1527 1758 1627 1784 contra
1658 1756 1825 1794 praedicta,

1091 1797 1134 1827 vel
1151 1798 1308 1830 omittendo
1322 1801 1365 1830 vel
1379 1802 1599 1840 committendo,
1615 1813 1736 1842 peccare
1752 1814 1828 1834 com-

1090 1850 1189 1885 pertus
1211 1847 1317 1885 suerit,
1341 1848 1419 1878 illico
1454 1850 1585 1888 privetur
1606 1852 1684 1881 omni
1706 1852 1829 1883 admini-

1090 1895 1241 1931 stratione,
1258 1895 1394 1935 aliisque,
1410 1907 1462 1936 pro
1477 1899 1562 1928 modo
1575 1899 1688 1938 culpae,
1706 1910 1721 1930 a
1737 1902 1827 1931 sacris

1091 1943 1250 1973 canonibus
1282 1945 1448 1984 nostrisque
1480 1948 1736 1978 constitutionibus
1769 1954 1827 1979 sta-

1091 1991 1159 2021 tutis
1182 1993 1283 2031 poenis
1305 1994 1481 2033 mulctetur,
1505 2000 1533 2025 et
1555 2001 1698 2035 quatenus
1720 1997 1750 2027 in
1773 1998 1825 2027 ali-

1090 2050 1145 2078 quo
1168 2041 1358 2080 fraudaverit,
1382 2045 1492 2074 carceri
1516 2046 1715 2085 mancipetur,
1741 2051 1768 2076 et
1790 2047 1825 2077 ad

1089 2089 1276 2119 resectionem
1299 2092 1499 2130 compellatur.

1128 2146 1176 2167 xv.
1199 2138 1314 2169 Priores
1337 2144 1364 2169 et
1386 2141 1506 2171 clavarii
1528 2151 1580 2181 pro
1603 2147 1752 2182 tempore,
1776 2144 1826 2174 ha·
1863 2159 1891 2179 ορ
1913 2159 2017 2185 prmum

1089 2186 1157 2216 bitis
1178 2187 1296 2217 calculis
1325 2198 1390 2218 cum
1420 2191 1628 2221 commissariis
1657 2202 1707 2222 seu
1735 2189 1854 2232 depo-⁰¹
1872 2187 1976 2208 *²⁸³⁸*

1089 2236 1155 2265 tatis
1176 2236 1211 2265 ad
1233 2237 1417 2276 recipiendos
1451 2240 1580 2270 redditus
1609 2243 1705 2279 regiae
1727 2242 1826 2272 Came-

1089 2294 1137 2314 rae
1161 2286 1364 2324 provenientes
1385 2297 1420 2317 ex
1443 2288 1502 2318 vini
1525 2290 1751 2327 introductione,
1775 2302 1824 2321 au-

1089 2334 1246 2364 thenticam
1269 2336 1397 2366 reserant
1425 2338 1642 2368 attestationem
1665 2340 1700 2369 de
1721 2340 1757 2369 ab
1782 2341 1823 2370 eis

1088 2383 1262 2413 introductis
1277 2388 1305 2414 et
1323 2384 1427 2414 solutis
1445 2390 1574 2424 tempore
1595 2387 1639 2416 sui
1658 2388 1822 2425 regiminis,

1088 2431 1276 2471 eamdemque
1306 2433 1421 2462 tradant
1444 2435 1527 2463 novis
1550 2435 1695 2473 prioribus
1717 2441 1745 2466 et
1766 2437 1823 2466 cla-

1088 2479 1197 2518 variis,
1222 2481 1271 2519 qui
1299 2482 1480 2512 consimilem
1513 2483 1573 2512 suis
1606 2484 1822 2514 successoribus

1087 2528 1225 2558 exhibere
1248 2534 1412 2569 teneantur,
1437 2536 1465 2561 et
1487 2532 1525 2561 ita
1547 2532 1683 2571 deinceps
1706 2533 1735 2562 in
1758 2542 1822 2572 per-

1087 2582 1217 2618 petuum,
1240 2578 1294 2608 sub
1310 2582 1400 2619 poena
1418 2580 1590 2619 privationis
1613 2582 1689 2611 vocis
1710 2582 1822 2612 activae

1087 2633 1114 2658 et
1147 2629 1297 2668 passivae,
1323 2640 1353 2660 ac
1377 2630 1568 2660 inhabilitatis
1602 2635 1755 2670 perpetuae
1785 2632 1820 2663 ad
