2254 3225
227 217 273 241 ,tw
297 217 325 243 ι’.
351 216 414 243 ποθι
460 208 523 241 618

997 223 1173 247 BULLARlUM

420 266 551 300 stolicae
576 269 743 311 potestatis
769 269 984 312 plenitudine,
1008 272 1092 314 qnod
1114 271 1153 304 de
1174 303 1175 319 χ

419 319 536 352 ceteris
553 321 720 364 perpetuis
734 322 847 355 suturis
865 323 1066 367 temporibus
1083 334 1154 367 pro·
1173 322 1175 363 J

420 378 550 406 curator
575 375 736 416 generalis
767 385 803 408 ae
835 376 1072 409 commissarius
1098 366 1175 419 ge-=

420 425 538 458 neralis
564 426 674 460 Curiae
695 428 858 470 praefatae
885 429 1072 461 eorumdem
1092 429 1154 462 sra-

421 482 504 510 trum
530 479 568 512 de
593 479 823 521 observantia,
849 482 902 524 qui
935 482 1090 514 hactenus
1114 482 1153 514 de

422 531 561 565 triennio
594 533 625 565 in
651 533 827 566 triennium
853 544 870 566 a
895 540 1070 567 memorato
1095 534 1175 578 mi-3

420 584 522 617 nistro
548 585 706 627 generali,
732 586 814 619 sicut
838 587 1076 629 praemittitur,
1105 583 1174 619 in—1

421 637 507 669 stitui
546 648 603 670 seu
637 638 784 680 deputari
821 644 1079 679 consueverunt,
1120 638 1175 672 in:

419 689 560 732 capitulo
597 690 740 732 generali
777 690 922 723 eiusdem
953 690 1081 724 Ordinis
1113 692 1152 724 de

419 743 575 775 sexennio
593 742 624 775 in
646 743 833 775 sexennium
859 743 1031 786 eligantur,
1049 744 1082 777 in
1100 754 1153 778 eo-

418 805 554 838 rumque
572 795 751 838 respective
777 796 936 829 electione
961 802 1070 829 votum
1088 797 1152 830 sive

418 847 604 890 suffragium
623 848 740 881 fratres
765 849 890 881 vocales
909 849 993 882 illius
1012 849 1152 883 familiae

418 905 550 940 tantum,
568 901 788 934 cismontanae
812 902 944 943 scilicet,
970 913 1026 935 seu
1051 904 1152 936 ultra-

417 959 608 993 montanae,
640 964 676 987 ex
702 965 765 996 qua
800 954 953 987 nimirum
986 956 1151 1000 ceteroqui

416 1007 502 1039 iuxta
527 1007 689 1049 regularia
724 1007 853 1040 Ordinis
877 1009 1034 1051 praedicti
1063 1009 1152 1042 insti-

417 1065 482 1092 tuta
507 1070 565 1103 per
590 1060 705 1093 Sedem
732 1061 949 1103 Apostolicam
974 1063 1173 1105 approbata¹

415 1118 608 1155 procurator
624 1114 785 1155 generalis
800 1119 830 1146 et
847 1114 1083 1147 commissarius
1102 1126 1151 1157 ge-

414 1166 534 1198 neralis
553 1166 665 1198 Curiae
691 1166 876 1199 huiusmodi
903 1167 1082 1210 respective
1104 1179 1151 1202 as-

414 1219 563 1251 sumendi
579 1225 682 1259 erunt,
697 1221 761 1251 una
780 1230 852 1251 curn
871 1220 984 1252 eodem
1002 1221 1148 1254 ministro

413 1272 558 1314 generali
580 1272 702 1305 ibidem
727 1272 856 1306 insimul
883 1274 1073 1316 congregati
1092 1274 1150 1307 ha-

412 1324 512 1357 beant
536 1331 566 1358 et
590 1327 707 1366 serant,
741 1337 778 1359 ac
803 1327 924 1360 habere
951 1332 980 1359 et
1004 1328 1088 1360 serre
1114 1328 1150 1361 li—

412 1377 490 1410 bere
513 1383 543 1411 et
563 1379 650 1412 licite
676 1379 805 1422 possint
822 1385 853 1412 et
876 1380 1014 1419 valeant,
1036 1386 1148 1414 tenore

412 1431 632 1473 praesentium
669 1432 841 1464 statuimus
880 1438 912 1465 et
944 1433 1144 1466 ordinamus.

412 1483 501 1521 Quod
528 1484 552 1516 si
579 1485 794 1527 procuratoris
820 1486 979 1527 generalis
1001 1497 1037 1518 ac
1062 1497 1148 1519 com-

411 1536 547 1569 missarii
563 1537 723 1579 generalis
741 1538 786 1570 sic
804 1537 979 1571 electorum
995 1539 1146 1580 osticium,
1167 1544 1169 1577 ξ

412 1589 477 1622 sive
496 1600 606 1622 eorum
625 1591 774 1630 alterum,
793 1601 852 1633 per
876 1601 1001 1624 cessum
1026 1592 1075 1625 vel
1094 1593 1146 1625 de-
1166 1616 1168 1623 .

412 1654 537 1676 cessum
562 1643 617 1677 illa
642 1655 696 1677 seu
722 1644 800 1677 illud
832 1655 892 1688 pro
919 1650 1063 1688 tempore
1088 1647 1167 1679 ob-³

411 1696 582 1729 tinentium
599 1697 649 1730 vel
670 1697 859 1738 obtinentis,
879 1708 936 1730 seu
961 1698 1039 1730 alias
1066 1709 1145 1742 quo·
1165 1709 1166 1712 ¹

409 1750 599 1789 modoliliet,
615 1760 727 1783 vacare
753 1750 935 1794 contigerit,
954 1751 993 1784 ad
1011 1762 1069 1784 nos
1088 1762 1144 1785 seu

410 1812 468 1845 pro
491 1808 636 1846 tempore
655 1803 845 1836 existentem
863 1803 1041 1836 Romanum
1063 1804 1145 1837 Pon·
1164 1801 1166 1810 ⁴

411 1856 528 1888 tisicem
553 1866 611 1898 pro
648 1859 831 1900 opportuna
865 1857 1006 1900 desuper
1037 1857 1144 1900 provi-

409 1908 499 1941 sione
536 1909 714 1942 obtinenda
750 1915 945 1942 recurratur.
973 1909 1164 1952 Ceterum„

408 1966 443 1993 ut
467 1961 506 1994 ad
533 1962 719 1994 eorumdem
744 1963 962 2005 procuratoris
979 1964 1142 2005 generalis
1163 1965 1164 1968 ’

408 2024 444 2047 ac
459 2015 670 2047 commissarii
687 2015 849 2057 generalis
864 2016 1042 2049 electiones
1057 2017 1143 2050 iuxta
1162 2040 1165 2078 3

409 2068 595 2101 earumdem
615 2073 764 2102 tenorem
785 2070 1005 2112 praesentium
1024 2070 1143 2103 facien·
1162 2085 1164 2091 ¹

408 2121 480 2153 dam
506 2127 625 2164 quanto
659 2122 773 2163 citius,
800 2133 917 2166 nempe
942 2123 975 2155 in
1000 2124 1164 2170 capitulo3

407 2173 550 2214 generali
570 2173 644 2206 dicti
670 2174 797 2207 Ordinis
821 2176 1022 2218 propediem,
1041 2176 1140 2210 bene-

408 2226 534 2259 dicente
549 2226 693 2267 Domin0‚
708 2227 739 2259 in
751 2227 912 2271 Hispaniis
922 2228 1141 2270 celebrando¹,

408 2278 552 2311 deveniri
577 2279 692 2321 possit,
714 2280 817 2313 officia
841 2281 997 2324 praefata,
1024 2282 1140 2325 quibus
1161 2300 1164 2323 t

408 2331 514 2364 dilecti
533 2330 589 2364 filii
605 2331 749 2365 moderni
768 2339 957 2375 procurator
982 2335 1141 2376 generalis

407 2395 444 2418 ac
468 2384 705 2418 commissarius
737 2385 847 2418 itidem
873 2388 1032 2428 generalis
1057 2388 1141 2421 eius-

408 2439 480 2471 dem
505 2437 618 2471 Curiae
646 2438 684 2470 de
705 2439 869 2480 praesenti
896 2439 1085 2481 funguntur,
1105 2452 1140 2474 ac

406 2492 538 2525 illorum
573 2491 760 2534 quodlibet,
788 2492 913 2524 tametsi
951 2493 1005 2525 illa
1029 2494 1139 2536 vigore

407 2544 594 2588 quarumvis
620 2544 797 2577 litterarum
824 2546 1004 2587 patentium
1034 2546 1078 2579 eis
1105 2557 1140 2579 ac

443 2610 452 2634 1
476 2606 547 2635 Edit.
565 2606 632 2633 Matr·
660 2607 726 2642 trgit
742 2607 907 2634 celebrandi
919 2609 958 2642 (n.
977 2613 1024 2642 T.).

1199 224 1352 248 nomumt

1196 283 1306 306 eorum
1338 273 1470 307 cuilibet
1494 285 1511 306 a
1536 274 1654 308 dilecto
1679 274 1745 308 tilio
1771 275 1926 309 moderno

1195 325 1342 359 ministro
1367 327 1509 369 generali
1536 327 1611 360 dicti
1636 327 1764 361 Ordinis
1791 329 1927 372 desuper

1196 379 1426 421 expeditarum,
1445 390 1480 412 ac
1499 380 1606 412 forsan
1623 380 1717 413 etiam
1735 381 1926 415 auctoritate

1173 434 1175 449 ⁵
1195 429 1370 472 apostolica
1384 428 1652 472 confirmatarum,
1672 433 1793 466 diutius
1814 434 1928 467 durare

1195 482 1360 523 deberent,
1382 494 1483 525 usque
1500 484 1538 516 ad
1560 485 1707 527 proxime
1724 486 1865 519 futurum
1881 498 1928 520 ca-

1195 535 1331 577 pitulum
1351 537 1502 577 generale
1529 537 1747 580 supradictum
1767 538 1928 572 dumtaxat

1195 587 1323 627 durare,
1340 594 1441 628 motu,
1464 589 1610 630 scientia,
1637 590 1872 624 deliberatione
1897 597 1930 625 et.

1195 641 1363 683 potestatIS
1394 642 1597 684 plenitudine
1629 643 1779 686 paribus,
1812 644 1928 678 harum

1195 692 1278 725 serie
1304 693 1506 727 decernimus
1531 700 1563 728 et
1587 695 1801 729 declaramus.

1238 745 1297 789 §3-
1314 746 1530 780 Decernentes
1544 748 1674 791 pariter,
1690 749 1817 782 easdem
1835 761 1928 794 prae-

1195 805 1303 832 sentes
1328 800 1462 839 litteras,
1482 801 1562 834 etin
1587 801 1633 834 eis
1659 807 1810 835 contenta
1830 814 1929 847 quae·

1195 863 1343 896 cumque,
1369 853 1462 886 etiam
1490 864 1525 886 ex
1552 865 1589 887 eo
1621 855 1706 898 quod
1733 856 1929 901 quicumque

1194 905 1227 938 in
1251 906 1438 949 praemissis
1463 906 1624 941 interesse
1662 909 1842 950 habentes,
1872 921 1929 944 seu

1195 958 1314 992 babere
1333 960 1577 1002 quomodolibet
1590 963 1849 1004 praetendentes,
1865 963 1929 997 illis

1194 1022 1259 1044 non
1285 1013 1521 1052 consenserint,
1543 1023 1602 1046 nec
1627 1014 1667 1046 ad
1693 1024 1730 1048 ea
1755 1015 1867 1055 vocati,
1885 1016 1930 1049 ci-

1195 1065 1249 1097 tati
1272 1071 1302 1098 et
1328 1065 1425 1098 auditi
1452 1066 1585 1107 suerint,
1612 1067 1677 1099 sive
1704 1078 1740 1100 ex
1767 1068 1827 1101 alia
1852 1079 1930 1112 qua-

1193 1128 1329 1161 cumque
1356 1121 1463 1158 causa,
1485 1120 1604 1157 colore,
1627 1126 1794 1163 praetextu
1822 1127 1854 1154 et
1878 1133 1928 1155 ca-

1193 1171 1268 1214 pite,
1289 1171 1385 1204 etiam
1403 1171 1435 1204 in
1452 1182 1589 1215 corpore
1607 1173 1684 1205 iuris
1700 1175 1819 1213 clauso,
1837 1175 1927 1215 nullo

1192 1234 1332 1267 unquam
1371 1230 1515 1268 tempore
1548 1225 1587 1258 de
1623 1225 1844 1270 subreptionis
1877 1228 1927 1261 vel

1191 1276 1392 1319 obreptionis
1417 1281 1471 1311 aut
1495 1278 1652 1311 nullitatis
1677 1279 1776 1319 vitio,
1797 1289 1852 1312 seu
1877 1279 1927 1312 in-

1191 1330 1345 1363 tentionis
1369 1337 1519 1371 nostrae,
1546 1337 1599 1364 atrt
1623 1332 1780 1366 interesse
1806 1333 1928 1367 liaben-

1191 1382 1271 1414 tium
1295 1385 1495 1424 consensus,
1521 1384 1624 1417 aliove
1658 1385 1804 1428 quolibet
1829 1387 1925 1420 etiarn

1191 1436 1318 1468 formali
1344 1441 1375 1468 et
1399 1436 1602 1470 substantiali
1639 1437 1766 1471 defectu
1796 1439 1923 1480 notari,

1190 1486 1381 1530 impugnari,
1411 1488 1565 1530 infringi,
1591 1490 1779 1530 retractari,
1808 1496 1862 1523 aut
1886 1492 1925 1524 ad

1191 1541 1345 1574 terminos
1370 1541 1448 1574 iuris
1472 1542 1593 1582 reduci,
1611 1553 1667 1576 seu
1688 1544 1719 1575 in
1745 1549 1926 1577 controver-

1189 1595 1267 1626 siam
1291 1594 1411 1633 vocari,
1430 1600 1482 1627 aut
1500 1595 1654 1628 adversus
1681 1596 1751 1629 illas
1775 1597 1926 1639 aperitio-

1189 1647 1237 1679 nis
1253 1647 1328 1687 oris,
1342 1647 1557 1680 restitutionis
1571 1648 1601 1680 in
1614 1648 1784 1691 integrum,
1797 1649 1924 1683 aliudve

1188 1700 1415 1743 quodcumque
1440 1701 1530 1739 iuris,
1559 1700 1630 1734 sacti
1657 1702 1705 1734 vel
1731 1702 1854 1744 gratiae
1879 1713 1925 1737 re-

1165 1744 1167 1787 Ᾰ,
1187 1754 1329 1786 medium
1355 1754 1508 1786 intentari
1527 1755 1576 1787 vel
1598 1754 1774 1798 impetrari,
1796 1767 1850 1789 seu
1871 1756 1924 1789 im-

1187 1811 1323 1849 petrato,
1343 1806 1438 1839 etiam
1459 1813 1560 1848 motu,
1579 1808 1713 1841 scientia
1731 1815 1761 1841 et
1785 1814 1924 1852 potcsta-

1189 1860 1226 1892 tis
1253 1859 1455 1903 plenitudine
1482 1860 1660 1901 similibus,
1686 1872 1845 1896 concesso
1871 1864 1919 1896 vel

1187 1917 1349 1953 emanato,
1375 1913 1557 1956 quempiam
1576 1914 1609 1947 in
1629 1914 1748 1948 iudicio
1765 1917 1921 1949 velextra

1186 1966 1267 1999 illud
1291 1967 1335 1998 uti
1361 1976 1415 1998 seu
1438 1977 1471 1998 se
1497 1966 1603 1999 iuvare
1621 1978 1736 2011 posse,
1757 1969 1814 2001 sed
1833 1969 1919 2012 ipsas

1185 2024 1374 2062 praesentes
1399 2018 1523 2052 litteras
1548 2030 1678 2064 semper
1702 2019 1820 2061 firmas,
1846 2022 1921 2055 vali-

1186 2072 1241 2104 das
1256 2077 1288 2104 et
1305 2072 1448 2104 efficaces
1474 2072 1613 2106 existere
1632 2078 1662 2106 et
1679 2074 1758 2114 sore,
1777 2085 1919 2118 suosque

1185 2125 1348 2168 plenarios
1374 2131 1405 2157 et
1430 2125 1574 2168 integros
1599 2125 1731 2159 effectus
1756 2128 1865 2160 sortiri
1887 2134 1920 2161 et

1185 2178 1342 2218 obtinere,
1361 2188 1395 2211 ac
1413 2177 1485 2216 illis,
1503 2178 1540 2210 ad
1559 2189 1641 2221 quos
1666 2183 1793 2222 spectat
1809 2185 1839 2213 et
1855 2191 1917 2223 pro

1186 2236 1329 2273 tempore
1369 2230 1637 2274 quandocumque
1673 2225 1851 2275 spectabit,
1885 2234 1917 2266 in

1185 2283 1334 2316 omnibus
1365 2288 1395 2315 et
1422 2293 1479 2326 per
1504 2283 1610 2316 omnia
1641 2284 1827 2326 plenissime
1852 2286 1918 2318 sus-

1184 2335 1311 2379 sragari,
1330 2341 1361 2368 et
1382 2336 1420 2368 ab
1446 2335 1491 2368 eis
1517 2336 1695 2380 respective
1720 2336 1917 2371 inviolabili-

1185 2395 1232 2422 ter
1246 2395 1274 2421 et
1291 2389 1482 2422 inconcusse
1508 2388 1670 2421 observari
1689 2395 1720 2423 et
1733 2389 1914 2434 adimpleri,

1184 2443 1293 2485 sicque
1320 2448 1351 2475 et
1376 2453 1440 2475 non
1467 2442 1560 2474 aliter
1590 2442 1621 2473 in
1647 2443 1832 2485 praemissis
1856 2454 1916 2488 per

1184 2506 1401 2538 quoscumque
1423 2494 1543 2527 iudices
1569 2494 1750 2529 ordinarios
1775 2502 1805 2529 et
1826 2497 1916 2530 dele-

1183 2553 1284 2590 gatos,
1302 2547 1397 2580 etiam
1422 2558 1589 2580 causarum
1608 2548 1719 2590 palatii
1745 2550 1913 2592 apostolici

1183 2600 1357 2641 auditores,
1378 2610 1414 2633 ac
1437 2600 1468 2633 S.
1486 2600 1522 2632 R.
1543 2600 1575 2634 E.
1605 2601 1792 2644 cardinales,
1818 2603 1912 2637 etiam

1929 229 1976 254 An.
1998 228 2026 254 C.
2052 228 2118 254 ¹694

1965 763 2081 786 clausulas.
