2254 3225
225 234 277 258 An.
299 229 328 259 c,
348 229 414 257 1691
463 221 527 255 206

254 553 375 576 Exordium.

463 283 580 319 torum,
609 278 677 313 und
702 289 774 312 cum
797 279 1003 322 indumentis}
1028 280 1064 310 in
1089 279 1155 309 eius

462 332 574 374 sesto¹.

594 394 792 421 Innocentius
824 394 980 427 episcopus

609 445 714 465 servus
730 445 884 464 servorum
901 437 962 467 Dei,

539 482 575 509 ad
595 485 768 515 perpetuam
788 481 832 507 rei
854 479 1035 507 memoriam.

465 543 592 576 Rationi
610 543 759 584 congruit
775 547 807 574 et
820 539 971 573 convenit
990 537 1154 580 aequitati,

421 600 456 627 ut
481 605 537 635 ea,
565 605 646 638 quae
673 593 807 626 Romani
833 590 995 623 Pontificis
1020 589 1155 632 provida

421 647 661 680 deliberatione
693 656 729 678 ac
753 643 986 677 venerabilium
1022 642 1154 673 fratrum

421 710 552 733 snorum
568 699 599 731 S.
620 699 654 731 R.
673 699 707 730 E.
727 695 946 733 cardinalium,
960 704 1087 726 necnon
1105 704 1156 736 pa-

423 753 657 791 triarcharum,
683 750 999 791 archiepiscoporum
1032 752 1064 779 et
1088 748 1156 788 epi-

423 816 609 848 scoporum,
635 809 708 835 tunc
735 803 763 833 iu
791 802 932 833 Romana
957 799 1049 832 Curia
1072 810 1156 831 com-

422 858 617 890 morantium
633 883 641 895 ‚
664 855 807 888 unanimi
840 853 978 885 consilio
1004 853 1156 889 decreta,

423 910 553 942 definita
581 915 612 942 et
636 913 753 941 statuta
778 908 926 945 suerunt,
954 906 1030 938 licet
1053 905 1155 947 ipsius

422 962 672 1005 superveniente
690 960 780 992 obitu
801 959 930 992 litterae
956 958 1155 1000 apostolicae

425 1015 567 1057 desuper
585 1014 748 1046 consectae
765 1021 830 1044 non
848 1011 978 1051 suerint,
995 1021 1087 1043 suum
1106 1010 1157 1042 de-

1001 230 1180 254 BL'LLARIUM
1205 226 1359 252 ROMANUM

1198 275 1374 308 Ecclesiam
1400 283 1489 305 suam
1505 299 1512 312 ‚
1539 282 1632 316 quarn
1658 272 1841 306 humilitate
1866 273 1935 306 vult

1197 337 1362 365 crescere,
1391 326 1594 365 secundavit,
1621 331 1767 358 anteacto
1803 326 1933 358 saeculo

1197 378 1509 421 praestantissimum
1547 380 1703 411 exaltatae
1741 379 1933 411 humilitatis

1197 432 1363 473 exemplar
1387 431 1489 463 erexit
1513 431 1546 463 in
1570 442 1627 463 suo
1652 432 1740 464 fideli
1766 442 1858 464 servo
1877 432 1934 464 Pa-

1197 483 1305 515 schale
1332 483 1474 526 Baylon,
1507 484 1589 515 laico
1615 495 1670 515 seu
1697 494 1854 520 converso
1879 494 1933 516 ex-

1197 545 1308 578 presse
1334 536 1482 578 prosesso
1500 535 1627 568 Ordinis
1653 536 1809 568 Minorum
1831 536 1933 569 sancti

1198 587 1359 620 Francisci
1378 588 1417 620 de
1434 587 1643 620 Observantia
1664 587 1933 621 Discalceatorum

1198 645 1468 682 nuncupatorum,
1493 651 1588 683 quem
1614 640 1791 672 humilibus
1816 650 1934 682 genere

1199 697 1230 724 et
1254 693 1325 724 loco
1356 697 1484 729 natum,
1510 692 1798 735 custodiendisque
1824 693 1934 725 ovibus

1198 744 1373 784 addictum,
1399 745 1527 777 sustulit
1544 745 1582 777 de
1601 745 1751 787 gregibus
1769 745 1885 782 ovium,
1904 751 1936 777 et

1199 798 1237 829 ‹le
1264 802 1337 839 post
1362 798 1520 830 foetantes
1554 798 1697 839 accepit,
1726 797 1934 840 implevitque

1199 850 1313 893 spiritu
1329 850 1507 894 sapientiae
1521 857 1552 883 et
1567 850 1761 889 intellectus,
1774 856 1819 889 ut,
1834 861 1931 893 quem

1198 904 1367 937 suscitarat
1392 904 1431 937 de
1460 906 1546 936 terra
1578 905 1732 947 inopem,
1758 905 1936 937 collocaret

1199 956 1230 987 in
1249 956 1337 988 caelo
1350 966 1422 988 cum
1439 956 1641 999 principibus
1655 956 1766 999 populi
1784 955 1851 988 sui:
1867 956 1936 998 qui-

1199 1009 1256 1040 bus
1282 1008 1321 1041 de
1347 1009 1445 1041 rebus
1469 1009 1591 1041 certior
1615 1009 1714 1041 sactus
1752 1008 1837 1041 idem
1864 1010 1936 1041 Ale-

1199 1061 1321 1093 xander
1340 1062 1586 1104 praedecessor,
1607 1072 1643 1094 ex
1664 1061 1870 1103 processibus
1888 1061 1936 1093 di-

1941 224 1989 252 An.
2009 224 2039 252 C.
2058 225 2121 253 1691

424 1067 524 1099 bitum
549 1070 790 1108 consequantur
807 1063 968 1096 effectum.

243 1130 279 1150 τι
289 1129 359 1149 Sanc-1
362 1127 412 1148 aab
467 1121 482 1162 ἓ
507 1119 537 1152 1.
558 1119 680 1151 Dudum
706 1117 866 1160 siquidem
892 1117 993 1150 felicis
1012 1116 1157 1148 recorda-

230 1155 386 1208 ¹11⁶1dt100x
389 1154 413 1201 ὀη
425 1171 521 1203 tionis
547 1169 727 1203 Alexander
745 1169 828 1211 Papa
843 1168 905 1201 VllI
924 1168 1157 1211 praedecessor

230 1215 258 1253 ”ii
259 1209 545 1262 Q210¹t›¹1t'1'23nostcr
569 1223 621 1265 pia
645 1233 754 1255 secum
779 1221 989 1254 meditatione
1014 1221 1158 1253 conside—

1200 1113 1311 1155 ligenti
1342 1113 1554 1156 inquisitione
1587 1114 1741 1146 consectis
1767 1119 1799 1146 et
1823 1114 1937 1146 sedula

1199 1166 1399 1199 discussione
1424 1166 1625 1205 examinatis,
1644 1177 1681 1199 ex
1699 1166 1815 1208 quibus
1840 1167 1880 1199 de
1898 1166 1937 1199 il·⁴

230 1237 248 1280 s'
261 1263 267 1280 ι
1200 1219 1259 1251 lius
1284 1219 1365 1251 vitae
1391 1219 1558 1251 sanctitate
1577 1224 1608 1251 et
1627 1219 1790 1251 miraculis
1809 1219 1847 1251 ad
1866 1219 1934 1251 eius

239 1268 257 1280 [ΙΙ
271 1275 276 1280 .

423 1287 506 1314 r‚ans
532 1276 617 1318 quod
642 1275 830 1316 unigenitus
857 1274 910 1306 Dei
932 1273 1027 1314 silius,
1046 1274 1158 1316 splen-

424 1330 483 1361 dor
500 1329 622 1370 gloriae
644 1333 676 1360 et
698 1327 801 1370 figura
826 1327 1023 1359 substantiae
1045 1326 1156 1365 Patris,

423 1382 476 1424 qui
503 1392 561 1424 pro
586 1381 665 1423 lapsi
691 1381 817 1413 medela
842 1380 983 1412 hominis
1004 1380 1037 1412 in
1064 1384 1156 1411 utero

422 1433 560 1475 Virginis
586 1443 661 1464 caro
688 1433 788 1464 sactus
820 1433 1032 1475 semetipsum
1054 1432 1159 1464 exina-

423 1486 514 1525 nivit,
535 1485 691 1518 obediens
718 1496 820 1528 usque
846 1485 885 1517 ad
906 1490 1056 1523 mortem,
1076 1494 1158 1516 mor-

423 1544 487 1570 tem
513 1543 618 1570 antem
644 1537 770 1577 crucis,
797 1542 830 1568 ut
854 1547 954 1579 genus
981 1537 1156 1568 humanum

424 1597 487 1623 tam
502 1590 657 1623 ineffabili
676 1591 846 1624 excitatum
863 1591 1009 1632 exemplo
1029 1600 1087 1632 per
1101 1590 1158 1621 liu-

423 1643 566 1676 militatis
584 1643 713 1676 semitas
735 1654 845 1675 secum
862 1643 901 1675 ad
919 1648 1070 1675 aeternae
1088 1643 1157 1683 glo-

425 1695 491 1728 riae
514 1697 668 1728 exaltaret
684 1696 893 1735 consortium,
912 1695 997 1727 haud
1019 1705 1093 1727 raro
1111 1695 1158 1726 in-

424 1748 525 1788 firma,
547 1748 702 1790 ignobilia
722 1754 753 1780 et
773 1748 1030 1790 contemptibilia
1047 1747 1156 1780 mundi

426 1802 535 1843 eligit,
559 1807 593 1833 ut
625 1802 719 1834 sortia
750 1812 899 1844 quaeque
924 1801 1101 1833 confundat
1129 1805 1159 1832 et

425 1865 490 1887 non
515 1855 673 1896 glorietur
697 1855 801 1887 omnis
826 1864 902 1887 caro
926 1855 959 1885 in
984 1858 1158 1895 conspectu

426 1908 503 1948 ejus,
522 1919 558 1941 ac
582 1914 756 1951 propterea
783 1913 1006 1950 paupertatem
1031 1907 1158 1945 divitiis,

426 1961 665 2002 ignobilitatem
690 1961 867 1999 nobilitati,
890 1966 923 1993 et
945 1960 1099 2002 simplicis
1127 1969 1160 1991 a·

426 2013 506 2045 nimi
531 2014 759 2046 demissionem
792 2013 925 2045 elationi
949 2012 1157 2054 cogitantium

427 2066 578 2099 sublimia
602 2076 818 2109 praeponens,
836 2065 1028 2108 sapientiam
1046 2070 1077 2097 et
1093 2065 1161 2106 glo-

427 2118 506 2151 riam
544 2119 638 2151 huius
663 2118 785 2151 saeculi
818 2119 951 2161 eiusque
978 2117 1161 2160 principum

427 2170 576 2214 despicit,
597 2171 711 2203 humili
725 2171 839 2213 spiritu
862 2176 894 2203 et
912 2171 1037 2203 sincero
1055 2169 1161 2201 cordis

428 2224 606 2257 delectatus
632 2223 763 2263 affectu3
790 2224 875 2256 inter
895 2223 974 2256 alios
993 2227 1100 2255 autem
1125 2232 1160 2254 ex

428 2277 615 2310 huiusmodi
645 2277 833 2310 conditione
865 2277 1019 2316 selectos,
1044 2276 1161 2318 quibus

465 2383 477 2409 1
500 2382 595 2409 Beatus
623 2383 773 2410 declaratus
801 2382 853 2409 suit
873 2390 887 2409 a
907 2381 992 2409 Paulo
1012 2381 1046 2413 V,
1068 2380 1110 2407 die
1130 2380 1164 2406 29

430 2426 548 2453 octobris
559 2434 687 2459 mocxvul,
697 2431 805 2453 sanctus
816 2435 879 2453 vero
890 2426 923 2453 ab
935 2425 1082 2452 Alexandro
1093 2425 1163 2457 Vlll,

432 2470 475 2497 die
493 2477 535 2497 xvi
554 2472 673 2498 octobris
693 2479 789 2507 mccxc,
809 2472 905 2507 pontif.
927 2478 944 2498 1.
965 2471 1036 2497 Alias
1056 2470 1165 2497 canoni-

431 2514 548 2540 zationes
564 2514 621 2541 vide
637 2515 663 2541 in
683 2516 873 2543 constitutione
889 2515 1076 2551 praecedenti,
1093 2518 1118 2541 et
1138 2515 1164 2540 in

432 2558 576 2585 Clementis
596 2558 626 2586 XI
647 2561 752 2587 constit.
770 2561 834 2587 edit.
852 2567 971 2593 tioccxu,
984 2559 1027 2586 die
1042 2559 1072 2586 21
1091 2559 1165 2591 maii,

432 2601 526 2636 pontif.
547 2609 593 2628 xu.

1200 1271 1464 1304 intercessionem
1497 1271 1628 1313 patratis
1661 1271 1828 1303 evidenter
1858 1265 1938 1304 con->

1200 1330 1285 1356 stare
1303 1325 1461 1367 percepit,
1479 1325 1608 1357 beatum
1627 1325 1727 1356 virum
1742 1324 1935 1357 Sanctorum

1200 1378 1272 1410 albo
1289 1378 1477 1410 solemniter
1490 1378 1673 1420 adscripsit,
1688 1377 1794 1410 animo
1808 1388 1843 1410 ex
1860 1383 1935 1410 tunc

1201 1431 1366 1462 revolvens
1385 1430 1569 1462 huiusmodi
1591 1430 1685 1469 vitae,
1704 1430 1936 1463 miraculorum

1201 1488 1232 1515 et
1246 1489 1389 1515 actorum
1406 1493 1561 1515 summam
1575 1483 1756 1515 catholicae
1773 1483 1934 1515 Ecclesiae

1201 1541 1308 1567 notam
1327 1536 1444 1573 sacere;
1459 1536 1545 1578 quod
1560 1546 1631 1567 cum
1646 1535 1724 1578 ipse,
1736 1541 1836 1568 morte
1848 1545 1935 1578 prae-

1200 1594 1332 1627 ventus,
1359 1599 1424 1620 non
1449 1588 1646 1630 expleverit,
1665 1599 1723 1621 nos
1748 1588 1801 1631 qui
1826 1588 1934 1620 divina

1201 1642 1391 1683 disponente
1412 1642 1584 1674 clementia
1601 1641 1632 1673 in
1657 1642 1724 1674 eius
1741 1643 1846 1674 locum
1863 1652 1935 1674 suc-

1200 1695 1363 1733 cessimus,
1380 1694 1563 1727 huiusmodi
1582 1695 1698 1727 seriem
1717 1706 1751 1727 ex·
1774 1705 1934 1727 memora-

1202 1748 1240 1779 tis
1266 1748 1474 1790 processibus
1499 1748 1638 1780 breviter
1662 1749 1876 1790 desumptam,
1902 1748 1933 1779 in

1202 1801 1295 1839 huuc,
1308 1801 1359 1843 qni
1375 1801 1531 1842 sequitur,
1542 1801 1682 1840 modum,
1694 1801 1731 1833 ad
1744 1806 1933 1844 perpetuam

1200 1853 1245 1885 rei
1267 1853 1467 1892 memoriam,
1485 1853 1632 1885 duximus
1650 1854 1871 1885 enarrandam.

1244 1906 1258 1947 ᾖ
1283 1905 1313 1938 2.
1341 1907 1432 1938 Anno
1458 1916 1474 1938 a
1499 1911 1593 1948 partu
1615 1906 1753 1948 Virginis
1772 1916 1865 1945 unxt,
1884 1916 1935 1938 sa-

1201 1969 1254 1990 cro
1279 1964 1469 1991 recurrente
1494 1959 1575 1991 sesto
1600 1958 1817 1998 pentecostes,
1843 1964 1935 1991 natus

1202 2017 1251 2043 est
1264 2011 1316 2044 Dei
1333 2021 1442 2044 servus
1456 2011 1487 2043 in
1501 2011 1622 2054 oppido
1639 2011 1753 2043 Turris
1764 2011 1936 2044 Formosae

1203 2064 1358 2097 dioecesis
1372 2064 1566 2105 Seguntinae
1580 2064 1612 2096 in
1630 2074 1731 2106 reguo
1744 2063 1933 2106 Aragoniac.

1203 2128 1237 2150 ex
1257 2116 1424 2150 catholicis
1446 2117 1500 2149 sed
1519 2117 1717 2159 pauperibus
1735 2117 1935 2159 parentibus,

1203 2170 1396 2212 ablutusque
1415 2170 1474 2201 suit
1491 2172 1572 2212 aqua
1590 2169 1803 2212 baptismatis,
1818 2174 1850 2202 et
1865 2180 1938 2212 pro-

1203 2223 1338 2255 cedente
1365 2227 1509 2264 tempore
1535 2232 1625 2254 sacro
1650 2221 1838 2255 chrismate.

1247 2277 1262 2317 ς’
1285 2274 1316 2307 3.
1344 2275 1368 2306 A
1395 2275 1514 2307 teneris
1539 2275 1631 2307 annis
1661 2274 1787 2315 insigne
1812 2274 1936 2306 suturae

1205 2327 1381 2359 sanctitatis
1405 2327 1569 2369 specimen
1594 2327 1703 2364 dedit,
1733 2327 1808 2359 dum
1832 2327 1939 2359 adhuc

1206 2391 1287 2424 puer
1310 2390 1528 2423 quascumque
1553 2379 1663 2411 mundi
1689 2379 1881 2419 illecebras,
1909 2386 1941 2412 et

1206 2434 1356 2466 innoxios
1381 2432 1476 2466 etiam
1502 2432 1570 2465 eius
1594 2432 1706 2464 aetatis
1728 2437 1760 2464 et
1786 2432 1941 2465 conditio-

1207 2488 1256 2520 nis
1289 2487 1381 2519 ludos
1408 2492 1439 2519 et
1471 2485 1716 2519 exercitationes
1748 2485 1943 2527 aspernaba-

1208 2545 1272 2572 tur.
1301 2539 1418 2571 Abiens
1444 2544 1517 2581 post
1540 2537 1671 2579 vestigia
1698 2548 1840 2579 gregum,
1863 2547 1942 2581 quo-

1209 2604 1279 2626 rum
1305 2592 1469 2626 custodiae
1494 2597 1628 2634 paterna
1648 2591 1735 2623 imm
1761 2590 1873 2634 iuopia
1892 2590 1943 2623 de·

1959 1912 2008 1933 Eius
2023 1913 2123 1934 nativitas

1973 2280 2074 2302 Paetina.
