2254 3225
226 255 276 282 An.
297 255 324 282 c.
343 254 410 282 1699
456 246 520 280 910

416 304 490 336 stris
514 304 670 347 insignita
696 306 773 345 fuit,
802 312 958 349 quantum
992 307 1086 340 nobis
1116 319 1152 340 ex

416 357 480 389 alto
506 358 699 390 conceditur
717 385 724 397 ,
750 365 931 401 opportune
958 361 1153 399 consulere,

417 414 513 452 teque
539 411 690 454 specialis
718 412 822 445 favore
849 413 970 455 gratiae
996 413 1152 456 prosequi

415 465 573 502 volentes,
588 465 696 508 tuique
718 477 753 498 ac
767 466 842 498 dicti
859 466 988 499 loannis
1005 468 1152 500 Andreae

415 516 573 559 principis
598 528 634 549 ac
659 519 765 558 magni
792 519 937 560 magistri
971 519 1152 559 singulares

414 580 571 612 personas
585 581 602 602 a
617 571 782 613 quibusvis
796 571 1153 609 excommunicationis,

415 622 641 664 suspensionis
667 627 699 655 et
722 623 910 662 interdicti,
938 624 1075 666 aliisque
1103 634 1154 656 ec-

413 674 602 707 clesiasticis
616 675 799 714 sententiis,
818 677 962 708 censuris
977 682 1009 708 et
1023 676 1150 718 poenis,

415 737 432 759 a
457 727 525 760 iure
550 729 599 760 vel
625 728 664 759 ab
684 728 825 767 bomine,
846 729 959 771 quavis
981 730 1152 762 occasione

413 782 463 813 vel
489 783 583 813 causa
604 781 694 820 latis,
718 781 742 813 si
762 781 879 824 quibus
903 783 1153 825 quomodolibet

413 833 586 866 innodatae
605 833 758 872 existunt,
778 835 815 867 ad
835 834 984 867 effectum
1001 846 1153 878 praesen-

413 886 493 919 tium
518 887 681 919 dumtaxat
705 889 976 931 consequendum
996 915 1003 927 ,
1038 889 1152 922 harum

414 941 496 973 serie
521 940 728 973 absolventes
755 947 785 974 et
810 943 974 974 absolutas
994 941 1062 975 fore
1081 954 1153 976 cen-

415 998 548 1032 sentes,
592 1005 720 1027 necnon
757 995 917 1037 praedicti
958 995 1056 1028 osficii
1098 1007 1151 1029 seu

414 1046 557 1079 muneris
584 1048 783 1080 erectionem
800 1075 807 1087 ,
835 1054 1009 1089 naturam,
1035 1056 1153 1082 statum

415 1099 587 1142 qualitates
605 1105 636 1133 et
654 1101 909 1133 circumstantias
921 1112 1151 1146 quascumque,

415 1152 540 1185 etiamsi
566 1153 740 1186 electivum
767 1159 798 1186 et
824 1156 997 1197 personale
1023 1156 1151 1195 existat,

415 1206 516 1238 aliave
543 1207 709 1249 quaelibet
734 1207 830 1239 etiam
858 1207 1011 1250 specifica
1042 1214 1074 1241 et
1105 1209 1153 1241 in-

415 1259 543 1292 dividua
571 1261 736 1293 mentione
763 1266 794 1293 et
819 1262 1026 1304 expressione
1044 1263 1151 1304 digna,

414 1312 645 1356 praesentibus
670 1324 728 1357 pro
754 1315 850 1357 plene
884 1320 917 1347 et
955 1315 1154 1348 sufficienter

414 1367 577 1409 expressis
611 1377 647 1399 ac
681 1367 885 1400 exactissime
918 1374 950 1401 et
980 1369 1155 1401 accuratis-

414 1418 494 1452 sime
519 1419 712 1462 specificatis
738 1420 922 1461 habentes,
946 1422 1155 1465 supplicatio-

414 1472 509 1505 nibus
544 1478 608 1505 tam
641 1478 694 1505 tuo
728 1484 824 1516 quam
850 1474 998 1506 eiusdem
1024 1475 1153 1508 loannis

415 1525 566 1558 Andreae
581 1526 740 1569 principis
756 1532 788 1559 et
805 1527 913 1569 magni
932 1527 1077 1569 magistri
1099 1538 1155 1560 no-

415 1578 502 1610 mine
517 1578 612 1611 nobis
623 1589 720 1622 snper
735 1579 797 1612 hoc
816 1579 983 1613 humiliter
995 1581 1153 1623 porrectis

415 1631 573 1670 inclinati,
598 1626 708 1675 eisque
734 1632 876 1674 benigne
903 1639 1097 1673 annuentes,
1120 1645 1155 1666 ac

415 1684 513 1717 etiam
538 1691 625 1717 motu
650 1686 794 1728 proprio,
814 1691 845 1718 et
869 1696 903 1718 ex
920 1688 1006 1718 certa
1020 1686 1155 1718 scientia

416 1742 448 1770 et
474 1739 601 1770 matura
626 1737 866 1771 deliberatione
892 1739 1022 1777 nostris,
1050 1739 1154 1781 deque

415 1790 614 1832 apostolicae
639 1791 809 1833 potestatis
834 1791 1052 1833 plenitudine,
1075 1792 1155 1824 resi—

414 1843 605 1885 gnationem
631 1844 709 1876 dicti
736 1844 832 1876 officii
853 1855 908 1877 seu
924 1845 1071 1877 muneris
1089 1855 1155 1877 ma-

414 1896 469 1938 gni
483 1896 698 1938 magistriseu
718 1897 865 1940 perpetui
883 1897 1155 1930 administratoris

414 1949 551 1982 militiae
577 1955 709 1982 auratae
727 1950 1015 1983 Constantinianae
1043 1951 1100 1983 tibi
1120 1962 1155 1984 ac

415 2003 477 2036 tuis
502 2009 575 2046 post
599 2009 631 2037 te
656 2004 739 2037 natis
765 2005 941 2047 nepotibus
968 2011 999 2038 et
1024 2006 1155 2039 descen-

415 2057 568 2090 dentibus
594 2057 731 2101 aliisque
757 2058 898 2091 familiae
932 2064 1004 2092 tuae
1037 2060 1155 2093 Farno-

414 2109 480 2143 siae
505 2111 709 2153 supradictae
740 2112 987 2145 successoribus
1021 2112 1154 2146 Parmae

416 2168 448 2195 et
473 2163 657 2197 Placentiae
684 2165 819 2198 ducibus
838 2176 897 2209 pro
924 2170 1070 2209 tempore
1093 2167 1154 2199 exi-

415 2216 577 2249 stentibus
614 2228 631 2250 a
655 2224 834 2251 memorato
869 2218 990 2251 Ioanne
1026 2220 1155 2253 Andrea

415 2269 564 2313 principe
589 2277 620 2303 et
645 2282 763 2314 magno
788 2273 943 2315 magistro
970 2273 1094 2314 factam,
1121 2279 1155 2306 ut

416 2323 622 2364 praefertur,
649 2325 886 2368 publicumque
914 2327 1056 2370 desuper
1081 2338 1155 2361 con-

416 2376 538 2409 sectum
553 2377 804 2410 instrumentum
819 2389 872 2411 seu
887 2381 1072 2423 scripturas,
1084 2391 1155 2413 cum

417 2429 567 2462 omnibus
593 2435 624 2462 et
648 2430 784 2472 singulis
820 2432 852 2463 in
887 2432 931 2465 eis
968 2434 1154 2472 contentis,

416 2483 496 2516 alias
522 2488 627 2516 tamen
653 2483 751 2517 licitis
783 2490 814 2517 et
841 2486 988 2518 honestis
1016 2497 1052 2519 ac
1073 2488 1156 2530 Apo-

416 2536 549 2569 stolicae
583 2536 657 2570 Sedi
683 2537 869 2580 praedictae
904 2539 1057 2583 illiusque
1094 2551 1153 2572 au-

417 2588 560 2622 ctoritati
584 2589 717 2623 minime
743 2591 990 2625 adversantibus
1009 2619 1016 2632 ,
1042 2598 1155 2626 tenore

417 2644 638 2686 praesentium
663 2650 827 2689 perpetuo
859 2645 1087 2681 confirmamus
1125 2652 1157 2681 et

1000 260 1179 283 BULLAmUM
1204 261 1357 285 ROMANUM

1198 311 1435 351 approbamus,
1462 310 1593 354 illisque
1619 312 1817 345 inviolabilis
1843 318 1874 345 et
1896 312 1935 344 ir·

1199 362 1403 404 refragabilis
1429 365 1628 407 apostolicae
1653 365 1813 398 firmitatis
1848 365 1933 406 vim,

1199 413 1299 445 robur
1324 420 1354 447 et
1378 415 1552 447 efficaciam
1584 421 1616 449 et
1651 416 1847 450 validitatem
1882 417 1936 449 ad-

1199 466 1362 507 iungimus
1399 474 1430 500 et
1461 468 1652 509 adiicimus,
1690 480 1725 502 ac
1761 480 1872 503 omnes
1904 474 1937 502 et

1199 519 1342 561 singulos
1368 519 1446 552 iuris
1471 527 1502 552 et
1528 521 1602 553 facti
1627 527 1657 554 et
1693 522 1935 555 solemnitatum

1199 582 1489 614 quarumcumque,
1506 578 1568 605 tam
1595 584 1633 606 ex
1658 574 1736 607 iuris
1755 575 1935 608 communis

1199 629 1231 655 et
1254 624 1520 657 constitutionum
1547 626 1794 669 privilegiorum
1821 633 1853 660 et
1888 628 1935 660 in-

1199 676 1365 709 dultorum
1383 679 1645 720 apostolicorum,
1662 690 1790 712 necnon
1801 680 1936 714 militiae

1198 729 1382 771 praedictae
1399 757 1406 769 ‚
1433 731 1530 764 etiam
1568 731 1750 765 iuramento
1771 759 1778 773 ‚
1812 733 1934 766 confir-

1198 782 1339 816 matione
1365 784 1553 826 apostolica,
1580 785 1630 817 vel
1655 785 1764 828 quavis
1786 785 1936 820 firmitate

1197 835 1259 868 alia
1285 837 1525 876 roboratorum,
1544 842 1738 871 statutorum
1764 849 1821 871 seu
1840 840 1938 872 stabi-

1197 890 1406 922 limentorum
1447 891 1667 933 quorumlibet
1703 892 1905 935 praescripto
1927 920 1935 934 ,

1198 954 1293 985 quam
1320 943 1358 975 de
1383 944 1490 986 stylo,
1517 954 1576 976 usu
1609 950 1640 977 et
1675 946 1912 980 consuetudine
1929 974 1937 988 ,

1198 995 1292 1028 etiam
1319 995 1592 1037 immemorabili,
1617 1008 1671 1030 seu
1698 999 1776 1031 alias
1808 1010 1938 1042 quomo-

1198 1049 1321 1082 dolibet
1345 1049 1377 1081 in
1403 1050 1565 1083 similibus
1598 1050 1694 1083 etiam
1721 1051 1760 1084 de
1793 1053 1937 1086 necessi-

1199 1108 1262 1135 tate
1287 1103 1592 1144 observandorum,
1620 1109 1651 1136 et
1686 1105 1768 1137 alios
1803 1107 1937 1148 quosvis

1198 1157 1294 1189 etiam
1320 1156 1525 1199 quantumvis
1550 1157 1701 1191 formales
1727 1163 1757 1191 et
1782 1160 1936 1192 substan—

1199 1210 1291 1241 tiales
1319 1214 1350 1241 et
1374 1209 1570 1252 incogitatos
1597 1216 1629 1243 et
1664 1211 1938 1253 inexcogitabiles

1199 1262 1364 1301 defectus,
1391 1262 1416 1294 si
1442 1262 1496 1306 qui
1529 1263 1562 1295 in
1598 1264 1786 1306 praemissis
1819 1264 1939 1307 princi-

1198 1316 1315 1359 paliter
1332 1317 1380 1349 vel
1399 1318 1594 1357 accessorie,
1614 1328 1670 1351 seu
1689 1319 1936 1359 antecedenter,

1198 1376 1438 1413 consequenter
1477 1372 1527 1403 vel
1563 1371 1844 1414 concomitanter‚
1885 1378 1939 1404 aut

1198 1424 1275 1456 ati'as
1300 1424 1548 1467 quomodolibet
1579 1424 1843 1465 intervenerint,
1880 1435 1938 1459 seu

1198 1476 1411 1509 intervenisse
1447 1477 1538 1517 dici,
1576 1477 1725 1519 censeri,
1768 1478 1938 1521 praetendi

1198 1530 1248 1562 vel
1267 1530 1406 1572 intelligi
1424 1530 1729 1573 quomodocumque
1747 1536 1780 1564 et
1796 1531 1939 1574 quando-

1198 1593 1337 1626 cumque
1364 1588 1524 1626 possent,
1553 1583 1679 1616 etiamsi
1706 1585 1785 1617 tales
1813 1584 1878 1617 sint
1904 1588 1939 1616 ut

1198 1635 1327 1668 nonnisi
1353 1636 1435 1668 facta
1458 1646 1571 1669 eorum
1597 1637 1749 1680 specifica
1766 1642 1797 1670 et
1821 1637 1938 1670 indivi-

1199 1689 1260 1721 dua
1278 1689 1444 1722 mentione
1462 1695 1493 1722 et
1511 1690 1722 1733 expressione
1749 1690 1854 1723 sanari
1868 1701 1939 1733 pos-

1199 1742 1279 1781 sint,
1305 1742 1496 1785 plenissime
1522 1747 1554 1775 et
1579 1743 1778 1786 amplissime
1804 1744 1939 1786 supple-

1199 1805 1268 1827 mus
1294 1800 1326 1827 et
1351 1805 1520 1835 sanamus,
1548 1806 1584 1828 ac
1601 1797 1732 1839 penitus
1752 1801 1783 1828 et
1803 1795 1937 1829 omnino

1198 1847 1343 1879 tollimus
1365 1874 1371 1887 ,
1399 1848 1591 1891 abrogamus
1617 1854 1648 1881 et
1673 1849 1854 1882 abolemus.

1242 1901 1256 1943 ἓ
1281 1900 1312 1932 2.
1340 1901 1378 1933 Et
1403 1901 1634 1942 nihilominus,
1660 1902 1699 1935 ad
1725 1902 1882 1935 maiorem
1906 1908 1938 1935 et

1198 1953 1473 1987 abundantiorem
1498 1957 1658 1988 cautelam
1676 1983 1683 1996 ‚
1709 1959 1741 1988 et
1776 1961 1936 1998 quatenus

1199 2018 1280 2050 opus
1305 2008 1364 2048 sit,
1391 2018 1427 2040 ac
1452 2008 1549 2041 etiam
1583 2009 1671 2041 omni
1710 2008 1772 2041 alio
1809 2008 1936 2042 meliori

1198 2062 1306 2101 modo,
1333 2061 1391 2101 via,
1417 2061 1486 2094 iure
1512 2067 1544 2094 et
1559 2061 1659 2095 forma
1678 2062 1794 2106 quibus
1812 2061 1935 2095 firmius

1199 2120 1230 2147 et
1263 2114 1399 2147 validius
1432 2115 1537 2148 facere
1570 2125 1743 2158 possumus
1764 2142 1771 2156 ‚
1805 2115 1864 2148 tibi
1901 2126 1937 2149 ac

1198 2168 1374 2210 praedictis
1402 2167 1462 2201 tuis
1488 2168 1570 2201 natis
1588 2196 1595 2208 ,
1622 2169 1797 2211 nepotibus
1823 2174 1855 2202 et
1880 2169 1937 2202 de-

1199 2221 1441 2262 scendentibus,
1457 2220 1595 2263 aliisque
1622 2220 1762 2253 familiae
1783 2226 1857 2254 tuae
1879 2221 1938 2253 hu·

1198 2275 1338 2307 iusmodi
1364 2275 1610 2308 successoribus
1642 2274 1774 2307 Parmae
1802 2279 1834 2307 et
1867 2274 1937 2307 Pla-

1198 2328 1322 2361 centiae
1337 2328 1469 2361 ducibus
1483 2338 1542 2371 pro
1555 2333 1701 2371 tempore
1712 2327 1937 2366 existentibus,

1199 2392 1258 2414 suo
1289 2381 1404 2414 ordine
1430 2381 1621 2424 respective,
1647 2381 1867 2424 supradictum
1894 2380 1938 2414 of-

1199 2434 1307 2467 ficium
1332 2445 1389 2467 seu
1413 2445 1531 2466 munus
1557 2434 1665 2476 magni
1701 2434 1845 2476 magistri
1879 2444 1938 2467 seu

1199 2487 1346 2530 perpetui
1365 2487 1636 2520 administratoris
1655 2487 1789 2519 militiae
1808 2493 1937 2521 auratae

1199 2541 1503 2581 Constantinianae,
1541 2540 1738 2583 praemisso,
1775 2541 1825 2574 vel
1858 2541 1937 2574 alias

1199 2600 1299 2635 certo,
1320 2605 1415 2638 quem
1432 2594 1658 2638 praesentibus
1679 2593 1792 2627 itidem
1810 2604 1869 2637 pro
1888 2605 1936 2628 ex·

1198 2658 1315 2691 presso
1327 2648 1441 2682 haberi
1452 2648 1607 2689 volumus,
1616 2647 1715 2681 modo
1726 2657 1851 2690 vacans,
1862 2658 1935 2683 cum

1941 263 1994 290 An.
2015 264 2046 293 C.
2062 265 2128 294 ¹699

2001 1909 2053 1930 nem
2077 1915 2132 1930 nova

1948 1937 2058 1956 concessio
2081 1937 2133 1958 dicu

1948 1962 2020 1984 officii.
