2254 3225
196 196 248 247 An.
266 221 295 247 c.
320 195 384 248 teor
432 210 498 244 ⁶264

390 278 446 301 cus
478 267 543 307 fiat,
567 267 648 311 ipsis
672 267 781 300 statim
811 267 956 310 privetur
987 268 1041 311 qui
1066 269 1124 301 ha-

389 320 521 360 buerit,
548 325 581 353 et
615 319 843 360 conventibus,
869 319 987 362 quibus
1023 331 1059 353 ex
1094 320 1123 352 vi

390 371 631 405 constitutionis
655 371 828 414 pertinent,
854 371 1070 414 applicentur.

433 434 464 459 v.
501 424 612 468 Neque
647 424 872 468 superioribus
908 424 1005 458 liccat
1039 425 1125 458 bona

390 477 499 521 aliqua
522 477 651 510 stabilia
675 482 840 520 tamquam
872 477 1005 520 propria
1028 487 1124 520 regu-

389 529 513 563 laribus
549 529 703 562 fratribus
728 529 921 570 concedere,
955 529 1053 562 etiam
1085 529 1125 562 ad

390 583 638 616 usumfructum.
678 582 806 616 Fratres
841 587 948 615 tamen
972 582 1127 615 itineran-

391 639 460 675 tes,
497 635 669 678 pecuniam
705 640 838 678 portare
872 640 1046 678 poterunt,
1082 634 1126 666 ita

390 698 481 728 sane,
506 693 556 728 ut,
578 688 816 731 quamprimum
840 687 981 730 ingressi
1006 687 1126 720 fuerint

390 739 561 783 proprium
599 740 834 772 monasterium
873 739 905 772 in
953 750 1017 782 quo
1052 746 1127 772 suut

390 792 555 833 moraturi,
582 792 668 825 intra
692 792 875 835 praedictas
896 792 994 825 horas
1019 792 1126 825 onmia

391 851 423 878 et
447 845 576 889 singula
600 844 857 879 commendatori
882 855 942 878 suo
969 846 1017 878 vel
1038 855 1127 887 prae-

391 897 457 930 lato
481 897 590 930 omnia
614 902 646 930 et
671 897 800 939 singula
823 897 1042 930 manifestent.

435 960 480 983 VI.
512 950 690 983 Attendant
719 955 828 982 autem
860 950 974 982 fratres
1010 949 1126 989 nostri,

393 1003 480 1046 quod
504 1002 641 1045 singulis
665 1002 758 1034 annis
782 1002 882 1034 semel
904 1001 1024 1041 omnia,
1044 1012 1127 1044 quae

392 1055 426 1088 in
449 1066 508 1088 usu
532 1054 684 1094 retinent,
718 1054 1040 1087 commendatoribus
1064 1054 1129 1085 suis

394 1112 557 1150 exponant
581 1111 613 1139 et
636 1106 768 1138 realiter
793 1105 981 1145 exhibeant,
1015 1116 1128 1138 eorum

394 1159 602 1202 dispositioni
634 1158 870 1201 relinquendo,
898 1163 930 1190 et
953 1158 1129 1201 specialem

393 1211 559 1246 licentiam
582 1211 696 1244 utendi
730 1211 777 1244 eis
808 1210 971 1254 accipient
994 1221 1012 1243 a
1035 1222 1130 1255 prae-

394 1265 473 1298 lato.

437 1327 493 1350 vu.
519 1316 752 1350 Procuratores
777 1321 934 1360 poterunt
957 1327 1049 1349 suum
1074 1317 1131 1349 ha-

394 1369 473 1402 bere
497 1368 704 1412 marsupium,
732 1373 892 1411 quatenus
921 1370 961 1402 ad
985 1375 1131 1412 sumptus

396 1426 577 1455 conventus
601 1421 700 1454 fuerit
724 1421 954 1454 necessarium.
986 1421 1133 1459 Quicum-

396 1484 459 1517 que
484 1483 562 1507 vero
597 1474 698 1507 frater
730 1484 787 1507 seu
823 1480 1015 1516 procurator
1046 1475 1133 1507 bona

396 1525 526 1559 Ordinis
558 1536 783 1569 quaecumque
817 1536 874 1560 seu
905 1527 1059 1570 pecunias
1082 1537 1133 1559 re-

397 1579 539 1622 ceperit,
581 1589 693 1612 eorum
733 1578 878 1612 omnium
922 1579 1038 1612 reddat
1075 1590 1133 1612 suo

397 1631 655 1664 commendatori
694 1637 790 1674 atque
827 1632 1002 1664 conventui
1037 1633 1135 1665 ratio-

397 1695 485 1718 nem.
514 1684 663 1727 Magister
686 1690 792 1717 autem
810 1685 970 1727 generalis
988 1689 1043 1717 aut
1059 1696 1135 1729 pro-

397 1737 553 1776 vincialis,
581 1738 728 1770 omnium
752 1748 834 1781 quae
860 1739 1034 1781 receperit,
1061 1738 1135 1771 dcli-

398 1790 519 1822 nitorio
545 1790 678 1833 capituli
709 1790 833 1834 pariter
866 1791 1026 1823 rationem
1061 1797 1136 1823 sunt

399 1843 570 1876 reddituri.

444 1907 512 1929 vul.
541 1896 697 1930 Similiter
720 1897 829 1929 vicarii
848 1899 1018 1939 generales
1034 1897 1137 1930 ludia-

401 1960 473 1982 rum
491 1954 645 1982 tenentur
662 1950 801 1983 reddere
819 1951 975 1983 rationem
993 1951 1137 1983 omnium

402 2004 542 2046 quaein
567 2003 751 2036 ministerio
788 2004 835 2035 sui
872 2004 967 2036 oflicii
1007 2014 1139 2047 recepe-

402 2056 485 2088 rint:
511 2056 592 2088 itaut
615 2056 723 2088 nullus
749 2056 781 2088 in
805 2056 925 2089 Ordine
951 2062 1063 2089 nostro
1088 2066 1139 2089 re-

403 2113 543 2148 maneat,
562 2109 640 2151 quin
661 2118 772 2141 eorum
790 2109 946 2149 omnium,
966 2119 1049 2152 quae
1070 2109 1138 2152 ipse

403 2161 574 2204 receperit,
600 2167 788 2204 computum
819 2167 851 2194 et
879 2162 1038 2195 rationem
1068 2163 1139 2195 red-

405 2214 471 2247 dat.
498 2213 556 2251 Qui
584 2224 659 2246 vero
695 2216 893 2247 contrarium
929 2216 1052 2255 fecerit,
1087 2221 1141 2248 aut

406 2273 520 2300 contra
559 2266 676 2299 scriem
716 2268 832 2300 harum
871 2268 1141 2301 constitutionum

405 2320 642 2363 proprietarius
666 2325 813 2362 repertus
849 2321 956 2360 fuerit,
993 2322 1072 2354 sciat
1106 2332 1140 2354 se

407 2383 476 2406 csse
501 2373 626 2406 socium
651 2373 757 2412 Iudae,
775 2379 807 2405 ct
831 2373 965 2406 biennio
990 2375 1091 2407 activa
1112 2380 1143 2407 et

407 2426 533 2470 passiva
557 2436 635 2458 voce
660 2426 861 2468 privandum,
877 2432 908 2458 et
932 2427 1048 2469 poeuis
1073 2438 1143 2470 pro-

407 2478 565 2523 prietario
590 2488 625 2510 ex
649 2478 719 2510 iure
745 2479 857 2511 taxatis
888 2479 1069 2511 subiacere.
1107 2480 1144 2512 Et

968 218 1146 244 BULLARIUM
1169 218 1323 244 ROMANUM

1165 268 1276 300 eunias
1301 265 1520 310 proprietarii,
1545 265 1580 299 in
1612 265 1728 309 quibus
1752 265 1898 308 deliquit,

1165 332 1267 364 eaque
1281 320 1456 354 conventui
1476 320 1650 362 applicare,
1672 330 1728 353 seu
1746 319 1899 352 fratribus

1166 373 1387 416 indigentibus
1412 372 1618 411 distribuere,
1646 377 1681 404 ut
1703 373 1788 405 bene
1806 382 1900 415 prae-

1166 427 1230 459 lato
1254 425 1424 468 placuerit.
1450 424 1540 462 Quod
1558 424 1585 456 si
1603 425 1676 467 quis
1699 424 1801 467 <quod
1818 424 1900 457 Deus

1167 479 1308 521 avertat)
1338 477 1577 521 proprietarius
1610 482 1757 509 mortuus
1789 477 1897 518 fuerit,

1167 532 1333 574 sepultura
1364 534 1473 563 careat
1507 529 1726 562 ecclesiastica
1756 535 1787 563 et
1811 535 1901 563 extra

1167 583 1400 616 coemeterium
1424 582 1464 614 ad
1488 592 1621 624 campos
1645 582 1833 624 sepeliatur.

1210 646 1252 668 ix.
1280 635 1415 678 Insuper
1429 634 1463 666 in
1481 634 1572 667 cellis
1589 634 1723 667 fratrum
1746 635 1900 668 nolumus

1167 688 1330 730 praelatos
1355 687 1527 719 admittere
1552 687 1662 730 aliqua
1686 687 1902 730 supellectilia

1167 741 1280 780 serica,
1317 750 1423 779 aurea,
1459 745 1625 782 argentea,
1665 745 1719 772 aut
1756 740 1902 783 alioquin

1168 792 1308 836 pretiose
1332 793 1498 826 elaborata
1522 797 1553 826 et
1576 798 1737 833 contexta,
1763 803 1830 825 non
1855 793 1904 836 pi-

1167 851 1283 886 cturas,
1307 846 1485 879 laminasve
1509 845 1672 889 profanas,
1702 856 1760 879 seu
1784 846 1904 879 nobili-

1169 900 1228 932 bus
1253 909 1308 931 seu
1330 899 1492 931 deauratis
1524 899 1634 931 limbis
1657 899 1874 932 circumdatas
1893 925 1902 940 ‚

1169 952 1224 984 sed
1249 952 1365 984 devota
1399 953 1503 984 solum
1529 957 1561 984 et
1589 962 1672 994 quae
1697 958 1836 985 mentem
1863 952 1903 985 ad

1169 1005 1270 1037 Deum
1305 1004 1440 1046 erigant,
1478 1014 1544 1037 non
1575 1004 1742 1045 inficiant·,
1779 1007 1903 1038 nullum

1170 1058 1246 1090 item
1263 1057 1442 1100 pretiosum
1466 1058 1619 1090 scrinium
1651 1068 1709 1090 seu
1740 1059 1826 1101 quod
1847 1069 1905 1100 pro

1170 1109 1337 1142 maiestate
1361 1109 1481 1142 saeculi
1506 1110 1680 1143 vanitatem
1705 1111 1819 1153 sapiat.
1846 1110 1890 1143 Nc

1171 1172 1235 1205 que
1260 1163 1371 1204 plures
1395 1162 1512 1194 iterum
1537 1162 1645 1201 sellas,
1663 1163 1719 1195 sed
1737 1173 1855 1205 paucas
1876 1168 1907 1195 et

1173 1214 1321 1247 humiles.
1347 1213 1441 1247 Nulla
1465 1214 1594 1247 tandem
1625 1215 1664 1247 ad
1689 1226 1792 1257 genus
1816 1222 1908 1248 uten-

1172 1268 1244 1301 silia
1269 1278 1350 1311 quae
1382 1269 1432 1301 vel
1456 1267 1533 1300 artis
1558 1268 1720 1310 elegantia
1739 1269 1789 1302 vel
1814 1268 1908 1301 nobi-

1172 1321 1261 1354 litate
1286 1321 1441 1354 materiae
1465 1321 1647 1362 regularem
1679 1326 1908 1364 paupertatem

1174 1379 1206 1406 et
1230 1374 1430 1406 honestatem
1455 1373 1621 1406 dedeceat.

1217 1437 1244 1459 x.
1269 1426 1313 1459 Ne
1337 1432 1445 1458 autem
1466 1426 1584 1458 dilecta
1604 1432 1778 1469 paupertas
1799 1427 1830 1459 in
1848 1428 1910 1460 fra-

1176 1485 1260 1511 trum
1283 1478 1437 1511 cordibus
1461 1478 1605 1517 excedat,
1634 1489 1694 1521 pro
1727 1480 1909 1512 inventario

1176 1531 1379 1564 conficiendo
1417 1530 1572 1574 praelatis
1611 1531 1838 1573 subiungimus
1875 1537 1912 1564 ut

1177 1584 1350 1627 capitulum
1376 1583 1556 1622 instituant,
1571 1583 1605 1615 in
1623 1594 1687 1626 quo
1713 1584 1847 1616 eosdem
1872 1584 1911 1616 ad

1177 1647 1305 1669 omnem
1329 1636 1564 1679 proprietatem
1583 1646 1619 1668 ex
1643 1636 1807 1669 mentibus
1828 1638 1912 1670 rele-

1179 1690 1316 1732 gandam
1341 1696 1372 1722 ct
1396 1689 1483 1721 iuxta
1507 1689 1572 1721 voti
1597 1690 1836 1731 professionem
1861 1700 1913 1722 so-

1178 1743 1240 1775 lam
1265 1747 1490 1784 paupertatem
1515 1740 1631 1773 affectu
1658 1746 1689 1773 et
1713 1752 1813 1783 opere
1838 1752 1914 1784 pro-

1179 1796 1375 1838 sequendam
1400 1794 1541 1836 graviter
1574 1799 1605 1826 et
1635 1793 1788 1836 religiose
1821 1805 1915 1837 prae-

1179 1849 1318 1880 veniant.
1338 1847 1419 1890 Ipsis
1438 1857 1514 1879 vero
1533 1847 1687 1879 fratribus
1708 1847 1769 1879 sub
1787 1848 1914 1880 formali

1179 1906 1355 1944 praecepto
1379 1899 1584 1933 obedieutiae
1608 1900 1837 1943 praecipimus,
1861 1911 1915 1933 cu-

1180 1955 1369 1996 iuscumque
1395 1953 1603 1992 conditionis,
1636 1952 1734 1985 officii
1758 1953 1807 1986 vel
1839 1964 1916 1996 qua-

1180 2007 1281 2040 litatis
1306 2006 1484 2045 extiterint,
1510 2011 1545 2037 ut
1569 2005 1705 2046 singulis
1736 2005 1830 2038 annis
1854 2006 1914 2038 sub

1181 2059 1260 2092 feria
1291 2059 1401 2101 quinta
1435 2057 1566 2091 maioris
1591 2056 1828 2097 hebdomadae,
1862 2064 1916 2090 aut

1181 2112 1263 2144 festo
1287 2111 1319 2143 S.
1346 2110 1509 2150 Andreae,
1538 2120 1596 2142 seu
1620 2109 1683 2142 alio
1708 2109 1819 2142 forsan
1844 2109 1913 2150 die,

1182 2164 1358 2196 secundum
1375 2162 1646 2195 consuetudinem
1663 2161 1913 2204 provinciarum,

1183 2216 1399 2250 inventarium
1435 2216 1553 2248 faciant
1593 2215 1633 2247 de
1676 2214 1727 2246 his
1763 2213 1915 2247 omnibus

1183 2281 1264 2313 quae
1290 2270 1374 2312 apud
1392 2279 1425 2302 se
1444 2268 1586 2301 habeant
1602 2277 1755 2300 concessa
1770 2267 1809 2300 ad
1826 2277 1917 2299 usum

1183 2335 1201 2356 a
1225 2323 1384 2365 religione
1408 2322 1459 2354 vel
1483 2321 1651 2364 praelatis:
1677 2320 1711 2353 in
1734 2330 1798 2363 quo
1820 2320 1916 2359 clare,

1184 2376 1334 2409 distincte
1352 2380 1383 2408 et
1399 2374 1568 2407 manifeste
1596 2373 1704 2407 omnia
1728 2379 1919 2406 recenseant

1184 2434 1217 2460 et
1240 2432 1403 2470 exponant
1426 2427 1465 2459 de
1483 2427 1647 2469 praesenti
1667 2426 1786 2465 habita,
1812 2426 1860 2458 vel
1878 2426 1918 2458 ad

1185 2491 1297 2513 eorum
1322 2490 1414 2512 usum
1440 2478 1684 2522 quomodolibet
1708 2478 1917 2520 pertinentia,

368 2535 379 2538 ”
408 2532 440 2564 in
462 2542 500 2564 co
525 2541 603 2564 casu
629 2531 764 2564 liberam
790 2532 909 2564 habeat
933 2533 1142 2565 commenda·
1185 2539 1216 2565 et
1240 2533 1399 2575 quidquid
1424 2532 1510 2564 circa
1533 2532 1588 2563 illa
1608 2536 1668 2562 tam
1696 2530 1821 2562 tatione
1853 2529 1917 2561 reti

408 2590 459 2618 tor
481 2589 677 2628 potestatem
701 2584 869 2618 auferendi
893 2585 979 2617 bona
1010 2590 1064 2617 aut
1088 2596 1144 2628 pe-
1163 2608 1167 2620 .
1185 2595 1282 2629 quam
1306 2584 1443 2618 alicuius
1477 2583 1617 2616 iustitiae
1653 2584 1702 2616 vel
1737 2582 1838 2615 debiti
1863 2591 1921 2614 nc-

1906 216 1957 244 An.
1977 216 2004 243 C.
2025 215 2085 243 lG‘Jl
