<?xml version="1.0" encoding="UTF-8"?>
<!DOCTYPE html PUBLIC "-//W3C//DTD XHTML 1.0 Transitional//EN"
    "http://www.w3.org/TR/xhtml1/DTD/xhtml1-transitional.dtd">
<html xmlns="http://www.w3.org/1999/xhtml" xml:lang="en" lang="en">
 <head>
  <title>
</title>
<meta http-equiv="Content-Type" content="text/html;charset=utf-8" />
  <meta name='ocr-system' content='tesseract 3.04.00' />
  <meta name='ocr-capabilities' content='ocr_page ocr_carea ocr_par ocr_line ocrx_word'/>
</head>
<body>
  <div class='ocr_page' id='page_1' title='image "./bullarumdiplomat20cath_0387.png"; bbox 0 0 2227 3225; ppageno 0'>
   <div class='ocr_carea' id='block_1_1' title="bbox 114 222 327 271">
    <p class='ocr_par' dir='ltr' id='par_1_1' title="bbox 114 222 327 271">
     <span class='ocr_line' id='line_1_1' title="bbox 114 222 327 271; baseline -0.009 0"><span class='ocrx_word' id='word_1_1' title='bbox 114 222 176 271; x_wconf 51' lang='lat' dir='ltr'>rm</span> <span class='ocrx_word' id='word_1_2' title='bbox 193 242 221 269; x_wconf 80' lang='lat' dir='ltr'>c.</span> <span class='ocrx_word' id='word_1_3' title='bbox 245 242 306 269; x_wconf 66' lang='lat' dir='ltr'>teet</span> <span class='ocrx_word' id='word_1_4' title='bbox 324 224 327 225; x_wconf 40' lang='lat'><em>⁷</em></span> 
     </span>
    </p>
   </div>
   <div class='ocr_carea' id='block_1_2' title="bbox 319 286 1064 2558">
    <p class='ocr_par' dir='ltr' id='par_1_2' title="bbox 323 286 1061 535">
     <span class='ocr_line' id='line_1_2' title="bbox 323 286 1058 331; baseline -0.008 -7"><span class='ocrx_word' id='word_1_5' title='bbox 323 290 462 324; x_wconf 90' lang='lat' dir='ltr'>cundum</span> <span class='ocrx_word' id='word_1_6' title='bbox 486 289 585 323; x_wconf 87' lang='lat' dir='ltr'>Deum</span> <span class='ocrx_word' id='word_1_7' title='bbox 612 293 644 322; x_wconf 89' lang='lat' dir='ltr'>et</span> <span class='ocrx_word' id='word_1_8' title='bbox 667 287 823 322; x_wconf 84' lang='lat' dir='ltr'>canonice</span> <span class='ocrx_word' id='word_1_9' title='bbox 841 286 1058 331; x_wconf 77' lang='lat' dir='ltr'>peragendam</span> 
     </span>
     <span class='ocr_line' id='line_1_3' title="bbox 323 337 1058 381; baseline -0.007 -5"><span class='ocrx_word' id='word_1_10' title='bbox 323 344 482 381; x_wconf 85' lang='lat' dir='ltr'>hortetur,</span> <span class='ocrx_word' id='word_1_11' title='bbox 508 353 545 375; x_wconf 91' lang='lat' dir='ltr'>ac</span> <span class='ocrx_word' id='word_1_12' title='bbox 569 341 664 374; x_wconf 83' lang='lat' dir='ltr'>simul</span> <span class='ocrx_word' id='word_1_13' title='bbox 690 340 728 373; x_wconf 90' lang='lat' dir='ltr'>de</span> <span class='ocrx_word' id='word_1_14' title='bbox 754 340 878 373; x_wconf 87' lang='lat' dir='ltr'>meritis</span> <span class='ocrx_word' id='word_1_15' title='bbox 902 337 1058 381; x_wconf 79' lang='lat' dir='ltr'>eligendi,</span> 
     </span>
     <span class='ocr_line' id='line_1_4' title="bbox 323 392 1061 439; baseline -0.007 -11"><span class='ocrx_word' id='word_1_16' title='bbox 323 400 356 428; x_wconf 88' lang='lat' dir='ltr'>et</span> <span class='ocrx_word' id='word_1_17' title='bbox 375 397 437 439; x_wconf 80' lang='lat' dir='ltr'>qua</span> <span class='ocrx_word' id='word_1_18' title='bbox 461 395 559 428; x_wconf 87' lang='lat' dir='ltr'>debet</span> <span class='ocrx_word' id='word_1_19' title='bbox 582 399 748 438; x_wconf 70' lang='lat' dir='ltr'>praestare</span> <span class='ocrx_word' id='word_1_20' title='bbox 773 393 903 432; x_wconf 86' lang='lat' dir='ltr'>virtute,</span> <span class='ocrx_word' id='word_1_21' title='bbox 923 392 1061 435; x_wconf 86' lang='lat' dir='ltr'>pruden-</span> 
     </span>
     <span class='ocr_line' id='line_1_5' title="bbox 323 445 1059 488; baseline -0.005 -7"><span class='ocrx_word' id='word_1_22' title='bbox 323 449 375 488; x_wconf 77' lang='lat' dir='ltr'>tia,</span> <span class='ocrx_word' id='word_1_23' title='bbox 401 449 548 482; x_wconf 76' lang='lat' dir='ltr'>doctrina</span> <span class='ocrx_word' id='word_1_24' title='bbox 573 453 605 481; x_wconf 88' lang='lat' dir='ltr'>et</span> <span class='ocrx_word' id='word_1_25' title='bbox 627 448 696 481; x_wconf 83' lang='lat' dir='ltr'>zelo</span> <span class='ocrx_word' id='word_1_26' title='bbox 723 445 951 480; x_wconf 78' lang='lat' dir='ltr'>observantiae</span> <span class='ocrx_word' id='word_1_27' title='bbox 968 455 1059 488; x_wconf 76' lang='lat' dir='ltr'>regu-</span> 
     </span>
     <span class='ocr_line' id='line_1_6' title="bbox 323 499 872 535; baseline -0.005 -1"><span class='ocrx_word' id='word_1_28' title='bbox 323 501 398 534; x_wconf 88' lang='lat' dir='ltr'>laris</span> <span class='ocrx_word' id='word_1_29' title='bbox 423 512 479 535; x_wconf 89' lang='lat' dir='ltr'>eos</span> <span class='ocrx_word' id='word_1_30' title='bbox 501 501 664 535; x_wconf 79' lang='lat' dir='ltr'>ferventer</span> <span class='ocrx_word' id='word_1_31' title='bbox 688 499 872 533; x_wconf 87' lang='lat' dir='ltr'>admoneat.</span> 
     </span>
    </p>

    <p class='ocr_par' dir='ltr' id='par_1_3' title="bbox 321 552 1064 1754">
     <span class='ocr_line' id='line_1_7' title="bbox 368 552 1062 596; baseline -0.007 -8"><span class='ocrx_word' id='word_1_32' title='bbox 368 565 414 589; x_wconf 78' lang='grc' dir='ltr'>ιιι.</span> <span class='ocrx_word' id='word_1_33' title='bbox 427 555 492 588; x_wconf 85' lang='lat' dir='ltr'>Hac</span> <span class='ocrx_word' id='word_1_34' title='bbox 513 565 588 588; x_wconf 79' lang='lat' dir='ltr'>vero</span> <span class='ocrx_word' id='word_1_35' title='bbox 608 554 756 588; x_wconf 88' lang='lat' dir='ltr'>oratione</span> <span class='ocrx_word' id='word_1_36' title='bbox 773 554 913 596; x_wconf 77' lang='lat' dir='ltr'>peraeta,</span> <span class='ocrx_word' id='word_1_37' title='bbox 931 552 970 585; x_wconf 89' lang='lat' dir='ltr'>ad</span> <span class='ocrx_word' id='word_1_38' title='bbox 989 561 1062 584; x_wconf 79' lang='lat' dir='ltr'>exa-</span> 
     </span>
     <span class='ocr_line' id='line_1_8' title="bbox 322 606 1061 650; baseline -0.007 -9"><span class='ocrx_word' id='word_1_39' title='bbox 322 617 395 641; x_wconf 86' lang='lat' dir='ltr'>men</span> <span class='ocrx_word' id='word_1_40' title='bbox 421 607 582 641; x_wconf 86' lang='lat' dir='ltr'>vocalium</span> <span class='ocrx_word' id='word_1_41' title='bbox 603 613 634 640; x_wconf 89' lang='lat' dir='ltr'>et</span> <span class='ocrx_word' id='word_1_42' title='bbox 658 606 819 650; x_wconf 79' lang='lat' dir='ltr'>legitimas</span> <span class='ocrx_word' id='word_1_43' title='bbox 837 615 950 639; x_wconf 89' lang='lat' dir='ltr'>eorum</span> <span class='ocrx_word' id='word_1_44' title='bbox 968 613 1061 637; x_wconf 87' lang='lat' dir='ltr'>voces</span> 
     </span>
     <span class='ocr_line' id='line_1_9' title="bbox 323 656 1062 702; baseline -0.005 -10"><span class='ocrx_word' id='word_1_45' title='bbox 323 660 478 694; x_wconf 90' lang='lat' dir='ltr'>canonice</span> <span class='ocrx_word' id='word_1_46' title='bbox 505 660 726 694; x_wconf 75' lang='lat' dir='ltr'>discutiendas</span> <span class='ocrx_word' id='word_1_47' title='bbox 750 658 918 702; x_wconf 86' lang='lat' dir='ltr'>procedat.</span> <span class='ocrx_word' id='word_1_48' title='bbox 940 657 978 690; x_wconf 91' lang='lat' dir='ltr'>Et</span> <span class='ocrx_word' id='word_1_49' title='bbox 997 656 1062 700; x_wconf 91' lang='lat' dir='ltr'>pri-</span> 
     </span>
     <span class='ocr_line' id='line_1_10' title="bbox 323 710 1063 757; baseline -0.007 -11"><span class='ocrx_word' id='word_1_50' title='bbox 323 723 375 746; x_wconf 90' lang='lat' dir='ltr'>mo</span> <span class='ocrx_word' id='word_1_51' title='bbox 412 723 471 757; x_wconf 88' lang='lat' dir='ltr'>per</span> <span class='ocrx_word' id='word_1_52' title='bbox 506 712 672 747; x_wconf 81' lang='lat' dir='ltr'>formalem</span> <span class='ocrx_word' id='word_1_53' title='bbox 708 710 932 745; x_wconf 85' lang='lat' dir='ltr'>obedientiam</span> <span class='ocrx_word' id='word_1_54' title='bbox 957 715 990 743; x_wconf 90' lang='lat' dir='ltr'>et</span> <span class='ocrx_word' id='word_1_55' title='bbox 1014 720 1063 742; x_wconf 64' lang='lat' dir='ltr'>et·</span> 
     </span>
     <span class='ocr_line' id='line_1_11' title="bbox 323 765 1063 808; baseline -0.007 -9"><span class='ocrx_word' id='word_1_56' title='bbox 323 765 629 799; x_wconf 80' lang='lat' dir='ltr'>communicationis</span> <span class='ocrx_word' id='word_1_57' title='bbox 666 765 798 798; x_wconf 89' lang='lat' dir='ltr'>maioris</span> <span class='ocrx_word' id='word_1_58' title='bbox 835 772 974 808; x_wconf 87' lang='lat' dir='ltr'>poenam</span> <span class='ocrx_word' id='word_1_59' title='bbox 1015 766 1063 795; x_wconf 87' lang='lat' dir='ltr'>ter</span> 
     </span>
     <span class='ocr_line' id='line_1_12' title="bbox 322 817 1064 862; baseline -0.004 -10"><span class='ocrx_word' id='word_1_60' title='bbox 322 819 387 852; x_wconf 88' lang='lat' dir='ltr'>illis</span> <span class='ocrx_word' id='word_1_61' title='bbox 409 819 608 862; x_wconf 87' lang='lat' dir='ltr'>praecipiat,</span> <span class='ocrx_word' id='word_1_62' title='bbox 631 823 675 859; x_wconf 87' lang='lat' dir='ltr'>ut,</span> <span class='ocrx_word' id='word_1_63' title='bbox 699 818 724 850; x_wconf 90' lang='lat' dir='ltr'>si</span> <span class='ocrx_word' id='word_1_64' title='bbox 750 817 821 862; x_wconf 88' lang='lat' dir='ltr'>quis</span> <span class='ocrx_word' id='word_1_65' title='bbox 846 817 986 860; x_wconf 83' lang='lat' dir='ltr'>aliquem</span> <span class='ocrx_word' id='word_1_66' title='bbox 1010 825 1064 849; x_wconf 80' lang='lat' dir='ltr'>vo-</span> 
     </span>
     <span class='ocr_line' id='line_1_13' title="bbox 322 870 1062 916; baseline -0.003 -13"><span class='ocrx_word' id='word_1_67' title='bbox 322 872 439 905; x_wconf 80' lang='lat' dir='ltr'>calium</span> <span class='ocrx_word' id='word_1_68' title='bbox 476 871 623 915; x_wconf 82' lang='lat' dir='ltr'>legitimo</span> <span class='ocrx_word' id='word_1_69' title='bbox 657 871 892 916; x_wconf 89' lang='lat' dir='ltr'>impedimento</span> <span class='ocrx_word' id='word_1_70' title='bbox 916 870 965 902; x_wconf 85' lang='lat' dir='ltr'>vel</span> <span class='ocrx_word' id='word_1_71' title='bbox 990 879 1062 901; x_wconf 93' lang='lat' dir='ltr'>cen-</span> 
     </span>
     <span class='ocr_line' id='line_1_14' title="bbox 322 922 1061 966; baseline -0.001 -10"><span class='ocrx_word' id='word_1_72' title='bbox 322 926 397 958; x_wconf 77' lang='lat' dir='ltr'>sura</span> <span class='ocrx_word' id='word_1_73' title='bbox 421 924 640 958; x_wconf 78' lang='lat' dir='ltr'>ecclesiastica</span> <span class='ocrx_word' id='word_1_74' title='bbox 657 925 849 958; x_wconf 88' lang='lat' dir='ltr'>innodatum</span> <span class='ocrx_word' id='word_1_75' title='bbox 868 924 901 956; x_wconf 91' lang='lat' dir='ltr'>in</span> <span class='ocrx_word' id='word_1_76' title='bbox 918 922 1061 966; x_wconf 87' lang='lat' dir='ltr'>capitulo</span> 
     </span>
     <span class='ocr_line' id='line_1_15' title="bbox 322 976 1063 1022; baseline -0.004 -10"><span class='ocrx_word' id='word_1_77' title='bbox 322 978 438 1012; x_wconf 79' lang='lat' dir='ltr'>adesse</span> <span class='ocrx_word' id='word_1_78' title='bbox 464 977 662 1022; x_wconf 83' lang='lat' dir='ltr'>cognoverit,</span> <span class='ocrx_word' id='word_1_79' title='bbox 678 978 805 1011; x_wconf 89' lang='lat' dir='ltr'>ratione</span> <span class='ocrx_word' id='word_1_80' title='bbox 828 977 917 1010; x_wconf 89' lang='lat' dir='ltr'>cuius</span> <span class='ocrx_word' id='word_1_81' title='bbox 942 976 976 1009; x_wconf 93' lang='lat' dir='ltr'>in</span> <span class='ocrx_word' id='word_1_82' title='bbox 1001 977 1063 1010; x_wconf 90' lang='lat' dir='ltr'>ele-</span> 
     </span>
     <span class='ocr_line' id='line_1_16' title="bbox 321 1030 1060 1075; baseline -0.003 -11"><span class='ocrx_word' id='word_1_83' title='bbox 321 1031 430 1065; x_wconf 89' lang='lat' dir='ltr'>ctione</span> <span class='ocrx_word' id='word_1_84' title='bbox 454 1031 622 1075; x_wconf 79' lang='lat' dir='ltr'>salli-agari</span> <span class='ocrx_word' id='word_1_85' title='bbox 647 1041 712 1064; x_wconf 92' lang='lat' dir='ltr'>non</span> <span class='ocrx_word' id='word_1_86' title='bbox 748 1031 853 1071; x_wconf 89' lang='lat' dir='ltr'>liceat,</span> <span class='ocrx_word' id='word_1_87' title='bbox 890 1030 1060 1064; x_wconf 77' lang='lat' dir='ltr'>confestim</span> 
     </span>
     <span class='ocr_line' id='line_1_17' title="bbox 322 1083 1058 1127; baseline -0.001 -11"><span class='ocrx_word' id='word_1_88' title='bbox 322 1085 439 1127; x_wconf 88' lang='lat' dir='ltr'>prodat</span> <span class='ocrx_word' id='word_1_89' title='bbox 464 1090 496 1117; x_wconf 86' lang='lat' dir='ltr'>et</span> <span class='ocrx_word' id='word_1_90' title='bbox 530 1085 716 1118; x_wconf 86' lang='lat' dir='ltr'>nullatenus</span> <span class='ocrx_word' id='word_1_91' title='bbox 753 1085 853 1118; x_wconf 86' lang='lat' dir='ltr'>latere</span> <span class='ocrx_word' id='word_1_92' title='bbox 891 1083 1058 1116; x_wconf 86' lang='lat' dir='ltr'>sustineat.</span> 
     </span>
     <span class='ocr_line' id='line_1_18' title="bbox 322 1138 1061 1182; baseline -0.004 -11"><span class='ocrx_word' id='word_1_93' title='bbox 322 1138 411 1176; x_wconf 80' lang='lat' dir='ltr'>Quod</span> <span class='ocrx_word' id='word_1_94' title='bbox 437 1138 463 1171; x_wconf 87' lang='lat' dir='ltr'>si</span> <span class='ocrx_word' id='word_1_95' title='bbox 489 1138 607 1182; x_wconf 87' lang='lat' dir='ltr'>aliquis</span> <span class='ocrx_word' id='word_1_96' title='bbox 632 1138 815 1182; x_wconf 80' lang='lat' dir='ltr'>reperiatur</span> <span class='ocrx_word' id='word_1_97' title='bbox 846 1139 895 1171; x_wconf 87' lang='lat' dir='ltr'>vel</span> <span class='ocrx_word' id='word_1_98' title='bbox 926 1138 1061 1170; x_wconf 79' lang='lat' dir='ltr'>censura</span> 
     </span>
     <span class='ocr_line' id='line_1_19' title="bbox 323 1189 1061 1234; baseline -0.004 -10"><span class='ocrx_word' id='word_1_99' title='bbox 323 1190 542 1224; x_wconf 78' lang='lat' dir='ltr'>ecclesiastica</span> <span class='ocrx_word' id='word_1_100' title='bbox 570 1192 620 1224; x_wconf 83' lang='lat' dir='ltr'>vel</span> <span class='ocrx_word' id='word_1_101' title='bbox 637 1191 700 1224; x_wconf 91' lang='lat' dir='ltr'>alio</span> <span class='ocrx_word' id='word_1_102' title='bbox 719 1191 955 1234; x_wconf 90' lang='lat' dir='ltr'>impedimento</span> <span class='ocrx_word' id='word_1_103' title='bbox 982 1189 1061 1222; x_wconf 84' lang='lat' dir='ltr'>iuris</span> 
     </span>
     <span class='ocr_line' id='line_1_20' title="bbox 322 1243 1059 1283; baseline -0.003 -7"><span class='ocrx_word' id='word_1_104' title='bbox 322 1248 544 1277; x_wconf 82' lang='lat' dir='ltr'>nostrarumve</span> <span class='ocrx_word' id='word_1_105' title='bbox 584 1244 853 1278; x_wconf 86' lang='lat' dir='ltr'>constitutionum</span> <span class='ocrx_word' id='word_1_106' title='bbox 892 1243 1059 1283; x_wconf 83' lang='lat' dir='ltr'>inhabilis,</span> 
     </span>
     <span class='ocr_line' id='line_1_21' title="bbox 322 1297 1060 1341; baseline -0.001 -12"><span class='ocrx_word' id='word_1_107' title='bbox 322 1297 421 1340; x_wconf 89' lang='lat' dir='ltr'>idque</span> <span class='ocrx_word' id='word_1_108' title='bbox 446 1297 642 1331; x_wconf 85' lang='lat' dir='ltr'>sufficienter</span> <span class='ocrx_word' id='word_1_109' title='bbox 666 1297 835 1341; x_wconf 89' lang='lat' dir='ltr'>probetur,</span> <span class='ocrx_word' id='word_1_110' title='bbox 850 1297 932 1330; x_wconf 82' lang='lat' dir='ltr'>sacta</span> <span class='ocrx_word' id='word_1_111' title='bbox 957 1297 995 1329; x_wconf 90' lang='lat' dir='ltr'>de</span> <span class='ocrx_word' id='word_1_112' title='bbox 1022 1306 1060 1329; x_wconf 88' lang='lat' dir='ltr'>eo</span> 
     </span>
     <span class='ocr_line' id='line_1_22' title="bbox 322 1349 1061 1393; baseline -0.001 -11"><span class='ocrx_word' id='word_1_113' title='bbox 322 1352 470 1382; x_wconf 78' lang='lat' dir='ltr'>accurata</span> <span class='ocrx_word' id='word_1_114' title='bbox 484 1349 684 1383; x_wconf 84' lang='lat' dir='ltr'>discussione</span> <span class='ocrx_word' id='word_1_115' title='bbox 706 1361 723 1383; x_wconf 92' lang='lat' dir='ltr'>a</span> <span class='ocrx_word' id='word_1_116' title='bbox 740 1350 882 1393; x_wconf 83' lang='lat' dir='ltr'>capitulo</span> <span class='ocrx_word' id='word_1_117' title='bbox 904 1350 1061 1392; x_wconf 87' lang='lat' dir='ltr'>generali,</span> 
     </span>
     <span class='ocr_line' id='line_1_23' title="bbox 321 1402 1059 1446; baseline 0 -11"><span class='ocrx_word' id='word_1_118' title='bbox 321 1402 361 1435; x_wconf 86' lang='lat' dir='ltr'>ab</span> <span class='ocrx_word' id='word_1_119' title='bbox 397 1402 470 1446; x_wconf 91' lang='lat' dir='ltr'>ipso</span> <span class='ocrx_word' id='word_1_120' title='bbox 507 1402 676 1436; x_wconf 80' lang='lat' dir='ltr'>decidatur</span> <span class='ocrx_word' id='word_1_121' title='bbox 713 1407 745 1435; x_wconf 87' lang='lat' dir='ltr'>et</span> <span class='ocrx_word' id='word_1_122' title='bbox 769 1403 960 1442; x_wconf 82' lang='lat' dir='ltr'>declaretur,</span> <span class='ocrx_word' id='word_1_123' title='bbox 988 1408 1019 1435; x_wconf 87' lang='lat' dir='ltr'>et</span> <span class='ocrx_word' id='word_1_124' title='bbox 1043 1413 1059 1435; x_wconf 89' lang='lat' dir='ltr'>e</span> 
     </span>
     <span class='ocr_line' id='line_1_24' title="bbox 321 1454 1060 1498; baseline 0 -10"><span class='ocrx_word' id='word_1_125' title='bbox 321 1455 465 1498; x_wconf 82' lang='lat' dir='ltr'>capitulo</span> <span class='ocrx_word' id='word_1_126' title='bbox 491 1455 639 1498; x_wconf 87' lang='lat' dir='ltr'>protinus</span> <span class='ocrx_word' id='word_1_127' title='bbox 660 1454 823 1495; x_wconf 66' lang='lat' dir='ltr'>efficiatur,</span> <span class='ocrx_word' id='word_1_128' title='bbox 841 1455 922 1488; x_wconf 91' lang='lat' dir='ltr'>itaut</span> <span class='ocrx_word' id='word_1_129' title='bbox 946 1455 977 1488; x_wconf 91' lang='lat' dir='ltr'>iu</span> <span class='ocrx_word' id='word_1_130' title='bbox 1001 1455 1060 1488; x_wconf 85' lang='lat' dir='ltr'>hac</span> 
     </span>
     <span class='ocr_line' id='line_1_25' title="bbox 322 1507 1059 1552; baseline 0 -12"><span class='ocrx_word' id='word_1_131' title='bbox 322 1507 426 1552; x_wconf 81' lang='lat' dir='ltr'>prima</span> <span class='ocrx_word' id='word_1_132' title='bbox 458 1508 712 1551; x_wconf 77' lang='lat' dir='ltr'>congregatione</span> <span class='ocrx_word' id='word_1_133' title='bbox 745 1512 801 1540; x_wconf 85' lang='lat' dir='ltr'>aut</span> <span class='ocrx_word' id='word_1_134' title='bbox 831 1508 979 1542; x_wconf 86' lang='lat' dir='ltr'>sessione</span> <span class='ocrx_word' id='word_1_135' title='bbox 1013 1508 1059 1541; x_wconf 89' lang='lat' dir='ltr'>sic</span> 
     </span>
     <span class='ocr_line' id='line_1_26' title="bbox 321 1560 1060 1604; baseline -0.001 -10"><span class='ocrx_word' id='word_1_136' title='bbox 321 1566 472 1595; x_wconf 88' lang='lat' dir='ltr'>maneant</span> <span class='ocrx_word' id='word_1_137' title='bbox 497 1561 623 1594; x_wconf 81' lang='lat' dir='ltr'>vocales</span> <span class='ocrx_word' id='word_1_138' title='bbox 641 1561 679 1594; x_wconf 90' lang='lat' dir='ltr'>de</span> <span class='ocrx_word' id='word_1_139' title='bbox 701 1571 776 1593; x_wconf 88' lang='lat' dir='ltr'>suae</span> <span class='ocrx_word' id='word_1_140' title='bbox 794 1560 883 1594; x_wconf 78' lang='lat' dir='ltr'>vocis</span> <span class='ocrx_word' id='word_1_141' title='bbox 901 1560 1060 1604; x_wconf 79' lang='lat' dir='ltr'>legitima-</span> 
     </span>
     <span class='ocr_line' id='line_1_27' title="bbox 321 1613 1058 1658; baseline -0.001 -11"><span class='ocrx_word' id='word_1_142' title='bbox 321 1614 392 1647; x_wconf 75' lang='lat' dir='ltr'>tae*</span> <span class='ocrx_word' id='word_1_143' title='bbox 418 1613 503 1647; x_wconf 84' lang='lat' dir='ltr'>iusto</span> <span class='ocrx_word' id='word_1_144' title='bbox 528 1614 674 1647; x_wconf 80' lang='lat' dir='ltr'>examine</span> <span class='ocrx_word' id='word_1_145' title='bbox 700 1615 928 1658; x_wconf 88' lang='lat' dir='ltr'>comprobati,</span> <span class='ocrx_word' id='word_1_146' title='bbox 958 1620 992 1647; x_wconf 89' lang='lat' dir='ltr'>ut</span> <span class='ocrx_word' id='word_1_147' title='bbox 1020 1614 1058 1647; x_wconf 85' lang='lat' dir='ltr'>ad</span> 
     </span>
     <span class='ocr_line' id='line_1_28' title="bbox 323 1666 1059 1710; baseline 0 -12"><span class='ocrx_word' id='word_1_148' title='bbox 323 1666 464 1700; x_wconf 82' lang='lat' dir='ltr'>suturam</span> <span class='ocrx_word' id='word_1_149' title='bbox 496 1666 546 1700; x_wconf 87' lang='lat' dir='ltr'>die</span> <span class='ocrx_word' id='word_1_150' title='bbox 582 1667 735 1710; x_wconf 85' lang='lat' dir='ltr'>sequenti</span> <span class='ocrx_word' id='word_1_151' title='bbox 771 1666 966 1700; x_wconf 86' lang='lat' dir='ltr'>electionem</span> <span class='ocrx_word' id='word_1_152' title='bbox 1002 1666 1059 1698; x_wconf 82' lang='lat' dir='ltr'>sub</span> 
     </span>
     <span class='ocr_line' id='line_1_29' title="bbox 322 1724 793 1754; baseline 0 -2"><span class='ocrx_word' id='word_1_153' title='bbox 322 1725 408 1754; x_wconf 87' lang='lat' dir='ltr'>certo</span> <span class='ocrx_word' id='word_1_154' title='bbox 434 1729 572 1753; x_wconf 90' lang='lat' dir='ltr'>numero</span> <span class='ocrx_word' id='word_1_155' title='bbox 598 1724 793 1752; x_wconf 78' lang='lat' dir='ltr'>statuantur.</span> 
     </span>
    </p>

    <p class='ocr_par' dir='ltr' id='par_1_4' title="bbox 319 1772 1059 2558">
     <span class='ocr_line' id='line_1_30' title="bbox 367 1772 1059 1817; baseline 0 -11"><span class='ocrx_word' id='word_1_156' title='bbox 367 1783 409 1806; x_wconf 79' lang='lat' dir='ltr'>iv.</span> <span class='ocrx_word' id='word_1_157' title='bbox 435 1773 591 1817; x_wconf 84' lang='lat' dir='ltr'>Sequenti</span> <span class='ocrx_word' id='word_1_158' title='bbox 628 1772 691 1813; x_wconf 88' lang='lat' dir='ltr'>die,</span> <span class='ocrx_word' id='word_1_159' title='bbox 715 1772 821 1816; x_wconf 91' lang='lat' dir='ltr'>primo</span> <span class='ocrx_word' id='word_1_160' title='bbox 847 1772 1002 1812; x_wconf 86' lang='lat' dir='ltr'>diluculo,</span> <span class='ocrx_word' id='word_1_161' title='bbox 1029 1779 1059 1806; x_wconf 91' lang='lat' dir='ltr'>et</span> 
     </span>
     <span class='ocr_line' id='line_1_31' title="bbox 322 1826 1057 1869; baseline -0.001 -10"><span class='ocrx_word' id='word_1_162' title='bbox 322 1826 360 1860; x_wconf 90' lang='lat' dir='ltr'>ad</span> <span class='ocrx_word' id='word_1_163' title='bbox 371 1836 528 1865; x_wconf 89' lang='lat' dir='ltr'>auroram,</span> <span class='ocrx_word' id='word_1_164' title='bbox 544 1836 658 1859; x_wconf 88' lang='lat' dir='ltr'>omnes</span> <span class='ocrx_word' id='word_1_165' title='bbox 676 1826 804 1859; x_wconf 90' lang='lat' dir='ltr'>vocales</span> <span class='ocrx_word' id='word_1_166' title='bbox 821 1826 964 1869; x_wconf 80' lang='lat' dir='ltr'>legitima</span> <span class='ocrx_word' id='word_1_167' title='bbox 981 1836 1057 1859; x_wconf 80' lang='lat' dir='ltr'>voce</span> 
     </span>
     <span class='ocr_line' id='line_1_32' title="bbox 322 1879 1057 1922; baseline -0.001 -9"><span class='ocrx_word' id='word_1_168' title='bbox 322 1880 361 1913; x_wconf 86' lang='lat' dir='ltr'>ad</span> <span class='ocrx_word' id='word_1_169' title='bbox 387 1879 585 1913; x_wconf 89' lang='lat' dir='ltr'>electionem</span> <span class='ocrx_word' id='word_1_170' title='bbox 621 1879 762 1922; x_wconf 86' lang='lat' dir='ltr'>suscepti</span> <span class='ocrx_word' id='word_1_171' title='bbox 790 1879 821 1912; x_wconf 93' lang='lat' dir='ltr'>in</span> <span class='ocrx_word' id='word_1_172' title='bbox 847 1879 1057 1922; x_wconf 71' lang='lat' dir='ltr'>capitularem</span> 
     </span>
     <span class='ocr_line' id='line_1_33' title="bbox 321 1931 1058 1975; baseline -0.003 -9"><span class='ocrx_word' id='word_1_173' title='bbox 321 1933 429 1966; x_wconf 82' lang='lat' dir='ltr'>locum</span> <span class='ocrx_word' id='word_1_174' title='bbox 448 1932 651 1971; x_wconf 85' lang='lat' dir='ltr'>conveniant,</span> <span class='ocrx_word' id='word_1_175' title='bbox 671 1931 779 1975; x_wconf 87' lang='lat' dir='ltr'>ibique</span> <span class='ocrx_word' id='word_1_176' title='bbox 805 1943 822 1964; x_wconf 89' lang='lat' dir='ltr'>a</span> <span class='ocrx_word' id='word_1_177' title='bbox 846 1932 966 1964; x_wconf 85' lang='lat' dir='ltr'>vicario</span> <span class='ocrx_word' id='word_1_178' title='bbox 985 1942 1058 1965; x_wconf 91' lang='lat' dir='ltr'>con-</span> 
     </span>
     <span class='ocr_line' id='line_1_34' title="bbox 320 1984 1058 2028; baseline -0.001 -9"><span class='ocrx_word' id='word_1_179' title='bbox 320 1990 435 2019; x_wconf 79' lang='lat' dir='ltr'>ventus</span> <span class='ocrx_word' id='word_1_180' title='bbox 461 1985 686 2025; x_wconf 87' lang='lat' dir='ltr'>includantur;</span> <span class='ocrx_word' id='word_1_181' title='bbox 717 1984 835 2028; x_wconf 88' lang='lat' dir='ltr'>quihus</span> <span class='ocrx_word' id='word_1_182' title='bbox 864 1986 972 2018; x_wconf 87' lang='lat' dir='ltr'>locum</span> <span class='ocrx_word' id='word_1_183' title='bbox 997 1987 1058 2018; x_wconf 89' lang='lat' dir='ltr'>ele-</span> 
     </span>
     <span class='ocr_line' id='line_1_35' title="bbox 320 2037 1058 2081; baseline -0.003 -8"><span class='ocrx_word' id='word_1_184' title='bbox 320 2039 436 2073; x_wconf 88' lang='lat' dir='ltr'>ctionis</span> <span class='ocrx_word' id='word_1_185' title='bbox 456 2037 622 2081; x_wconf 79' lang='lat' dir='ltr'>ingressis,</span> <span class='ocrx_word' id='word_1_186' title='bbox 635 2038 822 2071; x_wconf 87' lang='lat' dir='ltr'>celebratur</span> <span class='ocrx_word' id='word_1_187' title='bbox 845 2038 878 2071; x_wconf 91' lang='lat' dir='ltr'>in</span> <span class='ocrx_word' id='word_1_188' title='bbox 903 2049 941 2071; x_wconf 91' lang='lat' dir='ltr'>eo</span> <span class='ocrx_word' id='word_1_189' title='bbox 960 2039 1058 2072; x_wconf 78' lang='lat' dir='ltr'>missa</span> 
     </span>
     <span class='ocr_line' id='line_1_36' title="bbox 320 2091 1056 2136; baseline 0.001 -11"><span class='ocrx_word' id='word_1_190' title='bbox 320 2093 360 2126; x_wconf 84' lang='lat' dir='ltr'>de</span> <span class='ocrx_word' id='word_1_191' title='bbox 384 2092 507 2136; x_wconf 89' lang='lat' dir='ltr'>Spiritu</span> <span class='ocrx_word' id='word_1_192' title='bbox 531 2091 650 2124; x_wconf 87' lang='lat' dir='ltr'>Sancto</span> <span class='ocrx_word' id='word_1_193' title='bbox 675 2091 785 2135; x_wconf 88' lang='lat' dir='ltr'>(quam</span> <span class='ocrx_word' id='word_1_194' title='bbox 811 2091 905 2125; x_wconf 84' lang='lat' dir='ltr'>eliam</span> <span class='ocrx_word' id='word_1_195' title='bbox 932 2091 963 2124; x_wconf 91' lang='lat' dir='ltr'>in</span> <span class='ocrx_word' id='word_1_196' title='bbox 990 2097 1056 2126; x_wconf 87' lang='lat' dir='ltr'>toto</span> 
     </span>
     <span class='ocr_line' id='line_1_37' title="bbox 319 2144 1055 2188; baseline -0.001 -9"><span class='ocrx_word' id='word_1_197' title='bbox 319 2145 439 2179; x_wconf 90' lang='lat' dir='ltr'>Ordine</span> <span class='ocrx_word' id='word_1_198' title='bbox 465 2145 644 2188; x_wconf 75' lang='lat' dir='ltr'>eademque</span> <span class='ocrx_word' id='word_1_199' title='bbox 669 2144 720 2178; x_wconf 89' lang='lat' dir='ltr'>die</span> <span class='ocrx_word' id='word_1_200' title='bbox 757 2150 789 2177; x_wconf 91' lang='lat' dir='ltr'>et</span> <span class='ocrx_word' id='word_1_201' title='bbox 821 2145 901 2178; x_wconf 77' lang='lat' dir='ltr'>hora</span> <span class='ocrx_word' id='word_1_202' title='bbox 933 2147 1055 2178; x_wconf 88' lang='lat' dir='ltr'>cantari</span> 
     </span>
     <span class='ocr_line' id='line_1_38' title="bbox 319 2196 1055 2242; baseline 0 -11"><span class='ocrx_word' id='word_1_203' title='bbox 319 2198 571 2242; x_wconf 83' lang='lat' dir='ltr'>praecipimus);</span> <span class='ocrx_word' id='word_1_204' title='bbox 590 2196 643 2230; x_wconf 81' lang='lat' dir='ltr'>ut²</span> <span class='ocrx_word' id='word_1_205' title='bbox 656 2202 730 2240; x_wconf 87' lang='lat' dir='ltr'>post</span> <span class='ocrx_word' id='word_1_206' title='bbox 742 2197 831 2230; x_wconf 86' lang='lat' dir='ltr'>illam</span> <span class='ocrx_word' id='word_1_207' title='bbox 848 2197 961 2231; x_wconf 88' lang='lat' dir='ltr'>concio</span> <span class='ocrx_word' id='word_1_208' title='bbox 976 2198 1055 2231; x_wconf 87' lang='lat' dir='ltr'>litte·</span> 
     </span>
     <span class='ocr_line' id='line_1_39' title="bbox 319 2250 1055 2284; baseline 0 -1"><span class='ocrx_word' id='word_1_209' title='bbox 319 2250 397 2284; x_wconf 82' lang='lat' dir='ltr'>ralis</span> <span class='ocrx_word' id='word_1_210' title='bbox 414 2251 454 2284; x_wconf 86' lang='lat' dir='ltr'>ad</span> <span class='ocrx_word' id='word_1_211' title='bbox 467 2251 626 2284; x_wconf 83' lang='lat' dir='ltr'>electores</span> <span class='ocrx_word' id='word_1_212' title='bbox 645 2250 747 2283; x_wconf 85' lang='lat' dir='ltr'>latino</span> <span class='ocrx_word' id='word_1_213' title='bbox 767 2260 918 2284; x_wconf 87' lang='lat' dir='ltr'>sermone</span> <span class='ocrx_word' id='word_1_214' title='bbox 940 2250 1055 2284; x_wconf 84' lang='lat' dir='ltr'>habea-</span> 
     </span>
     <span class='ocr_line' id='line_1_40' title="bbox 320 2303 1056 2344; baseline 0.001 -8"><span class='ocrx_word' id='word_1_215' title='bbox 320 2309 380 2344; x_wconf 86' lang='lat' dir='ltr'>tur,</span> <span class='ocrx_word' id='word_1_216' title='bbox 393 2303 557 2337; x_wconf 90' lang='lat' dir='ltr'>hortando</span> <span class='ocrx_word' id='word_1_217' title='bbox 569 2313 626 2336; x_wconf 90' lang='lat' dir='ltr'>eos</span> <span class='ocrx_word' id='word_1_218' title='bbox 639 2303 677 2336; x_wconf 91' lang='lat' dir='ltr'>ad</span> <span class='ocrx_word' id='word_1_219' title='bbox 692 2308 812 2336; x_wconf 89' lang='lat' dir='ltr'>rectam</span> <span class='ocrx_word' id='word_1_220' title='bbox 826 2308 858 2336; x_wconf 87' lang='lat' dir='ltr'>et</span> <span class='ocrx_word' id='word_1_221' title='bbox 874 2304 961 2337; x_wconf 84' lang='lat' dir='ltr'>hono</span> <span class='ocrx_word' id='word_1_222' title='bbox 975 2315 1056 2337; x_wconf 88' lang='lat' dir='ltr'>com-</span> 
     </span>
     <span class='ocr_line' id='line_1_41' title="bbox 319 2356 1054 2401; baseline 0.003 -12"><span class='ocrx_word' id='word_1_223' title='bbox 319 2356 409 2389; x_wconf 89' lang='lat' dir='ltr'>muni</span> <span class='ocrx_word' id='word_1_224' title='bbox 424 2357 537 2390; x_wconf 86' lang='lat' dir='ltr'>utilem</span> <span class='ocrx_word' id='word_1_225' title='bbox 551 2356 760 2396; x_wconf 86' lang='lat' dir='ltr'>electionem;</span> <span class='ocrx_word' id='word_1_226' title='bbox 778 2367 841 2401; x_wconf 86' lang='lat' dir='ltr'>qua</span> <span class='ocrx_word' id='word_1_227' title='bbox 854 2356 952 2397; x_wconf 75' lang='lat' dir='ltr'>finita,</span> <span class='ocrx_word' id='word_1_228' title='bbox 964 2358 1054 2391; x_wconf 66' lang='lat' dir='ltr'>ssexis</span> 
     </span>
     <span class='ocr_line' id='line_1_42' title="bbox 319 2409 1055 2453; baseline 0.003 -12"><span class='ocrx_word' id='word_1_229' title='bbox 319 2409 458 2452; x_wconf 81' lang='lat' dir='ltr'>genibus</span> <span class='ocrx_word' id='word_1_230' title='bbox 481 2409 671 2443; x_wconf 86' lang='lat' dir='ltr'>concinatur</span> <span class='ocrx_word' id='word_1_231' title='bbox 695 2409 832 2453; x_wconf 74' lang='lat' dir='ltr'>hymnus</span> <span class='ocrx_word' id='word_1_232' title='bbox 852 2409 941 2449; x_wconf 75' lang='lat' dir='ltr'>Veni,</span> <span class='ocrx_word' id='word_1_233' title='bbox 962 2410 1055 2444; x_wconf 84' lang='lat' dir='ltr'>Crea-</span> 
     </span>
     <span class='ocr_line' id='line_1_43' title="bbox 321 2462 1055 2506; baseline 0.003 -12"><span class='ocrx_word' id='word_1_234' title='bbox 321 2466 370 2495; x_wconf 82' lang='lat' dir='ltr'>tor</span> <span class='ocrx_word' id='word_1_235' title='bbox 393 2462 549 2506; x_wconf 78' lang='lat' dir='ltr'>Spiritus,</span> <span class='ocrx_word' id='word_1_236' title='bbox 573 2467 603 2495; x_wconf 88' lang='lat' dir='ltr'>et</span> <span class='ocrx_word' id='word_1_237' title='bbox 621 2472 659 2495; x_wconf 91' lang='lat' dir='ltr'>eo</span> <span class='ocrx_word' id='word_1_238' title='bbox 676 2467 818 2503; x_wconf 87' lang='lat' dir='ltr'>cantato,</span> <span class='ocrx_word' id='word_1_239' title='bbox 837 2467 946 2505; x_wconf 81' lang='lat' dir='ltr'>surgat</span> <span class='ocrx_word' id='word_1_240' title='bbox 964 2473 1055 2505; x_wconf 81' lang='lat' dir='ltr'>prae-</span> 
     </span>
     <span class='ocr_line' id='line_1_44' title="bbox 319 2514 1050 2558; baseline -0.001 -9"><span class='ocrx_word' id='word_1_241' title='bbox 319 2525 371 2549; x_wconf 84' lang='lat' dir='ltr'>ses</span> <span class='ocrx_word' id='word_1_242' title='bbox 390 2520 422 2549; x_wconf 88' lang='lat' dir='ltr'>et</span> <span class='ocrx_word' id='word_1_243' title='bbox 438 2515 524 2549; x_wconf 88' lang='lat' dir='ltr'>dicat</span> <span class='ocrx_word' id='word_1_244' title='bbox 537 2526 544 2548; x_wconf 79' lang='lat' dir='ltr'>z</span> <span class='ocrx_word' id='word_1_245' title='bbox 557 2514 677 2548; x_wconf 77' lang='lat' dir='ltr'>Emitte</span> <span class='ocrx_word' id='word_1_246' title='bbox 693 2514 856 2558; x_wconf 73' lang='lat' dir='ltr'>Spiritum</span> <span class='ocrx_word' id='word_1_247' title='bbox 874 2519 976 2553; x_wconf 66' lang='lat' dir='ltr'>Itium,</span> <span class='ocrx_word' id='word_1_248' title='bbox 988 2520 1050 2548; x_wconf 85' lang='lat' dir='ltr'>etc.</span> 
     </span>
    </p>
   </div>
   <div class='ocr_carea' id='block_1_3' title="bbox 355 2586 810 2667">
    <p class='ocr_par' dir='ltr' id='par_1_5' title="bbox 355 2586 810 2667">
     <span class='ocr_line' id='line_1_45' title="bbox 356 2586 810 2621; baseline 0.004 -9"><span class='ocrx_word' id='word_1_249' title='bbox 356 2588 366 2612; x_wconf 81' lang='lat' dir='ltr'>t</span> <span class='ocrx_word' id='word_1_250' title='bbox 390 2586 490 2613; x_wconf 82' lang='lat' dir='ltr'>Forsan</span> <span class='ocrx_word' id='word_1_251' title='bbox 506 2586 688 2621; x_wconf 65' lang='lat' dir='ltr'>leyitimitaee</span> <span class='ocrx_word' id='word_1_252' title='bbox 707 2587 745 2621; x_wconf 79' lang='grc' dir='ltr'>(ιι.</span> <span class='ocrx_word' id='word_1_253' title='bbox 762 2586 810 2621; x_wconf 80' lang='lat' dir='ltr'>T.)-</span> 
     </span>
     <span class='ocr_line' id='line_1_46' title="bbox 355 2631 728 2667; baseline -0.003 -9"><span class='ocrx_word' id='word_1_254' title='bbox 355 2631 371 2658; x_wconf 75' lang='lat'><strong>2</strong></span> <span class='ocrx_word' id='word_1_255' title='bbox 390 2631 483 2659; x_wconf 80' lang='lat' dir='ltr'>Potius</span> <span class='ocrx_word' id='word_1_256' title='bbox 502 2631 561 2667; x_wconf 79' lang='lat' dir='ltr'>lege</span> <span class='ocrx_word' id='word_1_257' title='bbox 577 2633 603 2658; x_wconf 82' lang='lat' dir='ltr'>et</span> <span class='ocrx_word' id='word_1_258' title='bbox 624 2633 663 2666; x_wconf 72' lang='lat' dir='ltr'>(n.</span> <span class='ocrx_word' id='word_1_259' title='bbox 679 2631 728 2667; x_wconf 53' lang='lat' dir='ltr'>aa).</span> 
     </span>
    </p>
   </div>
   <div class='ocr_carea' id='block_1_4' title="bbox 902 236 1251 262">
    <p class='ocr_par' dir='ltr' id='par_1_6' title="bbox 902 236 1251 262">
     <span class='ocr_line' id='line_1_47' title="bbox 902 236 1251 262; baseline -0.009 0"><span class='ocrx_word' id='word_1_260' title='bbox 902 238 1109 262; x_wconf 57' lang='lat' dir='ltr'>tffxocssx&#39;rzts</span> <span class='ocrx_word' id='word_1_261' title='bbox 1135 238 1151 260; x_wconf 68' lang='lat' dir='ltr'>X</span> <span class='ocrx_word' id='word_1_262' title='bbox 1160 237 1178 259; x_wconf 92' lang='lat' dir='ltr'>ll</span> <span class='ocrx_word' id='word_1_263' title='bbox 1205 236 1251 260; x_wconf 70' lang='grc' dir='ltr'>[Ψ.</span> 
     </span>
    </p>
   </div>
   <div class='ocr_carea' id='block_1_5' title="bbox 1080 458 1087 1664">
    <p class='ocr_par' dir='ltr' id='par_1_7' title="bbox 1080 458 1087 1664">
     <span class='ocr_line' id='line_1_48' title="bbox 1080 458 1087 1664; baseline 0 0"><span class='ocrx_word' id='word_1_264' title='bbox 1080 458 1087 1664; x_wconf 95' lang='lat' dir='ltr'> </span> 
     </span>
    </p>
   </div>
   <div class='ocr_carea' id='block_1_6' title="bbox 1074 1837 1081 2645">
    <p class='ocr_par' dir='ltr' id='par_1_8' title="bbox 1074 1837 1081 2645">
     <span class='ocr_line' id='line_1_49' title="bbox 1074 1837 1081 2645; baseline 0 0"><span class='ocrx_word' id='word_1_265' title='bbox 1074 1837 1081 2645; x_wconf 95' lang='lat' dir='ltr'> </span> 
     </span>
    </p>
   </div>
   <div class='ocr_carea' id='block_1_7' title="bbox 1408 286 1529 314">
    <p class='ocr_par' dir='ltr' id='par_1_9' title="bbox 1408 286 1529 314">
     <span class='ocr_line' id='line_1_50' title="bbox 1408 286 1529 314; baseline 0 0"><span class='ocrx_word' id='word_1_266' title='bbox 1408 286 1529 314; x_wconf 79' lang='lat' dir='ltr'>Oremns.</span> 
     </span>
    </p>
   </div>
   <div class='ocr_carea' id='block_1_8' title="bbox 1097 350 1844 2669">
    <p class='ocr_par' dir='ltr' id='par_1_10' title="bbox 1102 350 1840 575">
     <span class='ocr_line' id='line_1_51' title="bbox 1142 350 1838 392; baseline 0.003 -11"><span class='ocrx_word' id='word_1_267' title='bbox 1142 351 1227 386; x_wconf 81' lang='lat' dir='ltr'>Deus,</span> <span class='ocrx_word' id='word_1_268' title='bbox 1251 350 1301 390; x_wconf 90' lang='lat' dir='ltr'>qui</span> <span class='ocrx_word' id='word_1_269' title='bbox 1330 351 1417 381; x_wconf 83' lang='lat' dir='ltr'>corda</span> <span class='ocrx_word' id='word_1_270' title='bbox 1440 351 1570 382; x_wconf 86' lang='lat' dir='ltr'>fidelium</span> <span class='ocrx_word' id='word_1_271' title='bbox 1592 351 1689 382; x_wconf 86' lang='lat' dir='ltr'>Sancti</span> <span class='ocrx_word' id='word_1_272' title='bbox 1711 352 1838 392; x_wconf 85' lang='lat' dir='ltr'>Spiritus</span> 
     </span>
     <span class='ocr_line' id='line_1_52' title="bbox 1103 399 1839 438; baseline 0.004 -10"><span class='ocrx_word' id='word_1_273' title='bbox 1103 399 1299 429; x_wconf 78' lang='lat' dir='ltr'>illustratione</span> <span class='ocrx_word' id='word_1_274' title='bbox 1328 400 1475 438; x_wconf 88' lang='lat' dir='ltr'>docuisti,</span> <span class='ocrx_word' id='word_1_275' title='bbox 1498 400 1533 430; x_wconf 90' lang='lat' dir='ltr'>da</span> <span class='ocrx_word' id='word_1_276' title='bbox 1562 400 1648 430; x_wconf 91' lang='lat' dir='ltr'>nobis</span> <span class='ocrx_word' id='word_1_277' title='bbox 1678 402 1708 431; x_wconf 92' lang='lat' dir='ltr'>in</span> <span class='ocrx_word' id='word_1_278' title='bbox 1737 402 1839 431; x_wconf 88' lang='lat' dir='ltr'>eodem</span> 
     </span>
     <span class='ocr_line' id='line_1_53' title="bbox 1102 448 1840 489; baseline 0.004 -12"><span class='ocrx_word' id='word_1_279' title='bbox 1102 448 1208 487; x_wconf 88' lang='lat' dir='ltr'>spiritu</span> <span class='ocrx_word' id='word_1_280' title='bbox 1231 453 1309 478; x_wconf 87' lang='lat' dir='ltr'>recta</span> <span class='ocrx_word' id='word_1_281' title='bbox 1327 458 1441 488; x_wconf 84' lang='lat' dir='ltr'>sapere,</span> <span class='ocrx_word' id='word_1_282' title='bbox 1458 453 1486 479; x_wconf 87' lang='lat' dir='ltr'>et</span> <span class='ocrx_word' id='word_1_283' title='bbox 1504 449 1539 479; x_wconf 90' lang='lat' dir='ltr'>de</span> <span class='ocrx_word' id='word_1_284' title='bbox 1561 449 1624 479; x_wconf 91' lang='lat' dir='ltr'>eius</span> <span class='ocrx_word' id='word_1_285' title='bbox 1639 459 1756 489; x_wconf 86' lang='lat' dir='ltr'>semper</span> <span class='ocrx_word' id='word_1_286' title='bbox 1771 460 1840 480; x_wconf 88' lang='lat' dir='ltr'>con-</span> 
     </span>
     <span class='ocr_line' id='line_1_54' title="bbox 1103 497 1838 539; baseline 0.005 -13"><span class='ocrx_word' id='word_1_287' title='bbox 1103 497 1244 528; x_wconf 78' lang='lat' dir='ltr'>solatione</span> <span class='ocrx_word' id='word_1_288' title='bbox 1271 497 1408 536; x_wconf 86' lang='lat' dir='ltr'>gaudere.</span> <span class='ocrx_word' id='word_1_289' title='bbox 1433 498 1488 528; x_wconf 87' lang='lat' dir='ltr'>Per</span> <span class='ocrx_word' id='word_1_290' title='bbox 1510 498 1663 529; x_wconf 87' lang='lat' dir='ltr'>Dominum</span> <span class='ocrx_word' id='word_1_291' title='bbox 1685 503 1838 539; x_wconf 86' lang='lat' dir='ltr'>nostrum,</span> 
     </span>
     <span class='ocr_line' id='line_1_55' title="bbox 1103 549 1160 575; baseline -0.018 0"><span class='ocrx_word' id='word_1_292' title='bbox 1103 549 1160 575; x_wconf 85' lang='lat' dir='ltr'>etc.</span> 
     </span>
    </p>

    <p class='ocr_par' dir='ltr' id='par_1_11' title="bbox 1104 603 1840 690">
     <span class='ocr_line' id='line_1_56' title="bbox 1147 603 1840 652; baseline 0.009 -16"><span class='ocrx_word' id='word_1_293' title='bbox 1147 603 1185 636; x_wconf 91' lang='lat' dir='ltr'>Et</span> <span class='ocrx_word' id='word_1_294' title='bbox 1213 605 1260 638; x_wconf 90' lang='lat' dir='ltr'>sie</span> <span class='ocrx_word' id='word_1_295' title='bbox 1293 605 1428 638; x_wconf 91' lang='lat' dir='ltr'>ulterius</span> <span class='ocrx_word' id='word_1_296' title='bbox 1458 605 1499 639; x_wconf 89' lang='lat' dir='ltr'>ad</span> <span class='ocrx_word' id='word_1_297' title='bbox 1529 606 1699 650; x_wconf 85' lang='lat' dir='ltr'>sequentia</span> <span class='ocrx_word' id='word_1_298' title='bbox 1728 618 1840 652; x_wconf 86' lang='lat' dir='ltr'>proce-</span> 
     </span>
     <span class='ocr_line' id='line_1_57' title="bbox 1104 657 1210 690; baseline 0 0"><span class='ocrx_word' id='word_1_299' title='bbox 1104 657 1210 690; x_wconf 86' lang='lat' dir='ltr'>datur.</span> 
     </span>
    </p>

    <p class='ocr_par' dir='ltr' id='par_1_12' title="bbox 1102 710 1844 1553">
     <span class='ocr_line' id='line_1_58' title="bbox 1147 710 1840 758; baseline 0.01 -15"><span class='ocrx_word' id='word_1_300' title='bbox 1147 722 1175 743; x_wconf 93' lang='lat' dir='ltr'>v.</span> <span class='ocrx_word' id='word_1_301' title='bbox 1201 710 1349 754; x_wconf 81' lang='lat' dir='ltr'>Magister</span> <span class='ocrx_word' id='word_1_302' title='bbox 1384 713 1570 755; x_wconf 79' lang='lat' dir='ltr'>generalis,</span> <span class='ocrx_word' id='word_1_303' title='bbox 1599 723 1654 747; x_wconf 81' lang='lat' dir='ltr'>seu</span> <span class='ocrx_word' id='word_1_304' title='bbox 1679 715 1734 758; x_wconf 89' lang='lat' dir='ltr'>qui</span> <span class='ocrx_word' id='word_1_305' title='bbox 1771 716 1840 750; x_wconf 93' lang='lat' dir='ltr'>eius</span> 
     </span>
     <span class='ocr_line' id='line_1_59' title="bbox 1104 763 1840 812; baseline 0.01 -16"><span class='ocrx_word' id='word_1_306' title='bbox 1104 763 1230 797; x_wconf 76' lang='lat' dir='ltr'>defectu</span> <span class='ocrx_word' id='word_1_307' title='bbox 1256 765 1439 808; x_wconf 80' lang='lat' dir='ltr'>praesideat</span> <span class='ocrx_word' id='word_1_308' title='bbox 1456 793 1462 806; x_wconf 87' lang='lat'>,</span> <span class='ocrx_word' id='word_1_309' title='bbox 1489 767 1640 800; x_wconf 88' lang='lat' dir='ltr'>similiter</span> <span class='ocrx_word' id='word_1_310' title='bbox 1659 774 1695 801; x_wconf 88' lang='lat' dir='ltr'>ut</span> <span class='ocrx_word' id='word_1_311' title='bbox 1714 769 1818 812; x_wconf 90' lang='lat' dir='ltr'>pridie</span> <span class='ocrx_word' id='word_1_312' title='bbox 1833 797 1840 810; x_wconf 93' lang='lat'>,</span> 
     </span>
     <span class='ocr_line' id='line_1_60' title="bbox 1104 817 1842 864; baseline 0.009 -15"><span class='ocrx_word' id='word_1_313' title='bbox 1104 818 1161 850; x_wconf 77' lang='lat' dir='ltr'>sub</span> <span class='ocrx_word' id='word_1_314' title='bbox 1188 817 1313 851; x_wconf 84' lang='lat' dir='ltr'>formali</span> <span class='ocrx_word' id='word_1_315' title='bbox 1333 824 1510 862; x_wconf 76' lang='lat' dir='ltr'>praecepto</span> <span class='ocrx_word' id='word_1_316' title='bbox 1536 825 1568 852; x_wconf 92' lang='lat' dir='ltr'>et</span> <span class='ocrx_word' id='word_1_317' title='bbox 1590 823 1697 864; x_wconf 77' lang='lat' dir='ltr'>poena</span> <span class='ocrx_word' id='word_1_318' title='bbox 1714 832 1842 856; x_wconf 83' lang='lat' dir='ltr'>exeom-</span> 
     </span>
     <span class='ocr_line' id='line_1_61' title="bbox 1104 870 1842 917; baseline 0.011 -15"><span class='ocrx_word' id='word_1_319' title='bbox 1104 870 1330 904; x_wconf 87' lang='lat' dir='ltr'>municationis</span> <span class='ocrx_word' id='word_1_320' title='bbox 1367 877 1508 909; x_wconf 72' lang='lat' dir='ltr'>moneat,</span> <span class='ocrx_word' id='word_1_321' title='bbox 1535 875 1842 917; x_wconf 75' lang='lat' dir='ltr'>excommunicatos,</span> 
     </span>
     <span class='ocr_line' id='line_1_62' title="bbox 1104 925 1843 972; baseline 0.011 -17"><span class='ocrx_word' id='word_1_322' title='bbox 1104 934 1282 966; x_wconf 85' lang='lat' dir='ltr'>suspensos</span> <span class='ocrx_word' id='word_1_323' title='bbox 1319 929 1350 957; x_wconf 92' lang='lat' dir='ltr'>et</span> <span class='ocrx_word' id='word_1_324' title='bbox 1386 925 1585 967; x_wconf 88' lang='lat' dir='ltr'>interdictos,</span> <span class='ocrx_word' id='word_1_325' title='bbox 1610 928 1661 961; x_wconf 82' lang='lat' dir='ltr'>vel</span> <span class='ocrx_word' id='word_1_326' title='bbox 1698 929 1843 972; x_wconf 89' lang='lat' dir='ltr'>alioquin</span> 
     </span>
     <span class='ocr_line' id='line_1_63' title="bbox 1103 976 1843 1022; baseline 0.012 -14"><span class='ocrx_word' id='word_1_327' title='bbox 1103 976 1287 1020; x_wconf 71' lang='lat' dir='ltr'>suffragium</span> <span class='ocrx_word' id='word_1_328' title='bbox 1313 983 1345 1011; x_wconf 89' lang='lat' dir='ltr'>et</span> <span class='ocrx_word' id='word_1_329' title='bbox 1370 989 1481 1012; x_wconf 89' lang='lat' dir='ltr'>vocem</span> <span class='ocrx_word' id='word_1_330' title='bbox 1506 980 1683 1022; x_wconf 83' lang='lat' dir='ltr'>legitimam</span> <span class='ocrx_word' id='word_1_331' title='bbox 1700 992 1767 1015; x_wconf 91' lang='lat' dir='ltr'>non</span> <span class='ocrx_word' id='word_1_332' title='bbox 1786 983 1843 1017; x_wconf 82' lang='lat' dir='ltr'>lia-</span> 
     </span>
     <span class='ocr_line' id='line_1_64' title="bbox 1103 1031 1842 1077; baseline 0.011 -15"><span class='ocrx_word' id='word_1_333' title='bbox 1103 1031 1215 1063; x_wconf 82' lang='lat' dir='ltr'>bentes</span> <span class='ocrx_word' id='word_1_334' title='bbox 1240 1031 1280 1073; x_wconf 90' lang='lat' dir='ltr'>(si</span> <span class='ocrx_word' id='word_1_335' title='bbox 1305 1031 1358 1074; x_wconf 91' lang='lat' dir='ltr'>qui</span> <span class='ocrx_word' id='word_1_336' title='bbox 1384 1031 1448 1064; x_wconf 90' lang='lat' dir='ltr'>sint</span> <span class='ocrx_word' id='word_1_337' title='bbox 1472 1032 1504 1065; x_wconf 92' lang='lat' dir='ltr'>in</span> <span class='ocrx_word' id='word_1_338' title='bbox 1522 1033 1670 1076; x_wconf 83' lang='lat' dir='ltr'>praefato</span> <span class='ocrx_word' id='word_1_339' title='bbox 1687 1037 1842 1077; x_wconf 83' lang='lat' dir='ltr'>conclavi,</span> 
     </span>
     <span class='ocr_line' id='line_1_65' title="bbox 1103 1082 1842 1130; baseline 0.011 -15"><span class='ocrx_word' id='word_1_340' title='bbox 1103 1089 1158 1116; x_wconf 84' lang='lat' dir='ltr'>aut</span> <span class='ocrx_word' id='word_1_341' title='bbox 1182 1082 1272 1127; x_wconf 54' lang='lat' dir='ltr'>quos¹</span> <span class='ocrx_word' id='word_1_342' title='bbox 1291 1084 1406 1117; x_wconf 82' lang='lat' dir='ltr'>adesse</span> <span class='ocrx_word' id='word_1_343' title='bbox 1432 1087 1655 1130; x_wconf 75' lang='lat' dir='ltr'>cognoverit),</span> <span class='ocrx_word' id='word_1_344' title='bbox 1683 1093 1718 1120; x_wconf 88' lang='lat' dir='ltr'>ut</span> <span class='ocrx_word' id='word_1_345' title='bbox 1752 1088 1842 1123; x_wconf 88' lang='lat' dir='ltr'>illico</span> 
     </span>
     <span class='ocr_line' id='line_1_66' title="bbox 1103 1137 1843 1181; baseline 0.012 -13"><span class='ocrx_word' id='word_1_346' title='bbox 1103 1137 1258 1170; x_wconf 75' lang='lat' dir='ltr'>recedant</span> <span class='ocrx_word' id='word_1_347' title='bbox 1293 1138 1342 1170; x_wconf 92' lang='lat' dir='ltr'>vel</span> <span class='ocrx_word' id='word_1_348' title='bbox 1379 1139 1567 1181; x_wconf 85' lang='lat' dir='ltr'>prodantur,</span> <span class='ocrx_word' id='word_1_349' title='bbox 1594 1151 1667 1174; x_wconf 90' lang='lat' dir='ltr'>cum</span> <span class='ocrx_word' id='word_1_350' title='bbox 1699 1141 1739 1175; x_wconf 90' lang='lat' dir='ltr'>de</span> <span class='ocrx_word' id='word_1_351' title='bbox 1771 1142 1843 1177; x_wconf 89' lang='lat' dir='ltr'>iure</span> 
     </span>
     <span class='ocr_line' id='line_1_67' title="bbox 1103 1189 1843 1236; baseline 0.011 -15"><span class='ocrx_word' id='word_1_352' title='bbox 1103 1189 1260 1222; x_wconf 90' lang='lat' dir='ltr'>interesse</span> <span class='ocrx_word' id='word_1_353' title='bbox 1299 1200 1363 1223; x_wconf 92' lang='lat' dir='ltr'>non</span> <span class='ocrx_word' id='word_1_354' title='bbox 1400 1192 1549 1232; x_wconf 83' lang='lat' dir='ltr'>valeant;</span> <span class='ocrx_word' id='word_1_355' title='bbox 1588 1193 1741 1236; x_wconf 83' lang='lat' dir='ltr'>quocirca</span> <span class='ocrx_word' id='word_1_356' title='bbox 1778 1195 1843 1229; x_wconf 86' lang='lat' dir='ltr'>illis</span> 
     </span>
     <span class='ocr_line' id='line_1_68' title="bbox 1103 1243 1842 1291; baseline 0.008 -16"><span class='ocrx_word' id='word_1_357' title='bbox 1103 1243 1275 1286; x_wconf 85' lang='lat' dir='ltr'>protestari</span> <span class='ocrx_word' id='word_1_358' title='bbox 1289 1243 1387 1277; x_wconf 89' lang='lat' dir='ltr'>dehet</span> <span class='ocrx_word' id='word_1_359' title='bbox 1401 1254 1466 1278; x_wconf 93' lang='lat' dir='ltr'>non</span> <span class='ocrx_word' id='word_1_360' title='bbox 1482 1256 1552 1278; x_wconf 90' lang='lat' dir='ltr'>esse</span> <span class='ocrx_word' id='word_1_361' title='bbox 1567 1246 1606 1279; x_wconf 88' lang='lat' dir='ltr'>de</span> <span class='ocrx_word' id='word_1_362' title='bbox 1621 1253 1729 1280; x_wconf 90' lang='lat' dir='ltr'>mente</span> <span class='ocrx_word' id='word_1_363' title='bbox 1740 1248 1842 1291; x_wconf 78' lang='lat' dir='ltr'>ipsius</span> 
     </span>
     <span class='ocr_line' id='line_1_69' title="bbox 1103 1296 1843 1338; baseline 0.009 -10"><span class='ocrx_word' id='word_1_364' title='bbox 1103 1296 1241 1338; x_wconf 85' lang='lat' dir='ltr'>aliquem</span> <span class='ocrx_word' id='word_1_365' title='bbox 1281 1296 1414 1330; x_wconf 87' lang='lat' dir='ltr'>illorum</span> <span class='ocrx_word' id='word_1_366' title='bbox 1450 1298 1630 1332; x_wconf 87' lang='lat' dir='ltr'>admittere.</span> <span class='ocrx_word' id='word_1_367' title='bbox 1667 1300 1698 1333; x_wconf 87' lang='lat' dir='ltr'>Si</span> <span class='ocrx_word' id='word_1_368' title='bbox 1735 1308 1843 1335; x_wconf 88' lang='lat' dir='ltr'>autem</span> 
     </span>
     <span class='ocr_line' id='line_1_70' title="bbox 1103 1349 1841 1392; baseline 0.011 -11"><span class='ocrx_word' id='word_1_369' title='bbox 1103 1349 1230 1381; x_wconf 82' lang='lat' dir='ltr'>occulte</span> <span class='ocrx_word' id='word_1_370' title='bbox 1256 1359 1288 1381; x_wconf 89' lang='lat' dir='ltr'>se</span> <span class='ocrx_word' id='word_1_371' title='bbox 1315 1349 1525 1392; x_wconf 82' lang='lat' dir='ltr'>ingesserint,</span> <span class='ocrx_word' id='word_1_372' title='bbox 1553 1353 1704 1386; x_wconf 89' lang='lat' dir='ltr'>nolumus</span> <span class='ocrx_word' id='word_1_373' title='bbox 1730 1365 1841 1388; x_wconf 86' lang='lat' dir='ltr'>eorum</span> 
     </span>
     <span class='ocr_line' id='line_1_71' title="bbox 1103 1402 1844 1452; baseline 0.012 -19"><span class='ocrx_word' id='word_1_374' title='bbox 1103 1411 1197 1434; x_wconf 78' lang='lat' dir='ltr'>voces</span> <span class='ocrx_word' id='word_1_375' title='bbox 1219 1402 1284 1434; x_wconf 85' lang='lat' dir='ltr'>sive</span> <span class='ocrx_word' id='word_1_376' title='bbox 1310 1402 1461 1445; x_wconf 77' lang='lat' dir='ltr'>suffragia</span> <span class='ocrx_word' id='word_1_377' title='bbox 1483 1405 1676 1447; x_wconf 85' lang='lat' dir='ltr'>approbare,</span> <span class='ocrx_word' id='word_1_378' title='bbox 1704 1412 1758 1440; x_wconf 88' lang='lat' dir='ltr'>aut</span> <span class='ocrx_word' id='word_1_379' title='bbox 1782 1419 1844 1452; x_wconf 90' lang='lat' dir='ltr'>per</span> 
     </span>
     <span class='ocr_line' id='line_1_72' title="bbox 1103 1455 1842 1500; baseline 0.011 -14"><span class='ocrx_word' id='word_1_380' title='bbox 1103 1464 1155 1486; x_wconf 87' lang='lat' dir='ltr'>eas</span> <span class='ocrx_word' id='word_1_381' title='bbox 1189 1455 1344 1487; x_wconf 88' lang='lat' dir='ltr'>electioni</span> <span class='ocrx_word' id='word_1_382' title='bbox 1378 1456 1554 1489; x_wconf 81' lang='lat' dir='ltr'>canonicae</span> <span class='ocrx_word' id='word_1_383' title='bbox 1591 1458 1761 1500; x_wconf 79' lang='lat' dir='ltr'>derogare,</span> <span class='ocrx_word' id='word_1_384' title='bbox 1787 1471 1842 1494; x_wconf 88' lang='lat' dir='ltr'>seu</span> 
     </span>
     <span class='ocr_line' id='line_1_73' title="bbox 1102 1507 1752 1553; baseline 0.009 -14"><span class='ocrx_word' id='word_1_385' title='bbox 1102 1507 1217 1550; x_wconf 89' lang='lat' dir='ltr'>quovis</span> <span class='ocrx_word' id='word_1_386' title='bbox 1241 1508 1337 1541; x_wconf 89' lang='lat' dir='ltr'>modo</span> <span class='ocrx_word' id='word_1_387' title='bbox 1364 1508 1476 1541; x_wconf 80' lang='lat' dir='ltr'>inferri</span> <span class='ocrx_word' id='word_1_388' title='bbox 1503 1511 1752 1553; x_wconf 83' lang='lat' dir='ltr'>praeiudicium.</span> 
     </span>
    </p>

    <p class='ocr_par' dir='ltr' id='par_1_13' title="bbox 1097 1561 1844 2669">
     <span class='ocr_line' id='line_1_74' title="bbox 1145 1561 1843 1604; baseline 0.01 -11"><span class='ocrx_word' id='word_1_389' title='bbox 1145 1571 1189 1594; x_wconf 79' lang='lat' dir='ltr'>vi.</span> <span class='ocrx_word' id='word_1_390' title='bbox 1217 1561 1272 1593; x_wconf 88' lang='lat' dir='ltr'>His</span> <span class='ocrx_word' id='word_1_391' title='bbox 1293 1561 1400 1604; x_wconf 83' lang='lat' dir='ltr'>itaque</span> <span class='ocrx_word' id='word_1_392' title='bbox 1427 1563 1622 1604; x_wconf 82' lang='lat' dir='ltr'>praemissis,</span> <span class='ocrx_word' id='word_1_393' title='bbox 1639 1576 1752 1599; x_wconf 72' lang='lat' dir='ltr'>omnes</span> <span class='ocrx_word' id='word_1_394' title='bbox 1777 1567 1843 1600; x_wconf 89' lang='lat' dir='ltr'>ele-</span> 
     </span>
     <span class='ocr_line' id='line_1_75' title="bbox 1103 1613 1844 1660; baseline 0.007 -13"><span class='ocrx_word' id='word_1_395' title='bbox 1103 1618 1208 1647; x_wconf 87' lang='lat' dir='ltr'>ctores</span> <span class='ocrx_word' id='word_1_396' title='bbox 1232 1613 1375 1647; x_wconf 87' lang='lat' dir='ltr'>adiurari</span> <span class='ocrx_word' id='word_1_397' title='bbox 1408 1615 1529 1648; x_wconf 82' lang='lat' dir='ltr'>debent</span> <span class='ocrx_word' id='word_1_398' title='bbox 1553 1627 1569 1648; x_wconf 88' lang='lat' dir='ltr'>a</span> <span class='ocrx_word' id='word_1_399' title='bbox 1594 1619 1748 1660; x_wconf 81' lang='lat' dir='ltr'>praeside</span> <span class='ocrx_word' id='word_1_400' title='bbox 1781 1619 1844 1652; x_wconf 92' lang='lat' dir='ltr'>sin-</span> 
     </span>
     <span class='ocr_line' id='line_1_76' title="bbox 1103 1667 1844 1710; baseline 0.009 -12"><span class='ocrx_word' id='word_1_401' title='bbox 1103 1667 1236 1709; x_wconf 74' lang='lat' dir='ltr'>gulatim</span> <span class='ocrx_word' id='word_1_402' title='bbox 1259 1677 1319 1710; x_wconf 89' lang='lat' dir='ltr'>per</span> <span class='ocrx_word' id='word_1_403' title='bbox 1343 1667 1443 1700; x_wconf 89' lang='lat' dir='ltr'>Deum</span> <span class='ocrx_word' id='word_1_404' title='bbox 1470 1675 1502 1701; x_wconf 90' lang='lat' dir='ltr'>et</span> <span class='ocrx_word' id='word_1_405' title='bbox 1527 1669 1596 1702; x_wconf 86' lang='lat' dir='ltr'>eius</span> <span class='ocrx_word' id='word_1_406' title='bbox 1621 1677 1730 1704; x_wconf 90' lang='lat' dir='ltr'>sancta</span> <span class='ocrx_word' id='word_1_407' title='bbox 1747 1671 1844 1706; x_wconf 81' lang='lat' dir='ltr'>Evan-</span> 
     </span>
     <span class='ocr_line' id='line_1_77' title="bbox 1102 1720 1844 1762; baseline 0.008 -10"><span class='ocrx_word' id='word_1_408' title='bbox 1102 1721 1185 1762; x_wconf 83' lang='lat' dir='ltr'>gelia</span> <span class='ocrx_word' id='word_1_409' title='bbox 1210 1720 1275 1753; x_wconf 91' lang='lat' dir='ltr'>suis</span> <span class='ocrx_word' id='word_1_410' title='bbox 1302 1721 1452 1753; x_wconf 83' lang='lat' dir='ltr'>manibus</span> <span class='ocrx_word' id='word_1_411' title='bbox 1480 1727 1563 1755; x_wconf 78' lang='lat' dir='ltr'>tacta</span> <span class='ocrx_word' id='word_1_412' title='bbox 1600 1723 1632 1756; x_wconf 93' lang='lat' dir='ltr'>in</span> <span class='ocrx_word' id='word_1_413' title='bbox 1669 1724 1752 1757; x_wconf 85' lang='lat' dir='ltr'>hanc</span> <span class='ocrx_word' id='word_1_414' title='bbox 1778 1725 1844 1759; x_wconf 82' lang='lat' dir='ltr'>sor-</span> 
     </span>
     <span class='ocr_line' id='line_1_78' title="bbox 1102 1773 1844 1817; baseline 0.008 -11"><span class='ocrx_word' id='word_1_415' title='bbox 1102 1784 1208 1806; x_wconf 87' lang='lat' dir='ltr'>mam:</span> <span class='ocrx_word' id='word_1_416' title='bbox 1240 1786 1252 1804; x_wconf 75' lang='lat'>«</span> <span class='ocrx_word' id='word_1_417' title='bbox 1272 1773 1369 1812; x_wconf 83' lang='lat' dir='ltr'>iuras,</span> <span class='ocrx_word' id='word_1_418' title='bbox 1389 1775 1475 1817; x_wconf 90' lang='lat' dir='ltr'>quod</span> <span class='ocrx_word' id='word_1_419' title='bbox 1494 1777 1673 1809; x_wconf 83' lang='lat' dir='ltr'>secundum</span> <span class='ocrx_word' id='word_1_420' title='bbox 1694 1777 1794 1812; x_wconf 86' lang='lat' dir='ltr'>Deum</span> <span class='ocrx_word' id='word_1_421' title='bbox 1812 1785 1844 1812; x_wconf 92' lang='lat' dir='ltr'>et</span> 
     </span>
     <span class='ocr_line' id='line_1_79' title="bbox 1102 1826 1843 1869; baseline 0.009 -11"><span class='ocrx_word' id='word_1_422' title='bbox 1102 1826 1269 1869; x_wconf 88' lang='lat' dir='ltr'>propriam</span> <span class='ocrx_word' id='word_1_423' title='bbox 1304 1827 1548 1868; x_wconf 83' lang='lat' dir='ltr'>conscientiam,</span> <span class='ocrx_word' id='word_1_424' title='bbox 1574 1840 1611 1862; x_wconf 88' lang='lat' dir='ltr'>ac</span> <span class='ocrx_word' id='word_1_425' title='bbox 1648 1830 1679 1862; x_wconf 91' lang='lat' dir='ltr'>in</span> <span class='ocrx_word' id='word_1_426' title='bbox 1717 1831 1843 1865; x_wconf 85' lang='lat' dir='ltr'>animae</span> 
     </span>
     <span class='ocr_line' id='line_1_80' title="bbox 1100 1879 1843 1926; baseline 0.008 -15"><span class='ocrx_word' id='word_1_427' title='bbox 1100 1890 1174 1912; x_wconf 83' lang='lat' dir='ltr'>tuae</span> <span class='ocrx_word' id='word_1_428' title='bbox 1195 1879 1387 1923; x_wconf 83' lang='lat' dir='ltr'>periculum,</span> <span class='ocrx_word' id='word_1_429' title='bbox 1407 1881 1507 1923; x_wconf 80' lang='lat' dir='ltr'>eliges</span> <span class='ocrx_word' id='word_1_430' title='bbox 1525 1881 1557 1913; x_wconf 95' lang='lat' dir='ltr'>in</span> <span class='ocrx_word' id='word_1_431' title='bbox 1579 1883 1768 1926; x_wconf 81' lang='lat' dir='ltr'>magistrum</span> <span class='ocrx_word' id='word_1_432' title='bbox 1785 1884 1843 1917; x_wconf 90' lang='lat' dir='ltr'>Or-</span> 
     </span>
     <span class='ocr_line' id='line_1_81' title="bbox 1101 1933 1841 1981; baseline 0.008 -16"><span class='ocrx_word' id='word_1_433' title='bbox 1101 1933 1185 1966; x_wconf 89' lang='lat' dir='ltr'>dinis</span> <span class='ocrx_word' id='word_1_434' title='bbox 1222 1933 1377 1973; x_wconf 84' lang='lat' dir='ltr'>sratrem,</span> <span class='ocrx_word' id='word_1_435' title='bbox 1417 1945 1512 1976; x_wconf 89' lang='lat' dir='ltr'>quem</span> <span class='ocrx_word' id='word_1_436' title='bbox 1550 1945 1664 1969; x_wconf 85' lang='lat' dir='ltr'>revera</span> <span class='ocrx_word' id='word_1_437' title='bbox 1700 1938 1841 1981; x_wconf 82' lang='lat' dir='ltr'>regulari</span> 
     </span>
     <span class='ocr_line' id='line_1_82' title="bbox 1101 1986 1843 2030; baseline 0.008 -12"><span class='ocrx_word' id='word_1_438' title='bbox 1101 1986 1325 2019; x_wconf 82' lang='lat' dir='ltr'>observantiae</span> <span class='ocrx_word' id='word_1_439' title='bbox 1349 1992 1381 2019; x_wconf 88' lang='lat' dir='ltr'>et</span> <span class='ocrx_word' id='word_1_440' title='bbox 1405 1987 1557 2030; x_wconf 83' lang='lat' dir='ltr'>publicae</span> <span class='ocrx_word' id='word_1_441' title='bbox 1594 1989 1726 2022; x_wconf 89' lang='lat' dir='ltr'>utilitati</span> <span class='ocrx_word' id='word_1_442' title='bbox 1762 1991 1843 2024; x_wconf 90' lang='lat' dir='ltr'>iudi-</span> 
     </span>
     <span class='ocr_line' id='line_1_83' title="bbox 1100 2039 1841 2084; baseline 0.008 -13"><span class='ocrx_word' id='word_1_443' title='bbox 1100 2039 1223 2072; x_wconf 83' lang='lat' dir='ltr'>caveris</span> <span class='ocrx_word' id='word_1_444' title='bbox 1248 2040 1417 2073; x_wconf 85' lang='lat' dir='ltr'>meliorem</span> <span class='ocrx_word' id='word_1_445' title='bbox 1444 2046 1475 2072; x_wconf 87' lang='lat' dir='ltr'>ct</span> <span class='ocrx_word' id='word_1_446' title='bbox 1500 2041 1601 2084; x_wconf 82' lang='lat' dir='ltr'>magis</span> <span class='ocrx_word' id='word_1_447' title='bbox 1619 2042 1772 2076; x_wconf 89' lang='lat' dir='ltr'>idoneum</span> <span class='ocrx_word' id='word_1_448' title='bbox 1791 2055 1841 2077; x_wconf 91' lang='lat' dir='ltr'>re-</span> 
     </span>
     <span class='ocr_line' id='line_1_84' title="bbox 1100 2091 1840 2136; baseline 0.009 -13"><span class='ocrx_word' id='word_1_449' title='bbox 1100 2091 1261 2135; x_wconf 75' lang='lat' dir='ltr'>gimini‘?n</span> <span class='ocrx_word' id='word_1_450' title='bbox 1288 2092 1416 2125; x_wconf 86' lang='lat' dir='ltr'>Elector</span> <span class='ocrx_word' id='word_1_451' title='bbox 1438 2104 1513 2125; x_wconf 78' lang='lat' dir='ltr'>vero</span> <span class='ocrx_word' id='word_1_452' title='bbox 1540 2094 1633 2127; x_wconf 79' lang='lat' dir='ltr'>dicit:</span> <span class='ocrx_word' id='word_1_453' title='bbox 1655 2095 1745 2129; x_wconf 86' lang='lat' dir='ltr'>Iuro.</span> <span class='ocrx_word' id='word_1_454' title='bbox 1771 2096 1840 2136; x_wconf 85' lang='lat' dir='ltr'>Quo</span> 
     </span>
     <span class='ocr_line' id='line_1_85' title="bbox 1100 2146 1841 2193; baseline 0.007 -16"><span class='ocrx_word' id='word_1_455' title='bbox 1100 2146 1282 2178; x_wconf 87' lang='lat' dir='ltr'>iuramento</span> <span class='ocrx_word' id='word_1_456' title='bbox 1307 2150 1452 2188; x_wconf 86' lang='lat' dir='ltr'>peracto,</span> <span class='ocrx_word' id='word_1_457' title='bbox 1471 2157 1584 2180; x_wconf 88' lang='lat' dir='ltr'>omnes</span> <span class='ocrx_word' id='word_1_458' title='bbox 1610 2148 1708 2181; x_wconf 86' lang='lat' dir='ltr'>etiam</span> <span class='ocrx_word' id='word_1_459' title='bbox 1733 2149 1841 2193; x_wconf 79' lang='lat' dir='ltr'>singu-</span> 
     </span>
     <span class='ocr_line' id='line_1_86' title="bbox 1100 2197 1841 2244; baseline 0.008 -15"><span class='ocrx_word' id='word_1_460' title='bbox 1100 2198 1188 2230; x_wconf 86' lang='lat' dir='ltr'>latim</span> <span class='ocrx_word' id='word_1_461' title='bbox 1213 2197 1370 2230; x_wconf 87' lang='lat' dir='ltr'>accedunt</span> <span class='ocrx_word' id='word_1_462' title='bbox 1395 2198 1434 2231; x_wconf 89' lang='lat' dir='ltr'>ad</span> <span class='ocrx_word' id='word_1_463' title='bbox 1460 2209 1605 2232; x_wconf 86' lang='lat' dir='ltr'>mensam</span> <span class='ocrx_word' id='word_1_464' title='bbox 1632 2201 1664 2233; x_wconf 90' lang='lat' dir='ltr'>in</span> <span class='ocrx_word' id='word_1_465' title='bbox 1690 2212 1754 2244; x_wconf 89' lang='lat' dir='ltr'>qua</span> <span class='ocrx_word' id='word_1_466' title='bbox 1779 2202 1841 2236; x_wconf 90' lang='lat' dir='ltr'>erit</span> 
     </span>
     <span class='ocr_line' id='line_1_87' title="bbox 1098 2250 1841 2298; baseline 0.008 -16"><span class='ocrx_word' id='word_1_467' title='bbox 1098 2261 1207 2283; x_wconf 88' lang='lat' dir='ltr'>coram</span> <span class='ocrx_word' id='word_1_468' title='bbox 1231 2250 1381 2294; x_wconf 89' lang='lat' dir='ltr'>praeside</span> <span class='ocrx_word' id='word_1_469' title='bbox 1414 2261 1466 2283; x_wconf 83' lang='lat' dir='ltr'>vas</span> <span class='ocrx_word' id='word_1_470' title='bbox 1498 2251 1629 2295; x_wconf 90' lang='lat' dir='ltr'>aliquod</span> <span class='ocrx_word' id='word_1_471' title='bbox 1666 2264 1841 2298; x_wconf 64' lang='lat' dir='ltr'>praepara&gt;</span> 
     </span>
     <span class='ocr_line' id='line_1_88' title="bbox 1099 2304 1839 2344; baseline 0.007 -9"><span class='ocrx_word' id='word_1_472' title='bbox 1099 2310 1176 2344; x_wconf 88' lang='lat' dir='ltr'>tum,</span> <span class='ocrx_word' id='word_1_473' title='bbox 1202 2310 1234 2336; x_wconf 89' lang='lat' dir='ltr'>et</span> <span class='ocrx_word' id='word_1_474' title='bbox 1258 2309 1384 2337; x_wconf 80' lang='lat' dir='ltr'>secreto</span> <span class='ocrx_word' id='word_1_475' title='bbox 1410 2304 1442 2336; x_wconf 93' lang='lat' dir='ltr'>in</span> <span class='ocrx_word' id='word_1_476' title='bbox 1466 2304 1560 2338; x_wconf 90' lang='lat' dir='ltr'>illum</span> <span class='ocrx_word' id='word_1_477' title='bbox 1586 2306 1759 2340; x_wconf 87' lang='lat' dir='ltr'>schedulas</span> <span class='ocrx_word' id='word_1_478' title='bbox 1791 2308 1839 2340; x_wconf 89' lang='lat' dir='ltr'>in-</span> 
     </span>
     <span class='ocr_line' id='line_1_89' title="bbox 1097 2357 1837 2403; baseline 0.005 -14"><span class='ocrx_word' id='word_1_479' title='bbox 1097 2357 1216 2397; x_wconf 89' lang='lat' dir='ltr'>iiciant,</span> <span class='ocrx_word' id='word_1_480' title='bbox 1243 2367 1321 2400; x_wconf 87' lang='lat' dir='ltr'>quas</span> <span class='ocrx_word' id='word_1_481' title='bbox 1346 2357 1488 2401; x_wconf 87' lang='lat' dir='ltr'>quidem,</span> <span class='ocrx_word' id='word_1_482' title='bbox 1511 2363 1574 2391; x_wconf 84' lang='lat' dir='ltr'>tam</span> <span class='ocrx_word' id='word_1_483' title='bbox 1600 2358 1631 2391; x_wconf 92' lang='lat' dir='ltr'>in</span> <span class='ocrx_word' id='word_1_484' title='bbox 1658 2359 1718 2391; x_wconf 88' lang='lat' dir='ltr'>hac</span> <span class='ocrx_word' id='word_1_485' title='bbox 1742 2370 1837 2403; x_wconf 89' lang='lat' dir='ltr'>quam</span> 
     </span>
     <span class='ocr_line' id='line_1_90' title="bbox 1097 2410 1838 2454; baseline 0.007 -11"><span class='ocrx_word' id='word_1_486' title='bbox 1097 2410 1159 2444; x_wconf 76' lang='lat' dir='ltr'>alia</span> <span class='ocrx_word' id='word_1_487' title='bbox 1183 2411 1330 2454; x_wconf 89' lang='lat' dir='ltr'>qualibet</span> <span class='ocrx_word' id='word_1_488' title='bbox 1355 2412 1516 2445; x_wconf 86' lang='lat' dir='ltr'>electione</span> <span class='ocrx_word' id='word_1_489' title='bbox 1543 2413 1699 2447; x_wconf 85' lang='lat' dir='ltr'>canonice</span> <span class='ocrx_word' id='word_1_490' title='bbox 1721 2414 1838 2448; x_wconf 87' lang='lat' dir='ltr'>sacien-</span> 
     </span>
     <span class='ocr_line' id='line_1_91' title="bbox 1097 2464 1837 2503; baseline 0.005 -7"><span class='ocrx_word' id='word_1_491' title='bbox 1097 2464 1146 2503; x_wconf 68' lang='lat' dir='ltr'>da,</span> <span class='ocrx_word' id='word_1_492' title='bbox 1171 2474 1237 2497; x_wconf 91' lang='lat' dir='ltr'>non</span> <span class='ocrx_word' id='word_1_493' title='bbox 1256 2469 1430 2497; x_wconf 87' lang='lat' dir='ltr'>teneantur</span> <span class='ocrx_word' id='word_1_494' title='bbox 1448 2466 1608 2501; x_wconf 77' lang='lat' dir='ltr'>electores</span> <span class='ocrx_word' id='word_1_495' title='bbox 1626 2477 1642 2499; x_wconf 90' lang='lat' dir='ltr'>a</span> <span class='ocrx_word' id='word_1_496' title='bbox 1659 2468 1837 2501; x_wconf 87' lang='lat' dir='ltr'>secretario</span> 
     </span>
     <span class='ocr_line' id='line_1_92' title="bbox 1097 2516 1836 2562; baseline 0.008 -14"><span class='ocrx_word' id='word_1_497' title='bbox 1097 2516 1267 2560; x_wconf 81' lang='lat' dir='ltr'>capitulari</span> <span class='ocrx_word' id='word_1_498' title='bbox 1293 2523 1418 2561; x_wconf 88' lang='lat' dir='ltr'>petere,</span> <span class='ocrx_word' id='word_1_499' title='bbox 1446 2518 1504 2551; x_wconf 86' lang='lat' dir='ltr'>sed</span> <span class='ocrx_word' id='word_1_500' title='bbox 1525 2519 1586 2562; x_wconf 91' lang='lat' dir='ltr'>ipsi</span> <span class='ocrx_word' id='word_1_501' title='bbox 1605 2530 1658 2552; x_wconf 86' lang='lat' dir='ltr'>eas</span> <span class='ocrx_word' id='word_1_502' title='bbox 1676 2519 1758 2552; x_wconf 79' lang='lat' dir='ltr'>intra</span> <span class='ocrx_word' id='word_1_503' title='bbox 1786 2523 1836 2555; x_wconf 77' lang='lat' dir='ltr'>vel</span> 
     </span>
     <span class='ocr_line' id='line_1_93' title="bbox 1097 2570 1837 2615; baseline 0.005 -14"><span class='ocrx_word' id='word_1_504' title='bbox 1097 2574 1186 2602; x_wconf 82' lang='lat' dir='ltr'>extra</span> <span class='ocrx_word' id='word_1_505' title='bbox 1211 2570 1388 2613; x_wconf 81' lang='lat' dir='ltr'>capitulum</span> <span class='ocrx_word' id='word_1_506' title='bbox 1407 2571 1445 2603; x_wconf 91' lang='lat' dir='ltr'>ad</span> <span class='ocrx_word' id='word_1_507' title='bbox 1469 2572 1636 2615; x_wconf 88' lang='lat' dir='ltr'>proprium</span> <span class='ocrx_word' id='word_1_508' title='bbox 1656 2578 1766 2605; x_wconf 73' lang='lat' dir='ltr'>nutrm</span> <span class='ocrx_word' id='word_1_509' title='bbox 1786 2584 1837 2605; x_wconf 83' lang='lat' dir='ltr'>va-</span> 
     </span>
     <span class='ocr_line' id='line_1_94' title="bbox 1097 2624 1834 2669; baseline 0.007 -15"><span class='ocrx_word' id='word_1_510' title='bbox 1097 2624 1183 2656; x_wconf 85' lang='lat' dir='ltr'>leant</span> <span class='ocrx_word' id='word_1_511' title='bbox 1218 2624 1426 2658; x_wconf 78' lang='lat' dir='ltr'>conscribere</span> <span class='ocrx_word' id='word_1_512' title='bbox 1463 2630 1559 2669; x_wconf 88' lang='lat' dir='ltr'>prout</span> <span class='ocrx_word' id='word_1_513' title='bbox 1590 2625 1775 2659; x_wconf 81' lang='lat' dir='ltr'>maluerint.</span> <span class='ocrx_word' id='word_1_514' title='bbox 1803 2624 1834 2659; x_wconf 89' lang='lat' dir='ltr'>Si</span> 
     </span>
    </p>
   </div>
   <div class='ocr_carea' id='block_1_9' title="bbox 1739 228 2026 266">
    <p class='ocr_par' dir='ltr' id='par_1_14' title="bbox 1739 228 2026 266">
     <span class='ocr_line' id='line_1_95' title="bbox 1739 228 2026 266; baseline 0.017 -7"><span class='ocrx_word' id='word_1_515' title='bbox 1739 228 1798 261; x_wconf 60' lang='lat'>3531</span> <span class='ocrx_word' id='word_1_516' title='bbox 1848 237 1896 264; x_wconf 71' lang='lat' dir='ltr'>An.</span> <span class='ocrx_word' id='word_1_517' title='bbox 1913 238 1941 264; x_wconf 85' lang='lat' dir='ltr'>c.</span> <span class='ocrx_word' id='word_1_518' title='bbox 1965 238 2026 266; x_wconf 59' lang='lat' dir='ltr'>mnf</span> 
     </span>
    </p>
   </div>
  </div>
 </body>
</html>
