2254 3225
227 225 276 252 Λη.
294 225 322 251 C.
347 224 409 251 1691

263 707 370 737 Asperitas
392 710 412 729 el

227 737 321 755 castita>-

266 2287 391 2307 slhudieutia
402 2290 422 2307 vt

240 2316 294 2334 zetus
305 2315 421 2334 catholicae

241 2341 296 2361 lidci.

461 214 523 248 208

418 279 470 306 tor
494 273 653 316 egregius,
679 273 774 306 unica
807 276 930 306 tantum
959 271 1155 305 induebatur

419 326 536 367 tunica,
562 327 665 370 eaque
690 327 812 369 aspera,
834 327 978 368 angusta,
1006 324 1155 357 abiectis-

418 379 506 415 sima.
531 380 703 423 multisque
722 379 829 411 frustis
851 379 981 417 resecta,
1002 381 1154 418 ratusque

418 443 697 476 supervacaneum
721 442 791 465 esse
814 430 1005 464 munditiem
1029 430 1061 461 in
1086 427 1155 459 cili-

419 486 467 520 cio
482 497 650 530 quaerere,
665 486 777 519 eadem
797 484 970 521 femoralia,
989 483 1155 514 destructa

419 549 554 582 prorsus
592 543 624 571 et
648 539 768 577 lacera,
802 547 838 570 ac
874 535 990 578 quibus
1027 537 1156 576 poterat

420 592 610 635 fragmentis
634 596 783 630 resarcta‚
808 590 846 622 ad
871 589 982 622 decem
1015 592 1047 620 et
1080 590 1154 619 octo

422 655 524 678 annos
548 644 694 687 pertulit.

466 697 536 741 58.
569 698 633 730 Nec
665 696 769 729 carnis
804 694 1088 728 mortificationem
1123 691 1155 724 in

422 752 491 784 sola
515 757 546 784 et
571 750 751 784 extrinseca
775 747 954 781 indumenti
980 746 1154 789 asperitate

421 803 590 843 continuit,
610 803 665 835 sed
683 801 837 841 eamdem,
852 811 892 833 ne
906 810 1047 842 unquam
1061 798 1155 831 noxie

420 856 589 889 moliretur
618 855 649 888 in
679 854 838 897 spiritum,
872 852 1026 885 continua
1052 861 1156 884 mace-

418 909 500 942 rarit
523 909 631 941 inedia
654 912 685 940 et
701 906 836 950 perenni
858 905 1065 938 afflictatione
1083 904 1155 936 sub-

420 961 515 1003 egit¹.
532 959 721 993 Parcissimo
737 961 805 992 eius
824 958 897 991 cibo
913 959 1063 1000 frequens
1085 967 1156 989 suc·

420 1014 556 1047 cedebat
590 1012 623 1045 in
648 1022 730 1055 pane
768 1017 799 1044 et
823 1012 906 1054 aqua
930 1009 1097 1048 ieiunium,
1126 1014 1156 1041 et

420 1066 605 1110 quotidiano
630 1065 698 1097 eius
723 1064 819 1096 victui
846 1063 1031 1096 necessaria
1052 1062 1154 1103 rigide

420 1118 634 1157 subtrahens,
671 1117 788 1149 alendo
825 1115 971 1148 servabat
1006 1113 1153 1157 pauperi.

419 1172 612 1214 Plerumque
649 1170 721 1202 vino
755 1169 932 1208 abstinens,
958 1167 1100 1210 nigriora
1125 1172 1157 1199 et

420 1223 551 1257 duriora
575 1223 665 1266 panis
704 1222 890 1263 fragmenta,
925 1231 960 1254 ac
993 1219 1157 1253 deteriora

421 1282 452 1309 et
482 1277 521 1308 ab
561 1275 632 1308 aliis
658 1275 808 1307 fratribus
845 1274 998 1307 derelicta
1023 1272 1130 1305 edulia
1147 1299 1154 1311 ‚

421 1328 550 1370 quando
587 1333 724 1370 poterat,
752 1327 813 1359 sibi
840 1326 1007 1369 diligebat.
1033 1325 1157 1357 Nudam

421 1382 554 1414 humum
588 1386 641 1412 aut
667 1380 761 1412 rudes
790 1380 912 1412 tabulas
939 1379 1079 1421 pellibus
1106 1388 1157 1410 su-

420 1433 641 1477 perimpositis
668 1433 843 1476 aliquando
861 1438 978 1464 stratus
996 1442 1055 1474 pro
1073 1432 1157 1464 lecto

423 1486 574 1526 habebat,
592 1486 792 1528 frustumque
811 1485 953 1527 ligneum
975 1485 1024 1517 vel
1045 1494 1155 1516 saxum

422 1550 479 1583 pro
500 1539 670 1582 pulvinari,
697 1539 806 1582 ibique
833 1539 952 1578 iacens,
970 1538 1018 1570 vel
1040 1537 1156 1580 parieti

422 1592 559 1633 innixus,
576 1592 800 1625 brevissimum
822 1591 975 1635 carpebat
1000 1601 1157 1629 somnum,

424 1646 549 1688 reliqua
574 1651 670 1678 nocte
707 1645 844 1678 orationi
877 1646 961 1677 data.
988 1644 1086 1676 Nudis
1112 1643 1159 1675 in-

423 1699 558 1731 cedebat
582 1698 728 1741 pedibus,
766 1698 863 1730 etiam
889 1699 1020 1739 longum
1042 1698 1089 1729 vel
1116 1706 1160 1728 ar-

424 1752 521 1784 duum
548 1752 611 1784 iter
635 1762 746 1793 agens.
766 1751 858 1783 Duris
876 1749 1158 1793 flagellationibus,

423 1804 517 1836 variis
542 1809 573 1836 et
598 1804 786 1847 asperrimis
824 1804 949 1841 ciliciis,
990 1804 1158 1845 serre-tique

424 1861 535 1890 catena
561 1858 609 1889 bis
648 1863 762 1900 terque
798 1857 1017 1890 circumducta
1042 1866 1160 1898 corpus

425 1911 597 1949 dilanians,
622 1911 699 1943 illud
727 1910 758 1942 in
784 1911 865 1942 adeo
892 1910 1070 1942 districtam
1096 1920 1162 1941 ser-

424 1963 555 1996 vitutem
592 1963 727 2006 redegit,
766 1968 801 1994 ut
825 1963 857 1995 in
883 1973 921 1996 eo
950 1963 1082 2006 spiritus
1107 1973 1163 2005 pa-

426 2016 516 2049 cifice
554 2016 783 2057 dominaretur,
820 2016 969 2059 nihilque
994 2017 1043 2049 vel
1069 2016 1163 2048 mini-

427 2080 514 2101 mum
540 2074 604 2102 tum
630 2070 662 2102 in
688 2071 836 2110 saeculo,
863 2075 929 2102 tum
961 2070 993 2102 in
1020 2070 1162 2102 claustro

428 2132 505 2153 usus
529 2122 625 2155 suerit
659 2132 816 2166 peragere
852 2123 901 2155 vel
928 2122 1051 2161 dicere,
1077 2122 1163 2165 quod

431 2173 526 2217 ipsius
554 2174 729 2208 castitatem
747 2185 889 2218 unquam
915 2174 1092 2208 offenderet
1116 2176 1164 2208 vel

431 2227 648 2259 adumbraret.

475 2281 490 2323 ἓ
513 2280 544 2312 9.
571 2280 744 2322 Religiosis
770 2280 955 2323 pauperatis
976 2285 1007 2313 et
1037 2280 1165 2313 castita-

434 2333 472 2365 tis
497 2333 666 2365 virtutibus
702 2332 932 2366 indivisibilem
969 2344 1079 2366 earum
1115 2344 1167 2366 co-

434 2386 542 2418 mitem
568 2386 784 2419 obedientiam
819 2387 971 2426 adiunxit,
999 2398 1091 2430 quam
1123 2387 1167 2420 ita

435 2444 556 2478 exacte,
584 2439 626 2471 ita
650 2439 794 2472 studiose
820 2440 988 2472 colendam
1014 2441 1166 2483 suscepit,

435 2498 469 2524 ut
494 2497 578 2524 totus
595 2503 612 2524 a
633 2493 839 2536 superiorum
858 2493 989 2526 nutibus
1010 2494 1166 2537 pendens,

997 224 1173 247 Bt‘LLAtitEn
1198 222 1304 245 ROMA).
1311 221 1350 244 [it

1197 268 1402 307 desiderans,
1429 267 1536 300 onmia
1567 267 1645 300 licet
1668 267 1748 301 dura
1773 272 1805 301 et
1830 267 1931 301 ardua

1196 321 1235 353 ab
1275 320 1339 353 illis
1375 320 1567 353 demandata
1606 321 1764 354 reverenti
1803 331 1932 364 semper

1197 372 1313 415 gaudio
1328 372 1507 415 susceperit
1521 379 1552 405 et
1565 373 1662 406 alacri
1676 373 1931 416 promptitudine

1196 425 1394 468 impleverit.
1424 425 1616 458 Praesertim
1646 436 1721 459 vero
1757 426 1931 468 religiosae

1196 478 1409 518 obedientiae,
1435 479 1523 511 cuius
1549 478 1653 512 studio
1682 479 1865 520 exardebat,
1891 480 1932 512 si-

1198 532 1262 564 mul
1288 541 1324 564 ac
1348 531 1525 565 catholicae
1551 531 1642 572 fidei,
1668 531 1758 564 cuius
1784 533 1853 565 zelo
1878 532 1933 565 ssa-

1198 585 1319 627 grabat‚
1346 585 1473 627 insigne
1494 585 1645 628 praebuit
1665 585 1931 628 experimentum,

1198 648 1282 677 cum,
1310 648 1327 670 a
1352 638 1577 681 superioribus
1609 638 1715 671 iussus
1740 639 1872 680 longum
1900 643 1932 671 et

1198 700 1346 733 asperum
1372 691 1434 723 iter
1459 701 1517 733 per
1532 695 1631 723 terras
1649 691 1842 734 plerumque
1860 691 1933 724 hae-

1197 742 1278 774 resis
1304 743 1377 775 labe
1402 743 1543 775 faedatus
1568 753 1739 786 peragere,
1767 743 1854 776 iussa
1882 754 1931 776 ca-

1198 805 1329 837 pessere
1355 801 1525 828 cunctatus
1550 807 1614 829 non
1641 801 1700 835 est,
1725 798 1827 839 eaque
1853 797 1934 830 hila-

1195 848 1302 888 ritate,
1322 859 1384 890 qua
1408 848 1587 881 iniunctum
1613 859 1763 882 emensus
1789 854 1836 882 est
1859 849 1931 890 iter,

1198 901 1420 940 contumelias
1436 901 1564 944 probra,
1588 902 1690 934 minas
1715 908 1746 935 et
1762 902 1933 945 lapidatio-

1198 965 1255 986 nes
1282 954 1320 986 ab
1348 955 1533 994 haereticis,
1560 955 1737 988 catholicae
1762 955 1930 998 religioni,

1197 1007 1391 1049 praesertim
1417 1007 1615 1049 regularium
1639 1007 1761 1047 Ordini,
1786 1009 1932 1051 apprime

1197 1058 1344 1097 infensis,
1370 1059 1533 1102 patienter
1558 1065 1590 1092 et
1621 1060 1749 1093 sortiter
1784 1061 1930 1103 pertulit,

1198 1112 1391 1155 illorumque
1427 1112 1526 1155 impie
1565 1113 1603 1145 de
1629 1112 1691 1146 fide
1726 1114 1932 1147 sentientium

1197 1164 1363 1197 audaciam
1399 1165 1587 1205 retundens,
1612 1165 1740 1208 publice
1765 1171 1797 1198 et
1827 1167 1933 1209 palam

1198 1217 1390 1250 catholicam
1416 1218 1597 1250 doctrinam
1631 1223 1662 1251 et
1690 1217 1787 1251 sidem
1814 1219 1934 1262 profes-

1199 1280 1251 1302 sus
1282 1276 1345 1311 est,
1378 1281 1395 1302 a
1431 1271 1547 1313 quibus
1573 1271 1879 1314 persequutionibus
1903 1278 1936 1305 et

1199 1323 1356 1365 angustiis
1383 1323 1458 1356 licet
1481 1323 1537 1356 Dei
1559 1324 1784 1357 misericordia
1805 1325 1935 1358 tandem

1199 1376 1347 1415 evaserit,
1376 1376 1477 1409 defuit
1502 1382 1608 1409 tamen
1634 1377 1663 1409 ei
1688 1377 1795 1420 potius
1820 1383 1936 1421 marty-

1199 1429 1291 1467 rium,
1317 1440 1412 1472 quam
1438 1430 1507 1472 ipse
1532 1429 1700 1472 martyrio.

1243 1482 1257 1524 g
1283 1481 1335 1514 10.
1363 1482 1486 1515 Nullam
1508 1493 1592 1525 pene
1614 1483 1667 1515 diu
1685 1488 1848 1526 noctuque
1868 1483 1932 1517 labi

1201 1534 1325 1567 sinebat
1351 1535 1474 1575 horam,
1497 1546 1559 1579 qua
1584 1546 1649 1569 non
1670 1543 1757 1569 esset
1773 1537 1805 1569 in
1824 1548 1935 1580 preces

1201 1587 1328 1629 effusus,
1340 1598 1394 1620 seu
1406 1595 1511 1621 mente
1524 1590 1666 1622 elevatus
1678 1589 1711 1621 in
1725 1589 1937 1628 Deumouid-

1201 1641 1277 1683 quid
1305 1642 1458 1684 temporis
1484 1641 1544 1674 sibi
1571 1652 1608 1674 ex
1626 1643 1831 1676 obedientiae
1850 1653 1938 1686 prae-

1201 1694 1321 1737 scripto
1346 1695 1548 1735 muneribus,
1575 1695 1796 1738 proximorum
1821 1697 1937 1737 saluti,

1202 1747 1370 1790 brevisque
1396 1747 1500 1780 somni
1531 1753 1692 1781 tormento
1711 1750 1820 1791 potius
1841 1760 1938 1792 quam

1203 1800 1301 1843 quieti
1342 1807 1523 1843 supererat,
1551 1806 1651 1834 totum
1688 1802 1720 1834 id
1743 1802 1883 1835 orationi
1909 1808 1940 1835 et

1203 1853 1469 1896 contemplationi
1497 1854 1615 1897 ubique
1651 1854 1883 1897 impendebat,
1909 1861 1940 1888 et

1204 1907 1258 1939 Dei
1295 1906 1510 1949 praesentiam
1547 1907 1580 1939 in
1616 1907 1693 1950 ipsis
1725 1908 1939 1940 exterioribus

1186 1959 1326 1997 ,actibus
1348 1970 1412 1991 non
1437 1959 1564 2000 oblitus,
1586 1959 1652 2002 iugi
1670 1971 1741 1993 cum
1759 1961 1938 1994 attentione

1205 2018 1236 2044 et
1260 2012 1388 2044 interna
1412 2012 1558 2044 oratione
1580 2013 1804 2046 venerabatur.
1831 2013 1939 2046 Pervi-

1204 2065 1247 2107 gil
1272 2075 1400 2107 semper
1424 2070 1517 2098 nocte
1555 2065 1746 2108 intempesta
1773 2065 1938 2099 nocturnis

1207 2117 1296 2150 horis
1320 2118 1447 2157 aderat,
1471 2122 1502 2149 et
1526 2117 1668 2160 quamvis
1699 2118 1863 2161 perpetuis
1887 2119 1935 2151 la-

1189 2170 1338 2223 'boribus
1373 2175 1468 2213 atque
1505 2170 1764 2203 afflictationibus
1791 2171 1940 2213 fatigatus

1207 2230 1238 2258 et
1260 2235 1344 2268 pene
1370 2225 1499 2264 fractus,
1525 2224 1655 2256 nonnisi
1680 2229 1754 2267 post
1789 2235 1939 2257 auroram

1208 2278 1426 2311 revertebatur
1451 2277 1483 2309 in
1508 2277 1672 2316 cellulam,
1703 2282 1770 2310 toto
1797 2287 1835 2310 eo
1862 2282 1941 2311 tem-

1208 2342 1286 2375 pore
1311 2331 1343 2364 in
1369 2332 1470 2364 choro
1496 2332 1543 2364 vel
1569 2330 1705 2363 ecclesia
1729 2330 1813 2364 inter
1839 2331 1941 2364 medi·

1209 2385 1296 2418 tandi
1322 2384 1452 2417 delicias
1477 2384 1634 2417 traducto.

1252 2437 1343 2481 git.
1378 2437 1506 2470 Zelator
1538 2437 1717 2469 animarum
1749 2447 1827 2480 quas
1860 2438 1939 2470 allo-

1209 2492 1381 2536 quebatur,
1407 2491 1446 2523 ad
1471 2490 1752 2532 compunctionem
1778 2493 1809 2523 et
1833 2490 1940 2534 expia<

437 2555 475 2577 ne
502 2545 577 2588 quid
612 2546 779 2579 minimum
809 2558 950 2590 unquam
983 2552 1096 2590 petens
1120 2549 1169 2580 vel
1211 2546 1331 2578 tionem
1356 2548 1574 2587 peccatorum,
1594 2542 1715 2586 Deique
1741 2548 1772 2575 et
1790 2543 1940 2576 virtutum

474 2609 484 2637 1
507 2607 576 2634 Edit.
598 2607 676 2635 Main.
694 2608 756 2644 legit
771 2609 890 2644 subtegit
905 2610 942 2643 (R.
960 2609 1009 2644 T.).

1212 2609 1351 2633 amorem
1392 2597 1473 2631 mira
1512 2596 1707 2641 disponebat
1747 2596 1942 2635 dulcedine.

1939 219 1988 246 An.
2006 219 2033 246 C.
2056 218 2120 246 1691

1971 1495 2090 1518 Orationes.

1968 2442 2022 2463 Cui-2
2030 2442 2056 2464 do
2064 2443 2135 2464 altena

1949 2470 2024 2490 saluto.
