2227 3225
69 265 117 292 Αη.
134 264 162 292 C.
186 265 256 292 1700

265 325 324 358 per
350 313 514 358 disponit,

266 366 538 401 considerationis
558 367 678 399 trutina
696 365 879 409 perpensis,
899 364 1007 407 reipu-

266 420 371 454 blicae
397 419 601 453 coudtuibile
630 419 696 452 sore
716 419 747 451 iu
768 418 903 451 llomino
921 418 1006 450 arbi-

269 478 381 506 tratur.
695 502 699 504 ,

211 538 257 557 wu-
304 525 500 570 §tondum
521 526 629 569 itaque
645 536 704 559 uos
721 526 827 558 animo
845 526 1009 558 revolven-

228 571 236 581 ⁸
268 582 326 620 tes,
355 585 512 623 quantum
540 579 696 612 ubertatis
723 579 880 623 publicae,
909 589 1009 622 ‹pitui-

269 639 336 666 turn
369 634 567 677 populorum
601 633 824 671 commerciis,
852 638 1007 675 quantum

269 686 409 731 denique
437 686 583 719 honestis
608 685 909 729 negotiationibus.

270 740 330 773 bus
356 739 541 783 respublica
571 739 688 778 ssoret,

270 794 371 826 otium
398 793 594 832 eliminatur,
614 792 822 834 omniumque
849 791 886 823 ad
915 791 1010 823 vitam

270 845 528 879 necessariarum
549 856 654 877 rerum
674 845 767 887 copia
791 849 1010 887 comparatur,

271 899 433 933 insensum
456 910 491 932 ac
510 899 681 932 exitiosum
701 904 785 931 esset
804 898 835 930 in
853 897 1011 940 Tyrrheni

270 954 368 986 maris
404 955 459 986 ora
496 964 512 985 a
549 958 645 996 portu
679 952 806 985 Caietae
845 951 1011 994 usquead

271 1007 485 1041 Centumcell
488 1018 511 1039 is
528 1007 596 1039 null
602 1017 650 1038 am
669 1016 727 1049 pro
752 1017 783 1038 ιι·
785 1005 887 1037 itibus
915 1009 1012 1036 tutam

272 1060 444 1094 stationem
474 1059 628 1117 reperiri,
660 1060 830 1102 probeque
857 1058 1012 1096 scienteS,

273 1123 309 1147 ac
334 1124 406 1146 cum
431 1112 568 1146 maximo
601 1113 699 1145 animi
735 1123 793 1145 nos
781 1112 838 1144 tii
865 1120 1014 1144 moer'Ote

274 1166 529 1205 considerantes,
557 1176 652 1208 quam
680 1165 860 1208 frequentia
885 1164 960 1196 inde
980 1174 1015 1196 ac

275 1219 394 1252 misera
420 1219 641 1261 navigantium
660 1224 692 1251 et
716 1219 873 1251 mercium
892 1218 1017 1250 naufra-

275 1273 327 1315 gia
348 1272 378 1305 in
407 1272 474 1305 dies
499 1271 623 1311 tierent,
643 1282 707 1304 non
722 1271 791 1304 sine
810 1270 896 1314 graii
915 1272 1016 1303 almae

275 1326 369 1359 Urbis
394 1332 546 1367 nostrae,
573 1326 638 1369 quo
671 1336 794 1358 merces
821 1326 895 1358 illae
923 1336 1013 1357 rom-

276 1385 451 1419 meassent,
479 1379 698 1412 detrimento‘.
726 1379 857 1421 diguam
883 1388 1018 1411 munere

277 1438 389 1466 nostro
422 1444 488 1466 rem
521 1432 652 1475 aggredi
691 1433 895 1476 putarinms,
922 1432 947 1464 si
980 1432 1018 1464 ad

278 1485 439 1519 eiusmodi
480 1486 564 1518 mala
604 1484 800 1528 opportunis
839 1484 1020 1516 rationibus

939 685 1009 727 qui-

842 264 1053 288 lmoctssMit's

545 314 645 352 sicut,
673 312 825 346 omnibus
860 317 1005 344 maturae
1028 312 1030 328 ¹
1051 316 1261 354 nuncupato,
1287 311 1324 342 de
1353 310 1443 342 cuius
1471 310 1586 343 eximia
1613 310 1684 349 fide,
1712 322 1788 354 pru-

718 738 875 771 industria
900 738 1008 780 riget,
1032 740 1034 763 l

1080 264 1122 287 ΧΗ
1148 264 1194 286 ΓΡ.

1051 363 1169 405 dentia,
1195 363 1390 405 integritate,
1417 363 1587 405 sapientia,
1613 364 1790 405 flagrantis-

1051 417 1197 461 simoque
1226 416 1347 460 publici
1382 416 1458 449 boui
1485 415 1590 449 studio
1616 417 1790 460 plurimum

1053 470 1084 503 in
1110 471 1246 504 Domino
1272 469 1524 508 confidebamus,
1548 469 1656 512 operis
1682 480 1790 502 emam

1053 524 1334 557 demandavimus.
1359 524 1460 556 Porro
1486 523 1570 554 idern
1598 522 1793 555 Benedictus

1053 578 1238 617 cardinalis,
1265 577 1376 610 solerti
1396 587 1430 608 ac
1452 577 1548 619 plane
1568 576 1728 608 indefessa
1747 575 1794 608 di-

1054 631 1187 673 ligentia
1207 636 1237 663 et
1262 630 1443 669 sedulitate,
1461 640 1519 661 nee
1535 628 1713 667 laboribus,
1733 638 1794 661 nec

1055 684 1288 722 incommodis,
1316 683 1378 715 imo
1406 693 1512 725 neque
1539 681 1634 714 etiam
1661 680 1795 724 sumpti-

1055 737 1114 769 bus
1136 747 1282 779 parcens,
1302 735 1518 779 expectationi
1547 735 1585 767 dc
1611 745 1643 767 se
1665 739 1794 766 nostrae

1056 796 1118 823 tam
1145 791 1240 833 plane
1267 789 1445 832 respondit,
1473 798 1608 830 remque
1636 793 1735 820 totam
1758 797 1794 819 ex

1055 843 1153 876 animi
1177 843 1278 876 nostri
1298 843 1459 875 sententia
1478 842 1558 875 adeo
1585 841 1732 884 perfecit,
1752 846 1797 878 ut,

1057 897 1125 929 eius
1151 897 1356 940 potissimum
1382 897 1506 938 opera,
1530 894 1618 927 brevi
1640 906 1676 926 ac
1702 893 1797 927 fclici-

1057 956 1107 983 ter
1132 950 1224 983 iactis
1251 950 1281 982 in
1308 951 1406 982 altum
1434 948 1625 992 opportunis
1647 947 1798 985 molibus,

1057 1008 1236 1046 apertoque
1263 1003 1342 1035 mari
1370 1002 1518 1041 obiectis,
1546 1007 1675 1045 portum
1703 1001 1798 1033 Antio

1059 1057 1248 1096 restituisse,
1272 1056 1532 1100 propugnaculo,
1551 1056 1613 1098 qua
1631 1065 1665 1087 se
1684 1059 1798 1098 portus

1059 1110 1171 1153 aperit,
1199 1115 1399 1149 constructo,
1421 1108 1587 1141 securitati
1617 1107 1800 1152 prospexis-

1059 1175 1113 1205 se,
1141 1163 1278 1197 ecclesia
1304 1163 1424 1196 ibidem
1451 1161 1620 1195 aedificata
1648 1172 1683 1194 ae
1709 1171 1800 1204 pres-

1060 1220 1174 1261 bytero
1209 1218 1240 1250 in
1277 1219 1312 1250 ea
1338 1216 1539 1255 constituto,
1574 1215 1799 1259 spiritualibus

1061 1271 1294 1304 coufluentium
1320 1269 1579 1303 christifidelium
1607 1268 1801 1301 necessitati-

1061 1326 1122 1357 bus
1148 1324 1371 1362 cousuluisse,
1396 1322 1597 1366 perennibus
1620 1322 1746 1354 deinum
1765 1332 1802 1354 ac

1062 1378 1285 1412 saluberrimis
1313 1377 1404 1421 aquis
1431 1387 1446 1409 e
1474 1375 1652 1419 longinquo
1679 1374 1802 1408 deriva-

1064 1433 1113 1471 tis,
1136 1432 1345 1474 aquationum
1378 1430 1549 1463 commoda
1575 1428 1802 1471 navigantibus

1064 1486 1236 1523 addidisse
1264 1494 1471 1526 summopere
1498 1484 1668 1515 laetemur.

1691 252 1754 285 935
1800 263 1847 287 An,
1866 259 1892 286 c.
1918 259 1983 285 1700

279 1540 454 1572 avertenda
469 1538 665 1582 peculiarem
681 1543 835 1581 paternae
852 1537 1020 1580 providen-
1106 1537 1120 1580 ξ
1148 1538 1179 1570 ⁶2.
1199 1538 1324 1575 terum,
1345 1547 1417 1569 euin
1437 1546 1500 1568 non
1522 1535 1598 1567 satis
1622 1534 1662 1566 sit
1681 1539 1801 1566 tantum
1815 1541 1999 1589 1¹e'mrarssh‘na-

279 1593 341 1626 tiae
368 1598 499 1625 nostrae
531 1591 785 1625 sollicitudinem
818 1595 1021 1623 convertere·
1064 1602 1099 1624 ac
1118 1597 1179 1623 tam
1206 1591 1344 1623 salutzffe
1371 1600 1453 1633 opus
1471 1599 1599 1621 summo
1625 1587 1733 1621 studio
1754 1587 1803 1619 avb
1815 1569 1849 1641 Ξ
1849 1597 1909 1641 *dt*
1907 1574 1998 1647 {nimus

279 1657 362 1680 nius.
390 1646 456 1680 Hae
486 1646 623 1689 proinde
650 1646 689 1678 de
714 1647 809 1677 causa
837 1651 940 1677 terrae
966 1655 1022 1677 no-

95 2538 150 2604 {aize}
153 2531 282 2610 »ιοιξμιῗι
291 2549 441 2592 le1ibus‚
467 2550 585 2583 dilecto
618 2549 683 2582 salio
718 2554 830 2582 nostio
857 2548 1031 2581 Benedicto

96 2611 170 2632 suerat.

280 1705 364 1732 strae
388 1698 544 1742 Neptuni,
573 1698 766 1731 Alb-anensis
785 1697 958 1737 dioecesis,
978 1697 1018 1729 li-

281 1758 368 1791 tora,
391 1751 561 1785 obnitente
598 1751 672 1783 licet
706 1751 780 1783 huic
814 1750 858 1783 rei
886 1749 1022 1783 ell'oetae

281 1811 410 1838 nostrae
437 1803 612 1837 senectutis
630 1803 866 1843 imbecillitate,
886 1803 1022 1836 inrisere

281 1869 348 1892 nou
375 1857 602 1896 dubitavimus,
621 1857 729 1899 ibique
750 1867 785 1889 ex
803 1857 920 1889 veteris
938 1856 1022 1888 Antii

282 1913 466 1952 ruderibus,
484 1911 537 1944 ubi
557 1912 662 1943 adhuc
678 1916 864 1954 supersunt,
880 1910 1024 1953 ingentia

282 1965 414 2008 vestigia
448 1964 653 1998 celeberrimi
691 1970 805 2007 portus
835 1963 1023 2003 Neroniani,

283 2029 379 2062 quein
394 2017 458 2051 nisi
472 2017 579 2060 operis
593 2016 862 2060 sumptuosissimi
878 2015 1024 2049 historici

284 2071 503 2111 tradidissent,
519 2070 595 2103 satis
613 2080 774 2113 superque
800 2069 913 2102 eadem
932 2069 1027 2102 vesti-

284 2125 335 2168 gia
360 2125 643 2163 demonstrarent,
676 2133 793 2156 norum
820 2128 949 2166 portum
976 2133 1027 2155 ex-

285 2178 412 2211 truendi
432 2177 605 2211 consilium
628 2177 785 2216 inivimus,
802 2175 877 2209 uon*
893 2176 1026 2219 quidem

286 2237 348 2264 tam
381 2232 482 2264 latum
517 2236 548 2263 et
580 2236 748 2263 extensum
778 2235 813 2262 ut
847 2229 1028 2262 exuberans

286 2285 422 2319 aliorum
443 2285 543 2318 tutela
569 2284 601 2316 in
628 2283 817 2327 temporalis
836 2289 963 2316 nostrae
983 2283 1029 2315 di-

287 2339 383 2373 tionis
408 2339 587 2382 periculum
614 2343 775 2379 vergeret,
803 2337 860 2370 sed
887 2347 946 2369 nce
967 2342 1029 2370 tam

287 2397 461 2434 angustum
489 2397 524 2423 ut
555 2401 615 2434 per
646 2390 754 2434 ipsum
789 2390 920 2423 navium
954 2390 1031 2423 illuc

289 2444 530 2477 adventantium
555 2443 769 2476 incolumitati
796 2453 1030 2486 usquequaque

231 2504 278 2523 wi
274 2502 501 2540 prospectum
528 2507 593 2530 non
619 2502 715 2529 esset.
740 2496 793 2529 llis
819 2495 1031 2539 plaescliptis

291 2603 323 2636 S.
356 2603 392 2635 R.
425 2603 459 2635 Ε.
492 2603 628 2637 diacono
665 2602 822 2636 cardinali
848 2601 1032 2646 Pamphilio

326 2666 338 2693 1
361 2665 432 2693 Edit.
454 2665 532 2693 main.
554 2665 617 2702 legit
637 2674 700 2694 cum
721 2673 769 2702 pro
789 2673 845 2692 non
866 2666 904 2700 (R.
921 2664 970 2701 τ..)

1065 1644 1162 1677 soliis
1150 1655 1209 1684 se
1230 1643 1289 1676 nisi
1310 1654 1346 1675 eo
1366 1643 1484 1685 iugiter
1502 1641 1726 1675 conservando
1746 1641 1806 1674 cii-

1066 1702 1272 1740 cumspectae
1311 1696 1497 1739 vigilantiae
1534 1701 1664 1728 nostrae
1697 1699 1806 1737 partes

1067 1753 1230 1796 propensa
1267 1751 1425 1783 charitate
1463 1749 1702 1792 adiungamus:
1731 1747 1807 1780 hinc

1067 1809 1116 1836 est
1141 1803 1227 1847 quod
1255 1814 1324 1842 uos,
1353 1802 1435 1835 felici
1466 1807 1709 1846 perpetuaeque
1735 1811 1808 1844 por-

1069 1863 1132 1897 tus,
1160 1857 1400 1900 aquaeductus,
1428 1856 1590 1898 totiusque
1617 1853 1726 1897 operis
1753 1854 1810 1886 hu-

1069 1910 1208 1942 iusmodi
1234 1909 1474 1942 conservationi
1503 1914 1534 1941 et
1557 1906 1810 1944 manutentioni,

1069 1968 1226 2006 quantum
1249 1963 1341 1995 uobis
1362 1973 1397 1995 ex
1421 1963 1485 1995 alto
1512 1961 1715 2001 conceditur,
1735 1971 1811 2004 pro-

1070 2016 1189 2056 videre,
1211 2027 1247 2048 ac
1273 2021 1485 2048 memoratum
1507 2014 1719 2048 Benedictum
1745 2025 1811 2047 car-

1070 2070 1212 2103 dinalem
1230 2069 1361 2112 speciali
1382 2069 1488 2112 aliqua
1510 2074 1660 2111 paternae
1680 2079 1716 2101 ac
1744 2077 1811 2110 gra-

1071 2129 1119 2155 tae
1146 2127 1273 2155 nostrae
1299 2121 1331 2154 in
1357 2132 1428 2154 eum
1454 2120 1629 2155 voluntatis
1656 2120 1811 2163 signitica-

1049 2201 1050 2213 ,
1072 2176 1157 2209 tione
1184 2175 1338 2218 prosequi
1357 2174 1536 2218 cupientes,
1559 2179 1648 2207 motu
1668 2174 1811 2217 proprio,

1073 2236 1103 2263 et
1128 2240 1162 2262 ex
1190 2231 1275 2261 certa
1313 2229 1450 2262 scientia
1475 2239 1510 2261 ac
1535 2228 1659 2260 matura
1692 2227 1814 2261 delibe-

1072 2284 1197 2316 ratione
1220 2283 1349 2323 nostris,
1373 2283 1477 2326 deque
1504 2282 1701 2326 apostolicae
1726 2286 1814 2325 pote-

1072 2337 1162 2369 statis
1188 2336 1403 2380 plenitudine,
1425 2336 1575 2368 eumdem
1601 2334 1811 2368 Benedictum

1073 2390 1271 2423 cardinalem
1310 2395 1424 2433 portus
1461 2388 1627 2433 praedicti,
1656 2388 1812 2430 quamdiu

1074 2443 1209 2481 vixerit,
1237 2448 1456 2486 protectorem
1484 2447 1515 2474 ct
1543 2440 1815 2484 superintendew

1076 2502 1137 2529 tem
1156 2498 1240 2533 (cum
1260 2495 1416 2538 plenaria.
1443 2495 1545 2527 libera
1573 2499 1603 2526 et
1628 2493 1815 2525 omnimoda

1075 2555 1246 2593 potestate,
1267 2550 1418 2581 facultate
1441 2554 1472 2580 et
1489 2547 1682 2579 auctoritate
1701 2556 1814 2578 omues

1076 2609 1108 2635 et
1142 2612 1361 2645 quascumque
1399 2600 1610 2643 pecuniarum
1647 2608 1812 2637 summas,

1077 2655 1202 2700 portui,
1231 2653 1446 2699 aquaeductui
1474 2658 1504 2686 et
1529 2652 1620 2697 operi
1647 2651 1813 2696 praefatis,
