<?xml version="1.0" encoding="UTF-8"?>
<!DOCTYPE html PUBLIC "-//W3C//DTD XHTML 1.0 Transitional//EN"
    "http://www.w3.org/TR/xhtml1/DTD/xhtml1-transitional.dtd">
<html xmlns="http://www.w3.org/1999/xhtml" xml:lang="en" lang="en">
 <head>
  <title>
</title>
<meta http-equiv="Content-Type" content="text/html;charset=utf-8" />
  <meta name='ocr-system' content='tesseract 3.04.00' />
  <meta name='ocr-capabilities' content='ocr_page ocr_carea ocr_par ocr_line ocrx_word'/>
</head>
<body>
  <div class='ocr_page' id='page_1' title='image "./bullarumdiplomat20cath_0290.png"; bbox 0 0 2254 3225; ppageno 0'>
   <div class='ocr_carea' id='block_1_1' title="bbox 272 285 454 312">
    <p class='ocr_par' dir='ltr' id='par_1_1' title="bbox 272 285 454 312">
     <span class='ocr_line' id='line_1_1' title="bbox 272 285 454 312; baseline 0 0"><span class='ocrx_word' id='word_1_1' title='bbox 272 285 322 312; x_wconf 79' lang='lat' dir='ltr'>Au.</span> <span class='ocrx_word' id='word_1_2' title='bbox 341 285 369 312; x_wconf 73' lang='lat' dir='ltr'>C.</span> <span class='ocrx_word' id='word_1_3' title='bbox 392 285 454 312; x_wconf 76' lang='lat'>1091</span> 
     </span>
    </p>
   </div>
   <div class='ocr_carea' id='block_1_2' title="bbox 442 277 1196 2697">
    <p class='ocr_par' dir='ltr' id='par_1_2' title="bbox 458 277 1196 538">
     <span class='ocr_line' id='line_1_2' title="bbox 506 277 568 311; baseline 0 0"><span class='ocrx_word' id='word_1_4' title='bbox 506 277 568 311; x_wconf 73' lang='lat'>‘238</span> 
     </span>
     <span class='ocr_line' id='line_1_3' title="bbox 460 336 1196 380; baseline 0.004 -14"><span class='ocrx_word' id='word_1_5' title='bbox 460 336 618 368; x_wconf 89' lang='lat' dir='ltr'>voluntati</span> <span class='ocrx_word' id='word_1_6' title='bbox 658 336 908 376; x_wconf 81' lang='lat' dir='ltr'>committentes,</span> <span class='ocrx_word' id='word_1_7' title='bbox 943 337 1026 369; x_wconf 85' lang='lat' dir='ltr'>nihil</span> <span class='ocrx_word' id='word_1_8' title='bbox 1062 337 1196 380; x_wconf 87' lang='lat' dir='ltr'>amplius</span> 
     </span>
     <span class='ocr_line' id='line_1_4' title="bbox 461 389 1196 432; baseline 0.001 -12"><span class='ocrx_word' id='word_1_9' title='bbox 461 398 555 430; x_wconf 88' lang='lat' dir='ltr'>quam</span> <span class='ocrx_word' id='word_1_10' title='bbox 581 389 648 421; x_wconf 88' lang='lat' dir='ltr'>eius</span> <span class='ocrx_word' id='word_1_11' title='bbox 674 389 816 421; x_wconf 89' lang='lat' dir='ltr'>divinum</span> <span class='ocrx_word' id='word_1_12' title='bbox 850 389 1088 432; x_wconf 89' lang='lat' dir='ltr'>beneplacitum</span> <span class='ocrx_word' id='word_1_13' title='bbox 1119 391 1196 422; x_wconf 90' lang='lat' dir='ltr'>ube-</span> 
     </span>
     <span class='ocr_line' id='line_1_5' title="bbox 460 440 1195 485; baseline 0.001 -13"><span class='ocrx_word' id='word_1_14' title='bbox 460 440 646 484; x_wconf 87' lang='lat' dir='ltr'>rioremque</span> <span class='ocrx_word' id='word_1_15' title='bbox 671 442 796 475; x_wconf 86' lang='lat' dir='ltr'>animae</span> <span class='ocrx_word' id='word_1_16' title='bbox 822 444 1002 485; x_wconf 79' lang='lat' dir='ltr'>profectum</span> <span class='ocrx_word' id='word_1_17' title='bbox 1029 442 1061 474; x_wconf 91' lang='lat' dir='ltr'>in</span> <span class='ocrx_word' id='word_1_18' title='bbox 1087 441 1195 474; x_wconf 79' lang='lat' dir='ltr'>liuius-</span> 
     </span>
     <span class='ocr_line' id='line_1_6' title="bbox 458 493 1176 538; baseline 0.003 -13"><span class='ocrx_word' id='word_1_19' title='bbox 458 493 546 526; x_wconf 82' lang='lat' dir='ltr'>modi</span> <span class='ocrx_word' id='word_1_20' title='bbox 572 495 726 527; x_wconf 75' lang='lat' dir='ltr'>exercitio</span> <span class='ocrx_word' id='word_1_21' title='bbox 751 495 919 528; x_wconf 76' lang='lat' dir='ltr'>intendere</span> <span class='ocrx_word' id='word_1_22' title='bbox 944 500 1176 538; x_wconf 76' lang='lat' dir='ltr'>protestentur.</span> 
     </span>
    </p>

    <p class='ocr_par' dir='ltr' id='par_1_3' title="bbox 444 547 1193 1538">
     <span class='ocr_line' id='line_1_7' title="bbox 501 547 1193 591; baseline 0.004 -14"><span class='ocrx_word' id='word_1_23' title='bbox 501 557 529 578; x_wconf 92' lang='lat' dir='ltr'>v.</span> <span class='ocrx_word' id='word_1_24' title='bbox 556 547 590 578; x_wconf 93' lang='lat' dir='ltr'>ln</span> <span class='ocrx_word' id='word_1_25' title='bbox 628 548 861 581; x_wconf 72' lang='lat' dir='ltr'>exercitatione</span> <span class='ocrx_word' id='word_1_26' title='bbox 898 559 1030 591; x_wconf 82' lang='lat' dir='ltr'>semper</span> <span class='ocrx_word' id='word_1_27' title='bbox 1064 549 1193 580; x_wconf 89' lang='lat' dir='ltr'>intelle-</span> 
     </span>
     <span class='ocr_line' id='line_1_8' title="bbox 456 600 1190 644; baseline 0.004 -15"><span class='ocrx_word' id='word_1_28' title='bbox 456 605 525 630; x_wconf 81' lang='lat' dir='ltr'>ctus</span> <span class='ocrx_word' id='word_1_29' title='bbox 560 600 714 632; x_wconf 69' lang='lat' dir='ltr'>voluntati</span> <span class='ocrx_word' id='word_1_30' title='bbox 751 601 851 633; x_wconf 80' lang='lat' dir='ltr'>facem</span> <span class='ocrx_word' id='word_1_31' title='bbox 884 602 1056 644; x_wconf 76' lang='lat' dir='ltr'>praeferat,</span> <span class='ocrx_word' id='word_1_32' title='bbox 1094 607 1128 632; x_wconf 88' lang='lat' dir='ltr'>ut</span> <span class='ocrx_word' id='word_1_33' title='bbox 1158 601 1190 632; x_wconf 89' lang='lat' dir='ltr'>in</span> 
     </span>
     <span class='ocr_line' id='line_1_9' title="bbox 455 652 1191 696; baseline 0.004 -14"><span class='ocrx_word' id='word_1_34' title='bbox 455 652 665 685; x_wconf 70' lang='lat' dir='ltr'>meditatione</span> <span class='ocrx_word' id='word_1_35' title='bbox 698 654 886 686; x_wconf 68' lang='lat' dir='ltr'>exardescat</span> <span class='ocrx_word' id='word_1_36' title='bbox 920 654 1017 696; x_wconf 73' lang='lat' dir='ltr'>ignis.</span> <span class='ocrx_word' id='word_1_37' title='bbox 1052 653 1141 685; x_wconf 88' lang='lat' dir='ltr'>Unde</span> <span class='ocrx_word' id='word_1_38' title='bbox 1173 664 1191 685; x_wconf 89' lang='lat' dir='ltr'>a</span> 
     </span>
     <span class='ocr_line' id='line_1_10' title="bbox 455 705 1190 749; baseline 0.001 -13"><span class='ocrx_word' id='word_1_39' title='bbox 455 705 609 737; x_wconf 83' lang='lat' dir='ltr'>materiae</span> <span class='ocrx_word' id='word_1_40' title='bbox 634 712 843 749; x_wconf 74' lang='lat' dir='ltr'>praeparatae</span> <span class='ocrx_word' id='word_1_41' title='bbox 879 706 1190 740; x_wconf 77' lang='lat' dir='ltr'>considerationibus</span> 
     </span>
     <span class='ocr_line' id='line_1_11' title="bbox 454 756 1188 799; baseline 0.003 -12"><span class='ocrx_word' id='word_1_42' title='bbox 454 756 783 799; x_wconf 79' lang='lat' dir='ltr'>incipientes,omnes</span> <span class='ocrx_word' id='word_1_43' title='bbox 803 759 889 791; x_wconf 82' lang='lat' dir='ltr'>illius</span> <span class='ocrx_word' id='word_1_44' title='bbox 915 769 1032 797; x_wconf 75' lang='lat' dir='ltr'>eausaS,</span> <span class='ocrx_word' id='word_1_45' title='bbox 1059 757 1188 790; x_wconf 76' lang='lat' dir='ltr'>effectus</span> 
     </span>
     <span class='ocr_line' id='line_1_12' title="bbox 454 809 1187 849; baseline 0.003 -9"><span class='ocrx_word' id='word_1_46' title='bbox 454 814 486 840; x_wconf 82' lang='lat' dir='ltr'>et.</span> <span class='ocrx_word' id='word_1_47' title='bbox 498 809 760 849; x_wconf 76' lang='lat' dir='ltr'>circumstantias,</span> <span class='ocrx_word' id='word_1_48' title='bbox 775 811 872 843; x_wconf 89' lang='lat' dir='ltr'>modo</span> <span class='ocrx_word' id='word_1_49' title='bbox 888 811 1108 849; x_wconf 82' lang='lat' dir='ltr'>discurrendo,</span> <span class='ocrx_word' id='word_1_50' title='bbox 1124 820 1187 842; x_wconf 34' lang='lat' dir='ltr'>mo*</span> 
     </span>
     <span class='ocr_line' id='line_1_13' title="bbox 453 862 1184 907; baseline 0.003 -14"><span class='ocrx_word' id='word_1_51' title='bbox 453 862 493 894; x_wconf 91' lang='lat' dir='ltr'>do</span> <span class='ocrx_word' id='word_1_52' title='bbox 518 864 739 905; x_wconf 82' lang='lat' dir='ltr'>ponderando,</span> <span class='ocrx_word' id='word_1_53' title='bbox 767 869 979 907; x_wconf 80' lang='lat' dir='ltr'>percurrant,</span> <span class='ocrx_word' id='word_1_54' title='bbox 1006 864 1184 906; x_wconf 84' lang='lat' dir='ltr'>usquedum</span> 
     </span>
     <span class='ocr_line' id='line_1_14' title="bbox 451 915 1183 958; baseline 0.001 -12"><span class='ocrx_word' id='word_1_55' title='bbox 451 915 491 947; x_wconf 86' lang='lat' dir='ltr'>ad</span> <span class='ocrx_word' id='word_1_56' title='bbox 509 916 646 958; x_wconf 88' lang='lat' dir='ltr'>aliquem</span> <span class='ocrx_word' id='word_1_57' title='bbox 665 916 814 949; x_wconf 87' lang='lat' dir='ltr'>devotum</span> <span class='ocrx_word' id='word_1_58' title='bbox 832 916 979 949; x_wconf 76' lang='lat' dir='ltr'>affectum</span> <span class='ocrx_word' id='word_1_59' title='bbox 996 917 1183 956; x_wconf 54' lang='lat' dir='ltr'>excitentuffi</span> 
     </span>
     <span class='ocr_line' id='line_1_15' title="bbox 450 969 1183 1011; baseline -0.001 -10"><span class='ocrx_word' id='word_1_60' title='bbox 450 975 527 1001; x_wconf 87' lang='lat' dir='ltr'>tunc</span> <span class='ocrx_word' id='word_1_61' title='bbox 554 969 638 1001; x_wconf 88' lang='lat' dir='ltr'>enim</span> <span class='ocrx_word' id='word_1_62' title='bbox 665 969 708 1001; x_wconf 88' lang='lat' dir='ltr'>ita</span> <span class='ocrx_word' id='word_1_63' title='bbox 732 969 839 1001; x_wconf 87' lang='lat' dir='ltr'>sinent</span> <span class='ocrx_word' id='word_1_64' title='bbox 869 970 1064 1002; x_wconf 88' lang='lat' dir='ltr'>voluntatem</span> <span class='ocrx_word' id='word_1_65' title='bbox 1101 979 1183 1011; x_wconf 88' lang='lat' dir='ltr'>opus</span> 
     </span>
     <span class='ocr_line' id='line_1_16' title="bbox 449 1020 1184 1064; baseline 0 -11"><span class='ocrx_word' id='word_1_66' title='bbox 449 1031 542 1054; x_wconf 87' lang='lat' dir='ltr'>suum</span> <span class='ocrx_word' id='word_1_67' title='bbox 569 1021 693 1064; x_wconf 79' lang='lat' dir='ltr'>exequi,</span> <span class='ocrx_word' id='word_1_68' title='bbox 719 1027 764 1061; x_wconf 89' lang='lat' dir='ltr'>ut,</span> <span class='ocrx_word' id='word_1_69' title='bbox 790 1027 912 1064; x_wconf 89' lang='lat' dir='ltr'>quanto</span> <span class='ocrx_word' id='word_1_70' title='bbox 939 1027 1086 1064; x_wconf 88' lang='lat' dir='ltr'>tempore</span> <span class='ocrx_word' id='word_1_71' title='bbox 1111 1020 1184 1053; x_wconf 78' lang='lat' dir='ltr'>affe-</span> 
     </span>
     <span class='ocr_line' id='line_1_17' title="bbox 449 1074 1183 1116; baseline 0 -11"><span class='ocrx_word' id='word_1_72' title='bbox 449 1079 519 1106; x_wconf 88' lang='lat' dir='ltr'>ctus</span> <span class='ocrx_word' id='word_1_73' title='bbox 544 1074 641 1106; x_wconf 86' lang='lat' dir='ltr'>afficit</span> <span class='ocrx_word' id='word_1_74' title='bbox 664 1074 817 1113; x_wconf 85' lang='lat' dir='ltr'>animum,</span> <span class='ocrx_word' id='word_1_75' title='bbox 844 1078 933 1106; x_wconf 88' lang='lat' dir='ltr'>tanto</span> <span class='ocrx_word' id='word_1_76' title='bbox 958 1074 990 1105; x_wconf 92' lang='lat' dir='ltr'>in</span> <span class='ocrx_word' id='word_1_77' title='bbox 1015 1084 1053 1106; x_wconf 91' lang='lat' dir='ltr'>eo</span> <span class='ocrx_word' id='word_1_78' title='bbox 1077 1083 1183 1116; x_wconf 85' lang='lat' dir='ltr'>perse-</span> 
     </span>
     <span class='ocr_line' id='line_1_18' title="bbox 447 1125 1181 1167; baseline 0 -10"><span class='ocrx_word' id='word_1_79' title='bbox 447 1132 577 1165; x_wconf 87' lang='lat' dir='ltr'>verent,</span> <span class='ocrx_word' id='word_1_80' title='bbox 604 1125 735 1158; x_wconf 90' lang='lat' dir='ltr'>minime</span> <span class='ocrx_word' id='word_1_81' title='bbox 761 1126 888 1158; x_wconf 88' lang='lat' dir='ltr'>interim</span> <span class='ocrx_word' id='word_1_82' title='bbox 913 1125 1062 1163; x_wconf 80' lang='lat' dir='ltr'>solliciti,</span> <span class='ocrx_word' id='word_1_83' title='bbox 1094 1125 1181 1167; x_wconf 89' lang='lat' dir='ltr'>quod</span> 
     </span>
     <span class='ocr_line' id='line_1_19' title="bbox 446 1178 1180 1221; baseline -0.001 -10"><span class='ocrx_word' id='word_1_84' title='bbox 446 1179 668 1211; x_wconf 88' lang='lat' dir='ltr'>meditandum</span> <span class='ocrx_word' id='word_1_85' title='bbox 707 1178 863 1221; x_wconf 86' lang='lat' dir='ltr'>supersit;</span> <span class='ocrx_word' id='word_1_86' title='bbox 901 1178 1040 1211; x_wconf 76' lang='lat' dir='ltr'>extincta</span> <span class='ocrx_word' id='word_1_87' title='bbox 1072 1182 1180 1210; x_wconf 87' lang='lat' dir='ltr'>tamen</span> 
     </span>
     <span class='ocr_line' id='line_1_20' title="bbox 446 1230 1179 1274; baseline 0 -12"><span class='ocrx_word' id='word_1_88' title='bbox 446 1230 621 1263; x_wconf 74' lang='lat' dir='ltr'>affectione·</span> <span class='ocrx_word' id='word_1_89' title='bbox 637 1232 687 1264; x_wconf 92' lang='lat' dir='ltr'>vel</span> <span class='ocrx_word' id='word_1_90' title='bbox 714 1236 900 1274; x_wconf 83' lang='lat' dir='ltr'>tepescente</span> <span class='ocrx_word' id='word_1_91' title='bbox 915 1257 922 1270; x_wconf 90' lang='lat'>,</span> <span class='ocrx_word' id='word_1_92' title='bbox 949 1230 988 1262; x_wconf 88' lang='lat' dir='ltr'>ad</span> <span class='ocrx_word' id='word_1_93' title='bbox 1013 1230 1108 1262; x_wconf 86' lang='lat' dir='ltr'>aliam</span> <span class='ocrx_word' id='word_1_94' title='bbox 1131 1231 1179 1262; x_wconf 90' lang='lat' dir='ltr'>vel</span> 
     </span>
     <span class='ocr_line' id='line_1_21' title="bbox 446 1283 1181 1323; baseline 0 -8"><span class='ocrx_word' id='word_1_95' title='bbox 446 1283 522 1315; x_wconf 85' lang='lat' dir='ltr'>alias</span> <span class='ocrx_word' id='word_1_96' title='bbox 557 1283 686 1316; x_wconf 71' lang='lat' dir='ltr'>affectus</span> <span class='ocrx_word' id='word_1_97' title='bbox 723 1283 920 1323; x_wconf 81' lang='lat' dir='ltr'>excitantes,</span> <span class='ocrx_word' id='word_1_98' title='bbox 949 1284 997 1315; x_wconf 89' lang='lat' dir='ltr'>vel</span> <span class='ocrx_word' id='word_1_99' title='bbox 1030 1283 1181 1316; x_wconf 87' lang='lat' dir='ltr'>discursi-</span> 
     </span>
     <span class='ocr_line' id='line_1_22' title="bbox 445 1337 1179 1380; baseline 0 -11"><span class='ocrx_word' id='word_1_100' title='bbox 445 1347 522 1375; x_wconf 87' lang='lat' dir='ltr'>vas,</span> <span class='ocrx_word' id='word_1_101' title='bbox 559 1338 607 1369; x_wconf 84' lang='lat' dir='ltr'>vel</span> <span class='ocrx_word' id='word_1_102' title='bbox 639 1337 868 1380; x_wconf 87' lang='lat' dir='ltr'>ponderativas</span> <span class='ocrx_word' id='word_1_103' title='bbox 905 1337 1179 1370; x_wconf 78' lang='lat' dir='ltr'>considerationes</span> 
     </span>
     <span class='ocr_line' id='line_1_23' title="bbox 445 1389 1177 1432; baseline 0 -10"><span class='ocrx_word' id='word_1_104' title='bbox 445 1390 591 1422; x_wconf 82' lang='lat' dir='ltr'>redeant.</span> <span class='ocrx_word' id='word_1_105' title='bbox 620 1389 653 1421; x_wconf 87' lang='lat' dir='ltr'>ln</span> <span class='ocrx_word' id='word_1_106' title='bbox 680 1389 795 1432; x_wconf 85' lang='lat' dir='ltr'>quibus</span> <span class='ocrx_word' id='word_1_107' title='bbox 821 1390 946 1422; x_wconf 83' lang='lat' dir='ltr'>actibus</span> <span class='ocrx_word' id='word_1_108' title='bbox 971 1400 1062 1422; x_wconf 86' lang='lat' dir='ltr'>aures</span> <span class='ocrx_word' id='word_1_109' title='bbox 1081 1391 1177 1422; x_wconf 89' lang='lat' dir='ltr'>veluti</span> 
     </span>
     <span class='ocr_line' id='line_1_24' title="bbox 444 1442 1179 1484; baseline 0 -10"><span class='ocrx_word' id='word_1_110' title='bbox 444 1442 565 1475; x_wconf 87' lang='lat' dir='ltr'>circulo</span> <span class='ocrx_word' id='word_1_111' title='bbox 579 1447 755 1481; x_wconf 89' lang='lat' dir='ltr'>versentur,</span> <span class='ocrx_word' id='word_1_112' title='bbox 771 1442 811 1474; x_wconf 88' lang='lat' dir='ltr'>ita</span> <span class='ocrx_word' id='word_1_113' title='bbox 826 1448 861 1474; x_wconf 90' lang='lat' dir='ltr'>ut</span> <span class='ocrx_word' id='word_1_114' title='bbox 874 1442 982 1474; x_wconf 89' lang='lat' dir='ltr'>omnia</span> <span class='ocrx_word' id='word_1_115' title='bbox 999 1442 1179 1484; x_wconf 78' lang='lat' dir='ltr'>dirigantur</span> 
     </span>
     <span class='ocr_line' id='line_1_25' title="bbox 445 1495 1132 1538; baseline -0.001 -11"><span class='ocrx_word' id='word_1_116' title='bbox 445 1495 483 1527; x_wconf 85' lang='lat' dir='ltr'>ad</span> <span class='ocrx_word' id='word_1_117' title='bbox 510 1506 603 1538; x_wconf 86' lang='lat' dir='ltr'>opus,</span> <span class='ocrx_word' id='word_1_118' title='bbox 624 1501 655 1528; x_wconf 87' lang='lat' dir='ltr'>et</span> <span class='ocrx_word' id='word_1_119' title='bbox 670 1495 740 1527; x_wconf 91' lang='lat' dir='ltr'>usui</span> <span class='ocrx_word' id='word_1_120' title='bbox 766 1495 918 1527; x_wconf 89' lang='lat' dir='ltr'>virtutum</span> <span class='ocrx_word' id='word_1_121' title='bbox 943 1495 1132 1527; x_wconf 81' lang='lat' dir='ltr'>inserviant.</span> 
     </span>
    </p>

    <p class='ocr_par' dir='ltr' id='par_1_4' title="bbox 442 1547 1184 2697">
     <span class='ocr_line' id='line_1_26' title="bbox 487 1547 1179 1589; baseline 0 -9"><span class='ocrx_word' id='word_1_122' title='bbox 487 1558 530 1580; x_wconf 76' lang='lat' dir='ltr'>vr.</span> <span class='ocrx_word' id='word_1_123' title='bbox 557 1548 621 1580; x_wconf 86' lang='lat' dir='ltr'>Iam</span> <span class='ocrx_word' id='word_1_124' title='bbox 646 1547 784 1580; x_wconf 89' lang='lat' dir='ltr'>orationi</span> <span class='ocrx_word' id='word_1_125' title='bbox 806 1547 902 1579; x_wconf 82' lang='lat' dir='ltr'>tinem</span> <span class='ocrx_word' id='word_1_126' title='bbox 927 1547 1107 1589; x_wconf 84' lang='lat' dir='ltr'>imposituri</span> <span class='ocrx_word' id='word_1_127' title='bbox 1126 1548 1179 1580; x_wconf 89' lang='lat' dir='ltr'>tri—</span> 
     </span>
     <span class='ocr_line' id='line_1_27' title="bbox 443 1600 1178 1642; baseline 0.001 -11"><span class='ocrx_word' id='word_1_128' title='bbox 443 1600 502 1632; x_wconf 87' lang='lat' dir='ltr'>bus</span> <span class='ocrx_word' id='word_1_129' title='bbox 527 1601 649 1633; x_wconf 88' lang='lat' dir='ltr'>actibus</span> <span class='ocrx_word' id='word_1_130' title='bbox 675 1611 745 1632; x_wconf 84' lang='lat' dir='ltr'>earn</span> <span class='ocrx_word' id='word_1_131' title='bbox 770 1600 977 1633; x_wconf 83' lang='lat' dir='ltr'>concludant:</span> <span class='ocrx_word' id='word_1_132' title='bbox 999 1600 1121 1642; x_wconf 88' lang='lat' dir='ltr'>primus</span> <span class='ocrx_word' id='word_1_133' title='bbox 1138 1601 1178 1632; x_wconf 90' lang='lat' dir='ltr'>sit</span> 
     </span>
     <span class='ocr_line' id='line_1_28' title="bbox 444 1653 1178 1696; baseline 0.003 -12"><span class='ocrx_word' id='word_1_134' title='bbox 444 1654 618 1695; x_wconf 74' lang='lat' dir='ltr'>gratiarum</span> <span class='ocrx_word' id='word_1_135' title='bbox 644 1653 737 1692; x_wconf 82' lang='lat' dir='ltr'>actio,</span> <span class='ocrx_word' id='word_1_136' title='bbox 762 1664 842 1696; x_wconf 85' lang='lat' dir='ltr'>qnae</span> <span class='ocrx_word' id='word_1_137' title='bbox 868 1663 904 1685; x_wconf 86' lang='lat' dir='ltr'>ex</span> <span class='ocrx_word' id='word_1_138' title='bbox 924 1653 988 1692; x_wconf 83' lang='lat' dir='ltr'>his,</span> <span class='ocrx_word' id='word_1_139' title='bbox 1015 1664 1096 1696; x_wconf 82' lang='lat' dir='ltr'>quae</span> <span class='ocrx_word' id='word_1_140' title='bbox 1117 1665 1178 1686; x_wconf 88' lang='lat' dir='ltr'>me-</span> 
     </span>
     <span class='ocr_line' id='line_1_29' title="bbox 444 1706 1176 1748; baseline 0.001 -10"><span class='ocrx_word' id='word_1_141' title='bbox 444 1706 533 1738; x_wconf 85' lang='lat' dir='ltr'>ditati</span> <span class='ocrx_word' id='word_1_142' title='bbox 560 1706 689 1745; x_wconf 82' lang='lat' dir='ltr'>suerint,</span> <span class='ocrx_word' id='word_1_143' title='bbox 715 1706 953 1748; x_wconf 87' lang='lat' dir='ltr'>quodammodo</span> <span class='ocrx_word' id='word_1_144' title='bbox 986 1706 1118 1746; x_wconf 89' lang='lat' dir='ltr'>oriatur,</span> <span class='ocrx_word' id='word_1_145' title='bbox 1147 1712 1176 1739; x_wconf 89' lang='lat' dir='ltr'>et</span> 
     </span>
     <span class='ocr_line' id='line_1_30' title="bbox 442 1759 1177 1802; baseline 0.003 -12"><span class='ocrx_word' id='word_1_146' title='bbox 442 1759 580 1791; x_wconf 68' lang='lat' dir='ltr'>maxime</span> <span class='ocrx_word' id='word_1_147' title='bbox 606 1760 645 1791; x_wconf 89' lang='lat' dir='ltr'>de</span> <span class='ocrx_word' id='word_1_148' title='bbox 671 1759 821 1791; x_wconf 86' lang='lat' dir='ltr'>omnibus</span> <span class='ocrx_word' id='word_1_149' title='bbox 846 1769 928 1801; x_wconf 86' lang='lat' dir='ltr'>quae</span> <span class='ocrx_word' id='word_1_150' title='bbox 959 1760 990 1791; x_wconf 90' lang='lat' dir='ltr'>in</span> <span class='ocrx_word' id='word_1_151' title='bbox 1026 1759 1097 1802; x_wconf 86' lang='lat' dir='ltr'>ipso</span> <span class='ocrx_word' id='word_1_152' title='bbox 1128 1770 1177 1792; x_wconf 91' lang='lat' dir='ltr'>ra-</span> 
     </span>
     <span class='ocr_line' id='line_1_31' title="bbox 443 1812 1178 1854; baseline 0.001 -10"><span class='ocrx_word' id='word_1_153' title='bbox 443 1813 540 1845; x_wconf 89' lang='lat' dir='ltr'>tionis</span> <span class='ocrx_word' id='word_1_154' title='bbox 565 1813 703 1844; x_wconf 87' lang='lat' dir='ltr'>decursu</span> <span class='ocrx_word' id='word_1_155' title='bbox 729 1822 746 1844; x_wconf 90' lang='lat' dir='ltr'>a</span> <span class='ocrx_word' id='word_1_156' title='bbox 772 1812 879 1844; x_wconf 82' lang='lat' dir='ltr'>divina</span> <span class='ocrx_word' id='word_1_157' title='bbox 903 1812 1104 1854; x_wconf 75' lang='lat' dir='ltr'>benignitate</span> <span class='ocrx_word' id='word_1_158' title='bbox 1128 1823 1178 1845; x_wconf 89' lang='lat' dir='ltr'>sn-</span> 
     </span>
     <span class='ocr_line' id='line_1_32' title="bbox 443 1865 1177 1908; baseline 0 -11"><span class='ocrx_word' id='word_1_159' title='bbox 443 1865 615 1908; x_wconf 81' lang='lat' dir='ltr'>sceperint,</span> <span class='ocrx_word' id='word_1_160' title='bbox 641 1865 755 1907; x_wconf 82' lang='lat' dir='ltr'>quibus</span> <span class='ocrx_word' id='word_1_161' title='bbox 781 1865 909 1897; x_wconf 88' lang='lat' dir='ltr'>tandem</span> <span class='ocrx_word' id='word_1_162' title='bbox 936 1875 994 1907; x_wconf 89' lang='lat' dir='ltr'>pro</span> <span class='ocrx_word' id='word_1_163' title='bbox 1014 1865 1177 1898; x_wconf 71' lang='lat' dir='ltr'>beneficiis</span> 
     </span>
     <span class='ocr_line' id='line_1_33' title="bbox 444 1917 1178 1961; baseline 0.003 -13"><span class='ocrx_word' id='word_1_164' title='bbox 444 1918 651 1959; x_wconf 74' lang='lat' dir='ltr'>generalibus</span> <span class='ocrx_word' id='word_1_165' title='bbox 677 1917 861 1956; x_wconf 77' lang='lat' dir='ltr'>creationis,</span> <span class='ocrx_word' id='word_1_166' title='bbox 883 1918 1115 1961; x_wconf 85' lang='lat' dir='ltr'>redemptionis</span> <span class='ocrx_word' id='word_1_167' title='bbox 1143 1929 1178 1951; x_wconf 90' lang='lat' dir='ltr'>ac</span> 
     </span>
     <span class='ocr_line' id='line_1_34' title="bbox 444 1969 1178 2011; baseline 0.003 -10"><span class='ocrx_word' id='word_1_168' title='bbox 444 1969 577 2011; x_wconf 85' lang='lat' dir='ltr'>reliquis</span> <span class='ocrx_word' id='word_1_169' title='bbox 602 1969 752 2002; x_wconf 89' lang='lat' dir='ltr'>omnibus</span> <span class='ocrx_word' id='word_1_170' title='bbox 782 1975 846 2002; x_wconf 87' lang='lat' dir='ltr'>tam</span> <span class='ocrx_word' id='word_1_171' title='bbox 870 1970 1042 2003; x_wconf 90' lang='lat' dir='ltr'>universali</span> <span class='ocrx_word' id='word_1_172' title='bbox 1068 1971 1178 2003; x_wconf 89' lang='lat' dir='ltr'>Eccle-</span> 
     </span>
     <span class='ocr_line' id='line_1_35' title="bbox 445 2022 1178 2066; baseline 0.004 -13"><span class='ocrx_word' id='word_1_173' title='bbox 445 2022 511 2053; x_wconf 86' lang='lat' dir='ltr'>siae</span> <span class='ocrx_word' id='word_1_174' title='bbox 540 2032 633 2064; x_wconf 85' lang='lat' dir='ltr'>quam</span> <span class='ocrx_word' id='word_1_175' title='bbox 661 2022 721 2054; x_wconf 88' lang='lat' dir='ltr'>sihi</span> <span class='ocrx_word' id='word_1_176' title='bbox 746 2022 909 2065; x_wconf 87' lang='lat' dir='ltr'>praestitis</span> <span class='ocrx_word' id='word_1_177' title='bbox 935 2029 1041 2065; x_wconf 81' lang='lat' dir='ltr'>grates</span> <span class='ocrx_word' id='word_1_178' title='bbox 1066 2033 1178 2066; x_wconf 90' lang='lat' dir='ltr'>super-</span> 
     </span>
     <span class='ocr_line' id='line_1_36' title="bbox 445 2075 1178 2119; baseline 0.004 -13"><span class='ocrx_word' id='word_1_179' title='bbox 445 2075 581 2113; x_wconf 85' lang='lat' dir='ltr'>addant;</span> <span class='ocrx_word' id='word_1_180' title='bbox 614 2075 774 2107; x_wconf 90' lang='lat' dir='ltr'>secundus</span> <span class='ocrx_word' id='word_1_181' title='bbox 800 2075 840 2108; x_wconf 89' lang='lat' dir='ltr'>sit</span> <span class='ocrx_word' id='word_1_182' title='bbox 865 2075 1004 2115; x_wconf 82' lang='lat' dir='ltr'>oblatio,</span> <span class='ocrx_word' id='word_1_183' title='bbox 1040 2087 1104 2119; x_wconf 86' lang='lat' dir='ltr'>qua</span> <span class='ocrx_word' id='word_1_184' title='bbox 1127 2088 1178 2109; x_wconf 85' lang='lat' dir='ltr'>ae-</span> 
     </span>
     <span class='ocr_line' id='line_1_37' title="bbox 445 2127 1177 2161; baseline 0.004 -3"><span class='ocrx_word' id='word_1_185' title='bbox 445 2133 539 2159; x_wconf 83' lang='lat' dir='ltr'>terno</span> <span class='ocrx_word' id='word_1_186' title='bbox 576 2127 657 2158; x_wconf 89' lang='lat' dir='ltr'>Patri</span> <span class='ocrx_word' id='word_1_187' title='bbox 689 2127 803 2160; x_wconf 88' lang='lat' dir='ltr'>merita</span> <span class='ocrx_word' id='word_1_188' title='bbox 835 2127 954 2160; x_wconf 86' lang='lat' dir='ltr'>Christi</span> <span class='ocrx_word' id='word_1_189' title='bbox 980 2133 1011 2161; x_wconf 90' lang='lat' dir='ltr'>et</span> <span class='ocrx_word' id='word_1_190' title='bbox 1034 2129 1177 2161; x_wconf 87' lang='lat' dir='ltr'>omnium</span> 
     </span>
     <span class='ocr_line' id='line_1_38' title="bbox 447 2180 1179 2224; baseline 0.004 -14"><span class='ocrx_word' id='word_1_191' title='bbox 447 2184 646 2218; x_wconf 88' lang='lat' dir='ltr'>sanctorum,</span> <span class='ocrx_word' id='word_1_192' title='bbox 671 2190 768 2222; x_wconf 87' lang='lat' dir='ltr'>seque</span> <span class='ocrx_word' id='word_1_193' title='bbox 793 2180 881 2223; x_wconf 90' lang='lat' dir='ltr'>ipsos</span> <span class='ocrx_word' id='word_1_194' title='bbox 901 2191 972 2213; x_wconf 91' lang='lat' dir='ltr'>cum</span> <span class='ocrx_word' id='word_1_195' title='bbox 990 2181 1064 2221; x_wconf 87' lang='lat' dir='ltr'>illis,</span> <span class='ocrx_word' id='word_1_196' title='bbox 1084 2187 1179 2224; x_wconf 88' lang='lat' dir='ltr'>atque</span> 
     </span>
     <span class='ocr_line' id='line_1_39' title="bbox 448 2232 1180 2276; baseline 0.004 -13"><span class='ocrx_word' id='word_1_197' title='bbox 448 2232 556 2264; x_wconf 89' lang='lat' dir='ltr'>omnia</span> <span class='ocrx_word' id='word_1_198' title='bbox 581 2242 637 2264; x_wconf 86' lang='lat' dir='ltr'>sua</span> <span class='ocrx_word' id='word_1_199' title='bbox 661 2243 760 2274; x_wconf 86' lang='lat' dir='ltr'>opera</span> <span class='ocrx_word' id='word_1_200' title='bbox 777 2243 850 2265; x_wconf 89' lang='lat' dir='ltr'>cum</span> <span class='ocrx_word' id='word_1_201' title='bbox 873 2233 1017 2276; x_wconf 76' lang='lat' dir='ltr'>perfecta</span> <span class='ocrx_word' id='word_1_202' title='bbox 1042 2233 1180 2276; x_wconf 79' lang='lat' dir='ltr'>resigna-</span> 
     </span>
     <span class='ocr_line' id='line_1_40' title="bbox 448 2284 1181 2328; baseline 0.003 -12"><span class='ocrx_word' id='word_1_203' title='bbox 448 2285 535 2318; x_wconf 89' lang='lat' dir='ltr'>tione</span> <span class='ocrx_word' id='word_1_204' title='bbox 560 2284 593 2316; x_wconf 90' lang='lat' dir='ltr'>in</span> <span class='ocrx_word' id='word_1_205' title='bbox 618 2295 714 2317; x_wconf 89' lang='lat' dir='ltr'>omne</span> <span class='ocrx_word' id='word_1_206' title='bbox 746 2285 802 2318; x_wconf 88' lang='lat' dir='ltr'>Dei</span> <span class='ocrx_word' id='word_1_207' title='bbox 831 2285 1073 2328; x_wconf 86' lang='lat' dir='ltr'>beneplacitum</span> <span class='ocrx_word' id='word_1_208' title='bbox 1105 2285 1181 2318; x_wconf 78' lang='lat' dir='ltr'>oss&#39;e-</span> 
     </span>
     <span class='ocr_line' id='line_1_41' title="bbox 447 2337 1180 2381; baseline 0.001 -12"><span class='ocrx_word' id='word_1_209' title='bbox 447 2343 538 2377; x_wconf 87' lang='lat' dir='ltr'>rant;</span> <span class='ocrx_word' id='word_1_210' title='bbox 565 2337 678 2370; x_wconf 90' lang='lat' dir='ltr'>tertius</span> <span class='ocrx_word' id='word_1_211' title='bbox 704 2338 844 2380; x_wconf 84' lang='lat' dir='ltr'>denique</span> <span class='ocrx_word' id='word_1_212' title='bbox 863 2339 905 2370; x_wconf 91' lang='lat' dir='ltr'>sit</span> <span class='ocrx_word' id='word_1_213' title='bbox 922 2339 1036 2381; x_wconf 90' lang='lat' dir='ltr'>petitio</span> <span class='ocrx_word' id='word_1_214' title='bbox 1057 2349 1180 2377; x_wconf 88' lang='lat' dir='ltr'>eorum,</span> 
     </span>
     <span class='ocr_line' id='line_1_42' title="bbox 449 2390 1181 2433; baseline 0.003 -12"><span class='ocrx_word' id='word_1_215' title='bbox 449 2400 529 2432; x_wconf 88' lang='lat' dir='ltr'>quae</span> <span class='ocrx_word' id='word_1_216' title='bbox 551 2390 590 2422; x_wconf 88' lang='lat' dir='ltr'>ad</span> <span class='ocrx_word' id='word_1_217' title='bbox 615 2395 779 2422; x_wconf 84' lang='lat' dir='ltr'>aeternam</span> <span class='ocrx_word' id='word_1_218' title='bbox 805 2392 941 2423; x_wconf 89' lang='lat' dir='ltr'>salutem</span> <span class='ocrx_word' id='word_1_219' title='bbox 965 2401 1025 2433; x_wconf 91' lang='lat' dir='ltr'>pro</span> <span class='ocrx_word' id='word_1_220' title='bbox 1051 2402 1084 2424; x_wconf 85' lang='lat' dir='ltr'>se</span> <span class='ocrx_word' id='word_1_221' title='bbox 1110 2396 1181 2423; x_wconf 89' lang='lat' dir='ltr'>sunt</span> 
     </span>
     <span class='ocr_line' id='line_1_43' title="bbox 447 2443 1182 2488; baseline 0.003 -14"><span class='ocrx_word' id='word_1_222' title='bbox 447 2443 640 2481; x_wconf 84' lang='lat' dir='ltr'>necessaria,</span> <span class='ocrx_word' id='word_1_223' title='bbox 666 2443 782 2488; x_wconf 81' lang='lat' dir='ltr'>deinde</span> <span class='ocrx_word' id='word_1_224' title='bbox 806 2454 864 2486; x_wconf 91' lang='lat' dir='ltr'>pro</span> <span class='ocrx_word' id='word_1_225' title='bbox 895 2444 1069 2476; x_wconf 87' lang='lat' dir='ltr'>universali</span> <span class='ocrx_word' id='word_1_226' title='bbox 1098 2449 1182 2476; x_wconf 83' lang='lat' dir='ltr'>statu</span> 
     </span>
     <span class='ocr_line' id='line_1_44' title="bbox 448 2495 1183 2539; baseline 0.003 -12"><span class='ocrx_word' id='word_1_227' title='bbox 448 2495 546 2527; x_wconf 88' lang='lat' dir='ltr'>totius</span> <span class='ocrx_word' id='word_1_228' title='bbox 567 2495 737 2535; x_wconf 84' lang='lat' dir='ltr'>Ecclesiae,</span> <span class='ocrx_word' id='word_1_229' title='bbox 762 2506 821 2539; x_wconf 89' lang='lat' dir='ltr'>pro</span> <span class='ocrx_word' id='word_1_230' title='bbox 845 2507 995 2539; x_wconf 88' lang='lat' dir='ltr'>supremo</span> <span class='ocrx_word' id='word_1_231' title='bbox 1020 2496 1105 2529; x_wconf 88' lang='lat' dir='ltr'>illius</span> <span class='ocrx_word' id='word_1_232' title='bbox 1128 2507 1183 2539; x_wconf 85' lang='lat' dir='ltr'>pa-</span> 
     </span>
     <span class='ocr_line' id='line_1_45' title="bbox 449 2548 1183 2592; baseline 0.001 -12"><span class='ocrx_word' id='word_1_233' title='bbox 449 2552 535 2580; x_wconf 87' lang='lat' dir='ltr'>store</span> <span class='ocrx_word' id='word_1_234' title='bbox 556 2553 587 2581; x_wconf 89' lang='lat' dir='ltr'>et</span> <span class='ocrx_word' id='word_1_235' title='bbox 611 2548 753 2588; x_wconf 87' lang='lat' dir='ltr'>domino,</span> <span class='ocrx_word' id='word_1_236' title='bbox 774 2549 1000 2592; x_wconf 90' lang='lat' dir='ltr'>universisque</span> <span class='ocrx_word' id='word_1_237' title='bbox 1020 2549 1183 2592; x_wconf 89' lang='lat' dir='ltr'>praelatis,</span> 
     </span>
     <span class='ocr_line' id='line_1_46' title="bbox 448 2600 1184 2644; baseline 0.003 -12"><span class='ocrx_word' id='word_1_238' title='bbox 448 2611 509 2643; x_wconf 88' lang='lat' dir='ltr'>pro</span> <span class='ocrx_word' id='word_1_239' title='bbox 532 2600 664 2643; x_wconf 84' lang='lat' dir='ltr'>regibus</span> <span class='ocrx_word' id='word_1_240' title='bbox 690 2606 721 2633; x_wconf 89' lang='lat' dir='ltr'>et</span> <span class='ocrx_word' id='word_1_241' title='bbox 744 2600 955 2644; x_wconf 85' lang='lat' dir='ltr'>principibus,</span> <span class='ocrx_word' id='word_1_242' title='bbox 974 2611 1033 2644; x_wconf 89' lang='lat' dir='ltr'>pro</span> <span class='ocrx_word' id='word_1_243' title='bbox 1058 2602 1184 2644; x_wconf 83' lang='lat' dir='ltr'>praela-</span> 
     </span>
     <span class='ocr_line' id='line_1_47' title="bbox 451 2653 1181 2697; baseline 0.001 -12"><span class='ocrx_word' id='word_1_244' title='bbox 451 2653 488 2686; x_wconf 86' lang='lat' dir='ltr'>tis</span> <span class='ocrx_word' id='word_1_245' title='bbox 528 2658 560 2685; x_wconf 88' lang='lat' dir='ltr'>et</span> <span class='ocrx_word' id='word_1_246' title='bbox 596 2653 855 2695; x_wconf 83' lang='lat' dir='ltr'>redemptoribus</span> <span class='ocrx_word' id='word_1_247' title='bbox 894 2653 996 2697; x_wconf 88' lang='lat' dir='ltr'>nostri</span> <span class='ocrx_word' id='word_1_248' title='bbox 1033 2653 1181 2694; x_wconf 86' lang='lat' dir='ltr'>Ordinis,</span> 
     </span>
    </p>
   </div>
   <div class='ocr_carea' id='block_1_3' title="bbox 1200 457 1215 1165">
    <p class='ocr_par' dir='ltr' id='par_1_5' title="bbox 1200 457 1215 1165">
     <span class='ocr_line' id='line_1_48' title="bbox 1200 457 1215 1165; baseline 0 0"><span class='ocrx_word' id='word_1_249' title='bbox 1200 457 1215 1165; x_wconf 95' lang='lat' dir='ltr'> </span> 
     </span>
    </p>
   </div>
   <div class='ocr_carea' id='block_1_4' title="bbox 1031 289 1385 312">
    <p class='ocr_par' dir='ltr' id='par_1_6' title="bbox 1031 289 1385 312">
     <span class='ocr_line' id='line_1_49' title="bbox 1031 289 1385 312; baseline 0 0"><span class='ocrx_word' id='word_1_250' title='bbox 1031 289 1209 312; x_wconf 64' lang='lat' dir='ltr'>BULLARHJM</span> <span class='ocrx_word' id='word_1_251' title='bbox 1233 289 1385 312; x_wconf 67' lang='lat' dir='ltr'>nmmum</span> 
     </span>
    </p>
   </div>
   <div class='ocr_carea' id='block_1_5' title="bbox 1218 335 1972 2698">
    <p class='ocr_par' dir='ltr' id='par_1_7' title="bbox 1218 335 1972 2698">
     <span class='ocr_line' id='line_1_50' title="bbox 1240 335 1971 379; baseline 0 -11"><span class='ocrx_word' id='word_1_252' title='bbox 1240 337 1373 379; x_wconf 83' lang='lat' dir='ltr'>eiusque</span> <span class='ocrx_word' id='word_1_253' title='bbox 1408 335 1689 375; x_wconf 80' lang='lat' dir='ltr'>benefactoribus,</span> <span class='ocrx_word' id='word_1_254' title='bbox 1725 335 1971 368; x_wconf 83' lang='lat' dir='ltr'>conservatione</span> 
     </span>
     <span class='ocr_line' id='line_1_51' title="bbox 1238 387 1972 431; baseline -0.001 -11"><span class='ocrx_word' id='word_1_255' title='bbox 1238 394 1270 420; x_wconf 92' lang='lat' dir='ltr'>et</span> <span class='ocrx_word' id='word_1_256' title='bbox 1294 394 1500 431; x_wconf 79' lang='lat' dir='ltr'>augumento,</span> <span class='ocrx_word' id='word_1_257' title='bbox 1530 393 1561 420; x_wconf 90' lang='lat' dir='ltr'>et</span> <span class='ocrx_word' id='word_1_258' title='bbox 1585 388 1818 430; x_wconf 84' lang='lat' dir='ltr'>specialissime</span> <span class='ocrx_word' id='word_1_259' title='bbox 1842 398 1901 430; x_wconf 86' lang='lat' dir='ltr'>pro</span> <span class='ocrx_word' id='word_1_260' title='bbox 1937 387 1972 419; x_wconf 84' lang='lat' dir='ltr'>fi-</span> 
     </span>
     <span class='ocr_line' id='line_1_52' title="bbox 1237 440 1970 484; baseline 0.001 -12"><span class='ocrx_word' id='word_1_261' title='bbox 1237 441 1363 474; x_wconf 89' lang='lat' dir='ltr'>delibus</span> <span class='ocrx_word' id='word_1_262' title='bbox 1401 441 1545 484; x_wconf 88' lang='lat' dir='ltr'>captivis,</span> <span class='ocrx_word' id='word_1_263' title='bbox 1578 441 1631 484; x_wconf 88' lang='lat' dir='ltr'>qui</span> <span class='ocrx_word' id='word_1_264' title='bbox 1667 441 1699 472; x_wconf 92' lang='lat' dir='ltr'>in</span> <span class='ocrx_word' id='word_1_265' title='bbox 1735 440 1970 473; x_wconf 85' lang='lat' dir='ltr'>Saracenorum</span> 
     </span>
     <span class='ocr_line' id='line_1_53' title="bbox 1236 493 1971 536; baseline 0 -10"><span class='ocrx_word' id='word_1_266' title='bbox 1236 498 1392 535; x_wconf 83' lang='lat' dir='ltr'>potestate</span> <span class='ocrx_word' id='word_1_267' title='bbox 1418 494 1606 526; x_wconf 83' lang='lat' dir='ltr'>detinentur</span> <span class='ocrx_word' id='word_1_268' title='bbox 1636 495 1686 526; x_wconf 93' lang='lat' dir='ltr'>vel</span> <span class='ocrx_word' id='word_1_269' title='bbox 1710 498 1786 526; x_wconf 89' lang='lat' dir='ltr'>sunt</span> <span class='ocrx_word' id='word_1_270' title='bbox 1820 493 1852 525; x_wconf 92' lang='lat' dir='ltr'>in</span> <span class='ocrx_word' id='word_1_271' title='bbox 1883 504 1971 536; x_wconf 80' lang='lat' dir='ltr'>peri-</span> 
     </span>
     <span class='ocr_line' id='line_1_54' title="bbox 1235 546 1968 589; baseline 0.003 -12"><span class='ocrx_word' id='word_1_272' title='bbox 1235 547 1308 578; x_wconf 83' lang='lat' dir='ltr'>culo</span> <span class='ocrx_word' id='word_1_273' title='bbox 1333 547 1531 579; x_wconf 83' lang='lat' dir='ltr'>abiurandae</span> <span class='ocrx_word' id='word_1_274' title='bbox 1555 547 1656 586; x_wconf 86' lang='lat' dir='ltr'>Fidei,</span> <span class='ocrx_word' id='word_1_275' title='bbox 1691 552 1722 579; x_wconf 92' lang='lat' dir='ltr'>et</span> <span class='ocrx_word' id='word_1_276' title='bbox 1753 556 1811 589; x_wconf 92' lang='lat' dir='ltr'>pro</span> <span class='ocrx_word' id='word_1_277' title='bbox 1837 546 1968 579; x_wconf 81' lang='lat' dir='ltr'>fratrum</span> 
     </span>
     <span class='ocr_line' id='line_1_55' title="bbox 1234 599 1967 642; baseline 0.003 -12"><span class='ocrx_word' id='word_1_278' title='bbox 1234 599 1497 641; x_wconf 84' lang='lat' dir='ltr'>captivorumque</span> <span class='ocrx_word' id='word_1_279' title='bbox 1522 599 1690 632; x_wconf 87' lang='lat' dir='ltr'>animabus</span> <span class='ocrx_word' id='word_1_280' title='bbox 1715 599 1747 631; x_wconf 93' lang='lat' dir='ltr'>in</span> <span class='ocrx_word' id='word_1_281' title='bbox 1779 599 1967 642; x_wconf 86' lang='lat' dir='ltr'>purgatorio</span> 
     </span>
     <span class='ocr_line' id='line_1_56' title="bbox 1233 651 1967 694; baseline 0 -11"><span class='ocrx_word' id='word_1_282' title='bbox 1233 651 1379 692; x_wconf 85' lang='lat' dir='ltr'>detentis,</span> <span class='ocrx_word' id='word_1_283' title='bbox 1397 652 1552 684; x_wconf 88' lang='lat' dir='ltr'>adhibitis</span> <span class='ocrx_word' id='word_1_284' title='bbox 1569 653 1663 685; x_wconf 87' lang='lat' dir='ltr'>etiam</span> <span class='ocrx_word' id='word_1_285' title='bbox 1680 653 1714 684; x_wconf 88' lang='lat' dir='ltr'>B.</span> <span class='ocrx_word' id='word_1_286' title='bbox 1738 651 1886 694; x_wconf 75' lang='lat' dir='ltr'>Virginis,</span> <span class='ocrx_word' id='word_1_287' title='bbox 1911 661 1967 684; x_wconf 89' lang='lat' dir='ltr'>an-</span> 
     </span>
     <span class='ocr_line' id='line_1_57' title="bbox 1232 704 1962 744; baseline 0.004 -9"><span class='ocrx_word' id='word_1_288' title='bbox 1232 704 1377 744; x_wconf 80' lang='lat' dir='ltr'>gelorum</span> <span class='ocrx_word' id='word_1_289' title='bbox 1399 709 1430 737; x_wconf 89' lang='lat' dir='ltr'>et</span> <span class='ocrx_word' id='word_1_290' title='bbox 1453 710 1637 737; x_wconf 87' lang='lat' dir='ltr'>sanctorum</span> <span class='ocrx_word' id='word_1_291' title='bbox 1662 704 1962 738; x_wconf 86' lang='lat' dir='ltr'>intercessionibus.</span> 
     </span>
     <span class='ocr_line' id='line_1_58' title="bbox 1274 757 1965 790; baseline 0.004 -3"><span class='ocrx_word' id='word_1_292' title='bbox 1274 765 1329 788; x_wconf 82' lang='lat' dir='ltr'>vu.</span> <span class='ocrx_word' id='word_1_293' title='bbox 1357 757 1444 789; x_wconf 84' lang='lat' dir='ltr'>Hanc</span> <span class='ocrx_word' id='word_1_294' title='bbox 1469 763 1575 790; x_wconf 88' lang='lat' dir='ltr'>autem</span> <span class='ocrx_word' id='word_1_295' title='bbox 1605 758 1718 790; x_wconf 88' lang='lat' dir='ltr'>orandi</span> <span class='ocrx_word' id='word_1_296' title='bbox 1749 758 1883 790; x_wconf 86' lang='lat' dir='ltr'>sormam</span> <span class='ocrx_word' id='word_1_297' title='bbox 1919 758 1965 790; x_wconf 91' lang='lat' dir='ltr'>sic</span> 
     </span>
     <span class='ocr_line' id='line_1_59' title="bbox 1230 810 1962 853; baseline 0.005 -14"><span class='ocrx_word' id='word_1_298' title='bbox 1230 818 1322 840; x_wconf 88' lang='lat' dir='ltr'>mane</span> <span class='ocrx_word' id='word_1_299' title='bbox 1357 815 1388 841; x_wconf 87' lang='lat' dir='ltr'>ct</span> <span class='ocrx_word' id='word_1_300' title='bbox 1423 820 1555 853; x_wconf 85' lang='lat' dir='ltr'>vespere</span> <span class='ocrx_word' id='word_1_301' title='bbox 1592 810 1828 853; x_wconf 85' lang='lat' dir='ltr'>implebimus:</span> <span class='ocrx_word' id='word_1_302' title='bbox 1855 811 1962 844; x_wconf 88' lang='lat' dir='ltr'>Primo</span> 
     </span>
     <span class='ocr_line' id='line_1_60' title="bbox 1229 860 1962 902; baseline 0.005 -11"><span class='ocrx_word' id='word_1_303' title='bbox 1229 860 1313 892; x_wconf 92' lang='lat' dir='ltr'>enim</span> <span class='ocrx_word' id='word_1_304' title='bbox 1340 866 1412 894; x_wconf 90' lang='lat' dir='ltr'>ante</span> <span class='ocrx_word' id='word_1_305' title='bbox 1438 862 1585 902; x_wconf 86' lang='lat' dir='ltr'>Primam,</span> <span class='ocrx_word' id='word_1_306' title='bbox 1605 873 1674 895; x_wconf 89' lang='lat' dir='ltr'>cum</span> <span class='ocrx_word' id='word_1_307' title='bbox 1700 862 1763 895; x_wconf 89' lang='lat' dir='ltr'>iam</span> <span class='ocrx_word' id='word_1_308' title='bbox 1790 863 1904 895; x_wconf 84' lang='lat' dir='ltr'>fratres</span> <span class='ocrx_word' id='word_1_309' title='bbox 1929 863 1962 895; x_wconf 90' lang='lat' dir='ltr'>in</span> 
     </span>
     <span class='ocr_line' id='line_1_61' title="bbox 1227 913 1960 955; baseline 0.005 -11"><span class='ocrx_word' id='word_1_310' title='bbox 1227 913 1326 946; x_wconf 90' lang='lat' dir='ltr'>choro</span> <span class='ocrx_word' id='word_1_311' title='bbox 1343 916 1560 955; x_wconf 86' lang='lat' dir='ltr'>convenerint,</span> <span class='ocrx_word' id='word_1_312' title='bbox 1579 916 1622 947; x_wconf 91' lang='lat' dir='ltr'>ibi</span> <span class='ocrx_word' id='word_1_313' title='bbox 1644 921 1716 948; x_wconf 87' lang='lat' dir='ltr'>ante</span> <span class='ocrx_word' id='word_1_314' title='bbox 1743 916 1851 948; x_wconf 86' lang='lat' dir='ltr'>onmia</span> <span class='ocrx_word' id='word_1_315' title='bbox 1871 916 1960 949; x_wconf 75' lang='lat' dir='ltr'>flexis</span> 
     </span>
     <span class='ocr_line' id='line_1_62' title="bbox 1226 966 1961 1011; baseline 0.007 -14"><span class='ocrx_word' id='word_1_316' title='bbox 1226 966 1362 1006; x_wconf 78' lang='lat' dir='ltr'>genibus</span> <span class='ocrx_word' id='word_1_317' title='bbox 1388 966 1526 1010; x_wconf 86' lang='lat' dir='ltr'>Spiritus</span> <span class='ocrx_word' id='word_1_318' title='bbox 1551 968 1657 1000; x_wconf 84' lang='lat' dir='ltr'>Sancti</span> <span class='ocrx_word' id='word_1_319' title='bbox 1683 969 1819 1010; x_wconf 83' lang='lat' dir='ltr'>gratiam</span> <span class='ocrx_word' id='word_1_320' title='bbox 1842 969 1961 1011; x_wconf 71' lang='lat' dir='ltr'>suppli-</span> 
     </span>
     <span class='ocr_line' id='line_1_63' title="bbox 1226 1018 1960 1064; baseline 0.007 -15"><span class='ocrx_word' id='word_1_321' title='bbox 1226 1018 1305 1050; x_wconf 85' lang='lat' dir='ltr'>citer</span> <span class='ocrx_word' id='word_1_322' title='bbox 1325 1025 1472 1060; x_wconf 73' lang='lat' dir='ltr'>exorent‚</span> <span class='ocrx_word' id='word_1_323' title='bbox 1493 1020 1635 1053; x_wconf 88' lang='lat' dir='ltr'>dicentes</span> <span class='ocrx_word' id='word_1_324' title='bbox 1656 1021 1881 1064; x_wconf 84' lang='lat' dir='ltr'>antiphonam:</span> <span class='ocrx_word' id='word_1_325' title='bbox 1906 1022 1960 1054; x_wconf 85' lang='lat' dir='ltr'>Ve-</span> 
     </span>
     <span class='ocr_line' id='line_1_64' title="bbox 1224 1071 1960 1116; baseline 0.007 -15"><span class='ocrx_word' id='word_1_326' title='bbox 1224 1071 1270 1109; x_wconf 80' lang='lat' dir='ltr'>ni,</span> <span class='ocrx_word' id='word_1_327' title='bbox 1290 1075 1398 1103; x_wconf 72' lang='lat' dir='ltr'>sancte</span> <span class='ocrx_word' id='word_1_328' title='bbox 1416 1072 1573 1114; x_wconf 78' lang='lat' dir='ltr'>Spiritus,</span> <span class='ocrx_word' id='word_1_329' title='bbox 1598 1077 1654 1105; x_wconf 86' lang='lat' dir='ltr'>etc.</span> <span class='ocrx_word' id='word_1_330' title='bbox 1674 1073 1740 1106; x_wconf 76' lang='lat' dir='ltr'>Sub</span> <span class='ocrx_word' id='word_1_331' title='bbox 1758 1078 1850 1106; x_wconf 81' lang='lat' dir='ltr'>tuum</span> <span class='ocrx_word' id='word_1_332' title='bbox 1866 1084 1960 1116; x_wconf 85' lang='lat' dir='ltr'>prae-</span> 
     </span>
     <span class='ocr_line' id='line_1_65' title="bbox 1223 1122 1959 1169; baseline 0.007 -16"><span class='ocrx_word' id='word_1_333' title='bbox 1223 1122 1347 1154; x_wconf 70' lang='lat' dir='ltr'>sidium</span> <span class='ocrx_word' id='word_1_334' title='bbox 1371 1125 1587 1167; x_wconf 71' lang='lat' dir='ltr'>confthimus,</span> <span class='ocrx_word' id='word_1_335' title='bbox 1615 1129 1672 1157; x_wconf 85' lang='lat' dir='ltr'>etc.</span> <span class='ocrx_word' id='word_1_336' title='bbox 1698 1126 1729 1166; x_wconf 56' lang='lat' dir='ltr'>pl.</span> <span class='ocrx_word' id='word_1_337' title='bbox 1754 1126 1876 1166; x_wconf 76' lang='lat' dir='ltr'>Emitte</span> <span class='ocrx_word' id='word_1_338' title='bbox 1895 1127 1959 1169; x_wconf 80' lang='lat' dir='ltr'>spi-</span> 
     </span>
     <span class='ocr_line' id='line_1_66' title="bbox 1223 1175 1958 1221; baseline 0.007 -15"><span class='ocrx_word' id='word_1_339' title='bbox 1223 1175 1323 1207; x_wconf 77' lang='lat' dir='ltr'>ritum</span> <span class='ocrx_word' id='word_1_340' title='bbox 1349 1180 1451 1218; x_wconf 82' lang='lat' dir='ltr'>tuum,</span> <span class='ocrx_word' id='word_1_341' title='bbox 1476 1182 1534 1209; x_wconf 85' lang='lat' dir='ltr'>etc.</span> <span class='ocrx_word' id='word_1_342' title='bbox 1561 1176 1627 1210; x_wconf 82' lang='lat' dir='ltr'>Ora</span> <span class='ocrx_word' id='word_1_343' title='bbox 1647 1188 1708 1221; x_wconf 80' lang='lat' dir='ltr'>pro</span> <span class='ocrx_word' id='word_1_344' title='bbox 1731 1179 1822 1211; x_wconf 82' lang='lat' dir='ltr'>nobis</span> <span class='ocrx_word' id='word_1_345' title='bbox 1846 1184 1958 1211; x_wconf 79' lang='lat' dir='ltr'>sancta</span> 
     </span>
     <span class='ocr_line' id='line_1_67' title="bbox 1223 1227 1955 1274; baseline 0.007 -15"><span class='ocrx_word' id='word_1_346' title='bbox 1223 1227 1282 1259; x_wconf 77' lang='lat' dir='ltr'>Dei</span> <span class='ocrx_word' id='word_1_347' title='bbox 1300 1228 1461 1269; x_wconf 73' lang='lat' dir='ltr'>Genilrioe,</span> <span class='ocrx_word' id='word_1_348' title='bbox 1484 1235 1540 1262; x_wconf 88' lang='lat' dir='ltr'>etc.</span> <span class='ocrx_word' id='word_1_349' title='bbox 1560 1230 1672 1263; x_wconf 76' lang='lat' dir='ltr'>Salvos</span> <span class='ocrx_word' id='word_1_350' title='bbox 1690 1232 1741 1274; x_wconf 82' lang='lat' dir='ltr'>fac</span> <span class='ocrx_word' id='word_1_351' title='bbox 1757 1242 1860 1264; x_wconf 80' lang='lat' dir='ltr'>servos</span> <span class='ocrx_word' id='word_1_352' title='bbox 1877 1237 1955 1272; x_wconf 81' lang='lat' dir='ltr'>tuns,</span> 
     </span>
     <span class='ocr_line' id='line_1_68' title="bbox 1222 1281 1956 1323; baseline 0.008 -12"><span class='ocrx_word' id='word_1_353' title='bbox 1222 1285 1279 1312; x_wconf 82' lang='lat' dir='ltr'>ete.</span> <span class='ocrx_word' id='word_1_354' title='bbox 1306 1281 1442 1314; x_wconf 79' lang='lat' dir='ltr'>Domine</span> <span class='ocrx_word' id='word_1_355' title='bbox 1466 1283 1596 1323; x_wconf 70' lang='lat' dir='ltr'>exandi,</span> <span class='ocrx_word' id='word_1_356' title='bbox 1620 1288 1677 1316; x_wconf 83' lang='lat' dir='ltr'>etc.</span> <span class='ocrx_word' id='word_1_357' title='bbox 1711 1285 1873 1317; x_wconf 82' lang='lat' dir='ltr'>Dominus</span> <span class='ocrx_word' id='word_1_358' title='bbox 1904 1296 1956 1317; x_wconf 77' lang='lat' dir='ltr'>vo-</span> 
     </span>
     <span class='ocr_line' id='line_1_69' title="bbox 1223 1333 1957 1381; baseline 0.008 -17"><span class='ocrx_word' id='word_1_359' title='bbox 1223 1333 1353 1373; x_wconf 75' lang='lat' dir='ltr'>biscum,</span> <span class='ocrx_word' id='word_1_360' title='bbox 1379 1339 1435 1367; x_wconf 86' lang='lat' dir='ltr'>etc.</span> <span class='ocrx_word' id='word_1_361' title='bbox 1464 1335 1611 1369; x_wconf 85' lang='lat' dir='ltr'>Oremus:</span> <span class='ocrx_word' id='word_1_362' title='bbox 1643 1337 1744 1377; x_wconf 80' lang='lat' dir='ltr'>Deus,</span> <span class='ocrx_word' id='word_1_363' title='bbox 1771 1339 1828 1381; x_wconf 76' lang='lat' dir='ltr'>qui</span> <span class='ocrx_word' id='word_1_364' title='bbox 1859 1338 1957 1370; x_wconf 77' lang='lat' dir='ltr'>corda</span> 
     </span>
     <span class='ocr_line' id='line_1_70' title="bbox 1220 1386 1956 1431; baseline 0.008 -13"><span class='ocrx_word' id='word_1_365' title='bbox 1220 1386 1380 1427; x_wconf 79' lang='lat' dir='ltr'>fidelium,</span> <span class='ocrx_word' id='word_1_366' title='bbox 1405 1393 1461 1421; x_wconf 75' lang='lat' dir='ltr'>etc.</span> <span class='ocrx_word' id='word_1_367' title='bbox 1489 1389 1575 1422; x_wconf 83' lang='lat' dir='ltr'>Deus</span> <span class='ocrx_word' id='word_1_368' title='bbox 1598 1390 1771 1431; x_wconf 75' lang='lat' dir='ltr'>virtutum,</span> <span class='ocrx_word' id='word_1_369' title='bbox 1796 1392 1888 1424; x_wconf 73' lang='lat' dir='ltr'>cuius</span> <span class='ocrx_word' id='word_1_370' title='bbox 1911 1396 1956 1424; x_wconf 74' lang='lat' dir='ltr'>est</span> 
     </span>
     <span class='ocr_line' id='line_1_71' title="bbox 1223 1441 1956 1487; baseline 0.01 -17"><span class='ocrx_word' id='word_1_371' title='bbox 1223 1444 1320 1471; x_wconf 76' lang='lat' dir='ltr'>lotum</span> <span class='ocrx_word' id='word_1_372' title='bbox 1347 1441 1431 1483; x_wconf 81' lang='lat' dir='ltr'>quod</span> <span class='ocrx_word' id='word_1_373' title='bbox 1455 1446 1500 1474; x_wconf 84' lang='lat' dir='ltr'>est</span> <span class='ocrx_word' id='word_1_374' title='bbox 1523 1443 1693 1485; x_wconf 80' lang='lat' dir='ltr'>optimum,</span> <span class='ocrx_word' id='word_1_375' title='bbox 1718 1445 1822 1477; x_wconf 80' lang='lat' dir='ltr'>insere</span> <span class='ocrx_word' id='word_1_376' title='bbox 1852 1449 1956 1487; x_wconf 82' lang='lat' dir='ltr'>pecto-</span> 
     </span>
     <span class='ocr_line' id='line_1_72' title="bbox 1222 1492 1954 1540; baseline 0.008 -17"><span class='ocrx_word' id='word_1_377' title='bbox 1222 1492 1310 1524; x_wconf 78' lang='lat' dir='ltr'>ribus</span> <span class='ocrx_word' id='word_1_378' title='bbox 1336 1504 1477 1526; x_wconf 78' lang='lat' dir='ltr'>amorem</span> <span class='ocrx_word' id='word_1_379' title='bbox 1503 1496 1552 1527; x_wconf 75' lang='lat' dir='ltr'>titi</span> <span class='ocrx_word' id='word_1_380' title='bbox 1581 1496 1735 1535; x_wconf 73' lang='lat' dir='ltr'>nominis,</span> <span class='ocrx_word' id='word_1_381' title='bbox 1768 1501 1796 1529; x_wconf 86' lang='lat' dir='ltr'>et</span> <span class='ocrx_word' id='word_1_382' title='bbox 1825 1502 1954 1540; x_wconf 82' lang='lat' dir='ltr'>praesta</span> 
     </span>
     <span class='ocr_line' id='line_1_73' title="bbox 1222 1546 1957 1593; baseline 0.007 -16"><span class='ocrx_word' id='word_1_383' title='bbox 1222 1547 1255 1577; x_wconf 79' lang='lat' dir='ltr'>in</span> <span class='ocrx_word' id='word_1_384' title='bbox 1280 1546 1368 1578; x_wconf 67' lang='lat' dir='ltr'>uotis</span> <span class='ocrx_word' id='word_1_385' title='bbox 1391 1547 1562 1589; x_wconf 71' lang='lat' dir='ltr'>reli&#39;yiont&#39;s</span> <span class='ocrx_word' id='word_1_386' title='bbox 1582 1553 1806 1591; x_wconf 70' lang='lat' dir='ltr'>atcymentum,</span> <span class='ocrx_word' id='word_1_387' title='bbox 1823 1554 1856 1582; x_wconf 76' lang='lat' dir='ltr'>vt</span> <span class='ocrx_word' id='word_1_388' title='bbox 1873 1561 1957 1593; x_wconf 77' lang='lat' dir='ltr'>quae</span> 
     </span>
     <span class='ocr_line' id='line_1_74' title="bbox 1220 1600 1953 1644; baseline 0.007 -14"><span class='ocrx_word' id='word_1_389' title='bbox 1220 1604 1293 1632; x_wconf 77' lang='lat' dir='ltr'>sunt</span> <span class='ocrx_word' id='word_1_390' title='bbox 1319 1600 1400 1632; x_wconf 79' lang='lat' dir='ltr'>bona</span> <span class='ocrx_word' id='word_1_391' title='bbox 1435 1601 1572 1640; x_wconf 71' lang='lat' dir='ltr'>nutrias,</span> <span class='ocrx_word' id='word_1_392' title='bbox 1606 1611 1643 1633; x_wconf 84' lang='lat' dir='ltr'>ac</span> <span class='ocrx_word' id='word_1_393' title='bbox 1670 1602 1803 1644; x_wconf 68' lang='lat' dir='ltr'>pietatis</span> <span class='ocrx_word' id='word_1_394' title='bbox 1833 1604 1953 1643; x_wconf 75' lang='lat' dir='ltr'>studio,</span> 
     </span>
     <span class='ocr_line' id='line_1_75' title="bbox 1219 1653 1951 1697; baseline 0.007 -14"><span class='ocrx_word' id='word_1_395' title='bbox 1219 1662 1302 1695; x_wconf 81' lang='lat' dir='ltr'>quae</span> <span class='ocrx_word' id='word_1_396' title='bbox 1325 1656 1399 1684; x_wconf 75' lang='lat' dir='ltr'>sunt</span> <span class='ocrx_word' id='word_1_397' title='bbox 1424 1653 1562 1692; x_wconf 71' lang='lat' dir='ltr'>nutrita,</span> <span class='ocrx_word' id='word_1_398' title='bbox 1588 1653 1761 1686; x_wconf 59' lang='lat' dir='ltr'>custodia&amp;</span> <span class='ocrx_word' id='word_1_399' title='bbox 1790 1654 1951 1697; x_wconf 82' lang='lat' dir='ltr'>Defende,</span> 
     </span>
     <span class='ocr_line' id='line_1_76' title="bbox 1219 1705 1956 1751; baseline 0.005 -15"><span class='ocrx_word' id='word_1_400' title='bbox 1219 1716 1428 1748; x_wconf 75' lang='lat' dir='ltr'>quaesumus,</span> <span class='ocrx_word' id='word_1_401' title='bbox 1454 1705 1601 1745; x_wconf 77' lang='lat' dir='ltr'>Domine,</span> <span class='ocrx_word' id='word_1_402' title='bbox 1626 1707 1664 1738; x_wconf 90' lang='lat' dir='ltr'>B.</span> <span class='ocrx_word' id='word_1_403' title='bbox 1692 1707 1800 1740; x_wconf 79' lang='lat' dir='ltr'>Maria</span> <span class='ocrx_word' id='word_1_404' title='bbox 1831 1709 1956 1751; x_wconf 82' lang='lat' dir='ltr'>semper</span> 
     </span>
     <span class='ocr_line' id='line_1_77' title="bbox 1228 1757 1956 1799; baseline 0.005 -11"><span class='ocrx_word' id='word_1_405' title='bbox 1228 1757 1358 1799; x_wconf 69' lang='lat' dir='ltr'>l&#39;irqine</span> <span class='ocrx_word' id='word_1_406' title='bbox 1382 1758 1604 1797; x_wconf 76' lang='lat' dir='ltr'>intercedente,</span> <span class='ocrx_word' id='word_1_407' title='bbox 1622 1759 1721 1790; x_wconf 76' lang='lat' dir='ltr'>istam</span> <span class='ocrx_word' id='word_1_408' title='bbox 1740 1759 1780 1791; x_wconf 85' lang='lat' dir='ltr'>ab</span> <span class='ocrx_word' id='word_1_409' title='bbox 1797 1761 1888 1792; x_wconf 74' lang='lat' dir='ltr'>omni</span> <span class='ocrx_word' id='word_1_410' title='bbox 1902 1761 1956 1792; x_wconf 83' lang='lat' dir='ltr'>ad—</span> 
     </span>
     <span class='ocr_line' id='line_1_78' title="bbox 1222 1810 1956 1852; baseline 0.004 -10"><span class='ocrx_word' id='word_1_411' title='bbox 1222 1811 1369 1842; x_wconf 78' lang='lat' dir='ltr'>versitale</span> <span class='ocrx_word' id='word_1_412' title='bbox 1402 1810 1590 1852; x_wconf 74' lang='lat' dir='ltr'>familiam,</span> <span class='ocrx_word' id='word_1_413' title='bbox 1616 1815 1645 1843; x_wconf 87' lang='lat' dir='ltr'>et</span> <span class='ocrx_word' id='word_1_414' title='bbox 1671 1815 1732 1843; x_wconf 88' lang='lat' dir='ltr'>toto</span> <span class='ocrx_word' id='word_1_415' title='bbox 1768 1812 1860 1844; x_wconf 83' lang='lat' dir='ltr'>eorde</span> <span class='ocrx_word' id='word_1_416' title='bbox 1895 1813 1956 1845; x_wconf 69' lang='lat' dir='ltr'>tibi</span> 
     </span>
     <span class='ocr_line' id='line_1_79' title="bbox 1218 1863 1956 1907; baseline 0.007 -14"><span class='ocrx_word' id='word_1_417' title='bbox 1218 1867 1424 1905; x_wconf 70' lang='lat' dir='ltr'>prostratum,</span> <span class='ocrx_word' id='word_1_418' title='bbox 1450 1863 1488 1895; x_wconf 81' lang='lat' dir='ltr'>ab</span> <span class='ocrx_word' id='word_1_419' title='bbox 1514 1864 1656 1896; x_wconf 72' lang='lat' dir='ltr'>hostium</span> <span class='ocrx_word' id='word_1_420' title='bbox 1678 1865 1845 1907; x_wconf 77' lang='lat' dir='ltr'>propitius</span> <span class='ocrx_word' id='word_1_421' title='bbox 1870 1869 1956 1898; x_wconf 79' lang='lat' dir='ltr'>tuere</span> 
     </span>
     <span class='ocr_line' id='line_1_80' title="bbox 1220 1915 1956 1950; baseline 0.003 -2"><span class='ocrx_word' id='word_1_422' title='bbox 1220 1916 1389 1948; x_wconf 81' lang='lat' dir='ltr'>clementer</span> <span class='ocrx_word' id='word_1_423' title='bbox 1415 1915 1557 1948; x_wconf 68' lang='lat' dir='ltr'>insidiis.</span> <span class='ocrx_word' id='word_1_424' title='bbox 1584 1915 1642 1948; x_wconf 79' lang='lat' dir='ltr'>Per</span> <span class='ocrx_word' id='word_1_425' title='bbox 1659 1916 1826 1950; x_wconf 79' lang='lat' dir='ltr'>Christum</span> <span class='ocrx_word' id='word_1_426' title='bbox 1844 1918 1956 1950; x_wconf 87' lang='lat' dir='ltr'>Domi—</span> 
     </span>
     <span class='ocr_line' id='line_1_81' title="bbox 1220 1968 1956 2009; baseline 0.001 -8"><span class='ocrx_word' id='word_1_427' title='bbox 1220 1979 1299 2001; x_wconf 78' lang='lat' dir='ltr'>num</span> <span class='ocrx_word' id='word_1_428' title='bbox 1324 1972 1482 2000; x_wconf 75' lang='lat' dir='ltr'>nostrum.</span> <span class='ocrx_word' id='word_1_429' title='bbox 1509 1969 1624 2001; x_wconf 80' lang='lat' dir='ltr'>Amen.</span> <span class='ocrx_word' id='word_1_430' title='bbox 1652 1968 1708 2001; x_wconf 85' lang='lat' dir='ltr'>His</span> <span class='ocrx_word' id='word_1_431' title='bbox 1729 1969 1831 2009; x_wconf 87' lang='lat' dir='ltr'>dictis,</span> <span class='ocrx_word' id='word_1_432' title='bbox 1856 1970 1956 2002; x_wconf 86' lang='lat' dir='ltr'>admi-</span> 
     </span>
     <span class='ocr_line' id='line_1_82' title="bbox 1221 2022 1955 2065; baseline 0.004 -11"><span class='ocrx_word' id='word_1_433' title='bbox 1221 2033 1280 2054; x_wconf 90' lang='lat' dir='ltr'>nus</span> <span class='ocrx_word' id='word_1_434' title='bbox 1307 2033 1364 2065; x_wconf 86' lang='lat' dir='ltr'>per</span> <span class='ocrx_word' id='word_1_435' title='bbox 1400 2022 1564 2055; x_wconf 87' lang='lat' dir='ltr'>dimidiam</span> <span class='ocrx_word' id='word_1_436' title='bbox 1597 2023 1711 2054; x_wconf 84' lang='lat' dir='ltr'>horam</span> <span class='ocrx_word' id='word_1_437' title='bbox 1741 2022 1774 2054; x_wconf 91' lang='lat' dir='ltr'>in</span> <span class='ocrx_word' id='word_1_438' title='bbox 1809 2023 1955 2058; x_wconf 83' lang='lat' dir='ltr'>oratione</span> 
     </span>
     <span class='ocr_line' id='line_1_83' title="bbox 1221 2074 1957 2118; baseline 0.003 -12"><span class='ocrx_word' id='word_1_439' title='bbox 1221 2079 1457 2118; x_wconf 85' lang='lat' dir='ltr'>permaneant,</span> <span class='ocrx_word' id='word_1_440' title='bbox 1496 2085 1591 2117; x_wconf 87' lang='lat' dir='ltr'>quam</span> <span class='ocrx_word' id='word_1_441' title='bbox 1626 2074 1777 2107; x_wconf 89' lang='lat' dir='ltr'>similiter</span> <span class='ocrx_word' id='word_1_442' title='bbox 1815 2075 1957 2108; x_wconf 86' lang='lat' dir='ltr'>habeant</span> 
     </span>
     <span class='ocr_line' id='line_1_84' title="bbox 1221 2127 1957 2170; baseline 0.001 -11"><span class='ocrx_word' id='word_1_443' title='bbox 1221 2133 1296 2170; x_wconf 86' lang='lat' dir='ltr'>post</span> <span class='ocrx_word' id='word_1_444' title='bbox 1319 2127 1571 2170; x_wconf 86' lang='lat' dir='ltr'>completorium</span> <span class='ocrx_word' id='word_1_445' title='bbox 1601 2132 1632 2159; x_wconf 89' lang='lat' dir='ltr'>et</span> <span class='ocrx_word' id='word_1_446' title='bbox 1656 2127 1768 2160; x_wconf 79' lang='lat' dir='ltr'>eadem</span> <span class='ocrx_word' id='word_1_447' title='bbox 1802 2128 1957 2170; x_wconf 87' lang='lat' dir='ltr'>depreca-</span> 
     </span>
     <span class='ocr_line' id='line_1_85' title="bbox 1223 2180 1956 2222; baseline 0.001 -10"><span class='ocrx_word' id='word_1_448' title='bbox 1223 2181 1308 2212; x_wconf 88' lang='lat' dir='ltr'>tione</span> <span class='ocrx_word' id='word_1_449' title='bbox 1333 2180 1553 2222; x_wconf 87' lang='lat' dir='ltr'>praeveniant.</span> <span class='ocrx_word' id='word_1_450' title='bbox 1587 2180 1621 2212; x_wconf 94' lang='lat' dir='ltr'>In</span> <span class='ocrx_word' id='word_1_451' title='bbox 1650 2180 1714 2212; x_wconf 85' lang='lat' dir='ltr'>fine</span> <span class='ocrx_word' id='word_1_452' title='bbox 1745 2190 1834 2220; x_wconf 89' lang='lat' dir='ltr'>vero,</span> <span class='ocrx_word' id='word_1_453' title='bbox 1871 2181 1956 2213; x_wconf 83' lang='lat' dir='ltr'>facto</span> 
     </span>
     <span class='ocr_line' id='line_1_86' title="bbox 1222 2233 1956 2276; baseline 0.003 -12"><span class='ocrx_word' id='word_1_454' title='bbox 1222 2233 1316 2275; x_wconf 76' lang='lat' dir='ltr'>signo</span> <span class='ocrx_word' id='word_1_455' title='bbox 1341 2244 1358 2265; x_wconf 91' lang='lat' dir='ltr'>a</span> <span class='ocrx_word' id='word_1_456' title='bbox 1383 2233 1540 2275; x_wconf 87' lang='lat' dir='ltr'>praelato,</span> <span class='ocrx_word' id='word_1_457' title='bbox 1572 2238 1687 2265; x_wconf 88' lang='lat' dir='ltr'>cantor</span> <span class='ocrx_word' id='word_1_458' title='bbox 1717 2233 1851 2276; x_wconf 88' lang='lat' dir='ltr'>incipiat</span> <span class='ocrx_word' id='word_1_459' title='bbox 1875 2235 1956 2266; x_wconf 83' lang='lat' dir='ltr'>anti-</span> 
     </span>
     <span class='ocr_line' id='line_1_87' title="bbox 1223 2285 1958 2328; baseline 0.001 -11"><span class='ocrx_word' id='word_1_460' title='bbox 1223 2286 1365 2328; x_wconf 88' lang='lat' dir='ltr'>phonam</span> <span class='ocrx_word' id='word_1_461' title='bbox 1407 2285 1574 2327; x_wconf 77' lang='lat' dir='ltr'>Conceptio</span> <span class='ocrx_word' id='word_1_462' title='bbox 1600 2289 1664 2324; x_wconf 75' lang='lat' dir='ltr'>tua,</span> <span class='ocrx_word' id='word_1_463' title='bbox 1691 2296 1763 2318; x_wconf 87' lang='lat' dir='ltr'>cum</span> <span class='ocrx_word' id='word_1_464' title='bbox 1798 2296 1891 2318; x_wconf 89' lang='lat' dir='ltr'>versu</span> <span class='ocrx_word' id='word_1_465' title='bbox 1926 2292 1958 2319; x_wconf 88' lang='lat' dir='ltr'>et</span> 
     </span>
     <span class='ocr_line' id='line_1_88' title="bbox 1224 2338 1890 2380; baseline 0.002 -10"><span class='ocrx_word' id='word_1_466' title='bbox 1224 2339 1371 2371; x_wconf 88' lang='lat' dir='ltr'>oratione</span> <span class='ocrx_word' id='word_1_467' title='bbox 1397 2338 1566 2378; x_wconf 85' lang='lat' dir='ltr'>consuetis,</span> <span class='ocrx_word' id='word_1_468' title='bbox 1592 2343 1689 2380; x_wconf 89' lang='lat' dir='ltr'>prout</span> <span class='ocrx_word' id='word_1_469' title='bbox 1712 2338 1745 2370; x_wconf 91' lang='lat' dir='ltr'>in</span> <span class='ocrx_word' id='word_1_470' title='bbox 1768 2338 1890 2371; x_wconf 85' lang='lat' dir='ltr'>rituali.</span> 
     </span>
     <span class='ocr_line' id='line_1_89' title="bbox 1268 2390 1959 2433; baseline 0.001 -10"><span class='ocrx_word' id='word_1_471' title='bbox 1268 2390 1520 2423; x_wconf 86' lang='lat' dir='ltr'>V111.Praesatis</span> <span class='ocrx_word' id='word_1_472' title='bbox 1561 2400 1638 2432; x_wconf 78' lang='lat' dir='ltr'>ergo</span> <span class='ocrx_word' id='word_1_473' title='bbox 1676 2391 1877 2433; x_wconf 87' lang='lat' dir='ltr'>temporibus</span> <span class='ocrx_word' id='word_1_474' title='bbox 1913 2397 1959 2424; x_wconf 85' lang='lat' dir='ltr'>te-</span> 
     </span>
     <span class='ocr_line' id='line_1_90' title="bbox 1226 2442 1958 2487; baseline 0.004 -13"><span class='ocrx_word' id='word_1_475' title='bbox 1226 2448 1362 2474; x_wconf 88' lang='lat' dir='ltr'>ncantur</span> <span class='ocrx_word' id='word_1_476' title='bbox 1386 2452 1498 2475; x_wconf 87' lang='lat' dir='ltr'>omnes</span> <span class='ocrx_word' id='word_1_477' title='bbox 1537 2442 1671 2481; x_wconf 75' lang='lat' dir='ltr'>fratres,</span> <span class='ocrx_word' id='word_1_478' title='bbox 1697 2443 1788 2475; x_wconf 87' lang='lat' dir='ltr'>nullo</span> <span class='ocrx_word' id='word_1_479' title='bbox 1824 2450 1958 2487; x_wconf 86' lang='lat' dir='ltr'>excepto</span> 
     </span>
     <span class='ocr_line' id='line_1_91' title="bbox 1226 2494 1959 2536; baseline 0.003 -9"><span class='ocrx_word' id='word_1_480' title='bbox 1226 2505 1285 2527; x_wconf 89' lang='lat' dir='ltr'>nec</span> <span class='ocrx_word' id='word_1_481' title='bbox 1309 2494 1405 2527; x_wconf 87' lang='lat' dir='ltr'>etiam</span> <span class='ocrx_word' id='word_1_482' title='bbox 1429 2494 1583 2536; x_wconf 84' lang='lat' dir='ltr'>magistro</span> <span class='ocrx_word' id='word_1_483' title='bbox 1601 2495 1755 2536; x_wconf 84' lang='lat' dir='ltr'>generali,</span> <span class='ocrx_word' id='word_1_484' title='bbox 1781 2495 1821 2528; x_wconf 87' lang='lat' dir='ltr'>ad</span> <span class='ocrx_word' id='word_1_485' title='bbox 1845 2497 1959 2529; x_wconf 85' lang='lat' dir='ltr'>oratio-</span> 
     </span>
     <span class='ocr_line' id='line_1_92' title="bbox 1226 2547 1960 2590; baseline 0.001 -11"><span class='ocrx_word' id='word_1_486' title='bbox 1226 2558 1299 2580; x_wconf 90' lang='lat' dir='ltr'>nem</span> <span class='ocrx_word' id='word_1_487' title='bbox 1324 2547 1500 2580; x_wconf 86' lang='lat' dir='ltr'>mentalem</span> <span class='ocrx_word' id='word_1_488' title='bbox 1525 2547 1713 2587; x_wconf 87' lang='lat' dir='ltr'>convenire‚</span> <span class='ocrx_word' id='word_1_489' title='bbox 1740 2547 1801 2579; x_wconf 90' lang='lat' dir='ltr'>nisi</span> <span class='ocrx_word' id='word_1_490' title='bbox 1824 2553 1960 2590; x_wconf 90' lang='lat' dir='ltr'>propter</span> 
     </span>
     <span class='ocr_line' id='line_1_93' title="bbox 1226 2598 1958 2642; baseline 0.003 -11"><span class='ocrx_word' id='word_1_491' title='bbox 1226 2610 1322 2642; x_wconf 79' lang='lat' dir='ltr'>grave</span> <span class='ocrx_word' id='word_1_492' title='bbox 1358 2598 1626 2642; x_wconf 89' lang='lat' dir='ltr'>impedimentum</span> <span class='ocrx_word' id='word_1_493' title='bbox 1662 2604 1694 2631; x_wconf 88' lang='lat' dir='ltr'>et</span> <span class='ocrx_word' id='word_1_494' title='bbox 1734 2600 1958 2633; x_wconf 85' lang='lat' dir='ltr'>rationabilem</span> 
     </span>
     <span class='ocr_line' id='line_1_94' title="bbox 1226 2652 1957 2698; baseline -0.003 -12"><span class='ocrx_word' id='word_1_495' title='bbox 1226 2663 1364 2693; x_wconf 86' lang='lat' dir='ltr'>causam,</span> <span class='ocrx_word' id='word_1_496' title='bbox 1379 2663 1441 2696; x_wconf 87' lang='lat' dir='ltr'>qua</span> <span class='ocrx_word' id='word_1_497' title='bbox 1453 2663 1526 2685; x_wconf 86' lang='lat' dir='ltr'>raro</span> <span class='ocrx_word' id='word_1_498' title='bbox 1539 2652 1774 2695; x_wconf 81' lang='lat' dir='ltr'>indulgendum</span> <span class='ocrx_word' id='word_1_499' title='bbox 1789 2658 1957 2698; x_wconf 69' lang='lat' dir='ltr'>appareat3</span> 
     </span>
    </p>
   </div>
   <div class='ocr_carea' id='block_1_6' title="bbox 1983 286 2162 315">
    <p class='ocr_par' dir='ltr' id='par_1_8' title="bbox 1983 286 2162 315">
     <span class='ocr_line' id='line_1_95' title="bbox 1983 286 2162 315; baseline 0.006 -1"><span class='ocrx_word' id='word_1_500' title='bbox 1983 286 2031 314; x_wconf 77' lang='lat' dir='ltr'>An.</span> <span class='ocrx_word' id='word_1_501' title='bbox 2049 287 2077 314; x_wconf 90' lang='lat' dir='ltr'>C.</span> <span class='ocrx_word' id='word_1_502' title='bbox 2099 287 2162 315; x_wconf 75' lang='grc'>4691</span> 
     </span>
    </p>
   </div>
   <div class='ocr_carea' id='block_1_7' title="bbox 2221 1891 2254 2915">
    <p class='ocr_par' dir='ltr' id='par_1_9' title="bbox 2221 1891 2254 2915">
     <span class='ocr_line' id='line_1_96' title="bbox 2221 1891 2254 2915; baseline 0 0"><span class='ocrx_word' id='word_1_503' title='bbox 2221 1891 2254 2915; x_wconf 95' lang='lat' dir='ltr'> </span> 
     </span>
    </p>
   </div>
  </div>
 </body>
</html>
