2227 3225
161 198 210 225 Λη.
228 197 245 221 Γ,
282 197 346 222 lsflsl

186 730 299 751 Praedicta
313 730 342 750 {a-

159 758 228 777 cuitas
248 757 339 778 extendi-

160 786 206 806 tur,
226 786 248 804 ut
265 790 285 805 in
309 790 341 804 ru-

158 808 227 831 briei.

931 191 1140 216 lNNOCEN'rtus
1165 193 1207 215 ΧΠ
1234 193 1281 216 PP-

352 244 491 278 officium
516 255 573 278 eos
602 244 656 287 qui
688 242 924 276 definitoriatus
955 250 1087 272 munere

352 297 578 339 fungebantur,
599 297 785 329 facultatem
803 294 993 328 auctoritate
1012 302 1089 335 apo-

350 350 464 384 stolica
488 349 653 382 concessit
686 354 717 382 et
742 347 924 391 impartitus
949 345 1030 386 suit,
1058 350 1089 377 et

350 402 445 442 alias,
470 407 569 446 prout
597 402 628 434 in
662 401 763 444 ipsius
789 399 969 433 Innocentii
994 408 1089 441 prae-

351 455 531 488 decessoris
561 454 676 488 litteris
694 455 834 497 desuper
855 453 887 486 in
905 451 1004 485 simili
1030 451 1088 484 sor·

351 510 405 541 ma
429 508 539 541 Brevis
566 508 618 541 die
649 518 690 541 xn
722 506 875 539 februarii
905 514 1088 539 unetxxvul

353 561 522 605 expeditis,
541 571 676 604 quarum
700 566 843 593 tenorem
862 557 1088 602 praesentibus

353 624 413 657 pro
435 614 533 657 plene
558 619 588 646 et
607 612 806 646 sufficienter
826 621 978 654 expresso
997 609 1087 643 etin-

353 673 438 700 serto
454 667 566 700 haberi
582 667 734 705 volumus,
749 665 881 698 uberius
895 664 1088 697 continetur.

397 721 412 763 ἓ
437 720 469 753 ⁵2.
496 720 572 753 Cum
598 725 714 759 autem,
736 719 821 751 sicut
845 718 982 751 dilectus
1007 716 1089 749 tilius

354 774 544 807 Franciscus
562 775 592 806 le
610 773 697 805 Roux
717 772 863 805 minister
882 770 1090 814 provincialis

353 827 538 871 provinciae
567 826 598 859 S.
627 826 871 858 Bonaventurae
899 824 974 857 dicti
1000 823 1091 856 Ordi-

353 879 414 920 nis,
438 879 471 913 in
500 881 590 912 sacra
609 879 773 921 theologia
794 878 917 915 doctor,
949 883 1010 909 tam
1033 887 1090 909 suo

353 943 449 976 quam
487 931 661 965 definitorii
699 930 885 974 provinciae
922 929 951 962 S.
988 930 1091 962 Bona-

352 991 506 1019 venturae
538 984 723 1018 huiusmodi
748 983 880 1016 nomine
912 982 1005 1016 nobis
1035 993 1091 1014 nu-

353 1050 413 1083 per
443 1038 561 1082 exponi
589 1038 678 1077 fecit,
706 1037 737 1070 in
770 1036 936 1080 provincia
969 1035 999 1068 S.
1036 1036 1092 1067 Bo-

354 1097 551 1126 naventurae
570 1091 712 1135 praefata
735 1091 867 1123 eaedem
893 1099 1024 1132 prorsus
1047 1098 1091 1121 ra-

356 1146 468 1185 tiones,
488 1145 550 1178 imo
569 1143 783 1187 urgentiores,
815 1143 964 1181 militent,
991 1152 1090 1185 quan·

355 1199 531 1242 doquidem
567 1198 635 1241 ipsa
672 1196 838 1240 provincia
866 1196 897 1229 S.
926 1197 1092 1229 Bonaven-

356 1257 446 1284 turae
471 1251 502 1283 in
535 1250 701 1294 provincia
732 1249 884 1282 Franciae
909 1248 1092 1292 supradicta

355 1303 496 1346 amplior
521 1302 639 1342 existit,
664 1302 834 1345 maiorque
860 1302 891 1334 in
918 1303 969 1341 ea,
996 1311 1090 1344 quam

355 1356 387 1388 in
413 1355 522 1398 quavis
555 1355 617 1387 alia
650 1355 725 1387 dicti
751 1354 880 1387 Ordinis
906 1353 1091 1397 provincia,

355 1414 572 1441 conventuum
594 1418 751 1440 numerus
770 1407 942 1449 reperitur,
961 1417 996 1438 ac
1017 1417 1092 1449 pro-

354 1460 430 1494 inde
456 1460 560 1493 dictus
585 1460 774 1492 Franciscus
799 1459 946 1492 minister
967 1459 1093 1502 provin-

355 1514 445 1547 cialis
469 1514 671 1553 facultatem,
698 1523 714 1545 a
733 1518 912 1545 memorato
938 1513 1092 1545 1111100011-

356 1567 401 1600 tio
432 1567 689 1610 praedecessore
722 1577 783 1610 pro
814 1566 896 1598 dicta
927 1566 1092 1609 provincia

355 1619 508 1653 Franciae
533 1619 614 1652 sicut
645 1619 865 1662 praemittitur
891 1629 1091 1659 concessam,

355 1673 395 1706 ad
419 1673 621 1716 provinciam
648 1672 679 1705 S.
703 1673 946 1705 Bonavcnturae
966 1672 1091 1715 praesa-

357 1731 419 1757 tam
438 1735 497 1768 per
514 1736 574 1758 nos
592 1725 722 1758 extendi
740 1735 945 1767 summopere
965 1724 1090 1757 deside-

355 1784 423 1811 ret:
452 1789 521 1817 nos,
547 1778 649 1821 ipsum
680 1777 881 1810 Franciscum
909 1778 1091 1812 ministrum

357 1830 587 1874 provincialem
629 1830 826 1873 specialibus
866 1831 1026 1863 favoribus
1061 1837 1093 1864 et
1113 1849 1115 1867 .=

357 1883 466 1926 gratiis
491 1883 644 1926 prosequi
671 1884 826 1921 volentes,
847 1889 878 1916 et
894 1894 910 1915 a
928 1884 1092 1926 quibusvis
1114 1920 1115 1925 ¹

357 1936 720 1975 excommunicationis,
743 1936 966 1979 suspensionis
993 1941 1024 1968 et
1047 1936 1094 1968 in-

357 1988 496 2029 terdicti,
516 1988 652 2031 aliisque
667 1988 895 2021 ecclesiasticis
914 1988 1092 2029 sententiis,

355 2042 501 2075 censuris
522 2044 553 2074 et
570 2041 695 2084 poenis,
711 2053 727 2073 a
745 2041 812 2073 iure
826 2042 874 2074 vel
892 2042 931 2073 ab
950 2041 1092 2081 bomine,

356 2200 505 2233 effectum
543 2200 763 2244 praesentium
793 2201 957 2233 dumtaxat
982 2211 1093 2234 conse-

356 2254 543 2298 quendum,
576 2255 690 2287 harum
717 2254 801 2287 serie
827 2255 1035 2287 absolventes
1062 2260 1093 2287 et

356 2308 537 2341 absolutum
563 2307 629 2340 sore
654 2312 834 2347 censentes,
854 2307 1093 2351 supplicationi-

355 2361 415 2394 bus
437 2361 504 2394 eius
529 2361 662 2394 nomine
693 2361 787 2393 nobis
817 2371 914 2403 super
939 2361 1002 2394 hoc
1027 2361 1090 2393 liu-

355 2414 475 2447 militer
500 2413 657 2457 porrectis
674 2413 831 2454 inclinati,
860 2424 895 2445 ac
919 2413 1028 2446 audita
1045 2424 1094 2446 su-

355 2477 415 2512 per
438 2466 623 2510 praemissis
650 2466 759 2499 dilecti
786 2466 841 2499 lilii
873 2466 1092 2509 procuratoris

356 2519 519 2563 generalis
542 2519 616 2551 dicti
642 2519 770 2551 Ordinis
797 2519 972 2559 relatione,
1000 2519 1094 2553 sacul-

355 2578 474 2612 tatcm,
501 2571 690 2615 provinciali
716 2578 746 2604 et
771 2572 996 2605 definitoribus
1019 2583 1094 2616 pro-

442 2635 519 2669 Bull.
541 2635 622 2662 Rom.
643 2650 676 2654 —
700 2635 759 2664 Vol.
779 2635 831 2662 XX
971 2634 1004 2661 65

1764 182 1827 215 515³

1131 240 1254 272 vinciae
1274 241 1428 272 Franciae
1444 241 1656 283 supradictae,
1671 241 1796 283 quoties
1812 250 1863 271 ne-

1130 292 1259 324 cessitas
1278 293 1428 334 exigeret,
1449 292 1659 325 consirmandi
1673 293 1863 335 guardianos

1130 344 1160 376 in
1187 355 1299 377 eorum
1327 344 1440 377 officiis
1466 346 1549 377 ultra
1576 344 1748 376 triennium
1771 349 1802 375 et
1819 355 1864 376 us·

1130 408 1192 440 quc
1218 397 1258 430 ad
1283 397 1424 440 capitula
1449 395 1673 439 provincialia,
1700 396 1793 428 salvis
1815 406 1865 428 eo-

1131 461 1202 483 rum
1234 450 1357 483 iuribus
1394 454 1426 482 et
1457 448 1710 492 praerogativis,
1739 458 1864 481 necnon

1131 503 1273 546 eligendi
1304 503 1342 535 ad
1377 502 1605 544 guardianatus
1639 500 1780 534 officium
1810 511 1864 533 eos

1131 556 1184 599 qui
1200 555 1433 589 delinitoriatus
1451 565 1584 587 munere
1603 554 1830 596 fungebantur,
1849 564 1866 585 a

1131 609 1297 652 praedicto
1322 607 1511 640 lnnoccntio
1537 607 1788 650 praedecessore
1809 616 1868 648 per

1131 673 1202 694 suas
1228 663 1353 694 litteras
1378 666 1604 704 praenarratas
1630 669 1817 692 concessam
1835 663 1870 690 ut

1132 715 1337 758 praefertur,
1364 714 1402 746 ad
1429 713 1624 756 praedictam
1650 712 1681 744 S
1710 712 1871 744 Bonaven-

1134 774 1221 800 turae
1248 767 1457 810 provinciam,
1480 768 1603 798 servata
1622 771 1730 798 tamen
1749 775 1869 797 earum-

1133 821 1205 854 dem
1231 821 1410 854 litterarum
1446 821 1548 852 forma
1581 825 1612 852 ct
1638 818 1869 861 dispositione,

1132 884 1168 906 ac
1193 874 1284 914 itaut,
1312 874 1395 906 circa
1432 873 1586 916 temporis
1624 872 1869 909 extensionem,

1133 927 1330 960 conscientia
1360 937 1418 969 pro
1457 931 1597 968 tempore
1626 924 1791 957 existentis
1817 924 1872 956 mi-

1134 981 1225 1013 nistri
1251 980 1413 1023 generalis
1435 979 1510 1012 dicti
1529 979 1657 1012 Ordinis
1674 982 1805 1011 onerata
1824 977 1872 1009 in-

1135 1034 1310 1076 telligatur,
1338 1033 1530 1066 auctoritatc
1556 1031 1730 1076 praedicta,
1758 1035 1871 1063 tenore

1134 1086 1366 1130 praesentium,
1394 1086 1597 1118 extendimus
1617 1089 1648 1117 et
1665 1083 1869 1127 ampliamus.

1177 1139 1192 1182 ἓ
1216 1138 1246 1172 3.
1274 1139 1504 1178 Decernentes‚
1529 1138 1656 1170 easdem
1685 1141 1873 1180 praesentes

1134 1192 1257 1225 litteras
1283 1201 1414 1234 semper
1439 1191 1567 1230 sirmas,
1595 1190 1716 1223 validas
1742 1195 1773 1223 et
1798 1189 1873 1222 essi-

1135 1254 1226 1277 caces
1253 1244 1390 1276 existere
1418 1249 1450 1276 et
1475 1244 1555 1284 sore,
1583 1253 1723 1286 suosque
1753 1243 1870 1286 plena-

1134 1297 1199 1330 rios
1225 1302 1257 1330 et
1282 1297 1425 1338 integros
1452 1296 1583 1330 effectus
1610 1296 1715 1329 sortiri
1738 1301 1770 1328 et
1795 1296 1874 1329 obti-

1135 1360 1234 1390 nere,
1261 1360 1297 1382 ac
1323 1349 1402 1388 illis,
1429 1349 1466 1381 ad
1494 1359 1575 1392 quos
1606 1354 1731 1392 spectat
1756 1354 1789 1381 et
1812 1359 1872 1391 pro

1136 1408 1283 1445 tempore
1303 1402 1468 1444 spectabit,
1491 1401 1677 1444 plenissisne
1695 1401 1872 1443 suffragari,

1135 1456 1247 1499 sicque
1274 1456 1305 1488 in
1331 1455 1522 1498 praemissis
1556 1466 1615 1498 per
1648 1465 1872 1498 quoscumque

1135 1509 1259 1542 indices
1292 1508 1474 1541 ordinarios
1501 1514 1532 1540 et
1557 1508 1744 1549 delegatos,
1777 1508 1873 1540 etiam

1135 1573 1304 1595 causarum
1322 1562 1431 1605 palatii
1449 1561 1619 1604 apostolici
1638 1561 1812 1602 auditores,
1831 1561 1874 1593 iu-

1135 1616 1233 1649 dicari
1260 1620 1291 1648 et
1315 1614 1441 1648 deliniri
1469 1615 1606 1654 dehere,
1633 1625 1669 1647 ac
1695 1614 1820 1647 irritum
1842 1620 1873 1647 et

1134 1669 1241 1709 inane,
1265 1668 1290 1701 si
1327 1678 1421 1700 secus
1448 1678 1545 1711 super
1572 1668 1621 1699 his
1647 1678 1664 1700 a
1690 1678 1870 1711 quoquam,

1135 1722 1243 1765 quavis
1264 1721 1466 1759 auctoritate,
1493 1721 1637 1754 scienter
1651 1722 1700 1753 vel
1720 1721 1873 1764 ignoran-

1136 1781 1191 1815 ter,
1218 1775 1393 1817 contigerit
1418 1775 1583 1807 attentari.

1178 1828 1193 1871 ἓ
1217 1828 1248 1860 4.
1276 1827 1343 1861 Non
1363 1828 1566 1860 obstantibus
1585 1827 1871 1861 constitutionibus

1136 1887 1167 1915 et
1199 1881 1459 1914 ordinationibus
1495 1881 1708 1924 apostolicis,
1743 1891 1871 1913 necnon

1135 1934 1321 1978 provinciae
1346 1933 1376 1966 S.
1405 1934 1650 1966 Bonaventurae
1679 1940 1710 1966 et
1741 1933 1870 1967 Ordinis

1113 1997 1115 2001 ’
1135 1986 1384 2031 praedictorum,
1413 1986 1509 2018 etiam
1539 1986 1734 2025 iuramento,
1755 1985 1871 2019 contir-

1113 2049 1115 2073 t
1135 2040 1275 2073 matione
1304 2039 1494 2083 apostoliCa,
1515 2040 1563 2072 vel
1591 2039 1702 2082 quavis
1720 2038 1870 2073 firmitate

355 2094 466 2138 quavis
491 2094 662 2127 occasione
688 2095 735 2127 vel
762 2096 855 2126 eausa
882 2095 964 2134 latis,
984 2094 1009 2126 si
1028 2094 1093 2138 qui-

355 2148 414 2181 bus
441 2147 688 2191 quomodolibet
712 2147 884 2180 innodatus
910 2147 1027 2188 existit,
1053 2149 1091 2181 ad
1113 2139 1115 2154 i

1136 2093 1197 2126 alia
1209 2092 1379 2132 roboratis,
1392 2092 1517 2124 statutis
1529 2098 1558 2124 et
1570 2093 1869 2134 consuetudinibus,

1134 2146 1314 2191 privilegiis
1341 2156 1486 2189 quoque,
1520 2145 1654 2178 indultis
1687 2151 1718 2178 et
1752 2146 1868 2179 litteris

1135 2198 1321 2243 apostolicis
1342 2198 1373 2230 in
1398 2198 1594 2231 contrarium
1617 2199 1870 2241 praemissorum

1135 2252 1381 2296 quomodolibet
1406 2251 1580 2291 concessis,
1608 2251 1806 2285 confirmatis
1839 2257 1871 2286 et

1135 2305 1316 2345 innovatis,
1343 2304 1460 2348 quibus
1486 2304 1635 2337 omnibus
1662 2310 1692 2338 et
1717 2305 1868 2348 singulis,

1135 2359 1265 2392 illorum
1291 2363 1419 2391 tenores
1444 2357 1668 2401 praesentibus
1693 2369 1751 2401 pro
1773 2360 1869 2401 plene

1135 2418 1167 2446 et
1187 2411 1386 2445 sufficienter
1410 2411 1570 2455 expressis
1604 2421 1639 2443 ac
1671 2411 1710 2443 ad
1737 2412 1870 2444 verbum

1134 2465 1263 2498 insertis
1288 2465 1459 2504 habentes,
1484 2464 1549 2497 illis
1574 2464 1650 2497 alias
1676 2464 1706 2496 in
1732 2475 1788 2497 suo
1811 2475 1865 2496 ro-

1133 2520 1212 2552 bore
1237 2517 1470 2562 permansuris,
1495 2517 1533 2549 ad
1559 2517 1807 2560 praemissorum
1826 2517 1869 2549 ef-

1135 2577 1230 2613 ctum,
1257 2571 1316 2605 hac
1341 2571 1408 2604 vice
1435 2571 1609 2611 dumtaxat,
1630 2569 1813 2614 specialiter
1837 2574 1868 2603 et

1878 192 1921 216 pm.
1936 191 1964 215 (Ζ.
1990 189 2055 215 llis-‘i

1910 1146 2031 1168 clausulae.

1909 1835 2067 1857 Contrariorum

1882 1863 2001 1889 derogatio.
