2254 3225
238 199 325 226 Ans.
360 198 419 224 1091

469 189 488 221 f‘.
503 189 533 221 ‘0
1010 200 1185 222 arrunuun

429 247 506 290 quin
533 247 575 279 ibi
602 247 637 280 ea
662 251 822 290 gaudeant
848 257 882 280 ex
903 257 1048 281 munere.
1072 248 1168 290 Magi-

429 300 504 333 stris
530 300 688 333 tribuatur
712 301 830 341 socius,
851 301 903 344 qui
930 302 969 334 ad
995 311 1166 334 commune

429 358 607 386 conventus
633 353 799 387 servitium
824 364 888 387 non
913 354 1095 397 deputetur,
1135 358 1167 387 et

428 416 489 449 per
515 406 666 439 eumdem
691 418 707 439 e
739 407 836 440 domo
874 407 983 449 egredi
1019 408 1166 440 volentes

429 458 590 491 licentiam
615 470 631 492 a
653 460 917 492 commendatore
936 464 1057 502 petant.
1077 458 1166 492 Ultra

429 522 646 552 communem,
665 512 744 545 duas
764 522 823 555 pro
839 522 872 544 se
890 512 1003 545 missas
1029 512 1061 544 in
1087 512 1167 544 heb-

430 564 565 598 domada
583 565 751 598 celebrare
770 569 941 607 poterunt;
961 575 1058 607 super
1079 574 1165 596 com-

428 617 534 649 munis
549 616 737 650 resectionis
752 627 950 657 mensuram,
965 617 1033 650 eius
1046 617 1165 650 medie-

430 674 525 702 tatem
549 670 613 703 illis
634 670 753 712 ubique
779 669 1048 713 supe1·addimus;
1077 670 1165 713 ipsos

428 722 506 755 item
532 722 571 755 ab
596 722 681 755 omni
708 722 813 755 officio
830 722 939 755 altaris
958 722 1162 763 absolvimus,

428 776 491 808 nisi
517 775 549 808 in
574 775 664 808 sestis
692 780 723 807 et
753 775 1014 808 solemnitatibus
1042 776 1166 819 praeci-

428 829 520 871 puis;
553 837 659 871 neque
684 828 715 860 in
743 827 849 861 tabula
876 828 1099 862 hebdomadae
1125 828 1164 862 ad

429 880 561 924 aliquod
585 890 699 913 munus
726 881 890 923 designari
917 881 1050 923 possint.

471 943 536 966 xvi.
556 933 715 971 Quantum
742 943 818 966 vero
839 933 878 966 ad
898 934 1106 967 residentiam
1132 934 1165 966 in

1210 198 1361 221 ncnasru

1209 246 1370 279 institutos
1397 245 1560 279 observari
1584 248 1803 291 praecipimus
1832 247 1945 282 decre—

1209 304 1273 331 tum
1298 298 1430 341 capituli
1447 299 1607 341 generalis
1625 300 1774 343 Optensis
1795 312 1812 334 a
1827 301 1879 334 SS.
1894 302 1944 334 ln-

1207 350 1358 384 nocentio
1389 350 1426 384 Xl
1464 351 1698 393 confirmatum,
1725 353 1875 387 videlicet
1910 354 1943 386 in

1207 404 1267 436 hac
1284 403 1406 436 forma:
1429 403 1542 442 «Quod
1560 405 1671 438 nullus
1688 406 1727 439 ad
1745 406 1863 440 seriem
1882 417 1945 439 ma-

1207 456 1379 499 gistrorum
1400 457 1439 489 de
1456 467 1592 491 numero
1615 459 1778 499 ascendat,
1797 460 1943 503 quinimo

1206 519 1265 542 nec
1289 509 1504 552 praesentatis
1529 510 1569 543 de
1594 511 1718 544 lectura
1734 511 1839 544 locum
1858 512 1944 545 auso-

1205 568 1265 603 rat,
1281 562 1338 595 sed
1363 562 1427 595 illis
1453 562 1519 595 sint
1542 562 1664 607 ubique
1682 565 1896 607 posteriores,
1913 571 1946 598 et

1187 615 1393 649 ‘immediate
1413 615 1551 649 sedeant
1567 621 1642 649 ante
1660 623 1885 660 praesentatos
1905 619 1943 652 dc

1188 669 1357 712 ‚pulpito;
1384 668 1561 712 excipimus
1583 675 1691 703 tamen
1716 670 1801 712 illos,
1827 671 1881 714 qui
1906 682 1943 704 ex

1205 723 1448 765 praesentatura
1485 722 1524 756 de
1562 722 1716 756 cathedra
1749 728 1781 756 et
1809 734 1945 758 numero

1206 774 1271 807 sint
1294 775 1334 808 ad
1358 774 1580 818 magisterium
1604 776 1770 820 assumpti,
1797 787 1879 820 quos
1905 778 1945 810 ad

1205 828 1360 861 Ordinem
1385 828 1482 861 etiam
1502 828 1731 870 magistrorum
1756 830 1796 863 de
1821 831 1946 863 lectura

1206 880 1320 914 referri
1335 880 1552 921 decernimus,
1568 881 1612 914 ita
1625 887 1661 914 ut
1677 882 1784 915 locum
1798 888 1873 926 post
1889 893 1945 916 eos

1206 943 1319 966 omnes
1340 932 1526 966 immediate
1544 943 1673 975 semper
1689 934 1857 968 obtineant
1874 947 1905 968 12.

1946 202 1994 228 An.
2012 202 2039 228 C.
2067 202 2129 229 ¹60¹

1249 995 1271 1019 1.
1299 984 1393 1024 Cum,
1420 994 1457 1018 ex
1481 986 1695 1020 concessione
1726 986 1779 1020 SS.
1808 987 1946 1021 Alexan·
1982 998 2050 1019 CAN'T
2067 998 2111 1019 vn.

1206 1037 1255 1070 dri
1269 1037 1331 1077 Vll,
1345 1037 1498 1080 magister
1511 1037 1640 1071 Ordinis
1661 1049 1721 1082 per
1733 1049 1766 1072 se
1780 1041 1829 1072 vel
1845 1040 1944 1073 alium
1957 1025 2140 1103 σιιῖξῖἒῗῖἶῗῖἰῗὲἓέἶ

1977 1084 2005 1096 .,,«
2042 1085 2045 1090 .
2104 1086 2115 1098 d
2132 1088 2139 1092 .

1206 1100 1224 1123 a
1247 1099 1281 1123 se
1305 1089 1518 1132 subrogatum
1534 1091 1723 1124 facultatem
1741 1092 1861 1125 habeat
1877 1084 2059 1136 p1·0-{t·'u1210s.

429 986 540 1026 choro,
572 986 688 1019 iisdem
717 986 879 1028 magistris
910 986 1143 1020 denunciamus
1156 1014 1163 1028 ‚

429 1048 485 1071 eos
500 1038 528 1071 vi
547 1038 667 1081 gradus
682 1038 869 1080 specialiter
883 1048 951 1071 esse
966 1039 1004 1071 ad
1023 1039 1164 1072 studium

428 1100 536 1123 sacrae
562 1089 748 1133 theologiae
773 1090 998 1130 scholasticae,
1021 1091 1165 1130 moralis,

428 1143 579 1187 mysticae
596 1144 646 1176 vel
661 1142 856 1185 expositivae
875 1142 1061 1184 destinatos,
1079 1143 1167 1177 iuxta

428 1205 518 1238 quas,
535 1200 600 1228 tum
621 1195 814 1235 scribendo,
840 1200 905 1227 tum
930 1196 1165 1238 concionando,

427 1253 494 1281 tum
519 1248 743 1282 confessiones
768 1247 942 1289 audiendo,
968 1249 1087 1284 debent
1110 1260 1167 1293 po-

427 1301 523 1345 pulos
547 1300 733 1340 instituere,
760 1301 799 1334 ad
825 1311 962 1344 quorum
987 1301 1166 1344 profectum

428 1358 502 1386 sunt
536 1362 612 1386 vere
648 1353 721 1385 facti
758 1357 790 1385 et
824 1354 978 1396 appellati
1001 1355 1165 1397 magistri;

427 1410 651 1449 quapropter,
679 1405 754 1438 dum
780 1405 964 1439 huiusmodi
1000 1407 1191 1464 laboribusk

428 1458 616 1502 specialiter
644 1462 715 1490 actu
739 1462 770 1490 et
794 1459 921 1491 assidue
946 1469 1005 1502 pro
1022 1470 1080 1493 suo
1099 1471 1167 1493 mu-

427 1521 506 1545 nere
531 1511 743 1551 intenderint,
766 1521 831 1551 eos,
851 1516 1005 1554 quantum
1024 1513 1063 1546 ad
1088 1514 1167 1547 cho-

427 1575 507 1605 rum,
523 1565 644 1598 eisdem
657 1564 815 1597 lectorum
833 1565 1005 1598 actualium
1022 1567 1165 1609 gaudere

428 1618 684 1651 immunitatibus
716 1618 931 1651 declaramus.
967 1619 1164 1653 Praesentati

427 1681 510 1710 vero,
524 1671 609 1704 ultra
633 1680 837 1704 communem
861 1670 1007 1712 missam,
1029 1674 1164 1706 alteram

427 1734 486 1768 pro
512 1734 546 1757 se
571 1723 738 1757 celebrare
756 1724 884 1756 valeant
901 1724 933 1756 in
952 1725 1164 1766 hebdomada,

428 1782 460 1810 et
485 1787 541 1810 eos
566 1776 690 1819 pariter
714 1776 753 1809 ah
779 1776 884 1809 officio
921 1777 1031 1810 altaris
1058 1778 1165 1812 absol-

426 1829 537 1862 vimus.
562 1828 597 1861 In
621 1828 756 1872 reliquis
773 1834 878 1861 autem
900 1835 1045 1862 servetur
1061 1831 1165 1864 omni-

426 1883 486 1915 bus
503 1881 677 1925 graduatiS,
696 1886 758 1914 tam
785 1882 823 1914 de
843 1882 964 1915 lectura
981 1893 1074 1926 quam
1093 1886 1163 1927 pul-

426 1935 507 1978 pito,
533 1933 733 1967 rationabilis
759 1935 958 1968 consuetudo
983 1937 1164 1978 provincia-

427 1998 496 2020 rum
522 1997 539 2020 a
563 1987 711 2030 capitulis
737 1987 944 2030 generalibus
969 1990 1162 2031 approbata;

428 2047 460 2075 et
483 2045 610 2084 praeter
634 2040 723 2073 illam
749 2045 780 2073 et
804 2041 957 2083 praefata,
975 2042 1065 2075 nulla
1084 2042 1162 2086 ipsis
1181 2070 1184 2092 ι

427 2093 489 2127 alia
508 2093 678 2137 privilegia
701 2092 932 2136 permittimus.

469 2156 546 2181 xvn.
571 2146 675 2190 Super
709 2146 826 2189 quibus
856 2146 993 2190 insuper
1022 2147 1165 2181 declara-

425 2211 497 2234 mus
523 2199 693 2242 magistros
719 2205 750 2232 et
774 2205 1001 2242 praesentatos
1028 2201 1067 2234 de
1093 2211 1163 2244 gra—

427 2255 479 2294 tia,
504 2252 602 2286 modo
620 2251 707 2285 dieto
733 2252 899 2292 creandos,
914 2252 946 2284 in
966 2252 1015 2286 his
1034 2264 1162 2298 quoque

427 2305 610 2350 respective
634 2304 816 2348 privilegiis
847 2311 879 2338 et
907 2306 1162 2340 immunitatibus

427 2357 598 2399 contineri,
615 2358 660 2391 ita
685 2362 855 2398 tamenin,
876 2364 1031 2401 quantum
1057 2360 1096 2393 ad
1121 2361 1164 2394 lo-

427 2422 510 2453 cum,
531 2410 729 2456 praesentati
753 2410 793 2443 de
818 2410 920 2453 gratia
955 2411 1018 2444 sint
1052 2417 1163 2455 poste-

426 2465 532 2498 riores
557 2463 771 2508 praesentatis
797 2463 946 2496 omnibus
978 2464 1016 2497 de
1042 2465 1164 2498 lectura

429 2523 460 2551 et
493 2518 630 2561 pulpito,
664 2526 746 2560 quos
782 2515 919 2548 dicimus
955 2516 994 2549 de
1029 2516 1160 2550 iustitia.

428 2570 518 2608 Circa
541 2569 714 2614 magistros
741 2573 847 2603 autem
865 2568 989 2614 pariter
1007 2579 1042 2601 ex
1062 2570 1162 2612 gratia

1206 1142 1356 1176 movendi
1374 1152 1450 1175 suos
1472 1142 1588 1176 fratres
1607 1143 1645 1176 ad
1666 1144 1784 1185 gradus
1802 1145 1945 1179 doctoris

1207 1200 1239 1229 et
1260 1195 1475 1236 baccalauoei,
1501 1195 1586 1228 sicut
1602 1195 1636 1228 in
1652 1196 1797 1239 qualibet
1818 1197 1947 1231 univer-

1207 1249 1300 1282 sitate
1325 1248 1514 1291 approbata,
1539 1247 1612 1281 ideo
1646 1249 1885 1290 constituimus,
1911 1256 1947 1284 ut

1207 1302 1297 1345 ipse,
1325 1312 1384 1344 pro
1409 1301 1654 1335 confirmatione
1687 1313 1745 1335 seu
1771 1304 1946 1337 collatione

1207 1354 1394 1397 magisterii,
1419 1354 1569 1396 designet
1593 1354 1734 1397 aliquem
1760 1355 1805 1397 (si
1829 1366 1887 1399 per
1911 1367 1946 1390 se

1208 1417 1272 1440 non
1297 1407 1463 1448 conferat)
1489 1417 1525 1439 ex
1551 1407 1714 1449 magistris
1742 1407 1807 1440 iam
1831 1407 1947 1441 confir-

1207 1459 1301 1492 matis
1326 1465 1358 1492 et
1381 1459 1545 1501 graduatis
1582 1459 1615 1491 in
1650 1465 1874 1502 promotorem
1905 1462 1945 1494 ad

1207 1514 1304 1546 talem
1328 1512 1462 1555 gradum
1486 1511 1544 1544 sub
1569 1511 1670 1544 forma
1701 1512 1945 1546 constitutionis

1206 1566 1299 1599 istius
1324 1564 1567 1604 conserendum,
1585 1575 1603 1597 a
1619 1574 1683 1607 quo
1701 1565 1944 1607 promovendus

1206 1620 1239 1652 in
1263 1618 1453 1660 magistrum
1477 1617 1614 1659 gradum
1640 1616 1782 1650 doctoris
1818 1617 1945 1651 theolo-

1206 1671 1277 1715 giae
1303 1669 1494 1703 solemniter
1523 1668 1660 1712 recipiat
1688 1669 1773 1702 intra
1805 1674 1946 1712 quatuor

1206 1734 1333 1757 menses
1358 1734 1376 1755 a
1400 1721 1590 1765 receptione
1626 1720 1884 1756 confirmationis
1907 1722 1946 1756 il-

1205 1777 1277 1816 lius,
1295 1785 1388 1808 secus
1407 1774 1493 1807 enim
1519 1778 1649 1807 maneat
1668 1774 1854 1817 magisterio
1878 1775 1945 1818 pri-

1205 1835 1305 1862 vatus.
1328 1828 1557 1860 Praesentatus
1575 1831 1683 1859 autem
1709 1826 1776 1859 sive
1802 1837 1820 1859 a
1843 1828 1945 1871 magi-

1205 1887 1271 1915 stro
1294 1881 1359 1913 sive
1385 1891 1402 1912 a
1418 1878 1611 1923 provinciali
1629 1879 1668 1911 ad
1685 1878 1718 1911 id
1735 1878 1797 1911 iam
1815 1879 1943 1922 pridem

1205 1945 1262 1978 per
1287 1944 1321 1967 se
1346 1933 1530 1966 facultatem
1556 1931 1752 1965 habentibus
1778 1943 1795 1965 a
1823 1934 1944 1966 consti-

1206 1987 1328 2020 tutione
1363 1986 1476 2018 nostra
1505 1984 1544 2017 ad
1577 1984 1712 2026 gradum
1740 1984 1942 2019 baccalaurei

1204 2039 1317 2072 eadem
1352 2037 1558 2070 solemnitate
1590 2042 1840 2079 promoveatur;
1867 2043 1941 2071 ante

1204 2091 1443 2136 promotionem
1456 2099 1532 2122 vero
1547 2088 1734 2131 suffragium
1746 2100 1812 2123 non
1822 2090 1942 2124 habeat

1204 2145 1235 2177 in
1260 2144 1400 2187 capitulo
1426 2141 1632 2185 provinciali.
1659 2140 1759 2180 Quam
1785 2143 1941 2176 constitu-

1204 2198 1326 2231 tionem
1344 2196 1441 2229 etiam
1457 2194 1496 2227 ad
1513 2199 1736 2237 praesentatos
1755 2195 1794 2229 de
1813 2196 1940 2241 pulpito

1205 2249 1429 2289 extendimus,
1454 2257 1516 2280 nec
1540 2257 1606 2280 non
1643 2247 1683 2280 ad
1708 2247 1881 2291 magistros
1907 2253 1940 2283 et

1204 2306 1428 2348 praesentatos
1452 2301 1492 2334 de
1516 2299 1631 2344 gratia.

1248 2366 1283 2391 11.
1302 2355 1419 2389 Forma
1435 2359 1543 2387 autem
1555 2353 1734 2397 graduandi
1748 2354 1937 2397 magistrum

1205 2414 1253 2443 est
1262 2407 1462 2442 huiusmodi.
1474 2406 1772 2441 Promotorhabeat
1781 2409 1938 2442 annulum

1205 2468 1237 2496 et
1259 2462 1382 2506 pileum
1408 2462 1537 2504 nigrum
1561 2465 1710 2505 paratum
1726 2487 1733 2501 ‚
1758 2471 1793 2494 ac
1818 2462 1936 2495 sedens

1206 2521 1353 2559 expectet
1365 2515 1634 2559 promovendum,
1653 2514 1717 2558 qui,
1732 2514 1819 2548 ‚lexis
1833 2516 1871 2548 ad
1885 2526 1937 2559 pe-

1205 2570 1260 2603 des
1278 2569 1472 2614 promotoris
1493 2568 1639 2613 genibus,
1656 2568 1878 2611 interrogatur
1895 2568 1934 2603 ab
