2227 3225
119 241 164 266 An.
183 240 209 267 Γ..
235 239 294 265 1ίῖᾒὶ

895 234 1103 259 ῙΧὟΟΓῐῗῗ-’ῊΓέ

313 289 394 320 serat
418 287 456 319 ad
480 283 674 329 quemlibet*
700 295 737 317 ex
762 283 974 316 conventibus
1006 283 1043 315 ad
1066 314 1067 329 3

312 338 539 382 probationem
574 338 695 377 electis,
727 337 815 370 iuxta
839 332 1068 380 provincialis*

312 391 488 431 arbitrium,
504 391 588 434 quod
603 390 734 434 quidem
749 400 766 422 a
780 388 1044 422 commendatore

312 443 381 477 fieri
406 443 622 486 praecipimus
642 443 725 475 infra
743 453 843 475 unum
863 452 1007 474 mensem
1031 451 1047 472 a

312 496 511 539 receptione,
529 497 588 529 suh
607 498 713 540 poena
723 495 918 539 privationis
936 493 1045 527 officii.

357 560 400 583 iv.
426 550 546 582 Domus
571 556 678 582 autem
708 549 904 582 novitiorum
930 548 963 580 in
988 548 1048 580 hu-

315 603 454 636 iusmodi
479 603 692 636 conventibus
716 603 755 635 sit
779 603 871 635 loeus
897 611 1047 643 segrega-

318 662 367 689 tus
393 668 409 689 a
434 658 653 700 professorum
677 656 840 695 convictu,
878 655 922 687 ita
958 664 1045 691 saue,

315 715 360 748 ut,
379 710 455 742 licet
481 710 595 742 fratres
620 709 730 742 clerici
755 709 821 741 sint
844 708 939 740 etiam
965 707 1049 738 intra
1070 726 1071 739 t

316 762 508 795 novitiatum
526 773 628 806 usque
655 762 694 795 ad
719 761 950 800 sacerdotium,
977 771 1049 792 cum

316 815 394 858 ipsis
426 825 554 858 quoque
588 816 737 849 nolumus
762 815 902 848 novitios
928 814 1049 846 habere

316 869 557 906 commercium.
582 868 653 908 sed,
673 868 755 901 sicut
778 867 966 901 huiusmodi
989 869 1051 900 cle-

316 921 402 954 ricos
427 926 459 954 et
481 921 621 954 novitios
645 922 685 954 ab
711 921 861 954 omnibus
896 921 966 953 aliis
991 920 1052 952 sra-

317 974 419 1008 tribus
444 975 577 1018 speciali
599 975 750 1008 clausura
770 975 832 1007 loci
852 985 1049 1017 separamus,

316 1027 361 1060 ita
384 1027 472 1070 ipsos
497 1038 514 1059 a
538 1037 570 1060 se
595 1027 732 1060 invicem
758 1027 900 1070 propriis
933 1028 1053 1063 dormi-

317 1080 409 1114 toriis
433 1081 517 1113 intra
542 1080 732 1113 novitiatum
757 1080 938 1120 dividimus,
957 1091 1051 1124 quan-

317 1141 385 1167 tum
409 1134 541 1166 facultas
565 1139 740 1167 conventus
764 1139 795 1166 et
819 1133 879 1166 loci
905 1134 1053 1177 amplitu-

318 1187 359 1220 do
383 1186 580 1229 permiserit.
607 1187 652 1219 Ad
674 1187 737 1220 hoc
762 1191 867 1219 autem
886 1187 1052 1230 utriusque

319 1239 501 1273 dormitorii
527 1241 627 1273 cellae
646 1240 711 1272 sint
727 1250 866 1272 numero
891 1240 1052 1272 sufficien-

319 1298 378 1331 tes,
403 1303 442 1325 ne
475 1292 568 1325 binos
599 1293 632 1325 in
658 1293 771 1325 eadem
806 1292 977 1325 convivere
1013 1293 1074 1324 sit>

317 1355 462 1383 necesse,
481 1350 536 1376 aut
550 1345 686 1377 lectulos
705 1345 737 1376 in
754 1345 861 1387 aliqua
879 1344 1048 1388 duplicari,

317 1398 374 1430 sed
399 1397 546 1439 singulae
571 1397 716 1439 singulos
740 1397 892 1437 habeant,
921 1403 954 1429 ut
978 1408 1052 1440 pro—

318 1450 448 1482 sundins
478 1450 608 1482 silentio
642 1454 672 1482 et
702 1449 869 1482 solitudini
902 1450 1049 1483 studeant

316 1504 366 1535 vel
392 1507 504 1545 gerant
528 1501 710 1545 spiritualia
734 1502 881 1535 liberius.

360 1566 390 1587 v.
418 1555 451 1587 ln
477 1554 634 1587 novitiatu
671 1555 794 1594 etiam,
820 1561 952 1598 praeter
989 1555 1050 1588 :ilia

316 1607 501 1640 communia
533 1608 714 1646 commoda,
749 1609 840 1640 locus
876 1608 1072 1651 deputetur1

316 1660 543 1703 spiritualibus
557 1661 788 1693 collationibus
799 1661 971 1702 habendis,
985 1672 1051 1695 cae-

316 1713 472 1746 remoniis
498 1719 529 1746 et
551 1713 691 1746 rubricis
716 1714 933 1753 addiscendis,
958 1725 1050 1757 regu-

315 1766 437 1799 laribus
462 1767 584 1809 pariter
609 1767 791 1809 disciplinis
824 1773 855 1799 et
879 1769 1048 1810 culparum

316 1818 467 1862 capitulis
499 1818 689 1851 exercendis
724 1819 876 1852 idoneus.
914 1820 1050 1864 Insuper

316 1878 348 1905 et
372 1872 560 1911 oratorium,
578 1872 609 1904 in
628 1882 690 1914 quo
721 1882 816 1905 nemo
838 1873 959 1916 aliquid
977 1880 1050 1918 agat

315 1925 377 1957 nisi
402 1925 433 1958 id
469 1925 507 1957 ad
533 1926 618 1967 quod
659 1925 775 1958 sactum
802 1931 871 1966 est,
898 1927 983 1960 unde
1019 1933 1050 1961 et.

314 1987 434 2011 nomen
459 1978 598 2021 accepit.

357 2041 397 2064 vi.
422 2031 600 2064 Novitiatus
626 2041 758 2074 semper
781 2032 823 2064 sit
847 2033 985 2073 clausus,
1019 2044 1049 2065 e-

314 2083 431 2127 iusque
456 2085 577 2117 clavem
606 2085 708 2118 solum
741 2085 861 2118 habeat
896 2087 1050 2128 magister

313 2137 505 2170 novitiorum
537 2143 590 2170 aut
614 2137 738 2178 socius,
764 2138 876 2182 illique
908 2140 968 2173 soli
999 2142 1070 2174 vel¹

313 2191 459 2234 praelato
482 2190 577 2223 liceat
600 2191 695 2223 alicui
721 2192 902 2226 concedere
927 2193 1049 2236 ingres·
1068 2202 1070 2213 ⁴

315 2253 407 2283 sum;
423 2242 449 2275 si
474 2253 552 2276 vero
577 2244 765 2286 ingrediens
791 2245 879 2288 loqui
905 2256 977 2278 cum
995 2257 1049 2279 no-

313 2294 390 2327 vitio
424 2295 577 2335 voluerit,
613 2295 767 2338 magistro
803 2302 990 2339 praesente,
1018 2303 1049 2331 et

315 2357 382 2380 non
406 2347 514 2388 aliter,
540 2349 736 2391 alloquatur.

357 2408 414 2433 vil.
437 2398 547 2437 Quoad
564 2400 751 2443 magistrum
772 2402 979 2443 novitiorum,
997 2415 1048 2447 pa-

315 2452 407 2492 riter,
431 2458 466 2484 ut
489 2463 597 2495 supra,
624 2454 838 2495 decernimus,
865 2461 899 2487 ut
924 2456 956 2488 in
982 2457 1048 2489 sin-

316 2505 399 2547 gulis
422 2505 576 2548 praefatis
601 2506 751 2539 domibus
785 2508 824 2539 ab
857 2509 971 2541 eodem
997 2520 1048 2542 ca-

316 2557 409 2601 pituli
434 2558 616 2592 definitorio
633 2559 821 2593 instituatur
846 2561 892 2593 vir
916 2563 1046 2605 quidem

352 2620 362 2646 ¹
384 2619 454 2646 Edit.
477 2619 553 2646 Main.
577 2620 639 2655 legit
659 2622 815 2656 quamlibet
837 2624 873 2659 (n.
892 2626 940 2655 Ti).

1129 235 1170 257 §zu
1196 235 1242 257 rra

1089 282 1276 324 religiosus,
1302 282 1427 323 virtute,
1454 285 1636 327 prudentia,
1664 289 1821 329 doctrina,

1089 335 1234 367 moribus
1258 340 1289 368 et
1309 339 1430 369 matura
1454 343 1555 370 aetate
1573 341 1749 382 praeditus,
1767 345 1820 386 qui

1089 389 1346 421 commendatori
1365 390 1405 422 sit
1423 390 1587 424 subiectus
1607 393 1639 425 in
1658 395 1818 428 omnibus.

1089 439 1120 472 Si
1145 445 1252 473 auten]
1279 447 1367 475 extra
1392 444 1566 486 capitulum
1587 448 1761 487 vacaverit,
1783 449 1821 481 ad

1090 494 1324 536 provincialem
1359 497 1523 540 pertineat
1556 499 1703 542 magistri
1734 502 1822 535 novi-

1091 547 1208 580 tiorum
1235 549 1364 582 electio.

1133 611 1202 634 vin.
1229 602 1286 634 llic
1312 612 1389 645 ergo
1406 605 1558 647 magister
1574 608 1682 641 statim
1710 619 1746 642 aa
1767 620 1824 643 1¹10-

1091 654 1159 686 vitii
1185 654 1216 686 in
1242 656 1348 689 locum
1373 659 1545 691 novitiatus
1567 661 1739 695 introducti
1760 664 1825 697 sue-

1091 707 1165 745 rint,
1192 708 1237 740 eis
1262 710 1444 751 prudenter
1467 712 1608 753 suadeat,
1632 720 1668 748 ut
1692 726 1751 759 per
1776 727 1826 759 ge-

1094 761 1235 793 neralem
1271 763 1416 796 omnium
1451 770 1661 807 peccatorum
1697 771 1825 803 conses-

1093 813 1219 847 sionem
1243 816 1342 849 totius
1366 822 1531 852 anteactae
1556 821 1638 853 vitae
1663 824 1826 857 conscien-

1093 867 1167 899 tiam
1185 867 1320 909 diluant,
1334 873 1634 913 praestantiamillis
1652 875 1826 919 religiosae

1092 921 1266 954 vocationis
1290 924 1425 966 aperiat,
1445 930 1476 958 et
1493 926 1549 959 Dei
1567 928 1709 961 vocantis
1734 930 1828 963 mise-

1095 973 1281 1014 ricerdiam,
1308 986 1372 1019 qua
1396 987 1452 1010 eos
1477 979 1627 1021 dignatus
1653 987 1703 1014 est
1727 993 1744 1015 a
1764 994 1827 1017 sae-

1094 1026 1156 1059 culi
1182 1027 1306 1070 laqueis
1327 1034 1358 1062 et
1381 1031 1574 1066 vanitatibus
1598 1035 1746 1078 eripere,
1772 1037 1826 1079 pio

1095 1090 1246 1113 sermone
1268 1092 1332 1114 non
1349 1083 1452 1116 sileat.
1479 1084 1555 1119 Illos
1573 1089 1684 1130 regula
1704 1094 1736 1121 et
1756 1100 1828 1123 con-

1095 1132 1317 1167 stitutionibus
1341 1135 1502 1178 informet,
1528 1144 1560 1171 et
1583 1140 1623 1172 ad
1648 1142 1826 1184 perfectam

1094 1190 1242 1218 votorum
1268 1187 1509 1223 observantiam
1533 1191 1676 1233 inducat,
1702 1195 1827 1237 praeci-

1094 1239 1174 1280 pue¹
1193 1249 1269 1272 vero
1287 1240 1326 1272 :td
1347 1241 1605 1277 ardentissimam
1623 1247 1725 1279 nostri
1743 1247 1829 1280 insti-

1096 1291 1154 1322 tuti
1179 1297 1210 1324 et
1235 1293 1339 1334 quarti
1366 1294 1429 1327 voti
1460 1296 1664 1338 charitatem,
1693 1305 1728 1332 ut
1751 1310 1829 1343 pau-

1072 1348 1074 1362 ἕ
1094 1343 1182 1375 latim
1204 1354 1259 1376 eos
1276 1346 1459 1380 conformes
1483 1348 1577 1381 saciat
1596 1350 1730 1393 imagini
1755 1353 1826 1386 Filii

1094 1395 1148 1428 Dei
1175 1401 1206 1429 et
1230 1400 1412 1441 exemplum
1438 1401 1620 1435 dilectionis
1647 1404 1714 1437 eius
1740 1406 1828 1449 ipso-

1093 1459 1162 1481 rum
1187 1451 1340 1484 cordibus
1365 1452 1501 1494 ingerat,
1526 1455 1747 1490 obedientiam
1782 1459 1827 1491 eis

1093 1502 1212 1542 laudet,
1227 1510 1450 1547 paupertatem
1471 1509 1617 1542 extollat.
1634 1509 1828 1547 Pudicitiam

1093 1556 1183 1598 puris
1209 1557 1313 1589 verbis
1345 1557 1488 1592 insinuet
1511 1566 1543 1593 et
1567 1562 1719 1604 pietatem
1751 1574 1829 1607 erga

1093 1607 1274 1650 proximum
1299 1610 1365 1643 Deo
1384 1611 1626 1646 dilectissimam
1644 1616 1773 1655 reserat,
1792 1621 1828 1648 ut

1092 1661 1228 1703 singulis
1248 1667 1396 1696 votorum
1415 1664 1586 1699 virtutibus
1604 1677 1716 1700 eorum
1735 1679 1826 1702 mens

1093 1719 1124 1746 et
1148 1714 1255 1747 anima
1281 1716 1414 1749 ferveat.

1136 1777 1177 1800 ix.
1212 1767 1300 1800 Inter
1336 1769 1417 1802 haec
1452 1771 1560 1804 omnia
1593 1773 1827 1807 catechismum

1091 1820 1289 1853 christianae
1325 1822 1516 1865 disciplinae
1553 1825 1681 1867 saepius
1715 1827 1761 1859 eis
1794 1828 1827 1860 in

1092 1872 1240 1906 doctrina
1265 1876 1342 1906 sana
1367 1880 1397 1907 et
1422 1876 1584 1918 patienter
1602 1884 1751 1921 exponat,
1771 1880 1827 1912 hu-

1092 1925 1262 1959 militatem
1287 1927 1395 1960 cordis
1421 1939 1477 1961 eos
1503 1929 1625 1964 habere
1651 1932 1779 1973 doceat,
1795 1938 1827 1965 et

1092 1978 1291 2021 frequenter,
1316 1991 1396 2023 pure
1423 1986 1455 2013 et
1479 1982 1724 2017 lacrimabiliter
1752 1996 1825 2018 cum

1091 2030 1275 2074 integritate
1301 2039 1333 2065 et
1356 2034 1481 2076 pudore
1507 2035 1653 2068 confiteri
1670 2042 1702 2070 et
1721 2039 1825 2071 caele-

1090 2089 1172 2117 stem
1207 2096 1324 2128 pancm
1351 2087 1493 2128 esurire,
1521 2092 1552 2120 et
1575 2094 1649 2122 ante
1674 2091 1825 2134 sumptio·

1091 2148 1164 2170 nem
1190 2137 1221 2170 in
1248 2139 1395 2172 oratione
1414 2145 1446 2173 et
1466 2145 1673 2183 peccatorum
1698 2144 1821 2178 assidua

1091 2191 1319 2234 deploratione
1344 2202 1378 2225 se
1403 2204 1567 2234 exercere,
1595 2200 1630 2227 ut
1651 2196 1688 2228 ad
1706 2196 1814 2229 Eucha

1090 2243 1213 2276 ristiam
1250 2244 1364 2277 diebus
1395 2245 1601 2280 distinctione
1627 2258 1646 2288 1,
1672 2259 1742 2292 cap.
1769 2259 1822 2290 vit,

1089 2296 1273 2329 constitutis
1294 2298 1458 2330 accedant.
1472 2298 1695 2334 Confessiones
1714 2312 1823 2335 eorum

1091 2350 1178 2382 solus
1203 2350 1312 2382 audiat
1336 2351 1513 2393 magister;
1541 2353 1565 2385 si
1599 2358 1705 2386 tamen
1731 2365 1822 2397 prae·

1090 2403 1171 2434 latus
1185 2403 1280 2435 aliter
1294 2404 1446 2447 expedire
1464 2404 1665 2447 iudicaverit,
1685 2407 1724 2439 ad
1742 2408 1822 2440 alios

1090 2455 1317 2495 confessarios,
1346 2457 1475 2497 virtute,
1502 2458 1571 2490 zelo
1596 2463 1627 2491 et
1650 2460 1819 2502 prudenti(

1089 2508 1265 2551 probatos,
1288 2509 1408 2542 ducere
1428 2511 1564 2553 poterit,
1591 2511 1683 2554 sique
1698 2511 1708 2529 ²
1733 2512 1807 2545 novi

1125 2581 1136 2607 1
1160 2579 1206 2606 Ed.
1224 2580 1301 2608 Main.
1324 2581 1390 2615 legit
1403 2582 1563 2617 praecipua
1583 2582 1622 2616 (n.
1643 2584 1689 2615 τ.).

1123 2624 1139 2651 Ξ
1159 2624 1225 2651 Male
1246 2625 1309 2651 edit.
1332 2624 1411 2652 Maia,
1434 2625 1495 2660 legit
1516 2627 1541 2652 si
1559 2634 1628 2660 qnae
1647 2628 1683 2660 (a.
1705 2627 1753 2660 r).

1722 231 1785 263 ⁶283
1832 242 1878 267 iu.
1900 242 1927 268 c>
1948 243 2006 269 troi
