2227 3225
107 226 154 252 An.
177 226 205 251 C.
224 226 292 252 4605

339 273 598 316 Refer-malorum
629 271 666 304 cte
697 271 848 304 etecn'one
873 271 1055 315 quarata-¹

338 336 468 366 norum,
494 326 701 369 aliorumque
725 325 931 368 officialium,
961 336 1031 358 nec-

337 389 401 411 non
424 379 649 422 familiaritate
672 389 731 423 pro
751 379 911 412 coenobiis
934 379 1031 412 recol-

338 430 494 464 Iectorum
514 433 704 476 provinciae
728 431 912 465 romnnae¹.

473 520 668 547 Innocentius
690 514 769 554 Papa
788 520 852 551 xn,

427 565 465 591 ad
485 565 623 592 futuram
643 565 687 592 rei
709 565 894 592 memoriam.

337 645 401 689 §t
422 645 510 678 Alias
529 656 589 689 pro
615 650 706 689 parte
732 646 925 679 dilectorum
950 644 1030 678 tilio-

125 657 170 677 Mos
188 657 280 677 invalue-

99 687 138 705 ra¹.
149 685 282 716 ut‘guardia·

100 716 138 745 nu*
167 714 181 730 s
214 710 229 730 n
240 718 280 729 ......
292 709 362 730 rum
378 698 548 740 guardiani
566 705 598 731 et
620 699 834 731 discretorum
853 703 1029 731 conventus

100 739 145 786 252¹
208 744 324 783 ¹trm'ii'fS.
352 751 596 792 Bonaventurae
623 751 661 784 de
695 751 779 784 Urbe
809 751 937 784 Ordinis
971 750 1030 782 sra-

144 769 152 781 Γ

99 790 375 837 tlfss‘1.„...¹.¹⁸..‡351uum
400 803 560 836 Minorum
584 804 685 836 sancti
711 803 872 836 Francisci
904 803 943 835 de
969 802 1030 835 Ob-

99 847 150 887 3:355..
162 842 281 888 additi&
292 857 454 889 servantia
477 856 738 889 Reformatorum
769 861 1028 899 nuncupatorum

98 898 254 920 ⁹‘“⁸⁵⁶”‘'⁴¹'²¹'
292 909 388 942 nobis
414 910 573 953 exposito,
593 910 680 952 quod
699 913 785 952 (crim
811 909 895 952 apud
922 920 977 942 eos
997 909 1029 941 in

291 972 382 995 more
407 962 548 1005 positum
573 962 783 1005 reperiretur,
808 968 842 995 ut
866 973 925 1005 pro
951 968 1030 994 tem-

291 1026 370 1058 pore
396 1015 537 1048 existens
563 1016 761 1058 guardianus
786 1015 861 1048 dicti
895 1026 1031 1048 conven-

293 1070 363 1107 tus,
389 1073 551 1111 tamquam
576 1068 710 1111 praefati
738 1075 767 1100 ct
794 1069 931 1101 aliorum
957 1079 1030 1110 pro-

292 1120 416 1153 vinciae
443 1131 596 1153 romanae
633 1121 709 1153 dicti
734 1121 862 1153 Ordinis
896 1131 954 1163 pro
980 1131 1031 1153 re-

293 1173 489 1206 collectione
515 1184 572 1206 sen
599 1184 731 1207 secessu
762 1174 895 1206 fratrum
920 1174 1031 1206 Reser-

292 1231 452 1258 matorum
478 1226 608 1259 Ordinis
634 1227 820 1260 huiusmodi
852 1226 1030 1268 assignato-

293 1288 364 1310 rum
381 1284 600 1311 conventuum
617 1279 766 1319 director,
783 1279 918 1322 singulis
936 1279 1029 1311 annis

293 1330 465 1363 occasione
490 1331 724 1364 celebrationis
743 1332 875 1374 capituli
901 1331 1030 1374 proriu-

293 1382 383 1415 cialis
420 1393 477 1415 scu
514 1384 781 1425 congregationis
818 1384 922 1416 dictae
957 1394 1030 1426 pro-

294 1435 416 1468 vinciae
450 1436 531 1468 duos
571 1441 627 1468 aut
662 1441 725 1468 tres
760 1435 935 1478 religiosos
971 1446 1029 1478 pro

293 1489 439 1531 quolibet
464 1494 681 1521 conventuum
707 1489 894 1522 huiusmodi
921 1489 1029 1522 defini-

292 1542 375 1575 torio
408 1542 554 1575 eiusdem
588 1542 773 1585 provinciae
798 1548 1027 1586 praesentaret,

292 1599 324 1626 et
348 1594 441 1627 exiis
465 1605 548 1627 unus
566 1595 705 1628 arbitrio
727 1595 828 1638 ipsius
853 1594 1028 1628 definitorii

291 1648 467 1691 unicuique
504 1658 541 1680 ex
574 1648 786 1681 conventibus
820 1648 973 1692 praefatis
997 1648 1029 1680 in

293 1701 507 1743 guardianum
546 1701 729 1744 respective
774 1701 1028 1745 praeficeretur,

292 1764 419 1786 necnon
445 1754 582 1786 ulterius
609 1754 695 1786 idem
721 1754 920 1796 guardianus
945 1754 1031 1787 dire-

292 1811 363 1839 ctor
386 1806 498 1839 solium
524 1807 695 1849 quoddam,
711 1807 840 1839 nomina
860 1807 1031 1849 religioso-

292 1869 362 1892 rum
381 1869 458 1903 prae
480 1859 596 1892 ceteris
609 1860 760 1892 omnibus
776 1860 936 1892 dictorum
955 1871 1031 1892 con-

293 1917 445 1944 ventuum
471 1911 585 1944 officiis
612 1912 775 1955 aptiorum
807 1923 842 1944 ac
867 1912 900 1944 in
927 1912 972 1944 eis
993 1913 1030 1945 de

292 1964 412 1997 familia
438 1964 618 2007 respective
640 1964 904 1997 collocandorum
930 1965 1031 1997 conti-

291 2017 483 2058 nens,dicto
511 2017 695 2050 definitorio
722 2017 872 2050 similiter
897 2017 1031 2051 exhibe·

291 2076 364 2111 ret;
399 2070 514 2103 solium
550 2080 626 2103 vero
653 2070 842 2103 huiusmodi
868 2081 885 2103 a
910 2081 1031 2104 memo-

292 2129 360 2156 rato
377 2122 559 2156 definitorio
574 2124 824 2166 approbaretur,
842 2134 876 2155 ac
892 2123 1029 2156 subinde

291 2187 309 2208 a
333 2186 393 2218 pro
420 2181 564 2218 tempore
590 2175 748 2208 existente
773 2176 923 2208 ministro
955 2187 1031 2219 pro-

290 2228 417 2261 vinciali
442 2227 628 2271 provinciae
653 2228 858 2270 supradictae
889 2229 1030 2261 subscri-

291 2287 380 2325 ptum
395 2281 455 2324 ipsi
470 2280 648 2323 guardiano
660 2280 670 2297 ²
687 2281 853 2320 directori,
866 2281 903 2313 ad
920 2282 980 2314 hoc
996 2287 1029 2313 ut

292 2335 331 2366 ab
358 2345 395 2367 eo
422 2335 604 2367 executioni
631 2334 819 2368 demandari
839 2341 961 2378 posset,
980 2346 1029 2368 rc-

292 2387 491 2431 stitueretur)
509 2398 579 2421 mos
605 2388 788 2421 huiusmodi
810 2388 949 2431 plurium
975 2399 1029 2420 an-

328 2477 338 2501 1
362 2475 429 2502 Vide
449 2475 599 2504 innocentii
619 2476 654 2503 XI
675 2477 782 2503 constit.
805 2477 847 2503 ed.
870 2483 1028 2510 MDCLxx-xv,

293 2518 336 2547 die
357 2520 389 2546 16
407 2520 510 2555 aprilis,
532 2521 628 2556 pontif.
645 2528 680 2553 tx,
698 2521 846 2548 Clementis
866 2521 897 2547 M
919 2522 1027 2548 constit.

292 2564 358 2591 edit.
380 2570 475 2596 mncev,
495 2564 539 2592 die
561 2566 591 2591 12
611 2565 712 2599 martii,
736 2566 829 2600 pontif.
853 2573 878 2592 v.

325 2608 342 2634 2
361 2607 433 2635 Edit.
454 2607 531 2636 Main.
553 2609 618 2644 legit
632 2610 793 2644 guardiam
814 2615 849 2646 [fl.
872 2611 912 2645 T.)

394 2663 475 2690 Bull.
492 2664 572 2692 Rom.
590 2679 624 2684 —
643 2666 702 2692 Vol.
719 2666 777 2692 XX.
922 2665 957 2691 90

894 224 1099 248 ῘΝΧΜΞΙΞᾸἸῊῈ
1126 225 1168 247 xit
1193 226 1240 248 Pt‘.

1712 214 1774 248 713

1073 282 1187 304 norum
1219 271 1323 315 spatio
1352 271 1392 304 ob
1424 273 1575 314 plenam,
1607 282 1702 315 quam
1727 272 1812 304 idem

1073 324 1269 366 guardianus
1313 324 1455 356 director
1499 324 1538 357 de
1574 324 1639 357 suis
1673 324 1812 358 subditis

1073 388 1252 421 eorumque
1289 377 1497 421 qualitatibus
1529 377 1676 410 notitiam
1701 378 1811 419 habet,

1073 442 1146 464 cum
1171 431 1307 463 maxima
1332 430 1563 473 religiosorum
1588 431 1735 463 secessus
1753 431 1813 463 hu-

1074 484 1211 516 iusmodi
1239 494 1317 526 paee
1339 489 1371 516 et
1396 483 1632 527 tranquillitate
1664 488 1812 516 servatus

1074 537 1193 576 suerat;
1222 542 1253 569 et
1273 537 1304 568 in
1324 537 1437 569 eadem
1457 535 1661 579 expositione
1678 535 1814 567 subiun-

1073 596 1133 630 cte,
1167 591 1253 634 quod
1279 590 1376 623 iidem
1402 589 1599 632 gum-dianus
1626 594 1658 621 et
1683 588 1814 621 discreti

1073 644 1269 676 verebantur
1293 653 1333 676 ne
1358 653 1533 687 progressu
1559 641 1714 685 temporis
1739 651 1814 684 pro-

1073 697 1181 729 batum
1208 696 1295 732 hune
1320 706 1444 728 morem
1463 695 1495 727 in
1522 695 1621 727 divini
1639 694 1758 727 servitii
1778 704 1815 727 ae

1073 749 1247 791 religiosae
1273 749 1390 791 quietis
1408 748 1585 791 pernicicm
1610 747 1728 780 variari
1754 758 1814 780 seu

1074 802 1192 834 mutari
1219 801 1447 843 contingeret;
1474 811 1509 833 ac
1526 800 1665 844 proinde
1685 811 1743 843 pro
1762 811 1815 833 eo-

1074 866 1143 886 rum
1178 860 1271 897 parte
1307 854 1402 887 nohis
1436 855 1630 897 supplicato,
1657 860 1815 897 quatenus

1073 908 1220 940 cumdem
1246 917 1370 940 morem
1407 907 1446 940 [le
1479 912 1587 940 cetero
1623 907 1663 939 ab
1699 906 1748 946 iis,
1774 907 1815 939 ad

1074 971 1155 1003 quos
1180 965 1306 1002 spectat
1323 965 1354 992 et
1372 970 1431 1002 pro
1451 964 1599 1002 tempore
1625 963 1814 1002 spectasset,

1074 1013 1305 1045 inviolabiliter
1323 1013 1445 1045 servari
1471 1012 1695 1045 mandaremus
1713 1022 1720 1044 ·.
1742 1022 1813 1051 nos,

1074 1065 1230 1098 eiusmodi
1261 1065 1384 1107 gratiae
1411 1065 1653 1097 concessionem
1680 1074 1739 1107 per
1764 1074 1816 1096 re-

1075 1118 1228 1161 scriptum
1254 1124 1400 1150 nostrum
1426 1128 1496 1150 cum
1523 1116 1730 1149 facultatibus
1758 1126 1816 1148 ne-

1074 1171 1224 1203 cessariis
1249 1170 1430 1203 remisimus
1462 1170 1595 1203 arbitrio
1621 1169 1730 1202 dilecti
1756 1168 1815 1202 filii

1074 1225 1316 1256 Bonaventurae
1341 1222 1448 1255 Po'e'rii
1481 1222 1624 1254 ministri
1651 1221 1813 1264 generalis

1073 1277 1202 1310 Ordinis
1221 1276 1411 1319 supradicti,
1426 1276 1480 1319 qui
1499 1276 1645 1309 eiusdem
1663 1274 1813 1318 rescripti

1073 1331 1183 1372 vigore
1220 1330 1387 1362 decretum
1422 1329 1453 1361 in
1489 1328 1675 1372 praemissis
1713 1327 1815 1360 edidit

1075 1382 1194 1414 tenoris
1220 1381 1274 1424 qui
1300 1381 1474 1424 sequitur,
1500 1381 1671 1413 videlicet:
1703 1393 1716 1411 (ι
1741 1381 1815 1412 Fra-
1840 1389 2008 1426 ⁴nqcretunrnn-

1075 1442 1121 1467 ter
1134 1435 1358 1467 Bonaventura
1371 1435 1512 1473 Poenius,
1530 1435 1630 1467 lector
1648 1434 1812 1473 iubilatus,
1824 1416 2008 1473 ,flatthflfffissss‘xssff

1074 1488 1171 1520 totius
1195 1487 1323 1520 Ordinis
1356 1487 1492 1520 fratrum
1806 1475 1867 1492 'mn
1932 1472 2007 1490 ΜΝ.

1819 223 1868 249 An.
1890 223 1916 247 (ἶ.
1934 222 2004 248 torf]

1526 1488 1684 1519 Minoi-um
1710 1493 1813 1520 sancti
1826 1502 1892 1516 mans.

1073 1541 1174 1584 patris
1188 1541 1291 1573 nostri
1306 1540 1467 1573 Francisci
1482 1540 1632 1572 minister
1642 1539 1813 1582 generalis,

1073 1604 1199 1626 necnon
1211 1593 1403 1626 auctoritate
1414 1593 1609 1625 sanctissimi
1622 1592 1746 1625 domini
1761 1603 1815 1626 no-

1074 1647 1130 1680 stri
1152 1645 1351 1680 Innocentii¹
1370 1646 1476 1689 Papae
1494 1646 1546 1679 Xll
1567 1646 1812 1679 commissarius

1074 1699 1284 1742 apostolicus,
1298 1709 1420 1739 servus,
1433 1704 1495 1732 etc.
1509 1698 1587 1732 Cum
1602 1698 1812 1731 amantissimi

1074 1753 1188 1785 fratres
1220 1752 1323 1785 nostri
1354 1752 1533 1785 conventus
1560 1751 1813 1784 Recollectionis

1074 1816 1131 1839 seu
1149 1807 1297 1839 recessus
1311 1805 1342 1837 S.
1359 1805 1603 1838 Bonaventurae
1621 1805 1659 1837 de
1677 1804 1762 1837 Urbe
1780 1804 1813 1836 in

1074 1858 1207 1901 pacifica
1220 1858 1286 1891 sint
1300 1857 1549 1897 consuetudine,
1565 1857 1651 1900 quod
1667 1857 1813 1899 guardia-

1074 1922 1132 1944 nus
1145 1911 1300 1953 ipsorum,
1314 1916 1475 1954 tamquam
1491 1910 1633 1943 director
1644 1909 1742 1943 totius
1756 1909 1813 1943 Re-

1074 1963 1612 2003 collectionishuiusmodi,solitus
1623 1962 1813 2005 sitsingulis

1074 2017 1221 2060 capitulis
1239 2022 1270 2049 et
1287 2016 1591 2059 congregationibus
1608 2015 1812 2048 intermediis

1073 2075 1283 2113 praesentare
1302 2069 1487 2112 provinciae
1506 2074 1635 2101 nostrae
1657 2068 1813 2101 reforma-

1074 2128 1124 2156 tae
1151 2133 1302 2155 romanae
1333 2122 1412 2155 duos
1439 2121 1486 2154 vel
1518 2127 1583 2154 tres
1608 2122 1725 2154 fratres
1750 2131 1811 2165 pro

1074 2176 1159 2208 dicto
1185 2175 1268 2207 sicut
1288 2179 1319 2207 et
1336 2174 1407 2207 aliis
1426 2174 1569 2207 eiusdem
1595 2174 1813 2207 Recollectio-

1073 2228 1122 2261 nis
1147 2227 1370 2267 conventibus,
1403 2233 1439 2259 ut
1463 2227 1501 2259 de
1529 2226 1721 2259 eorumdem
1752 2237 1813 2259 nu-

1072 2292 1164 2314 mero
1201 2291 1284 2313 unus
1321 2291 1380 2324 pro
1414 2290 1611 2323 unoquoque
1649 2285 1811 2313 conventu

1073 2335 1176 2368 dictae
1201 2333 1454 2366 Recollectionis
1490 2333 1530 2366 ad
1562 2333 1732 2366 arbitrium
1757 2345 1812 2376 pa-

1073 2393 1155 2420 trum
1177 2386 1351 2419 definitorii
1370 2386 1578 2429 praeficiatur
1602 2386 1635 2418 in
1660 2386 1812 2428 guardia-

1072 2451 1160 2481 num,
1181 2439 1392 2483 praetataque
1425 2438 1660 2471 consuetudine
1692 2439 1748 2471 tali
1774 2450 1809 2472 se

1072 2495 1188 2526 fratres
1213 2494 1252 2526 ab
1278 2493 1454 2525 ambitione
1480 2498 1622 2525 remotos
1643 2492 1711 2525 sine
1732 2503 1810 2535 que-

1071 2548 1139 2580 rela
1163 2546 1195 2578 in
1221 2546 1415 2585 humilitate,
1442 2548 1557 2587 magna
1574 2555 1653 2588 pace
1673 2550 1704 2578 et
1721 2544 1810 2577 aedi-

1109 2609 1118 2635 1
1143 2607 1245 2635 Nomen
1265 2607 1428 2634 Imzocentii
1448 2615 1496 2634 nos
1516 2605 1640 2633 addimus
1660 2609 1698 2639 (R.
1718 2605 1767 2640 L).
