2254 3225
253 237 298 263 tn.
320 235 347 263 c.
370 235 430 262 1091
479 226 544 260 ΨΜ

442 294 460 317 a
495 284 547 317 die
584 288 715 317 nostrae
752 284 791 318 ad
826 284 942 317 summi
977 285 1179 327 apostolatus

441 337 568 380 apicem
589 337 829 381 assumptionis,
845 336 1014 380 suffragari
1034 347 1129 380 posse
1150 341 1181 368 et

442 390 572 430 dehere,
591 400 648 423 seu
673 390 821 433 potuisse
845 400 881 422 ac
899 389 1067 422 debuisse.

485 443 545 486 56.
561 443 622 476 Per
635 442 815 486 praemissa
831 447 940 475 autem
957 452 1022 474 non
1038 440 1181 473 intendi-

268 505 433 531 mut-anguineis
443 505 513 528 mus
537 505 691 528 revocare
716 495 935 537 exemptiones
953 499 983 527 et
999 492 1181 525 immunita-

251 541 273 581 ἓξ
287 533 433 580 ’.Ῡξζγῖψῖἑᾎᾞ
445 554 490 581 tes
518 548 773 591 quibuscumque
804 546 953 589 personis
986 545 1181 578 ecclesiasti-

251 590 284 608 Μ
299 589 416 607 “mum‘'
443 601 563 634 cistam
576 600 796 633 saecularibus
809 609 905 642 quam
918 597 1120 640 regularibus
1141 598 1180 631 de

444 654 512 686 iure
537 657 759 696 competentes
774 679 781 692 ‚
806 661 914 694 neque
943 650 1156 683 thesaurariis
1171 677 1179 691 ,

444 706 700 750 appaltatoribus
728 710 759 738 et
785 703 1037 738 conductoribus
1070 704 1177 737 bono-

445 771 524 801 rum,
535 760 727 792 introituum
741 763 773 791 et
785 758 903 789 iurium
917 757 1018 790 dictae
1028 756 1179 790 Gamerae

443 819 576 846 nostrae
601 813 640 845 ab
665 812 733 855 ipsa
753 811 885 844 Camera
910 821 967 843 seu
992 810 1063 843 aliis
1090 810 1179 843 illius

444 865 575 898 nomine
599 866 632 898 in
657 865 845 907 appaltuum
870 867 902 895 et
921 861 1115 895 locationum
1133 862 1181 894 in-

444 918 630 951 strumentis
656 922 688 949 et
718 916 850 949 illorum
873 914 1000 947 ratione
1034 925 1071 947 ex
1103 925 1180 948 con-

445 976 547 1003 tractu
564 970 722 1011 tituloque
738 978 813 1001 vere
835 977 977 1000 oneroso
994 977 1177 1000 concessas.

489 1023 503 1065 §
525 1022 555 1055 7.
586 1022 630 1054 Ac
653 1021 787 1063 insuper
811 1031 829 1053 a
852 1020 1115 1053 revocationibus
1149 1024 1178 1052 et

445 1075 518 1108 aliis
543 1074 737 1116 supradictis
763 1074 940 1116 excipimus
962 1079 993 1106 et
1017 1078 1180 1115 exemptas

446 1138 516 1161 esse
540 1127 685 1160 volumus
710 1131 742 1158 et
765 1126 966 1158 declaramus
998 1126 1181 1158 immunita-

445 1186 494 1214 tes
521 1185 552 1213 et
581 1179 802 1222 exemptiones
834 1179 999 1222 quibusvis
1029 1179 1182 1211 universi-

448 1232 564 1266 tatibus
581 1237 612 1265 et
629 1232 776 1275 personis
795 1232 883 1264 datas
903 1236 936 1264 et
960 1241 1129 1264 concessas
1148 1231 1180 1263 in

445 1285 508 1318 vim
532 1289 716 1318 contractus
743 1295 780 1317 ex
805 1286 901 1317 causa
928 1294 1004 1317 vere
1032 1286 1181 1324 onerosa,

445 1338 593 1371 videlicet
609 1347 770 1379 congruae
788 1342 819 1369 et
836 1336 1011 1369 effectualis
1030 1337 1182 1379 pecunia—

446 1401 517 1423 rum
542 1389 722 1429 solutionis,
743 1394 774 1422 et
793 1399 860 1422 non
885 1389 972 1429 alias,
998 1389 1104 1422 eidem
1129 1389 1183 1422 Ca-

444 1453 552 1477 merae
576 1443 779 1486 Apostolieae
812 1444 860 1475 vel
895 1443 974 1486 ipsis
998 1443 1182 1475 communi-

446 1496 563 1529 tatibus
588 1496 752 1538 legitimae
770 1495 884 1536 factae,
902 1497 951 1528 vel
976 1506 1013 1528 ex
1038 1495 1109 1528 aliis
1134 1506 1184 1528 ra-

446 1549 657 1583 tionabilibus
674 1548 779 1581 causis
797 1559 857 1592 per
873 1558 932 1581 nos
948 1549 1184 1591 cognoscendis

447 1607 479 1635 et
503 1601 734 1645 approbandis,
759 1606 796 1633 ut
819 1601 913 1640 iufra,
940 1611 975 1634 ac
1009 1602 1106 1634 etiam
1131 1602 1185 1634 de-

446 1654 624 1688 clarandis:
651 1664 731 1697 quas
757 1664 870 1687 omnes
895 1663 1006 1687 causas
1031 1664 1186 1687 onerosas

446 1707 576 1740 nonnisi
593 1707 751 1749 legitimas
780 1717 816 1739 ac
842 1707 947 1739 licitas
971 1712 1003 1739 et
1019 1707 1184 1748 honestas,

446 1765 543 1803 prout
563 1760 601 1792 de
625 1759 706 1799 iure,
732 1760 913 1802 approbare
937 1760 1148 1793 intendimus.

491 1813 506 1855 ,ξ
524 1812 553 1845 8.
570 1813 608 1845 Et
624 1818 809 1856 propterea,
827 1813 1025 1856 quicumque
1043 1813 1114 1846 illas
1132 1813 1187 1846 ob-

450 1865 564 1905 tinent,
588 1876 642 1898 eas
666 1865 699 1898 in
720 1865 805 1899 dicta
828 1865 971 1906 Camerti,
1006 1866 1104 1899 citato
1140 1866 1187 1899 di—

284 1922 365 1944 C³¹¹⁵³⁰
388 1919 533 1951 nn0-lect0
558 1917 624 1951 tilio
648 1918 749 1961 ipsius
781 1918 931 1951 Gamerae
967 1919 1187 1952 commissario

256 1955 316 1970 rosae
329 1950 438 1973 verificari,

257 1977 437 2028 {iaiffi'sswaaifir'gss
448 1971 612 2012 generali,
646 1970 825 2010 verificare,
850 1976 881 2003 et
911 1971 944 2003 in
964 1971 1034 2014 ipsa
1057 1971 1188 2004 Camera

258 2029 396 2075 23'‘¹,‘¹{¹'⁹¹¹'
418 2023 625 2056 ¹nexaminari
655 2028 688 2056 et
711 2023 835 2055 admitti
861 2024 967 2056 facere
994 2029 1184 2065 teneantur,

289 2062 306 2075 ω
323 2062 331 2076 r
349 2070 354 2076 ⁸
450 2076 576 2110 etiamsi
589 2076 819 2110 concessiones
837 2077 1023 2110 earumdem
1040 2077 1188 2110 immuni-

450 2134 550 2161 tatum
575 2134 605 2161 et
630 2129 880 2171 exemptionum,
906 2139 941 2162 ac
964 2129 1101 2168 litterae,
1137 2140 1189 2162 ce-

451 2181 544 2214 dulae
561 2181 802 2224 motusproprii‚
814 2181 1035 2224 chirographa
1055 2187 1086 2214 et
1106 2182 1187 2214 aliae

450 2233 629 2276 scripturae
647 2233 788 2276 desuper
805 2238 972 2266 emanatae
993 2239 1024 2266 et
1039 2239 1188 2266 emanata

452 2286 528 2319 alias
557 2286 590 2318 in
618 2286 749 2319 Camera
773 2286 938 2328 praedicta
968 2286 1127 2319 admissae
1157 2291 1190 2319 et

453 2339 594 2371 admissa
625 2349 662 2371 ac
686 2339 718 2371 in
743 2339 798 2371 illa
824 2338 958 2381 eiusque
983 2339 1075 2372 libris
1105 2339 1190 2381 regi-

454 2396 573 2424 stratae
591 2396 621 2424 et
639 2391 810 2433 registrata
827 2391 948 2424 suerint
964 2396 995 2424 et
1012 2391 1095 2431 sint3
1115 2403 1191 2435 qua-

454 2448 546 2475 tenus
564 2448 670 2475 tamen
688 2453 803 2476 causae
828 2453 985 2476 onerosae
1006 2443 1190 2477 huiusmodi

454 2506 514 2539 pro
533 2506 606 2528 vere
632 2496 779 2529 onerosis
799 2501 830 2529 et
854 2496 1015 2538 legitimis,
1033 2502 1067 2528 ut
1084 2507 1190 2540 supra,

456 2548 535 2581 alias
559 2549 592 2581 in
612 2549 724 2582 eadem
741 2548 872 2582 Camerti
890 2548 1070 2582 verificatae
1089 2554 1120 2582 et
1137 2560 1192 2592 ap-

456 2602 612 2646 probatae
633 2612 668 2645 ae
688 2602 816 2651 praevia
832 2602 972 2649 iudiciali
989 2602 1192 2648 discussione

1019 237 1195 260 BULLARIUM
1222 236 1373 260 ROMAMJM

1222 294 1287 316 non
1305 283 1370 316 sint
1387 282 1550 325 legitimae
1574 282 1704 317 habitae
1716 311 1723 325 ,
1744 294 1808 327 quo
1826 294 1902 317 casu
1919 285 1959 318 ad

1221 336 1451 368 iudicationem
1466 340 1599 376 tantum,
1611 346 1677 369 non
1691 342 1797 369 autem
1811 337 1850 369 ad
1863 338 1959 370 aliam

1221 388 1483 428 verificationem,
1502 390 1633 422 eosdem
1650 389 1835 423 obtinentes
1856 390 1960 423 teneri

1222 442 1378 481 volumus,
1396 441 1526 474 interim
1542 452 1629 482 vero,
1648 443 1802 485 quamdiu
1816 453 1882 476 non
1896 443 1961 476 sue-

1221 493 1286 525 rint
1309 493 1492 526 verisieatae
1509 520 1517 534 ,
1542 494 1674 527 minime
1700 494 1891 537 suffragari,
1928 500 1961 528 et

1221 546 1399 588 praesentis
1422 547 1636 580 revocationis
1654 547 1803 580 effectum
1819 548 1961 581 retarda-

1221 608 1255 631 re
1273 609 1337 631 non
1363 609 1461 642 posse
1487 600 1699 633 declaramus.
1714 600 1888 634 Praeterea
1904 612 1962 634 no-

1221 656 1305 683 strae
1324 650 1513 684 intentionis
1530 662 1595 685 non
1621 656 1669 684 est
1695 653 1754 685 sub
1782 653 1962 686 revocatio-

1221 703 1316 736 nibus
1341 709 1373 737 et
1395 704 1466 737 aliis
1484 705 1676 747 supradictis
1699 705 1961 748 comprehende-

1222 767 1255 790 re
1284 757 1506 790 immunitates
1531 763 1564 790 ct
1588 758 1811 801 exemptiones
1837 758 1960 791 eisdem

1221 810 1251 843 S.
1283 810 1320 842 R.
1346 810 1380 843 E.
1412 810 1629 843 cardinalibus
1649 811 1775 843 ratione
1795 810 1961 853 dignitatis

1221 863 1448 903 cardinalatus,
1465 873 1591 896 necnon
1605 863 1756 896 Gamerae
1773 863 1959 907 praedictae

1222 915 1349 948 clericis
1375 916 1647 958 praesidentibus,
1664 916 1802 959 aliisque
1819 926 1962 949 camera-

1221 968 1317 1006 libus,
1333 969 1387 1010 qui
1404 968 1437 1000 in
1459 969 1573 1001 eadem
1598 968 1729 1001 Camera
1753 969 1906 1002 sederunt
1930 974 1962 1002 et

1222 1021 1345 1060 sedent,
1371 1021 1505 1053 concedi
1530 1031 1586 1053 seu
1612 1021 1738 1054 admitti
1763 1021 1883 1061 solitas,
1901 1031 1961 1054 nec

1222 1073 1302 1112 illas,
1329 1073 1446 1115 quihus
1467 1073 1605 1116 praelati
1623 1079 1656 1106 et
1674 1073 1827 1107 officiales
1845 1074 1960 1106 Roma-

1222 1134 1281 1157 nae
1301 1124 1426 1164 Curiae,
1451 1135 1488 1158 ac
1506 1125 1643 1168 praelati
1668 1126 1850 1166 domestici,
1871 1126 1962 1159 cubi-

1223 1177 1336 1209 cularii
1361 1178 1493 1217 secreti,
1520 1188 1555 1210 ac
1579 1178 1758 1219 secretarii,
1780 1184 1812 1212 et
1836 1178 1891 1211 alii
1915 1179 1961 1211 fa-

1223 1229 1366 1262 miliares
1392 1235 1424 1263 et
1442 1230 1587 1263 continui
1605 1231 1841 1273 commensales
1857 1230 1961 1264 nostri

1225 1287 1257 1314 et
1281 1282 1415 1315 Romani
1441 1282 1604 1316 Pontificis
1621 1293 1679 1326 pro
1696 1287 1843 1326 tempore
1858 1283 1962 1316 viven-

1224 1335 1263 1367 tis
1289 1334 1321 1367 in
1345 1336 1451 1368 rotulo
1476 1336 1641 1379 descripti,
1666 1336 1808 1378 gaudent
1831 1340 1863 1369 et
1886 1346 1963 1379 gau-

1225 1387 1302 1420 dere
1328 1393 1577 1428 consueverunt,
1612 1399 1718 1431 neque
1741 1389 1813 1422 illas
1837 1389 1878 1422 ob
1902 1399 1963 1421 nu-

1226 1451 1349 1473 merum
1374 1441 1543 1475 duodecim
1568 1441 1709 1475 filiorum
1734 1453 1752 1475 a
1775 1442 1964 1485 praedeces-

1225 1494 1351 1526 soribus
1375 1494 1492 1527 nostris
1518 1500 1549 1527 et
1573 1494 1644 1528 aliis
1668 1505 1766 1538 supra
1797 1495 1962 1538 expressis

1226 1557 1396 1579 concessas
1417 1574 1425 1587 ,
1462 1558 1540 1590 quas
1576 1552 1682 1580 tamen
1722 1547 1762 1580 ad
1805 1548 1962 1581 terminos

1227 1599 1465 1632 constitutionis
1490 1600 1683 1633 recolendae
1706 1600 1883 1633 memoriae
1915 1600 1963 1634 Pii

1229 1654 1331 1696 Papae
1356 1653 1391 1685 lv
1416 1653 1676 1696 praedecessoris
1702 1653 1824 1696 pariter
1847 1653 1963 1694 nostri,

1229 1717 1309 1749 quae
1333 1705 1446 1748 incipit
1473 1705 1561 1737 Licet
1594 1704 1700 1747 felicis
1732 1704 1964 1738 recordationis

1227 1759 1368 1798 Paulus,
1394 1763 1468 1797 ete.,
1492 1757 1584 1790 cuius
1608 1762 1758 1790 tenorem
1782 1757 1965 1800 praesenti·

1228 1811 1286 1843 bus
1311 1821 1370 1853 pro
1396 1811 1493 1853 plene
1525 1815 1558 1842 et
1589 1809 1788 1843 sufficienter
1812 1820 1964 1853 expresso

1229 1875 1264 1897 ac
1288 1865 1328 1897 de
1352 1863 1450 1897 verbo
1476 1863 1515 1895 ad
1534 1862 1666 1895 verbum
1690 1863 1812 1896 inserto
1838 1863 1963 1904 haberi,

1229 1918 1383 1960 illamque
1408 1921 1517 1949 exacte
1542 1921 1574 1949 et
1598 1916 1792 1949 adamussim
1815 1916 1903 1950 iuxta
1926 1917 1965 1950 il·

1228 1970 1290 2002 lius
1315 1969 1443 2009 seriem,
1470 1973 1617 2002 tenorem
1647 1974 1679 2001 et
1715 1968 1964 2012 dispositionem

1228 2023 1261 2055 in
1287 2022 1437 2055 omnibus
1454 2027 1486 2054 et
1501 2031 1560 2064 per
1579 2021 1686 2054 omnia
1705 2021 1827 2054 servari
1845 2021 1965 2055 debere

1229 2077 1386 2115 volumus,
1409 2085 1445 2107 ae
1457 2074 1594 2107 aliarum
1611 2073 1875 2106 constitutionum
1891 2085 1965 2117 apo·

1229 2128 1413 2161 stolicarum
1433 2136 1531 2170 super
1555 2125 1707 2158 similium
1722 2126 1965 2169 exemptionum

1230 2181 1448 2214 declaratione
1473 2179 1644 2219 editarum,
1678 2184 1709 2212 et
1733 2179 1772 2212 ad
1796 2179 1867 2213 illas
1899 2185 1966 2212 tan·

1231 2239 1296 2266 tum
1334 2239 1366 2266 et
1390 2243 1449 2276 pro
1475 2237 1623 2274 tempore
1654 2237 1686 2264 et
1715 2231 1902 2275 personis¹,
1929 2242 1966 2265 ac

1230 2286 1326 2319 modo
1353 2290 1384 2318 et
1402 2285 1504 2318 forma
1531 2289 1629 2327 prout
1653 2284 1692 2317 de
1717 2284 1786 2317 iure
1803 2284 1964 2317 communi

1230 2339 1294 2372 illis
1319 2342 1530 2381 competunt,
1555 2346 1591 2369 ac
1624 2336 1704 2369 alias
1739 2336 1826 2369 iuxta
1859 2336 1964 2380 ipsius

1231 2392 1309 2425 iuris
1351 2390 1529 2424 communis
1565 2400 1601 2423 ac
1640 2390 1898 2433 supradictarum
1933 2395 1966 2423 et

1233 2445 1367 2478 aliarum
1406 2442 1671 2476 constitutionum
1713 2442 1965 2485 apostolicarum

1234 2496 1483 2540 dispositionem
1507 2493 1692 2528 reducimus
1709 2505 1716 2534 ;
1736 2504 1844 2538 neque
1870 2494 1966 2528 aliter

1268 2568 1282 2594 1
1304 2567 1400 2594 Potius
1424 2568 1450 2593 et
1476 2565 1514 2592 ad
1540 2565 1607 2592 illas
1631 2567 1744 2592 tantum
1765 2572 1820 2600 pro
1844 2567 1966 2594 lemvom

1234 2610 1425 2654 personujffi:
1436 2609 1489 2654 H!
1659 2610 1664 2613 ’
1722 2613 1726 2614 ’

1957 237 2010 264 An.
2030 237 2060 264 C.
2081 238 2146 266 ¹69¹
