2227 3225
147 225 195 251 Αη.
211 225 239 251 C.
263 224 330 252 ¹69⁶

195 388 327 415 tna-*quantia

146 415 231 436 deri-uta
254 416 327 435 contii--

145 447 200 462 mara
228 442 284 462 tuere
307 442 326 461 iu

144 469 236 494 capituto
280 473 326 493 pro·

145 496 236 519 vinriali,
247 497 267 515 et
279 499 326 520 pro·

143 523 212 547 potita
237 522 327 545 congre·

143 548 222 572 gai-oni
243 547 327 574 regula·

143 579 203 595 rium.

165 1393 254 1416 Decreta
264 1399 326 1422 prae-

143 1420 208 1444 aleia.

924 223 1133 250 mNOCENTtus
1159 223 1202 247 xn
1225 210 1274 248 rr.

517 273 714 300 Innocentius
733 272 811 307 Papa
831 273 891 305 xlx,

474 318 509 343 ad
525 317 658 343 futuram
678 316 722 343 rei
743 316 927 343 memoriam.

381 377 444 421 51.
465 377 573 421 Nuper
591 389 649 421 pro
668 383 759 421 parte
777 378 972 412 dilectorum
994 377 1074 411 filio-

338 441 408 464 rum
436 431 568 464 fratrum
587 432 773 475 provinciae
795 431 991 474 Argentinae
1016 431 1073 463 Or-

339 483 422 516 dinis
447 484 604 518 Minorum
630 485 732 518 sancti
754 485 913 518 Francisci
934 485 1075 517 Conven-

339 536 470 569 tualium
489 543 748 581 nuncupatorum
761 537 1009 580 Congregationi
1027 547 1074 569 rc-

337 589 533 623 nerabilium
557 591 692 623 fratrum
719 597 904 624 nostrorum
928 590 958 623 S.
981 590 1016 623 ft.
1036 590 1070 623 E.

338 643 550 676 cardinalium
568 644 706 686 negotiis
725 650 756 677 et
780 644 1072 678 consultationibus

338 695 567 740 episcoporum
593 703 624 730 et
649 697 842 739 regularium
868 696 1072 740 praepositae

338 750 505 793 exposito,
539 751 625 794 quod
662 752 762 790 alias,
800 751 951 784 videlicet
989 760 1073 783 anno

337 811 480 842 nincxmi,
501 813 518 835 a
535 809 610 836 tunc
630 803 786 836 existente
805 803 954 837 ministro
976 814 1073 846 gene-

338 854 396 888 rali
423 855 500 888 dicti
526 855 655 889 Ordinis
674 856 706 889 in
723 856 906 889 visitatione
924 866 983 899 per
1000 867 1072 889 eum

341 907 422 940 sacta
464 909 650 952 provinciae
691 909 875 942 huiusmodi
916 909 1072 942 nonnulla

337 959 484 1000 decreta,
512 972 596 1005 quae
621 961 690 1005 ipse
716 973 775 1005 pro
795 962 878 995 felici
896 972 1071 1005 prospero-

337 1022 400 1056 que
434 1013 581 1046 eiusdem
607 1014 796 1057 provinciae
829 1014 988 1057 regimine
1018 1025 1072 1047 ne-

337 1066 476 1099 cessaria
500 1072 532 1100 et
555 1067 647 1109 utilia
673 1066 885 1106 iudicaverat,
916 1068 1015 1106 edita,
1042 1072 1073 1100 et

337 1119 516 1153 successive
536 1119 566 1152 in
592 1119 734 1163 capitulo
755 1120 945 1163 provinciali
971 1121 1071 1163 ipsius

336 1171 523 1214 provinciae
542 1173 573 1205 in
591 1173 713 1216 oppido
730 1173 863 1207 Civitate
885 1179 1071 1216 nuncupato

337 1223 499 1257 Lucernae
534 1225 585 1258 die
619 1235 672 1259 xxi
706 1226 892 1258 novembris
929 1226 1071 1259 eiusdem

337 1277 413 1310 anni
428 1278 593 1311 celebrato
611 1278 774 1321 publicata
793 1279 930 1320 fuerant,
951 1279 1071 1312 tenoris

337 1330 391 1374 qui
417 1331 573 1373 sequitur,
602 1331 772 1364 videlicet:

386 1394 399 1414 α
420 1383 507 1416 Inter
531 1383 686 1427 plurimas
704 1385 804 1417 nostri
831 1385 972 1418 muneris
999 1395 1073 1418 cau-

336 1445 399 1475 sas,
421 1435 537 1478 quibus
562 1435 661 1468 animi
686 1437 788 1469 nostri
814 1437 999 1470 sollicitudo
1025 1438 1073 1470 in-

336 1489 491 1522 cumbere
517 1489 622 1530 debet,
642 1499 678 1522 ea
697 1495 748 1522 est
765 1490 950 1534 praecipua,
971 1497 1007 1523 ut
1025 1502 1073 1524 re-

337 1543 432 1585 gulae
455 1547 486 1575 et
511 1541 758 1575 constitutiones
775 1543 914 1584 Ordinis,
937 1555 1072 1587 quarum

337 1595 578 1629 observantiam
614 1596 788 1630 iuravimus
804 1624 811 1638 ,
849 1598 1071 1631 sanctissimae

336 1649 437 1692 leges,
462 1659 545 1693 quae
564 1660 581 1682 a
597 1656 820 1684 sacrosanctae
839 1651 1000 1685 Romanae
1018 1651 1073 1685 Se-

337 1701 385 1735 dis
402 1702 608 1743 auctoritate,
628 1703 736 1736 divino
751 1703 922 1737 assistente
941 1704 1070 1748 Spiritu,

337 1755 514 1799 apostolica
545 1760 620 1788 sunt
644 1756 888 1790 confirmatione
914 1758 1070 1799 munitae,

336 1818 396 1851 per
420 1807 587 1841 universas
616 1809 806 1852 seraphicae
839 1816 968 1843 nostrae
1000 1811 1072 1844 reli-

337 1861 443 1903 gionis
467 1861 650 1904 provincias
668 1862 707 1894 ab
731 1863 878 1895 omnibus
903 1863 1072 1897 inviolabi-

336 1913 412 1947 liter
435 1914 660 1953 observentur,
686 1920 719 1947 et
743 1925 852 1948 earum
879 1916 1070 1956 directione,

336 1967 530 2001 suavissimo
548 1967 665 2001 Christi
684 1968 760 2011 iugo
786 1969 892 2001 cuncti
918 1970 998 2002 sacri
1018 1981 1072 2003 no-

336 2020 395 2053 stri
413 2019 542 2053 Ordinis
560 2020 704 2063 religiosi
718 2027 814 2064 caput
831 2022 1068 2062 submittentes,

334 2073 418 2107 vitae
444 2075 650 2116 evangelicae
677 2075 904 2116 inhaerentes,
930 2077 1071 2119 vestigiis

335 2127 574 2160 ecclesiasticae
604 2127 808 2170 disciplinae,
837 2139 873 2161 ae
910 2130 1069 2171 regularis

335 2180 559 2214 observantiae
585 2182 667 2221 zelo,
696 2184 732 2214 ea
757 2192 840 2225 quae
867 2182 910 2215 fas
937 2189 987 2215 est
1011 2183 1071 2216 hu-

334 2233 492 2273 militate,
526 2239 686 2277 tamquam
722 2235 931 2278 primogeniti
969 2237 1068 2268 sancti

335 2287 435 2329 patris
448 2287 610 2320 Francisci
632 2287 689 2320 filii
715 2288 893 2320 reddantur
911 2289 1067 2330 insignes.

334 2339 403 2372 Hoc
434 2339 562 2372 excitati
598 2340 736 2380 motivo,
763 2341 949 2384 prorinciae
976 2341 1071 2373 huius

336 2392 557 2434 Argentinae,
583 2403 679 2436 quam
713 2393 847 2437 speciali
883 2394 989 2426 cordis
1024 2395 1071 2427 di-

1116 277 1147 304 et
1163 271 1311 314 pericula
1331 271 1490 314 perpessi,
1511 269 1605 302 officii
1632 269 1734 301 nostri
1759 268 1848 300 debi-

1116 329 1180 356 tum
1207 325 1306 367 exigit
1330 329 1363 356 ut
1391 324 1554 366 antiquam
1580 322 1676 355 liuius
1702 321 1847 354 eiusdem

1115 378 1301 421 provinciae.
1334 377 1536 410 sanctitatem
1571 376 1657 408 ouini
1689 385 1787 417 opere
1819 376 1849 406 et

1115 431 1223 463 studio
1250 431 1438 464 reviviscere
1471 439 1642 467 curemus,
1668 428 1741 460 ideo
1767 427 1848 459 infra

1116 483 1237 526 scripta
1268 484 1397 516 decreta
1433 483 1555 515 eisdem
1594 481 1693 513 sacris
1730 478 1849 512 nostris

1115 536 1404 569 constitutionibus
1431 540 1463 568 et
1483 533 1657 578 pontificiis
1683 532 1851 565 sanctioni<

1115 589 1174 621 bus
1200 589 1376 622 conformia
1401 594 1596 621 statuentes:
1616 596 1753 630 quorum
1780 596 1851 618 exa-

1115 648 1196 674 ctam
1229 647 1260 675 et
1293 641 1512 674 inviolabilem
1547 639 1784 673 observantiam
1818 637 1850 669 in

1114 694 1230 727 virtute
1263 695 1294 728 S.
1324 694 1460 738 Spiritus
1497 700 1529 726 et
1558 693 1594 726 ad
1621 697 1748 725 sanctae
1774 691 1851 723 obe-

1116 747 1257 780 dientiae
1291 748 1439 780 meritum
1476 747 1601 780 cunctis
1633 745 1795 788 prioribus
1820 749 1852 776 et

1116 800 1267 833 fratribus
1290 801 1321 833 in
1349 801 1408 833 hac
1433 799 1598 843 provincia
1624 797 1852 831 commoranti-

1114 853 1174 885 bus
1200 863 1256 886 seu
1293 853 1567 892 commoratum,
1601 852 1665 884 sive
1696 851 1848 894 superio-

1115 916 1176 945 res,
1203 906 1269 938 sive
1294 905 1411 938 subditi
1439 905 1510 944 siut,
1538 906 1596 937 sub
1622 906 1729 947 poena
1755 904 1851 936 etiam

1115 959 1240 991 divinae
1267 959 1501 1001 indignationis
1531 958 1769 1001 praecipimus.
1797 968 1852 989 ro-

1115 1023 1252 1056 rumque
1279 1019 1539 1055 transgressores
1572 1013 1610 1045 ad
1647 1012 1851 1044 tremendum

1117 1066 1171 1099 Dei
1200 1067 1340 1099 tribunal
1367 1067 1523 1100 rationem
1559 1066 1742 1098 reddituros
1768 1065 1848 1098 cita-

1116 1130 1206 1159 mus,
1234 1120 1485 1162 earumdemque
1511 1119 1658 1152 notitiam
1685 1119 1716 1150 in
1745 1118 1852 1161 publi-

1115 1172 1159 1205 cis
1187 1173 1336 1205 ordinum
1367 1173 1571 1216 superiorum
1605 1172 1695 1204 libris
1722 1171 1753 1203 in
1775 1182 1851 1204 uno-

1115 1236 1241 1269 quoque
1267 1231 1424 1259 conventu
1461 1224 1597 1258 fideliter
1625 1225 1793 1256 transcribi
1821 1230 1851 1257 et

1115 1280 1232 1312 servari
1270 1290 1306 1312 ac
1343 1279 1444 1312 semel
1485 1280 1596 1311 saltem
1633 1278 1664 1310 in
1703 1279 1851 1321 quolibet

1115 1328 1227 1366 mense
1245 1333 1275 1365 in
1294 1332 1425 1376 publico
1443 1332 1631 1365 refectionis
1652 1334 1722 1365 loro
1741 1343 1850 1365 coram

1115 1385 1264 1418 omnibus
1300 1385 1362 1428 legi
1401 1386 1546 1418 volumus
1579 1390 1609 1417 et
1634 1385 1847 1424 mandamus,

1115 1448 1291 1482 omnesque
1318 1443 1444 1470 nostrae
1470 1448 1564 1470 curae
1591 1437 1781 1470 commissos
1806 1448 1852 1470 re-

1116 1491 1258 1535 ligiosos,
1277 1491 1451 1535 praecipue
1471 1501 1534 1530 eos,
1554 1490 1606 1534 qui
1625 1491 1703 1523 sacri
1723 1491 1849 1524 Ordinis

1116 1547 1185 1579 zelo
1212 1545 1352 1588 fulgent,
1380 1545 1563 1584 hortamur,
1588 1550 1632 1583 ut,
1658 1550 1849 1577 occurrente

1115 1599 1258 1642 ipsorum
1284 1598 1489 1630 decretorum
1507 1598 1556 1630 vel
1577 1597 1607 1629 in
1626 1597 1848 1640 superioribus

1114 1652 1164 1684 vel
1190 1651 1220 1683 in
1248 1650 1386 1683 subditis
1412 1650 1665 1688 inobservantia,
1692 1649 1848 1682 certiores

1117 1715 1181 1737 non
1208 1704 1388 1741 faciant,ac
1410 1703 1504 1736 etiam
1532 1703 1568 1735 ad
1596 1703 1849 1736 illustrissimum

1116 1763 1148 1790 et
1171 1757 1474 1790 reverendissimum
1507 1756 1672 1788 dominum
1702 1756 1847 1788 nuntium

1115 1811 1330 1853 apostolicum
1362 1809 1449 1842 iuxta
1486 1809 1640 1852 temporis
1673 1809 1850 1851 exigentias

1116 1874 1174 1906 pro
1199 1864 1388 1896 eorumdem
1418 1863 1515 1905 pleno
1542 1862 1659 1894 robore
1686 1869 1717 1894 et
1741 1863 1851 1895 obser-

1115 1917 1222 1949 vantia
1248 1921 1434 1955 recurrant,
1460 1926 1477 1948 a
1502 1927 1574 1959 quo,
1601 1916 1688 1948 velut
1717 1915 1849 1948 Sanctae

1114 1969 1205 2002 Sedis
1231 1969 1421 2011 dignissimo
1447 1974 1479 2001 et
1508 1968 1655 2011 piissimo
1681 1967 1849 2007 ministro,

1115 2027 1146 2055 et
1167 2032 1258 2054 sacro
1284 2021 1379 2054 etiam
1399 2026 1511 2054 nostro
1532 2020 1643 2054 Ordini
1663 2021 1783 2063 optime
1805 2020 1850 2052 af-

1115 2075 1210 2114 fecto,
1236 2085 1366 2107 omnem
1400 2074 1617 2106 assistentiam
1650 2079 1681 2106 et
1706 2073 1848 2106 favorem

1114 2129 1188 2161 licet
1213 2138 1358 2171 sperare.

1158 2192 1179 2216 1.
1207 2180 1296 2219 Quod
1323 2190 1444 2220 omnes,
1466 2180 1597 2213 nemine
1617 2186 1765 2223 excepto,
1793 2191 1849 2213 cu-

1747 209 1805 245 731
1855 219 1903 247 an.
1920 219 1947 246 c.
1972 219 2039 247 ineo

1912 2188 1941 2209 De
1977 2190 2041 2209 elmi-n

1858 2217 1876 2235 at
1891 2215 2042 2237 errlesiastiris

1114 2235 1306 2277 iuscumque
1339 2234 1458 2276 gradus
1486 2240 1517 2267 et
1541 2234 1738 2267 conditionis
1764 2234 1846 2274 sint,
1872 2244 2030 2263 ‹we->maom-

1113 2289 1214 2321 choro
1251 2298 1287 2320 ac
1323 2288 1472 2320 omnibus
1500 2288 1728 2320 ecclesiasticis
1758 2298 1848 2321 exer*

1114 2341 1196 2373 citiis
1222 2351 1352 2383 semper
1383 2341 1539 2373 interesse
1567 2345 1758 2380 teneantur,
1790 2351 1848 2374 nec

1114 2394 1152 2425 ab
1185 2393 1252 2434 eis,
1287 2399 1377 2426 extra
1413 2404 1541 2435 gravem
1574 2394 1796 2426 necessitatem
1831 2406 1847 2427 a

335 2444 475 2478 lectione
500 2447 740 2489 prosequimur,
773 2446 988 2479 visitationem
1020 2458 1070 2489 ag-
1113 2446 1337 2489 superioribus
1366 2446 1523 2479 localibus
1553 2448 1789 2489 agnoscendam
1816 2453 1847 2479 et

336 2497 450 2540 gressi,
471 2508 536 2531 non
557 2505 728 2542 parcentes
747 2499 924 2538 laboribus,
947 2510 983 2532 ac
1005 2510 1068 2532 nen
1092 2536 1093 2543 ἵ
1113 2499 1368 2542 approbandam,
1395 2499 1490 2532 alicui
1512 2500 1716 2542 permittatur
1740 2510 1847 2532 exem-

335 2560 440 2593 pauca
463 2561 522 2594 pro
547 2552 749 2594 longitudine
775 2563 810 2585 ae
833 2552 1003 2595 asperitate
1024 2553 1069 2584 iti-
1091 2544 1093 2609 ζ
1113 2553 1202 2595 ptio,
1240 2551 1302 2584 nisi
1341 2552 1476 2584 infirmis
1517 2563 1552 2584 ac
1591 2552 1821 2595 impotentibus
1838 2578 1845 2590 ,

335 2602 423 2637 neris
441 2613 543 2646 aequo
558 2615 595 2637 ac
618 2605 711 2638 hilari
734 2605 841 2638 animo
864 2605 1067 2639 incommoda
1089 2612 1092 2647 f
1112 2605 1165 2649 qui
1202 2615 1218 2636 a
1254 2606 1424 2649 superiore
1451 2605 1607 2644 discrete,
1643 2610 1737 2647 prout
1769 2604 1846 2638 chao
