2254 3225
225 225 275 252 An.
294 223 322 250 C.
347 222 408 249 tom
458 212 520 246 ⁶218
998 216 1173 240 utimr-un

250 284 406 304 Contrariorum

225 311 344 336 derogatio.

264 1962 384 1983 Exordium.

462 271 477 314 ἓ
501 271 532 304 3.
559 270 627 303 Non
646 268 848 303 obstantibus
867 264 1151 299 constitutionibus

418 329 450 357 et
481 322 742 356 ordinationibus
779 319 984 363 apostolicis,
1022 326 1173 365 necnon!

417 377 568 410 basilicae
588 374 744 416 Principis
761 373 982 416 apostolorum
1000 369 1151 410 illiusque
1171 371 1173 391 ἲ

419 429 557 462 lubricae
575 427 818 471 praedictarum,
836 430 868 458 et
885 424 955 457 aliis
975 421 1151 466 quibusxis‚
1171 420 1173 425 ’

419 483 514 515 etiam
541 481 733 518 iuramento,
760 476 1004 510 confirmatione
1030 478 1153 516 aposto-

419 535 489 572 lica,
514 534 563 565 vel
589 531 701 574 <plavis
726 530 876 562 firmitate
902 528 964 560 alia
981 525 1152 563 roboratis,
1173 558 1175 579 i

419 586 546 620 statutis
575 591 603 618 et
638 582 946 619 eonsuetudinilnis,
972 577 1175 622 privilegiist

420 649 557 683 quoque,
576 636 708 669 indultis
730 642 760 668 et
780 634 896 667 litteris
914 630 1099 674 apostolicis
1122 629 1153 660 in

419 691 616 725 contrarium
638 688 886 732 praemissorum
904 682 1154 728 quomodolibet

419 743 597 782 concessis,
618 740 815 775 confirmatis
834 743 865 770 et
882 736 1066 776 innovatis,
1087 735 1155 778 qui-

418 799 479 831 bus
505 795 653 829 omnibus
679 798 710 825 et
741 790 878 833 singulis
895 816 902 829 ‚
937 789 1067 821 illorum
1101 792 1155 819 te-

420 859 517 882 nores
541 845 765 891 praesentibus
797 848 856 886 pro
892 842 988 884 plene
1015 844 1048 872 et
1072 839 1156 872 susti-

420 902 545 934 cienter
570 897 730 941 expressis
762 906 798 927 ae
824 895 863 927 de
887 894 987 925 verbo
1020 893 1059 925 ad
1086 902 1155 924 vor-

420 955 497 987 bum
535 952 667 985 insertis
705 949 881 986 habentes,
910 946 974 979 illis
1010 945 1088 978 alias
1121 945 1154 977 in

421 1018 477 1040 suo
502 1006 621 1038 robore
647 1000 874 1046 permansuris,
893 999 932 1032 ad
957 998 1154 1042 praemisso-

422 1070 493 1092 rum
514 1057 669 1095 effectum,
697 1056 757 1087 hac
782 1053 851 1085 vice
881 1052 1056 1090 dumtaxat,
1081 1060 1155 1093 spe-

422 1112 546 1145 cialiter
571 1115 602 1142 et
625 1117 777 1151 expresse
802 1107 1010 1148 derogamus,
1028 1103 1157 1137 ceteris-

422 1175 485 1208 que
511 1161 680 1195 contrariis
705 1160 976 1203 quibuscumque.

466 1217 578 1249 Datum
604 1215 736 1252 Romae,
754 1212 838 1255 apud
860 1211 890 1244 S.
911 1211 1038 1242 Mariam
1064 1209 1158 1241 Maio-

423 1280 501 1308 rem,
515 1268 573 1300 sub
590 1266 708 1298 annulo
727 1263 907 1303 PiscatoriS,
929 1263 981 1295 die
998 1273 1069 1295 xxxr
1087 1261 1156 1294 iulii

422 1331 553 1360 Mncxffl,
577 1317 782 1362 pontificatus
807 1316 908 1349 nostri
934 1325 1019 1348 anno
1044 1325 1067 1349 1.

457 1383 520 1410 Dat.
540 1381 583 1408 die
603 1381 632 1408 31
655 1380 712 1407 iulii
731 1379 810 1413 1691,
831 1377 927 1413 pontif.
945 1384 1015 1404 anno
1030 1385 1051 1404 1.

762 1521 814 1553 lx.

427 1604 653 1637 Conci-duntur
675 1600 850 1644 privileslia
874 1597 1070 1641 spiritualia
1096 1607 1162 1628 mo-

469 1656 649 1688 nachorum
686 1652 952 1694 Conqreqaeionis
990 1652 1161 1684 Cassium-

471 1710 555 1740 sium
580 1705 831 1750 Congreyalioni
862 1702 1164 1737 Benedictino-Ba-

471 1759 613 1793 varicae'

610 1836 805 1864 Innocentius
825 1836 903 1868 Papa
921 1834 985 1861 XII.

549 1883 585 1909 ad
602 1885 777 1916 perpetuam
797 1880 839 1907 rei
854 1878 1034 1906 memoriam.

473 1954 620 1988 Creditae
653 1952 746 1985 nobis
779 1950 931 1984 divinitus
953 1947 1166 1991 dispensatio-

431 2007 479 2040 nis
495 2007 577 2039 ratio
591 2005 698 2048 exigit,
710 2010 752 2044 ut,
764 2010 929 2048 paternam
940 2001 1165 2043 religiosorum
1185 2021 1187 2068 k

430 2061 575 2093 virorum
600 2057 756 2091 Altissimi
787 2055 951 2098 obsequiis
976 2055 1033 2087 sub
1058 2054 1167 2086 lauda-

431 2113 489 2145 bili
515 2112 595 2144 vitae
620 2110 815 2143 monasticae
840 2108 988 2141 instituto
1005 2106 1167 2149 mancipa-

434 2171 548 2205 torum,
569 2165 753 2206 uberesque
770 2163 928 2195 bonorum
947 2170 1081 2203 operum
1102 2160 1166 2191 sru-

435 2224 512 2257 ctus,
539 2217 724 2260 adspirante
749 2214 882 2258 superni
899 2213 1015 2246 favoris
1037 2212 1165 2251 auxilio,

435 2271 580 2313 proferre
607 2269 725 2311 iugiter
742 2267 965 2309 satagentium,
985 2276 1093 2298 euram
1115 2275 1168 2307 ge-

435 2328 557 2359 rentes,
586 2321 783 2354 felicioribus
807 2329 919 2352 eorum
943 2319 975 2351 in
995 2319 1044 2350 via
1064 2317 1168 2351 Domi-

436 2375 468 2407 ni
493 2375 727 2417 progressibus,
753 2377 909 2416 quantum
934 2371 1028 2404 nobis
1047 2381 1085 2403 ex
1103 2372 1168 2403 alto

437 2427 639 2467 conceditur,
665 2426 836 2469 providere
862 2424 1061 2457 studeamus.

473 2505 486 2531 1
509 2504 549 2530 Ab
569 2503 724 2530 Innocentio
748 2502 791 2534 xl,
812 2506 898 2530 const.
921 2502 964 2529 ed.
985 2507 1168 2535 MDchxxvm,

439 2550 483 2575 die
507 2550 538 2576 10
557 2548 625 2581 iulii,
646 2548 797 2582 pontif.x11,
814 2555 944 2574 concessa
962 2547 1038 2573 fuere
1059 2546 1169 2580 privile-

438 2594 482 2628 gia
501 2596 527 2619 et
545 2592 727 2627 indulgentiae
747 2591 969 2628 Congregationis
988 2590 1151 2619 Helveticae.

1200 214 1351 237 razu.x>;t·u
1937 207 1984 233 An.
2001 206 2030 233 C.
2054 207 2113 233 1591

1236 263 1250 304 g
1272 261 1302 293 1.
1325 260 1401 292 Cum
1426 259 1547 300 itaque,
1573 257 1655 289 sicut
1679 256 1815 289 dilectus
1840 255 1923 288 silius
1960 268 2120 293 macen-ve-

1935 298 1990 319 gatio
2012 296 2038 314 ab
2061 295 2120 315 luno-

1193 315 1415 347 Bonaventura
1432 310 1641 343 Oberbveber
1665 309 1843 342 monachus
1869 318 2003 341 cx-cenuo
2012 321 2037 341 xi
2048 325 2119 341 vrum

1194 377 1303 409 presse
1317 364 1480 407 professus
1492 368 1523 395 et
1536 367 1727 405 procurator
1738 362 1771 394 in
1782 361 1923 393 Romana
1935 347 1985 403 ‘giiii
1997 349 2120 404 Jssnssll'iji

1193 418 1286 450 Curia
1300 415 1567 458 Congregationis
1576 414 1745 447 Bavaricae
1755 413 1925 446 monacho·
1936 403 2120 453 522⁵a⁰82¹r⁵3t²l¹i122

1193 481 1263 502 rum
1281 469 1410 502 Ordinis
1428 468 1529 500 sancti
1554 467 1730 508 Benedicti,
1750 467 1843 499 etiam
1869 476 1928 498 no-

1194 522 1278 554 mine
1293 521 1485 554 dilectorum
1500 519 1653 553 fiilioruni
1671 519 1817 561 Gregorii
1832 519 1928 551 abba-

1197 575 1234 606 tis
1252 574 1440 607 monasterii
1457 572 1640 606 Schirensis
1660 572 1816 615 praesidis
1835 577 1866 604 et
1882 582 1930 605 ce·

1174 635 1175 638 ’
1195 633 1340 659 terorum
1359 627 1512 659 ahbatum
1530 625 1632 659 dictae
1649 625 1928 668 Congregationis,

1196 680 1289 713 nobis
1309 690 1413 722 nuper
1430 679 1546 722 exponi
1564 678 1641 711 fecit
1655 704 1662 718 ,
1688 678 1766 711 alias
1791 677 1930 720 Congre-

1196 733 1282 776 gatio
1314 732 1480 776 praedicta
1513 742 1530 765 a
1556 731 1659 764 felicis
1691 730 1930 764 recordationis

1196 785 1385 819 Innocentio
1404 786 1490 828 Papa
1504 785 1541 817 XI
1555 784 1804 828 praedecessore
1819 788 1930 816 nostro

1196 845 1302 871 erecta
1327 843 1358 871 et
1381 838 1540 878 instituta,
1567 847 1603 870 ac
1626 836 1775 880 pluribus
1800 836 1929 878 gratiis,

1197 890 1331 924 indultis
1351 897 1382 924 et
1399 890 1579 934 privilegiis
1600 890 1751 923 decorata
1777 889 1880 928 suerit,
1900 894 1933 921 et

1197 944 1334 977 subinde
1358 944 1445 977 idem
1470 943 1675 976 Innocentius
1698 942 1933 985 praedecessor

1197 1007 1254 1039 pro
1279 996 1363 1029 felici
1382 1006 1607 1039 prosperoque
1628 994 1774 1027 eiusdem
1794 994 1933 1036 Congre-

1198 1049 1337 1091 gationis
1354 1049 1512 1090 regimine
1530 1053 1562 1080 et
1579 1047 1736 1090 gubernio
1757 1047 1931 1079 nonnullas

1198 1101 1229 1133 in
1254 1101 1358 1143 primo
1385 1101 1486 1143 ipsius
1504 1099 1771 1141 Congregationis
1790 1098 1932 1141 capitulo

1198 1153 1341 1195 generali
1361 1153 1462 1185 editas
1480 1152 1728 1185 constitutiones
1745 1151 1933 1184 auctoritate

1198 1206 1379 1249 apostolica
1399 1205 1637 1238 confirmaverit
1650 1209 1681 1237 et
1695 1204 1932 1248 approbaverit,

1199 1264 1230 1291 et
1254 1258 1332 1291 alias
1357 1263 1454 1301 prout
1477 1258 1509 1290 in
1529 1257 1615 1290 binis
1632 1257 1736 1300 ipsius
1753 1257 1932 1290 Innocentii

1198 1311 1458 1354 praedecessoris
1482 1311 1622 1353 desuper
1652 1310 1684 1341 in
1710 1309 1806 1342 simili
1832 1309 1934 1342 forma

1200 1364 1306 1397 Brevis
1343 1364 1394 1396 die
1430 1374 1501 1397 xxm
1535 1363 1661 1405 augusti
1690 1373 1872 1396 itnctxxxw
1904 1367 1935 1395 et

1201 1418 1253 1451 die
1284 1427 1317 1451 vl
1349 1416 1504 1449 februarii
1539 1426 1719 1450 unctxxxvl
1751 1416 1934 1459 respective

1202 1469 1360 1513 expeditis
1386 1469 1515 1509 litteris,
1531 1479 1666 1512 quarum
1691 1474 1820 1501 tenores
1846 1479 1935 1512 prae·

1202 1523 1346 1555 sentibus
1375 1533 1434 1566 pro
1464 1523 1561 1565 plene
1594 1526 1626 1554 et
1658 1521 1861 1554 sufficienter
1887 1531 1936 1554 ex-

1202 1575 1320 1619 pressis
1345 1581 1376 1608 et
1400 1574 1528 1607 insertis
1555 1574 1666 1607 haberi
1684 1575 1844 1614 volumus,
1862 1574 1937 1607 ube-

1203 1629 1269 1661 rius
1298 1628 1415 1661 dicitur
1446 1627 1618 1667 contineri,
1645 1637 1730 1659 nunc
1760 1637 1836 1659 vero
1867 1627 1936 1670 ipse

1203 1683 1443 1720 Bonaventura,
1469 1685 1505 1712 ut
1530 1680 1689 1722 regularis
1714 1679 1933 1720 observantia,

1203 1745 1285 1778 quae
1309 1744 1368 1777 per
1392 1733 1448 1766 Dci
1467 1733 1601 1775 gratiam
1621 1733 1652 1764 in
1666 1733 1777 1765 eadem
1795 1732 1937 1775 Congre-

1204 1787 1334 1830 gatione
1352 1786 1444 1828 viget,
1466 1785 1635 1818 latioribus
1651 1786 1684 1817 in
1705 1785 1772 1817 dies
1789 1784 1940 1828 proficiat

1204 1839 1424 1879 incrementis,
1450 1838 1510 1882 ipsi
1539 1837 1786 1880 Congregationi
1806 1838 1938 1881 eiusque

1205 1891 1409 1925 monasteriis
1429 1896 1459 1924 et
1477 1891 1645 1923 monachis
1663 1891 1790 1924 easdem
1808 1891 1940 1934 gratias,

1206 1945 1439 1988 exemptiones,
1456 1944 1590 1984 indulta,
1607 1943 1833 1987 indulgentias,
1856 1943 1940 1976 savo-

1206 2009 1257 2031 res
1283 2003 1314 2031 et
1337 1997 1644 2041 privilegia,saltem
1669 1997 1708 2029 ad
1724 2007 1776 2030 res
1793 1996 1941 2039 spiritua-

1207 2053 1253 2084 les
1287 2056 1319 2084 et
1352 2052 1486 2083 salutem
1527 2049 1705 2082 animarum
1739 2049 1939 2092 spectantia,

1208 2104 1324 2148 quibus
1348 2103 1563 2145 Congregatio
1596 2101 1795 2135 Cassinensis
1822 2112 1938 2135 mona-

1209 2157 1345 2190 chorum
1368 2156 1496 2189 Ordinis
1519 2154 1678 2199 praedicti
1700 2155 1832 2197 gaudet,
1859 2166 1943 2188 com-

1209 2209 1365 2242 municari
1379 2208 1554 2251 plurimum
1571 2207 1741 2240 desideret:
1758 2218 1826 2248 nos,
1842 2208 1943 2251 ipsius

1210 2264 1451 2296 Bonaventurae
1476 2260 1557 2293 votis
1582 2260 1643 2293 hac
1667 2261 1700 2292 in
1722 2271 1769 2299 re,
1790 2266 1944 2304 quantum

1210 2326 1281 2348 curn
1305 2315 1441 2348 Domino
1456 2324 1638 2357 possumus,
1657 2313 1876 2346 favorabiliter
1892 2324 1945 2346 an-

1210 2378 1329 2408 nuere,
1370 2367 1536 2410 dictosque
1576 2365 1765 2408 Gregorium
1794 2366 1944 2400 abbatem

1211 2420 1392 2464 praesidem
1416 2420 1561 2462 aliosque
1586 2419 1717 2451 abbates
1750 2419 1943 2462 specialibus

1212 2474 1375 2508 favoribus
1393 2477 1424 2506 et
1440 2472 1550 2515 gratiis
1569 2472 1721 2515 prosequi
1739 2473 1895 2512 volentes,
1914 2477 1946 2505 et

1212 2538 1324 2562 eorum
1348 2527 1529 2569 singulares
1554 2535 1713 2568 personas
1738 2535 1755 2558 a
1780 2526 1944 2569 quibusvis

1213 2578 1569 2620 excommunicationis,
1596 2578 1820 2622 suspensionis
1845 2583 1877 2612 et
1896 2578 1946 2612 in-
