2254 3225
197 213 251 244 Aa
269 213 295 241 st.
317 213 387 242 1690
431 205 473 240 ,⁶38

240 2389 386 2417 'Fran-umplo-

204 2421 249 2436 ruui
267 2418 317 2438 ndu-

966 217 1145 241 BTLLAmuM
1169 215 1324 240 ROMANUM
1911 214 1961 241 An.
1976 213 2007 241 c.
2025 214 2097 242 1690

390 264 512 306 ptionis
537 266 587 299 vel
612 265 814 309 obreptionis
839 271 893 298 aut
911 266 1068 299 nullitatis
1085 266 1127 298 vi·
1163 265 1293 298 stitutae
1326 261 1469 303 munitis,
1505 261 1618 295 eadem
1656 272 1793 305 prorsus
1822 261 1904 296 sides

392 317 448 357 tio,
465 328 523 351 seu
539 318 727 352 intentionis
745 324 873 353 nostrae
899 324 952 352 aut
968 319 1126 352 interesse

392 370 581 404 habentium
618 382 814 412 consensus,
840 372 945 405 aliove
982 371 1128 415 quolibet

392 424 490 457 etiam
509 425 712 468 quantumvis
729 436 846 468 magno
865 430 897 458 et
921 423 1125 458 substantiali

391 488 428 511 ac
454 478 650 512 individuam
674 479 915 522 expressionem
940 477 1126 521 requirente

392 531 519 564 defectu
545 532 674 572 notari,
706 531 912 575 impugnari,
944 529 1124 569 invalidari,

391 583 546 626 infringi,
572 584 765 625 retractari,
791 584 831 617 ad
864 583 1016 616 terminos
1049 581 1125 614 iuris

392 637 525 677 reduci,
550 647 607 670 seu
632 637 664 669 in
689 636 941 670 controversiam
967 634 1125 674 revocari,

392 695 448 722 aut
465 690 617 723 adversus
642 690 713 722 illas
737 688 930 732 aper-ilionis
950 687 1024 727 oris,
1038 686 1126 720 resti-

391 742 527 775 tutionis
549 742 579 775 in
606 743 778 785 integrum,
795 741 923 775 aliudve
948 741 1126 784 quodcum-

393 806 454 839 que
480 795 579 836 iuris,
610 796 681 828 sacti
707 795 757 828 vel
789 794 911 838 gratiae
944 793 1125 826 remedium

392 848 561 892 impetrari
581 849 631 882 vel
656 848 830 888 intentari,
855 858 912 880 seu
937 847 1123 890 impetrato,

391 907 445 934 aut
469 902 564 935 etiam
596 906 707 942 motu,
731 900 867 934 scientia
898 905 929 933 et
956 899 1126 944 potcstatis

391 954 594 997 plenitudine
618 953 751 997 paribus
782 963 937 987 concesso
965 953 1014 986 vel
1044 963 1127 986 ema-

391 1012 475 1047 nato,
490 1007 674 1050 quempiam
692 1007 724 1039 in
739 1006 857 1039 iudicio
874 1006 922 1039 vel
940 1011 1029 1039 extra
1046 1006 1126 1039 illud

391 1059 438 1091 uti
462 1070 518 1092 seu
542 1070 576 1092 se
601 1060 709 1092 iuvare
734 1069 839 1102 posse,
857 1058 912 1091 sed
933 1058 1019 1102 ipsas
1038 1069 1127 1102 prae-

390 1117 497 1146 sentes
522 1112 646 1146 litteras
671 1112 790 1152 firmas,
821 1112 942 1146 validas
966 1117 998 1146 et
1022 1112 1128 1145 effica-

391 1176 443 1198 ces
467 1166 601 1199 existere
626 1170 658 1197 et
682 1165 769 1205 sore,
795 1175 938 1208 suosque
963 1166 1126 1209 plenarios

391 1223 423 1251 et
447 1218 591 1261 integros
617 1217 745 1251 effeetus
766 1218 874 1251 sortiri
900 1224 932 1251 et
955 1219 1124 1259 obtinere,

391 1282 427 1303 ac
451 1271 523 1311 illis,
541 1272 580 1304 ad
607 1281 686 1315 quos
711 1276 834 1314 spectat
860 1276 892 1304 et
915 1272 1076 1315 spectabit
1093 1272 1125 1304 in

391 1325 543 1363 futurum,
560 1324 745 1367 plenissime
772 1323 947 1367 suffragari,
966 1330 997 1358 et
1014 1325 1053 1358 ab
1079 1325 1126 1357 eis

390 1377 567 1420 respective
599 1377 832 1410 inviolabiliter
856 1378 1040 1417 observari,
1067 1378 1126 1410 sic-

391 1441 453 1473 que
486 1436 518 1463 et
549 1441 614 1464 non
650 1431 744 1464 aliter
776 1431 808 1463 in
844 1431 1034 1474 praemissis
1067 1442 1126 1474 per

391 1493 610 1526 quoscumque
635 1483 756 1516 iudices
781 1483 965 1517 ordinarios
990 1489 1021 1517 et
1039 1484 1127 1517 dele-

392 1541 498 1579 gatos,
518 1536 613 1569 etiam
630 1547 799 1569 causarum
817 1537 928 1580 palatii
956 1537 1126 1580 apostolici

392 1589 575 1629 auditores,
609 1600 736 1622 necnon
774 1590 919 1623 eiusdem
952 1590 983 1623 S.
1019 1590 1055 1623 R.
1089 1590 1123 1623 E.

392 1642 588 1683 cardinales,
615 1643 712 1676 etiam
737 1643 776 1676 de
806 1644 908 1676 latere
933 1645 1069 1686 legatOS,
1096 1649 1128 1676 et

392 1695 471 1728 alios
490 1695 661 1738 quoslibet,
680 1707 883 1739 quacumque
901 1697 1128 1740 praeeminen-

391 1747 435 1780 tia
461 1753 493 1780 et
516 1753 675 1790 potestate
702 1749 871 1791 fungentes
892 1755 924 1782 et
948 1750 1126 1788 suncturOS,

392 1801 519 1833 sublata
544 1801 612 1833 eius
638 1806 671 1834 et
701 1811 815 1834 eorum
847 1801 982 1835 cuilibet
1017 1802 1126 1845 quavis

391 1854 486 1888 aliter
518 1854 682 1887 iudicandi
707 1860 739 1887 et
769 1855 1003 1898 interpretandi
1030 1856 1128 1888 sacul-

393 1912 456 1940 tate
482 1912 513 1940 et
546 1907 756 1948 auctoritate,
781 1908 918 1941 iudicari
944 1913 975 1940 et
999 1908 1126 1941 deliniri

393 1959 538 2001 debere,
566 1971 601 1993 ac
629 1960 760 1993 irritum
794 1966 826 1993 et
850 1960 946 1993 inane
971 1961 997 1993 si
1031 1972 1126 1994 secus

393 2023 492 2056 super
519 2014 569 2046 his
593 2025 611 2046 a
639 2025 822 2057 quoquam,
852 2015 962 2057 quavis
987 2015 1128 2048 auctori-

395 2072 470 2108 tate,
491 2067 631 2099 scienter
647 2068 696 2100 vel
726 2067 933 2110 ignoranter,
955 2067 1129 2110 eontigerit

395 2119 564 2160 attentari,
590 2129 656 2152 non
682 2119 884 2153 obstantibus
920 2120 1128 2164 praemissis,

395 2182 431 2204 ac
455 2172 603 2204 omnibus
628 2177 660 2204 et
683 2172 818 2215 singulis
843 2172 928 2213 illis,
955 2183 1037 2216 quae
1063 2184 1129 2206 me-

395 2231 538 2258 moratus
557 2226 740 2258 Alexander
764 2226 996 2269 praedecessor
1013 2227 1044 2258 in
1064 2227 1130 2259 suis

395 2278 511 2311 litteris
536 2278 727 2321 supradictis
752 2278 853 2311 voluit
877 2289 942 2312 non
974 2279 1104 2312 obstare
1120 2307 1127 2320 ,

395 2331 577 2374 ceterisque
602 2332 771 2365 contrariis
796 2333 1063 2376 quibuscumque.

439 2385 454 2427 ᾖ
488 2384 519 2416 4.
554 2384 707 2417 Volumus
738 2391 846 2418 autem
877 2391 913 2418 ut
944 2386 1131 2419 carumdem

396 2437 616 2480 praesentium
640 2438 820 2471 litterarum
840 2439 1058 2482 transumptis,
1076 2450 1132 2471 seu

398 2490 564 2533 exemplis,
588 2491 683 2523 etiam
708 2492 884 2534 impressis,
913 2502 1009 2523 manu
1035 2492 1134 2523 alicu-

399 2543 445 2575 ius
470 2544 587 2576 notarii
613 2544 736 2587 publici
753 2545 955 2588 subscriptis,
978 2550 1009 2577 et
1025 2545 1133 2587 sigillo

398 2606 554 2639 personae
579 2596 611 2628 iu
636 2597 852 2630 ecclesiastiea
879 2597 1035 2640 dignitate
1061 2608 1135 2630 con-

1165 317 1285 359 ubique
1310 316 1474 355 locorum,
1501 319 1566 347 tam
1598 315 1631 348 in
1660 315 1782 348 iudicio
1805 326 1903 359 quam

1166 374 1255 401 extra
1284 368 1364 402 illud
1393 367 1573 408 habeatur,
1608 378 1690 411 quae
1723 367 1905 401 haberetur

1166 421 1244 465 ipsis
1276 421 1507 465 praesentibus
1539 421 1566 453 si
1598 421 1707 454 forent
1738 421 1904 455 exhibitae

1168 475 1217 508 vel
1243 480 1409 507 ostensae.

1210 528 1323 560 Datum
1340 527 1471 568 Romae,
1493 527 1579 571 apud
1603 527 1635 562 S.
1655 527 1784 561 Mariam
1809 527 1907 561 Maio-

1167 592 1248 621 rem,
1261 581 1320 614 sub
1333 582 1456 615 annulo
1468 582 1653 623 piscatoris,
1669 582 1722 615 die
1735 592 1767 615 1x
1781 582 1905 615 februa-

1168 633 1207 666 rii
1227 643 1351 674 maxe,
1372 634 1581 677 pontificatus
1598 634 1700 667 nostri
1718 644 1803 667 anno
1820 644 1843 667 1.

1202 695 1261 722 Dat.
1278 695 1323 722 die
1336 695 1353 722 9
1373 695 1503 723 februarii
1521 696 1600 729 1690,
1615 695 1713 730 pontif.
1740 703 1811 722 anno
1826 702 1846 722 1.

1500 813 1565 846 XII.

1167 881 1334 915 Statuitur
1350 886 1386 915 ut
1405 882 1515 916 clerici
1536 883 1798 927 Conyreyationis
1813 882 1906 917 Scho-

1211 934 1318 968 larum
1342 936 1484 969 Piarum
1507 940 1649 970 utantur
1672 936 1787 970 calceis
1811 941 1840 970 et
1865 937 1906 970 ti-

1212 989 1354 1022 bialibus
1367 989 1387 1022 ¹.

1361 1061 1526 1089 Alexander
1536 1061 1616 1095 Papa
1629 1062 1708 1095 VIII,

1286 1107 1322 1133 ad
1342 1108 1518 1139 perpetuam
1537 1106 1583 1134 rei
1603 1107 1784 1134 memoriam.

1211 1166 1735 1212 §1 Cum,sicutaccepimus,per
1749 1174 1906 1202 constitu·
1942 1179 2000 1209 tuxia
2027 1184 2099 1209 porum

1170 1220 1274 1252 tiones
1300 1220 1570 1263 Congregationis
1595 1221 1790 1255 clericorum
1811 1209 2100 1265 regu-sessu'issiiiiuiiissss-

1168 1274 1283 1306 larium
1307 1274 1490 1316 Pauperum
1509 1274 1616 1306 Matris
1636 1274 1692 1307 Dei
1712 1274 1903 1308 Seholarum
1915 1259 2100 1311 ἓῖἷιῖαζῖῗξωῐῗέἆῗῖ

1915 1313 1967 1333 bus:
1983 1312 2038 1338 quod
2050 1318 2099 1332 eou-

1167 1326 1293 1359 Piarum
1317 1327 1498 1370 apostolica
1523 1327 1713 1360 auctoritate
1739 1328 2098 1361 confirma-firmam...n.nab

1168 1384 1214 1411 tas
1251 1389 1404 1422 expresse
1437 1379 1648 1423 disponatur,
1682 1381 1768 1422 quod
1794 1364 2100 1413 cterici2i⁹312¹iss¹53i01iif

1166 1432 1435 1475 Congregationis
1456 1433 1616 1475 praefatae
1636 1433 1773 1476 pedibus
1792 1433 1906 1467 discal-

1166 1484 1265 1517 ceatis
1296 1484 1448 1518 incedere
1482 1485 1640 1526 debeant,
1667 1496 1704 1518 ac
1729 1486 1831 1519 felicis
1855 1497 1905 1519 re-

1168 1537 1367 1571 cordationis
1394 1539 1577 1571 Alexander
1595 1539 1644 1572 Vll
1669 1539 1905 1582 praedecessor

1168 1596 1279 1624 noster
1314 1601 1373 1634 per
1409 1591 1563 1634 quasdam
1603 1591 1635 1624 in
1670 1592 1767 1625 simili
1800 1592 1906 1625 forma

1168 1645 1277 1677 Brevis
1302 1645 1354 1677 die
1381 1654 1479 1677 xxvm
1505 1645 1617 1688 aprilis
1641 1654 1748 1678 Mbctx
1773 1645 1905 1688 expedi-

1169 1702 1215 1729 tas
1241 1697 1374 1738 litteras,
1392 1707 1530 1740 quarum
1555 1702 1701 1730 tenorem
1725 1697 1906 1740 praesenti-

1167 1750 1227 1782 bus
1253 1760 1312 1793 pro
1338 1760 1491 1793 expresso
1511 1749 1624 1782 haberi
1642 1751 1800 1791 volumuS,
1818 1749 1907 1783 insti-

1170 1808 1271 1835 tutum
1289 1802 1474 1835 huiusmodi
1496 1802 1648 1836 inviolate
1673 1803 1792 1836 servari
1813 1813 1907 1846 prae-

1168 1855 1314 1899 ceperit3
1341 1855 1479 1888 subinde
1504 1866 1579 1888 vero
1615 1855 1809 1889 recolendae
1839 1865 1906 1888 me-

1168 1909 1292 1941 moriae
1310 1907 1457 1942 Clemens
1476 1908 1561 1951 Papa
1578 1908 1627 1950 IX,
1650 1908 1744 1941 etiam
1770 1908 1906 1951 praede—

1169 1972 1277 1994 cessor
1297 1967 1418 2001 noster,
1438 1972 1497 2004 per
1520 1971 1592 1994 suas
1609 1961 1733 2004 pariter
1749 1961 1780 1994 in
1802 1961 1906 1994 forma

1169 2015 1278 2048 Brevis
1303 2014 1353 2047 die
1379 2023 1456 2047 xxm
1481 2013 1622 2047 octobris
1647 2023 1785 2047 mnctxtx
1809 2023 1906 2056 expe-

1169 2068 1252 2100 ditas
1270 2067 1403 2107 litteras,
1419 2076 1554 2109 quarum
1569 2072 1716 2099 tenorem
1730 2065 1905 2109 praesenti-

1169 2120 1228 2153 bus
1241 2120 1353 2153 itidem
1371 2119 1483 2152 haberi
1497 2120 1645 2152 volumus
1661 2129 1719 2162 pro
1737 2128 1904 2162 expresso,

1170 2173 1369 2216 supradictas
1386 2172 1558 2205 Alexandri
1576 2171 1838 2215 praedecessoris
1855 2171 1907 2205 lit—

1172 2232 1255 2259 teras
1281 2225 1473 2258 inconcusse
1498 2225 1665 2258 observari
1691 2224 1905 2265 mandaverit;

1172 2290 1282 2312 verum
1321 2278 1523 2322 experientia
1562 2283 1769 2322 compertum
1809 2278 1908 2311 suerit

1209 2344 1218 2369 1
1242 2341 1397 2377 Oppositum
1417 2340 1637 2377 praecipiebatur
1655 2341 1681 2367 in
1702 2341 1820 2376 ipsorum
1840 2348 1906 2367 con-

1172 2385 1365 2419 stitutionibuS,
1386 2385 1457 2420 quod
1478 2385 1665 2411 confirmatum
1687 2384 1773 2411 fuerat
1792 2383 1826 2410 ab
1847 2384 1907 2411 Ale-

1173 2430 1271 2457 xandro
1291 2429 1336 2456 Vll
1361 2429 1467 2456 constit.
1489 2428 1531 2455 ed.
1553 2435 1656 2461 MDCLx,
1677 2428 1720 2455 die
1745 2427 1780 2454 23
1798 2428 1906 2463 aprilis,

1175 2473 1268 2509 pontif.
1289 2480 1326 2500 Vl.
1348 2472 1384 2500 De
1404 2473 1464 2499 aliis
1483 2472 1629 2507 privilegiis
1655 2472 1733 2498 huius
1752 2472 1905 2507 Congrega-

1174 2518 1254 2544 tionis
1276 2517 1334 2543 vide
1350 2516 1496 2543 lnnocentii
1512 2515 1541 2542 xt
1558 2515 1662 2542 constit.
1680 2516 1723 2542 ed.
1741 2522 1908 2546 Moetxxxw,

1174 2562 1217 2587 die
1236 2561 1252 2586 3
1271 2559 1447 2595 septembris,
1469 2559 1562 2594 pontif.
1584 2566 1617 2592 x,
1638 2563 1664 2585 et
1687 2559 1831 2586 Alexandri
1853 2559 1905 2587 t'lll

1175 2605 1312 2632 constitut.
1329 2604 1360 2631 ed
1393 2609 1497 2636 uomet,
1518 2603 1561 2630 die
1580 2603 1613 2629 ⁵23
1628 2603 1752 2637 ianuarii,
1769 2604 1856 2640 pontit
1878 2611 1906 2633 u.
