2254 3225
488 227 549 261 192
1025 237 1201 260 nrmnmrn

450 285 499 318 nis
518 285 549 318 in
567 285 618 319 die
643 285 960 319 commemorationis
982 285 1050 317 eius
1076 284 1183 316 obitus

451 339 591 371 officium
624 339 752 372 recitari
781 345 813 371 et
836 339 933 370 missa
958 336 1116 370 celebrari
1144 336 1182 368 de

451 390 614 424 communi
639 391 863 424 Confessorum
900 400 963 423 non
993 388 1180 421 Pontificum

450 444 514 476 ritu
550 443 671 486 duplici
702 444 817 476 maiori
852 453 910 486 per
943 451 1062 474 annum
1096 440 1182 471 iuxta

451 496 598 529 rubricas
624 496 774 528 breviarii
811 501 843 527 et
879 494 1017 527 missalis
1048 491 1181 532 romani,

452 554 483 581 et
506 549 611 591 quoad
638 548 766 581 missam
793 548 887 580 etiam
905 548 943 579 ab
968 546 1039 578 aliis
1060 545 1181 587 regula-

450 601 541 633 ribus
566 606 597 633 et
615 600 832 633 saecularibus
851 597 1073 631 sacerdotibus
1090 598 1128 629 ad
1147 596 1182 628 il-

452 655 557 686 lorum
585 653 753 686 ecclesiam
780 651 1040 688 confluentibus,
1076 650 1107 682 in
1141 650 1184 681 ci-

453 707 549 739 vitate
563 717 637 739 vero
655 705 855 744 Granatcnsi‚
873 704 904 736 in
921 703 1058 736 ecclesia
1079 709 1183 735 tamen

453 758 508 791 ubi
533 769 656 791 sacrum
686 758 772 791 illius
804 767 921 799 corpus
952 756 1183 798 requiescebat,

454 817 486 844 et
509 812 541 843 in
566 810 751 854 supradicto
777 809 896 852 oppido
921 809 1034 841 Montis
1059 808 1183 841 Maioris

454 864 589 897 lunioris
607 864 726 905 (Monte
742 863 813 895 Mor
830 862 855 894 il
880 872 983 895 nuovo
1008 862 1185 904 vulgariter

453 916 670 959 nuncupatur)
687 915 740 947 ubi
758 915 783 947 is
804 915 858 947 Dei
877 925 987 947 servus
1006 920 1098 947 natus
1121 920 1184 954 est,

454 969 484 1001 in
515 969 663 1000 omnibus
699 968 843 1000 ecclesiis
878 973 940 999 tam
973 967 1184 1000 saecularium

453 1032 545 1064 quani
565 1020 770 1062 regularium,
790 1020 926 1052 officium
951 1024 981 1053 et
1005 1020 1102 1053 missa
1122 1021 1184 1052 ritu

454 1073 576 1116 duplici
601 1073 713 1105 maiori
740 1073 867 1106 recitari
892 1078 924 1105 et
948 1074 1109 1105 celebrari
1134 1084 1186 1105 va-

454 1127 568 1165 lerent,
589 1136 733 1168 persnas
752 1125 783 1157 in
803 1126 902 1157 forma
919 1125 1028 1158 Brevis
1046 1126 1186 1168 desuper

454 1178 505 1210 die
521 1188 570 1210 xm
596 1177 786 1219 septembris
811 1187 935 1211 mccxxx
955 1178 1121 1220 expeditas
1138 1179 1186 1210 lit-

455 1235 537 1262 teras
561 1230 749 1262 indulserat.

289 1291 331 1311 sub
353 1291 443 1336 cgemen·
497 1283 510 1325 ἓ
535 1282 587 1314 14.
615 1282 756 1325 Cumque
782 1284 1001 1325 postmodum,
1020 1283 1144 1326 signata
1169 1296 1185 1317 a

261 1317 443 1380 &absiliat-³533?
454 1336 644 1368 recolendae
668 1336 843 1368 memoriae
861 1336 1022 1370 Clemente
1048 1337 1131 1380 Papa
1147 1338 1186 1370 tx

260 1374 306 1417 l'u‘lt‘l
335 1370 442 1389 'mmm
454 1387 601 1421 similiter
630 1389 881 1431 praedecessore
905 1393 1015 1422 nostro
1039 1391 1187 1423 commis-

454 1441 544 1474 sione
568 1442 833 1484 reassumptionis
870 1452 983 1475 causae
1019 1444 1187 1476 canoniza-

452 1494 549 1527 tionis
567 1494 661 1526 huius
679 1494 763 1527 servi
781 1494 836 1527 Dei
861 1494 893 1527 in
919 1500 1002 1527 statu
1027 1501 1058 1528 et
1082 1497 1186 1529 termi-

452 1547 501 1580 nis
525 1547 557 1580 in
583 1547 699 1590 quibus
715 1553 786 1591 post
812 1548 899 1581 illius
917 1548 1186 1582 beatificationem

452 1601 687 1644 reperiebatur,
715 1612 815 1633 novae
841 1602 967 1634 litterae
992 1603 1187 1636 remissoriu-

452 1655 499 1687 les
528 1664 588 1697 pro
624 1654 825 1687 confectione
851 1665 1066 1697 processuum
1090 1667 1187 1699 super

452 1707 498 1745 iis,
525 1717 606 1749 quae
631 1707 663 1739 iu
689 1707 770 1740 urbe
796 1707 946 1751 Neapoli,
972 1708 1129 1742 Granatae
1155 1715 1187 1742 et

452 1760 575 1792 Madriti
608 1766 872 1802 supervenerant,
900 1762 1069 1804 expeditae
1102 1763 1182 1795 fuis-

452 1819 533 1853 sent,
555 1818 587 1846 et
611 1823 823 1856 processuum
859 1815 933 1847 inde
967 1815 1185 1848 confectorum

451 1866 613 1899 validitate
632 1866 768 1899 subinde
790 1868 938 1910 probata,
957 1867 988 1899 in
1007 1867 1187 1910 Congrega-

452 1918 538 1951 tione
574 1918 624 1951 die
650 1929 680 1952 ix
706 1918 857 1951 februarii
884 1929 1030 1953 uncrxxv
1063 1920 1183 1961 habita,

452 1972 490 2004 ad
517 1971 749 2005 discussionem
781 1973 978 2006 relevantiae
1013 1975 1185 2007 deventum

452 2025 583 2062 fuisset,
608 2026 737 2058 tandem
763 2025 876 2058 similis
900 2027 1075 2060 memoriae
1093 2027 1187 2060 Iuno-

452 2078 575 2110 centius
593 2077 676 2120 Papa
698 2078 748 2117 xl,
768 2078 862 2111 etiam
882 2080 1116 2121 praedecessor
1133 2091 1187 2112 nc-

453 2135 530 2169 ster,
552 2130 668 2163 auditis
693 2131 802 2163 dilecti
824 2131 879 2164 filii
908 2132 1021 2174 nostri,
1037 2139 1112 2164 tunc
1127 2133 1183 2173 sui,

452 2182 600 2224 Gasparis
624 2183 709 2216 tituli
741 2183 772 2216 S.
793 2184 909 2217 Mariae
935 2185 1184 2228 Transtyberim,

454 2240 526 2267 tunc
549 2235 580 2268 S.
600 2236 740 2269 Silvestri
766 2237 804 2270 de
823 2237 931 2280 Capite
949 2239 1129 2282 presbyteri
1155 2245 1187 2272 et

452 2287 624 2321 cardinalis
649 2289 796 2332 Carpinei
822 2291 996 2333 nuncupati
1027 2291 1185 2325 relatione

453 2346 483 2372 ct
517 2342 737 2374 consultorum
771 2343 953 2382 sententia,
985 2353 1022 2375 ac
1056 2354 1186 2377 venera-

453 2393 562 2425 bilium
588 2394 718 2426 fratrum
743 2400 930 2428 nostrorum
956 2401 1033 2429 tunc
1054 2407 1185 2430 suorum

452 2445 482 2478 S.
496 2446 578 2478 RE.
597 2447 806 2480 cardinalium
827 2448 938 2481 iisdem
958 2449 1054 2481 sacris
1073 2448 1185 2482 ritibus

452 2498 708 2541 praepositorum
727 2499 895 2543 suffragiis,
911 2501 975 2534 duo
991 2512 1025 2534 ex
1041 2502 1185 2545 pluribus

452 2550 614 2583 miraculis
628 2557 697 2594 post
714 2563 909 2593 concessam,
922 2559 956 2586 ut
972 2565 1077 2597 supra,
1093 2565 1171 2587 vene

452 2603 607 2636 rationein
626 2616 642 2636 a
660 2604 724 2638 Deo
749 2606 843 2639 editis
869 2607 902 2640 in
927 2608 1089 2642 antedicta
1105 2579 1216 2651 Con-'ff

261 235 351 264 Aac,
376 235 436 263 1(ῡὶ

1226 236 1347 258 homst
1358 235 1377 257 M

1225 282 1413 324 gregatione
1425 287 1547 314 mature
1559 282 1721 324 discussis,
1735 283 1821 317 iuxta
1830 295 1961 328 proces-

1225 344 1288 372 sus,
1297 335 1434 365 alterum
1444 333 1574 377 Neapoli
1582 341 1697 375 tanum,
1708 337 1841 370 alterum
1850 338 1960 371 Roma-

1225 396 1308 425 num,
1323 386 1496 428 probaret,
1513 387 1651 428 primum
1671 388 1823 421 videlicet
1842 390 1961 423 instan-

1225 443 1336 470 taneae
1347 439 1521 471 sanationis
1534 439 1662 473 Ioannis
1677 441 1716 473 de
1733 441 1853 475 Marino
1864 444 1960 475 cruri-

1224 490 1282 522 bus
1302 497 1331 523 et
1350 491 1436 523 tibiis
1453 491 1640 534 impotentis
1664 498 1695 525 et
1712 495 1836 526 attracti
1854 495 1959 538 spatio

1223 543 1396 585 septennii,
1423 549 1454 575 ct
1477 545 1650 576 secundum
1669 545 1889 578 instantaneae
1911 557 1960 579 sa-

1225 595 1363 628 nationis
1388 596 1542 629 Isabellac
1568 596 1685 630 Arcelli
1710 608 1727 629 a
1751 598 1958 639 bubonibus,

1225 648 1374 691 peticulis
1399 654 1430 681 et
1454 650 1657 682 carbunculis
1678 651 1708 682 in
1728 650 1872 683 humeris
1888 652 1961 684 abs-

1226 712 1287 744 que
1312 701 1535 734 cicatricibus:
1561 703 1678 745 quibus
1710 702 1755 735 sic
1790 704 1958 745 stantibus,

1226 759 1258 786 et
1288 754 1443 787 absolutis
1483 755 1632 787 omnibus
1670 766 1752 799 quae
1789 756 1960 790 novissima

1226 807 1355 840 decreta
1380 808 1454 840 dicti
1475 808 1594 840 Urbani
1615 808 1880 852 praedecessoris
1897 810 1961 843 exi-

1225 862 1354 903 gebant,
1379 862 1464 895 idem
1489 862 1695 895 Innocentius
1728 863 1962 905 praedecessor

1226 915 1372 954 subinde,
1388 925 1505 958 nempe
1525 915 1575 948 die
1599 925 1655 948 xm
1673 915 1754 947 iunii
1771 925 1959 956 nncexxmx,

1226 968 1454 1007 declaraverat,
1483 972 1550 1000 tuto
1574 978 1667 1010 posse
1693 968 1962 1011 quandocumque

1226 1021 1358 1063 procedi
1384 1020 1423 1053 ad
1449 1021 1626 1053 solemnem
1651 1021 1786 1063 praefati
1811 1021 1844 1053 B.
1872 1021 1963 1053 loan-

1228 1073 1276 1105 nis
1294 1073 1333 1105 de
1352 1073 1415 1105 Deo
1433 1073 1710 1105 canonizationem
1728 1073 1816 1105 iuxta
1833 1073 1959 1106 S.R.E.

1229 1125 1323 1158 ritum
1341 1131 1372 1158 et
1388 1136 1553 1158 sacrorum
1582 1136 1740 1158 canonum
1770 1126 1907 1165 decreta,
1926 1126 1963 1158 il-

1228 1179 1359 1220 lumque
1384 1188 1456 1210 cum
1480 1178 1546 1210 Deo
1583 1182 1774 1220 regnantem
1804 1178 1837 1210 in
1861 1179 1964 1220 gloria

1227 1230 1416 1262 Sanctorum
1434 1231 1580 1271 catalogo
1606 1230 1781 1263 universali
1802 1231 1888 1263 cultu
1913 1241 1965 1263 vc-

1228 1283 1407 1315 uerandum
1433 1282 1576 1324 adiungi.

1271 1336 1285 1378 §
1306 1336 1358 1368 15.
1378 1335 1509 1368 Interim
1534 1345 1611 1367 vero
1636 1335 1750 1368 codem
1774 1335 1961 1369 Innocentio
1997 1354 2156 1375 psecefflsus.

1228 1389 1476 1432 praedecessore
1501 1388 1582 1420 viam
1607 1388 1774 1421 universae
1792 1389 1896 1421 carnis
1914 1388 1962 1421 in·
1971 1381 2156 1432 3'sst2'1112'12‘21

1228 1451 1346 1485 gresso,
1364 1441 1476 1473 ultima
1493 1452 1589 1473 manu
1610 1441 1685 1473 huic
1708 1437 2102 1481 canonizationis{22¹2ss²f}‚²,'.‘r'{,¹‚‘⁵
2117 1434 2156 1455 ⁰¹'‘

1228 1495 1361 1538 negotio
1379 1495 1522 1527 nondum
1541 1495 1677 1534 admota,
1697 1505 1770 1526 cum
1791 1495 1871 1527 aliae
1890 1505 1962 1537 pre-

1228 1559 1280 1582 ces
1307 1548 1390 1581 dicto
1408 1542 1603 1587 Alexandro,
1622 1547 1756 1590 praefati
1782 1548 1961 1581 Innocentii

1229 1601 1420 1641 successori,
1447 1606 1558 1634 nostro
1580 1606 1686 1633 autem
1707 1601 1963 1643 praedecessori,

1229 1667 1245 1688 a
1269 1655 1444 1687 carissimis
1468 1654 1500 1686 in
1517 1653 1641 1687 ClirIsto
1666 1653 1740 1686 filiis
1757 1655 1873 1687 nostris
1888 1655 1964 1688 Leo-

1228 1709 1327 1751 poldo
1344 1708 1562 1740 Romanorum
1588 1717 1664 1749 rege
1683 1707 1714 1739 in
1732 1707 1963 1751 imperatorem

1228 1762 1345 1801 electo,
1371 1760 1483 1793 Carolo
1500 1760 1729 1802 Hispaniarum
1755 1771 1831 1803 rege
1857 1762 1965 1794 catho-

1228 1814 1297 1853 lieo,
1324 1819 1354 1846 et
1378 1813 1471 1846 Petro
1496 1812 1680 1845 Lusitaniae
1707 1818 1739 1845 et
1761 1813 1881 1847 Ioanne
1905 1814 1965 1847 Po-

1228 1867 1332 1899 loniae
1349 1866 1480 1908 regibus
1497 1865 1687 1906 illustribus,
1711 1876 1746 1899 ac
1766 1866 1907 1910 denique
1925 1868 1964 1900 ab

1229 1919 1381 1952 universo
1418 1919 1561 1951 eiusdem
1596 1918 1680 1951 beati
1714 1919 1775 1951 viri
1811 1920 1964 1962 religioso

1228 1977 1323 2005 coetu
1358 1977 1530 2014 porrectae
1570 1971 1727 2013 fuissent,
1752 1983 1788 2005 ac
1827 1973 1964 2007 subinde

1230 2025 1421 2057 venerabilis
1446 2025 1543 2057 frater
1568 2030 1677 2058 noster
1692 2025 1819 2058 Flavius
1840 2026 1966 2069 episco-

1229 2089 1285 2121 pus
1310 2077 1494 2111 Portuensis
1519 2077 1550 2110 S.
1577 2077 1613 2109 R.
1642 2077 1676 2110 E.
1696 2078 1867 2111 cardinalis
1892 2079 1964 2112 Chi-

1229 2132 1293 2164 sius
1317 2136 1534 2174 nuncupatus,
1558 2130 1626 2163 vice
1646 2131 1840 2164 venerabilis
1866 2132 1963 2166 etiam

1230 2184 1335 2216 fratris
1353 2183 1456 2216 nostri
1473 2183 1627 2216 Alderani
1644 2184 1789 2227 episcopi
1806 2184 1963 2218 Ostiensis

1227 2237 1258 2270 S.
1272 2237 1307 2270 R.
1327 2236 1361 2269 E.
1381 2236 1552 2269 cardinalis
1570 2235 1654 2280 Cybo
1673 2237 1849 2281 nuncupati
1869 2248 1964 2281 prae-

1229 2291 1311 2323 fatae
1347 2289 1617 2332 Congregationis
1653 2290 1810 2333 praefecti
1849 2292 1963 2324 morbo

1229 2348 1303 2376 tunc
1329 2343 1462 2383 detenti,
1488 2343 1520 2375 in
1545 2342 1740 2376 consistorio
1765 2343 1867 2386 ipsius
1891 2345 1964 2378 Ale-

1228 2397 1339 2430 xandri
1365 2396 1626 2439 praedecessoris
1651 2402 1777 2430 secreto
1807 2408 1963 2431 summam

1227 2460 1407 2493 processus,
1433 2460 1586 2493 suamque
1608 2453 1638 2482 et
1662 2449 1798 2483 aliorum
1823 2453 1964 2495 collega-

1227 2514 1298 2535 rum
1313 2514 1443 2536 suorum
1458 2503 1616 2536 dictorum
1631 2502 1963 2538 S.R.E.cardinalium

1228 2556 1326 2588 sacris
1351 2556 1466 2588 ritibus
1482 2556 1742 2599 praepositorum
1769 2558 1962 2591 sententiam

1228 2608 1444 2653 exposuisset,
1469 2608 1630 2653 ceterique
1655 2608 1688 2641 in
1713 2610 1827 2643 eodem
1858 2610 1963 2648 consi-

1968 237 2017 264 Αη.
2035 237 2061 263 C.
2084 239 2146 267 ΗΜ
