2254 3225
241 239 289 265 An.
306 237 334 265 c.
356 229 418 264 '1691

472 285 562 324 Kyrie
585 285 706 323 cleison,

472 334 585 364 Christe
607 334 728 372 eleison,

472 381 558 421 Kyrie
580 382 702 412 eleison.
748 394 751 396 “

512 431 598 461 Pater
619 435 729 468 noster,
754 433 810 460 etc.

472 480 505 520 pb.
529 480 562 510 Et
583 489 619 510 ne
641 489 692 509 nos
714 479 833 509 inducas
855 478 885 508 in
907 476 1108 514 tentationem,

472 530 504 567 ιγ.
528 529 582 559 Sed
604 528 695 558 libera
718 537 770 558 nos
792 538 806 557 a
829 527 915 557 malo.

473 577 505 616 γ.
528 577 644 607 Salvum
667 577 721 614 sac,
745 580 799 606 etc.

472 628 506 666 nl.
529 626 667 657 Dominus
688 625 848 662 vobiscum,
872 630 928 654 etc.

740 674 864 717 Qremus.

473 724 590 762 Adesto,
614 723 746 761 Domine,
763 720 1025 762 supplicationibus
1047 719 1164 757 nostris,
1186 707 1188 761 ξ

435 776 463 802 et
485 773 560 802 viam
586 772 762 802 famulorum
786 776 903 802 tuorum
925 771 955 801 in
979 770 1079 799 salutis
1101 773 1166 798 tuae
1186 763 1187 767 ¹

435 821 628 860 prosperitate
659 821 796 860 dispone,
820 824 851 850 ut
876 821 953 850 inter
981 828 1081 849 omnes
1104 819 1166 848 viae

434 874 463 899 et
486 870 561 900 vitae
583 870 669 899 huius
691 870 845 899 varietates
861 873 911 899 tuo
933 877 1048 907 semper
1071 871 1167 906 prote-

434 922 540 956 gantur
562 918 682 948 auxilio.
699 918 753 948 Per
774 917 931 954 Christum,
951 921 1007 946 etc.

477 966 514 999 Et
538 971 729 1009 aspergatur
754 977 835 1009 aqua
859 965 1055 1004 benedicta„

479 1028 521 1051 ix.
548 1018 695 1056 Quotidie
714 1024 832 1059 autem,
854 1019 928 1051 dum
947 1017 1028 1050 viam
1054 1026 1168 1059 aggre-

435 1071 534 1111 ditur,
554 1071 659 1104 dicat:
681 1069 722 1103 In
746 1071 835 1103 viam
856 1071 957 1113 pacis,
985 1070 1024 1102 Et
1042 1069 1168 1101 benedi-

433 1128 501 1157 ctus
532 1124 691 1158 Dominus
726 1124 811 1156 Deus
842 1123 963 1162 Israel,
989 1127 1044 1155 etc.
1077 1122 1167 1154 utin

435 1176 598 1210 Breviario
623 1176 783 1209 Romano.
817 1175 895 1208 Cum
919 1185 994 1208 vero
1024 1175 1062 1207 ad
1088 1184 1165 1217 pro-

433 1229 534 1272 priam
561 1229 689 1262 domnm
703 1228 845 1267 redierit,
866 1229 914 1261 vel
934 1228 967 1260 in
987 1228 1036 1260 via
1060 1227 1098 1259 ad
1117 1227 1170 1259 ali-

434 1292 529 1324 quam
553 1292 588 1314 ex
614 1281 733 1314 Ordine
769 1280 999 1320 declinaverit,
1027 1280 1113 1313 dicat
1136 1279 1169 1311 in

433 1334 504 1376 ipso
529 1334 676 1376 ingressu
691 1344 696 1365 :
716 1334 789 1366 Pax
807 1334 882 1366 huic
898 1333 1010 1366 domui
1023 1337 1051 1365 et
1071 1332 1170 1364 omni-

435 1387 492 1419 bus
517 1386 739 1419 habitantibus
756 1387 792 1418 in
809 1388 853 1418 ed.
871 1386 908 1418 Et
925 1386 1031 1418 statim
1047 1395 1080 1418 se
1097 1395 1170 1418 con-

435 1438 516 1471 serat
529 1439 566 1470 ad
582 1439 762 1480 praelatum
782 1448 840 1481 pro
861 1438 1088 1470 benedictione
1106 1448 1170 1470 sus-

435 1491 593 1533 cipienda,
611 1490 670 1533 ipsi
688 1490 825 1523 dicendo
839 1490 1031 1523 Benedicite.
1048 1490 1169 1523 Deinde

436 1553 544 1576 coram
569 1542 677 1585 aliquo
701 1543 872 1576 sacerdote
893 1543 979 1577 dicat
995 1544 1169 1586 psalmum:

475 1595 518 1625 Ad
540 1600 568 1625 te
590 1595 683 1625 levavi
704 1595 804 1625 oculos
826 1604 915 1630 meos,
939 1595 989 1635 qui
1011 1595 1123 1624 habitas
1139 1595 1169 1624 in

437 1644 536 1674 caelis.

476 1693 549 1722 Ecce
571 1692 647 1722 sicut
669 1693 745 1722 oculi
761 1702 911 1723 servorum
926 1693 955 1723 in
975 1693 1108 1723 manibus
1122 1693 1170 1723 do-

438 1741 583 1771 minorum
606 1750 736 1778 suorum,

477 1789 557 1819 Sicut
578 1789 654 1819 oculi
676 1789 799 1819 ancillae
821 1789 851 1819 in
873 1789 1007 1819 manibus
1034 1790 1169 1819 dominae

438 1847 506 1868 suae
521 1862 528 1876 ,
552 1838 591 1868 ita
621 1838 698 1868 oculi
726 1839 818 1868 nostri
846 1839 881 1869 ad
906 1839 1058 1869 Dominum
1080 1839 1170 1869 Deum

438 1891 569 1916 nostrum
591 1886 683 1916 donec.
705 1887 878 1917 misereatur
899 1888 1002 1917 nostri.

477 1935 613 1964 Miserere
634 1935 883 1974 nostri,D0mine‚
907 1936 1045 1966 miserere
1067 1936 1169 1966 nostri:

439 1982 506 2022 quia
528 1983 650 2013 multum
672 1983 777 2022 repleti
798 1993 899 2014 sumus
920 1984 1114 2023 despectione.

478 2021 550 2066 Ouia
579 2031 703 2060 multum
730 2032 837 2071 repleta
864 2036 907 2062 est
934 2033 1031 2062 anima
1057 2036 1169 2062 nostra:

440 2078 628 2118 opprobrium
661 2079 875 2110 abundantibus
907 2084 935 2111 et
957 2080 1105 2120 despectio
1126 2090 1172 2111 su-

983 220 1189 275 „numanum
1214 233 1368 257 nomnen

440 2127 549 2166 perbis,

558 2175 654 2205 Gloria
675 2176 764 2215 Patri,
787 2181 843 2207 ete.

481 2224 514 2264 fi.
537 2223 624 2262 Kyrie
646 2225 768 2263 eleison,

481 2273 515 2311 13¹.
538 2271 650 2302 Christe
673 2272 795 2311 eleison,

482 2319 515 2359 fi.
539 2319 624 2359 Kyrie
645 2320 765 2357 eleison,

483 2370 515 2406 ij.
539 2368 624 2398 Pater
646 2372 754 2404 noster,
777 2373 833 2399 etc.

746 2416 871 2448 Orcmvs.

483 2463 632 2501 Miserere,
645 2473 833 2503 quaesumus,
850 2464 980 2503 Domine,
997 2465 1066 2496 huic
1087 2466 1178 2496 famu-

445 2511 474 2543 lo
495 2517 556 2551 tuo,
573 2517 601 2543 et
622 2513 761 2552 quidquid
783 2513 812 2543 in
836 2514 880 2543 via
902 2514 928 2543 ei
950 2515 1091 2552 surripuit
1112 2524 1178 2543 sen-

447 2570 507 2599 sus,
529 2564 620 2591 totum
648 2560 786 2591 ineffabili
812 2561 965 2592 clementia
993 2562 1100 2592 deleas.
1124 2562 1178 2592 Per

448 2608 606 2647 Christum,
630 2614 685 2640 etc.

1192 2338 1202 2407 l

1953 231 2004 258 An.
2019 230 2047 258 C.
2070 230 2132 258 1691

1250 291 1279 314 x.
1307 280 1439 318 Quando
1464 290 1539 313 vero
1565 281 1727 323 praelatus
1755 289 1812 313 seu
1837 279 1944 312 visita-

1156 333 1163 349 ’·’
1210 338 1260 366 tor
1282 334 1364 366 viam
1384 332 1518 376 incipiat
1534 333 1583 366 vel
1601 333 1640 367 ab
1657 333 1712 366 illa
1731 333 1944 376 regrediatur,

1208 387 1329 419 eisdem
1355 387 1486 429 psalmis
1511 391 1542 418 et
1561 386 1759 419 orationibus
1783 386 1945 419 dimitten-

1209 439 1268 471 dus
1291 444 1323 471 et
1347 439 1569 482 suscipiendus
1593 439 1646 472 sit.
1672 438 1762 476 Quod
1781 438 1805 471 si
1831 438 1945 480 magis-

1211 496 1260 523 ter
1283 490 1411 524 Ordinis
1446 492 1496 524 vel
1529 491 1735 534 provincialis
1759 492 1799 524 de
1822 491 1871 524 via
1894 501 1945 524 ve-

1209 544 1287 584 niat,
1315 549 1347 577 et
1371 544 1510 587 primum
1528 554 1691 577 accessum
1716 545 1811 577 saciat
1830 545 1868 577 ad
1887 545 1944 577 ali-

1210 607 1306 639 quam
1324 598 1453 630 domum
1472 597 1611 637 Ordinis,
1632 603 1716 636 tunc,
1735 605 1774 630 eo
1791 596 1853 630 iam
1872 607 1946 640 pro-

1209 655 1353 692 perante,
1380 652 1535 693 campana
1560 650 1717 683 ecclesiae
1746 650 1945 685 convocandi

1210 707 1283 735 sunt
1308 703 1421 735 fratres
1447 703 1485 736 ad
1511 703 1597 735 sores
1622 703 1693 735 eius
1718 702 1750 735 in
1768 703 1849 736 duos
1867 703 1946 735 cho-

1208 765 1259 788 ros
1277 755 1368 789 divisi
1386 766 1457 788 cum
1478 755 1643 789 sacerdote
1660 755 1793 799 pluviali
1811 755 1884 788 albo
1897 755 1946 789 in-

1209 808 1285 840 duto
1311 813 1342 840 et
1366 816 1495 850 parvam
1520 818 1648 841 crucem
1674 813 1836 850 gestante,
1862 818 1944 851 quos

1208 860 1383 903 praeibunt
1412 871 1488 894 crux
1524 870 1637 904 magna
1672 861 1847 895 cbnventus
1871 871 1945 894 cum

1210 914 1443 955 caeroserariis,
1462 919 1494 947 et
1509 915 1553 948 sic
1571 925 1691 956 omnes,
1710 920 1860 959 suscepto
1879 926 1946 948 ma-

1209 967 1307 1008 gistro
1321 968 1369 1000 vel
1384 967 1579 1010 provinciali,
1595 967 1760 1001 intrabunt
1777 969 1945 1002 ecclesiam

1208 1024 1373 1051 cantantes
1395 1019 1435 1051 Te
1451 1019 1562 1059 Deum,
1581 1020 1614 1052 in
1632 1020 1722 1053 cuius
1740 1021 1887 1063 ingressu
1902 1031 1947 1053 sa-

1210 1072 1322 1104 certlos
1352 1073 1549 1114 praedictam
1586 1083 1715 1106 crucem
1744 1084 1875 1117 parvam
1898 1073 1946 1107 illi

1211 1125 1380 1167 genuflexo
1406 1125 1602 1158 adorandam
1620 1125 1723 1159 offert.

1253 1188 1296 1210 x1.
1322 1177 1398 1210 Inde
1420 1179 1606 1220 proceditur
1622 1179 1661 1216 ad
1682 1180 1862 1222 cappellam
1880 1189 1947 1212 ma-

1210 1230 1321 1270 iorem,
1347 1231 1457 1274 ibiqtie
1483 1232 1637 1273 magister
1661 1232 1710 1265 vel
1740 1232 1946 1276 provincialis

1211 1284 1398 1325 genuflexus
1413 1284 1516 1316 orabit
1534 1284 1699 1327 paulisper
1716 1285 1789 1317 dum
1807 1285 1945 1329 hymnus

1216 1336 1255 1368 Te
1279 1336 1382 1369 Deum
1406 1337 1553 1376 canitur;
1580 1345 1644 1380 quo
1667 1337 1768 1378 finito,
1794 1338 1946 1371 sacerdos

1211 1394 1298 1420 stans
1323 1388 1355 1420 in
1380 1389 1480 1421 altare
1507 1389 1605 1422 dicit:

1250 1440 1282 1479 ᾔ.
1306 1440 1421 1470 Salvum
1445 1442 1488 1471 fac
1504 1450 1622 1471 servum
1643 1446 1737 1479 tuum,
1752 1442 1883 1482 Domine,

1250 1490 1283 1521 ΒΜ
1308 1488 1381 1518 Deus
1404 1498 1497 1527 meus,
1521 1494 1687 1529 sperantem
1709 1491 1739 1520 in
1761 1495 1801 1521 te.

1251 1536 1283 1575 pv.
1308 1537 1387 1567 Mitte
1410 1538 1447 1575 ei,
1465 1538 1596 1576 Domine,
1613 1539 1754 1569 auxilium
1775 1539 1811 1569 de
1832 1544 1944 1579 sancto,

1250 1587 1282 1623 ᾗ.
1308 1585 1340 1614 Et
1360 1585 1396 1615 tle
1418 1585 1485 1615 Sion
1510 1590 1590 1616 tuere
1613 1596 1691 1616 eum.

1250 1633 1282 1672 pt.
1306 1633 1383 1663 Nihil
1408 1634 1540 1673 proficiat
1561 1635 1698 1665 inimicus
1719 1635 1749 1664 in
1771 1644 1816 1674 eo,

1250 1683 1282 1720 η’.
1306 1682 1339 1711 Et
1362 1682 1438 1712 silius
1467 1683 1633 1722 iniquitatis
1665 1693 1722 1714 non
1749 1688 1875 1724 apponat
1896 1693 1946 1716 no-

1211 1740 1275 1761 cere
1298 1740 1335 1760 οι.

1251 1779 1283 1818 >lu
1308 1778 1363 1809 Ora
1387 1786 1438 1819 pro
1460 1779 1555 1818 nohis,
1579 1784 1676 1810 sancta
1699 1780 1750 1811 Dei
1767 1782 1905 1821 genitrix,

1251 1829 1284 1866 ῃ).
1313 1828 1349 1858 Ut
1387 1828 1468 1866 digni
1505 1828 1666 1859 efficiamur
1704 1830 1947 1869 promissionibus

1212 1876 1318 1906 Cliisti.

1252 1924 1284 1961 Χ.
1308 1922 1438 1959 Domine,
1453 1923 1556 1953 exaudi
1578 1924 1739 1954 orationem
1762 1933 1866 1965 meam,

1250 1970 1283 2007 ιγ.
1308 1968 1341 1997 Et
1363 1968 1472 1998 clamor
1493 1978 1575 1999 meus
1597 1970 1632 1999 ad
1648 1974 1675 2000 te
1697 1970 1807 2001 veniat.

1252 2014 1284 2053 pt.
1309 2015 1448 2044 Dominus
1469 2015 1628 2044 vobiscum.

1252 2062 1284 2099 13¹.
1309 2061 1342 2090 Et
1363 2070 1429 2090 cum
1452 2061 1557 2100 spiritu
1581 2065 1640 2091 tuo.

1514 2100 1639 2136 Ol'emus.

1253 2147 1443 2191 Omnipotens
1475 2153 1653 2192 sempiterne
1685 2153 1761 2183 Deus
1775 2177 1783 2192 ‚
1806 2154 1856 2194 qui
1878 2154 1948 2186 sacis

1215 2199 1357 2228 mirabilia
1380 2207 1483 2236 magna
1505 2199 1595 2243 solus,
1620 2200 1776 2238 praetende
1798 2209 1886 2240 super
1908 2201 1950 2231 fa-

1217 2245 1326 2275 mulum
1342 2249 1422 2274 tuum
1438 2245 1471 2274 N.
1499 2249 1527 2274 et
1544 2246 1786 2284 congregationes
1809 2247 1851 2276 illi
1871 2256 1950 2277 com-

1218 2292 1320 2320 missas
1341 2291 1475 2329 spiritum
1503 2291 1613 2328 gratiae
1636 2292 1786 2330 salutaris,
1811 2295 1840 2322 et
1866 2296 1898 2322 ut
1918 2292 1949 2322 in

1218 2337 1339 2366 veritate
1362 2336 1413 2365 tibi
1435 2337 1633 2375 complaceat,
1657 2341 1829 2375 perpetuum
1857 2338 1883 2367 ei
1905 2347 1950 2368 ro-

1219 2392 1279 2412 rem
1303 2386 1369 2412 tuae
1391 2382 1603 2412 benedictionis
1624 2382 1755 2412 infunde.

1258 2428 1396 2466 Protege,
1420 2428 1557 2465 Domine,
1581 2428 1722 2457 famulum
1752 2432 1834 2458 tuum
1856 2428 1951 2460 subsi-

1219 2474 1275 2504 diis
1299 2474 1388 2513 pacis,
1403 2478 1431 2503 et
1453 2473 1553 2503 beatae
1568 2473 1674 2503 Mariae
1692 2483 1808 2513 semper
1823 2474 1951 2513 Virginis

1220 2520 1389 2558 patrociniis
1418 2519 1611 2549 considentem
1642 2529 1658 2549 a
1685 2521 1798 2549 cunctIs
1819 2520 1951 2551 hostibus

1220 2570 1247 2594 et
1269 2565 1407 2603 periculis
1439 2565 1525 2594 redde
1558 2574 1703 2595 securum.
1726 2565 1782 2596 Per
1807 2566 1950 2597 Christum

1222 2611 1373 2641 Dominum
1397 2615 1539 2640 nostrum.
1563 2611 1660 2640 Amen.
