2254 3225
203 232 251 261 An.
271 231 300 260 e.
319 232 385 260 ¹697
432 223 496 258 782

260 717 387 739 Rt³s¹·['tln[u}'

202 746 327 769 prandit-tae
357 746 386 765 in-

203 772 332 796 diiigentme.

692 283 832 318 CXLVII.

397 362 643 405 Confirmanlur
666 365 892 409 indulyentz'ae
915 370 1091 410 perpetuae
1115 376 1134 399 a

438 417 546 451 Paulo
568 418 593 451 V
611 428 773 452 concessae
795 419 1046 463 Conyreyationi
1070 421 1134 452 An-

439 470 519 514 tiqui
539 471 656 514 rigoris
682 470 817 505 Ordinis
834 472 1134 505 praemonstraten-

438 523 485 557 sis
497 523 518 557 ¹.

570 594 768 622 Innocentius
788 595 867 629 Papa
885 595 956 628 XII,

518 640 556 666 ad
575 642 752 673 perpetuam
771 640 816 667 rei
834 640 1014 668 memoriam.

441 710 455 753 ἓ
473 709 504 742 1.
524 709 647 753 Exponi
667 710 760 743 nobis
777 720 881 754 nuper
899 710 972 743 feeit
997 710 1131 743 dilectus

397 761 481 795 filius
506 763 683 795 modernus
701 762 837 796 vicarius
863 763 1022 806 generalis
1048 773 1132 796 com-

398 815 563 848 munitatis
596 815 661 849 sive
697 816 965 859 Congregationis
990 812 1153 859 Anlz'qai'

396 868 517 911 rigyorz's
533 873 736 912 nuncupatae
750 868 879 902 Ordinis
895 869 1131 902 Praemonstra-

397 921 506 961 tensis,
526 922 612 965 qnod
638 922 757 954 dudum
776 921 878 955 felicis
895 921 1130 955 recordationis

396 973 513 1007 Paulus
538 975 622 1018 Papa
642 974 665 1006 V
685 975 917 1018 praedecessor
940 980 1061 1014 noster,
1077 985 1131 1007 vo-

396 1028 466 1060 lens
510 1028 693 1061 universum
738 1028 890 1061 Ordinem
927 1028 1130 1071 praedictum

396 1081 529 1124 eiusque
561 1080 735 1123 religiosos
768 1081 994 1124 spiritualibus
1026 1081 1130 1114 indul-

395 1135 575 1176 gentiarum
592 1134 780 1167 muneribus
795 1134 960 1174 decorare,
980 1135 1017 1167 de
1032 1135 1130 1168 omni-

397 1186 538 1228 potentis
564 1186 617 1220 Dei
651 1187 873 1220 misericordia
902 1197 938 1220 ac
962 1187 1150 1232 beatorum}

968 234 1148 261 BULLARIUM
1170 234 1326 263 ROMANUM

395 1239 480 1271 Petri
498 1245 528 1272 et
560 1239 648 1273 Pauli
679 1240 903 1283 apostolorum
925 1239 993 1272 eius
1019 1246 1129 1273 aucto·
1149 1240 1150 1245 ’

395 1292 488 1324 ritate
522 1292 686 1333 confisus,
721 1292 1012 1336 supplicationibus
1043 1304 1125 1336 quo-

395 1356 456 1387 que
483 1350 556 1378 tunc
582 1345 750 1379 existentis
781 1345 907 1378 abbatis
937 1346 1127 1379 monasterii
1149 1373 1151 1389 ,

395 1398 425 1430 S.
457 1398 574 1431 Mariae
606 1399 644 1432 ad
676 1399 795 1432 Nemus
830 1399 905 1432 dicti
937 1399 1064 1432 Ordinis
1096 1400 1151 1445 ing

395 1450 606 1493 Lotbaringia
619 1451 728 1484 vicarii
747 1451 909 1493 generalis
923 1451 1129 1484 eiusdemOr-
1149 1448 1151 1480 l

396 1503 480 1536 dinis
506 1504 566 1536 sibi
584 1514 682 1547 super
702 1504 765 1536 hoc
786 1504 953 1537 humiliter
970 1504 1128 1547 porrectis
1149 1544 1151 1554 y

395 1555 587 1597 inclinatus,
613 1557 763 1589 omnibus
788 1562 819 1589 et
843 1556 977 1599 singulis
1003 1556 1150 1596 christi-⁴

395 1607 570 1649 fidelibus,
596 1608 650 1651 qui
687 1608 891 1652 poenitentes
928 1614 959 1641 et
989 1601 1150 1650 confessi}

396 1661 447 1694 die
474 1661 554 1694 sesto
571 1661 602 1694 S.
622 1660 772 1694 Norberti
795 1672 922 1694 sacrum
948 1662 1061 1694 missae
1080 1672 1129 1694 sa·
1148 1653 1150 1664 ⁴

395 1714 549 1747 orificium
575 1714 737 1754 fecissent,
751 1715 801 1747 vel
819 1714 1056 1747 sanctissimum
1073 1715 1129 1747 Eu·
1148 1707 1150 1710 ¹

396 1767 570 1800 charistiae
613 1772 846 1800 sacramentum
891 1767 1125 1810 sumpsissent,
1148 1770 1149 1773 ’

394 1820 592 1864 plenariam,
611 1831 647 1853 ac
666 1819 846 1862 religiosis²
863 1820 1019 1863 praedicti
1037 1820 1129 1853 Ordi-

396 1873 454 1913 nis,
473 1874 527 1917 qui
549 1874 812 1907 reformationem
832 1885 849 1907 a
866 1874 1006 1917 capitulo
1031 1885 1128 1916 gene-

395 1926 454 1959 rali
479 1926 553 1959 anni
576 1935 661 1960 uncv
685 1931 837 1959 statutam
861 1926 1071 1969 recepissent,
1093 1937 1128 1958 ac
1148 1953 1150 1976 t

395 1979 586 2021 praesertim
611 1980 760 2021 regulae,
784 1989 866 2022 quae
903 1979 1015 2022 incipit
1039 1979 1128 2012 Sicut
1148 1978 1150 1993 ¹

394 2031 570 2074 pascimini
586 2031 626 2064 ab
643 2042 707 2064 uno
732 2032 911 2072 cellerario,
939 2033 984 2064 sic
1010 2033 1128 2065 indua-

395 2083 477 2116 mini
500 2084 540 2117 ab
567 2094 633 2117 tino
656 2085 819 2125 vestiario,
847 2095 980 2128 prorsus
1006 2085 1129 2118 obtem-

396 2142 572 2179 perassent,
591 2137 687 2170 etiam
711 2137 907 2180 plenariam',
926 2149 1051 2171 necnon
1073 2138 1127 2181 qui

395 2191 670 2231 reformationem,
692 2202 772 2234 quae
800 2197 875 2224 tnnc
899 2191 954 2224 Dei
975 2191 1077 2234 gratia
1095 2191 1128 2225 in
1148 2202 1149 2210 ¹

396 2243 510 2276 eodem
535 2243 731 2276 monasterio
747 2244 779 2276 S.
802 2244 918 2277 Mariae
944 2245 983 2277 ad
1008 2244 1127 2278 Nemus
1147 2217 1150 2258 l

395 2297 543 2337 florebat,
571 2297 603 2329 in
628 2297 713 2330 aliud
740 2297 968 2330 monasterium
989 2297 1127 2331 invexis-

395 2354 477 2389 sent,
496 2349 592 2382 etiam
617 2350 814 2392 plenariam;
841 2350 879 2383 iis
904 2361 989 2391 vero,
1009 2351 1063 2394 qui
1082 2361 1128 2384 re·

397 2402 623 2436 formationem
641 2402 824 2436 huiusmodi
851 2403 1075 2446 suscepissent,
1095 2404 1125 2437 in
1147 2400 1150 2428 ¹

433 2493 441 2518 1
466 2491 584 2519 Laudata
614 2492 719 2519 constit.
750 2492 815 2519 edit.
845 2492 894 2519 fuit
923 2501 1018 2527 naevi,
1044 2494 1088 2521 die
1111 2495 1127 2520 9

395 2536 526 2569 octobris;
546 2536 571 2562 in
584 2536 720 2564 Benedicti
733 2536 789 2563 xllt
808 2541 892 2564 coust.
907 2537 971 2564 edit.
985 2545 1126 2574 nnccxxix,

395 2580 489 2617 pontis.
510 2587 534 2607 νι
553 2584 624 2607 extat
642 2580 809 2615 indulgentia
830 2581 950 2616 plenaria
971 2586 1109 2617 perpetua.

429 2625 445 2650 ’Ζ
465 2624 533 2650 Edit.
552 2625 629 2651 Main,
646 2625 710 2659 legit
732 2626 861 2660 reliyt'osi
880 2630 915 2659 (n.
930 2628 975 2659 T.).

1176 287 1313 320 articulo
1330 287 1443 321 mortis
1462 288 1511 322 vel
1528 298 1644 331 magno
1661 288 1743 322 vitae
1759 288 1905 332 periculo

1176 339 1342 373 constituti
1367 340 1454 373 Iesus
1473 346 1504 374 et
1523 341 1639 374 Mariae
1664 341 1795 375 nomina
1818 341 1908 375 invo-

1176 392 1335 426 cavissent
1358 394 1457 427 eorde
1483 394 1609 435 saltem,
1628 396 1653 428 si
1679 405 1735 429 ore
1759 405 1823 428 non
1854 405 1907 438 po-

1176 445 1336 486 tuissent,
1367 448 1547 490 plenariam
1582 447 1729 482 similiter
1762 449 1905 482 omnium

1175 504 1379 540 peccatorum
1405 509 1536 533 suorum
1553 500 1789 544 indulgentiam
1808 506 1839 534 et
1855 512 1906 535 re-

1176 550 1362 585 missionem
1404 553 1661 587 misericorditer
1699 554 1731 587 in
1770 555 1905 588 Domino

1175 604 1346 637 concessit.
1373 605 1509 649 Insuper
1541 606 1663 639 eisdem
1688 606 1907 640 christifideli-

1176 655 1242 694 bus,
1265 656 1319 699 qui
1345 667 1442 700 opere
1467 659 1515 691 vel
1542 658 1679 692 consilio
1703 660 1907 693 reformatio-

1175 718 1248 741 nem
1274 709 1349 742 dicti
1373 709 1501 743 Ordinis
1526 712 1775 754 promovissent,
1793 713 1904 746 decem

1174 772 1291 794 annos:
1316 763 1392 795 item
1419 763 1581 804 omnihus,
1599 764 1651 808 qui
1677 776 1736 808 pro
1762 765 1905 799 Romano

1175 814 1328 848 Pontifice
1355 817 1405 849 vel
1431 817 1665 851 instauratione
1690 818 1833 852 eiusdem
1853 819 1908 852 Or-

1174 867 1256 900 dinis
1281 869 1438 911 psalmum
1463 870 1625 911 Miserere,
1644 872 1692 904 vel
1719 876 1767 904 ter
1791 872 1907 905 oratio-

1174 931 1244 954 nem
1271 921 1462 955 dominicam
1495 928 1527 955 et
1558 924 1652 957 toties
1677 924 1903 958 salutationem

1173 975 1351 1016 angelicam
1378 976 1579 1016 recitassent,
1597 988 1656 1020 pro
1674 978 1818 1020 qnalibet
1838 979 1905 1012 vice

1173 1027 1283 1060 decem
1300 1027 1387 1068 dies;
1406 1029 1549 1072 quivero
1568 1030 1681 1063 diebus
1697 1031 1783 1064 festis
1796 1031 1907 1065 Trans-

1173 1080 1373 1122 figurationis
1391 1081 1527 1122 Domini,
1542 1082 1576 1115 B.
1593 1083 1631 1116 M.
1652 1083 1800 1126 Virginis,
1817 1084 1848 1118 S.
1864 1084 1908 1118 lo·

1173 1134 1264 1166 annis
1290 1134 1474 1177 Baptistae,
1501 1146 1536 1168 ac
1563 1136 1644 1170 festo
1668 1136 1716 1170 Ss.
1744 1139 1907 1181 apostolo-

1174 1197 1243 1218 rum
1268 1186 1354 1220 Petri
1386 1192 1417 1220 et
1446 1187 1535 1222 Pauli
1571 1188 1727 1222 rosarium
1760 1189 1906 1223 eiusdem

1173 1240 1207 1272 B.
1235 1239 1272 1272 M.
1301 1240 1440 1283 Virginis
1474 1241 1526 1284 pie
1552 1242 1764 1283 recitassent,
1791 1249 1822 1277 et
1846 1254 1907 1287 pro

1149 1292 1382 1335 {conversione
1418 1300 1629 1337 peccatorum
1653 1296 1692 1328 ad
1728 1297 1904 1339 poeniten-

1174 1346 1248 1378 tiam
1274 1346 1462 1387 oravissent,
1482 1350 1675 1391 praesertim
1693 1350 1906 1383 conversione

1173 1399 1329 1431 malorum
1348 1400 1579 1442 religiosorum
1597 1402 1635 1434 ad
1654 1404 1835 1444 regularem
1854 1403 1908 1435 ob-

1173 1452 1396 1492 servationem,
1416 1453 1649 1496 indulgentiam
1676 1455 1789 1488 tertiae
1808 1455 1907 1498 partis

1173 1511 1396 1547 peecatorum:
1428 1517 1553 1540 necnon
1584 1508 1636 1550 qui
1666 1518 1699 1541 se
1731 1508 1907 1551 spirituali-

1173 1558 1229 1590 bus
1251 1559 1411 1591 exercitiis
1429 1561 1625 1593 excolendos
1651 1560 1857 1594 tradidissent
1875 1563 1906 1594 in

1173 1611 1269 1644 domo
1287 1610 1409 1654 aliqua¹
1436 1611 1510 1645 dicti
1529 1612 1666 1653 Ordinis,
1689 1619 1743 1646 aut
1760 1614 1845 1653 alibi,
1865 1615 1908 1646 fa-

1173 1664 1291 1695 cultate
1317 1663 1355 1695 ab
1381 1664 1488 1707 aliquo
1514 1666 1657 1707 praelato
1682 1666 1829 1705 obtenta,
1855 1666 1903 1698 vi-

1173 1715 1252 1757 ginti
1278 1726 1399 1748 annos:
1421 1716 1567 1759 quivero
1584 1723 1656 1750 octo
1682 1718 1799 1751 diesin
1818 1729 1908 1762 prae·

1173 1769 1258 1801 dieto
1284 1769 1443 1802 coenobio
1460 1769 1491 1802 S.
1512 1770 1628 1802 Mariae
1655 1777 1905 1812 commorantes,

1172 1827 1267 1864 atque
1293 1822 1331 1854 ad
1364 1823 1452 1864 leges
1488 1828 1517 1855 et
1555 1823 1677 1866 praxim
1714 1824 1905 1868 discipliuae

1172 1874 1316 1907 eiusdem
1341 1876 1529 1908 monasterii
1557 1887 1628 1909 sese
1654 1878 1904 1918 conformantes,

1172 1926 1299 1970 praevia
1324 1930 1413 1961 sacra
1438 1929 1654 1969 confessione,
1672 1940 1793 1962 sacram
1818 1941 1905 1963 com-

1172 1981 1357 2014 munionem
1390 1983 1633 2026 suscepissent,
1666 1983 1763 2017 etiam
1792 1983 1904 2026 viginti

1172 2044 1272 2066 annos
1298 2039 1328 2067 et
1354 2034 1487 2067 totidem
1515 2036 1757 2078 quadragenas:
1783 2047 1906 2075 rursus,

1172 2087 1226 2129 qni
1242 2087 1481 2129 professionem
1508 2097 1595 2120 suam
1610 2095 1819 2122 renovassent
1835 2100 1905 2122 cum

1171 2139 1340 2182 proposito
1372 2150 1442 2172 eam
1483 2140 1656 2182 diligenter
1689 2142 1904 2180 observandi,

1172 2191 1323 2224 dimidiae
1349 2193 1447 2235 partis
1473 2199 1677 2236 peccatorum
1699 2204 1831 2227 suorum
1857 2195 1904 2226 iu·

1171 2246 1372 2288 dulgentiam
1410 2258 1469 2290 pro
1501 2248 1603 2291 prima
1627 2248 1718 2289 vice,
1749 2249 1903 2292 deincep<

1170 2309 1255 2339 vero,
1281 2300 1334 2342 qui
1360 2300 1496 2343 singulis
1521 2301 1613 2334 annis
1638 2303 1749 2342 semel,
1776 2307 1901 2345 septem

1171 2362 1288 2385 annos:
1308 2353 1361 2396 qui
1388 2353 1557 2387 dimidium
1575 2354 1676 2387 horae
1695 2354 1902 2398 quotidianae

1170 2405 1373 2439 meditationi
1394 2417 1500 2440 rerum
1525 2407 1702 2440 divinarum
1727 2407 1903 2447 dedissent,

1171 2459 1385 2502 quadraginta
1421 2460 1489 2493 dies
1518 2469 1579 2503 pro
1608 2462 1799 2504 unaquaque
1825 2461 1900 2494 die:

1171 2512 1235 2555 qui,
1254 2513 1387 2545 adversa
1407 2513 1590 2546 valetudine
1613 2514 1805 2555 laborantes,
1827 2525 1903 2558 pro-

1170 2566 1355 2607 posuissent
1380 2566 1538 2609 reliquum
1559 2567 1639 2598 vitae
1664 2577 1739 2599 suae
1755 2567 1786 2599 in
1805 2568 1902 2600 refor-

1209 2629 1217 2653 1
1243 2627 1311 2654 Edit.
1332 2628 1401 2653 Maia
1433 2629 1494 2661 ¹¹2⁴-ssst
1515 2630 1612 2662 alapa)
1632 2636 1668 2655 (a.
1687 2632 1731 2662 Τ.)4

1907 239 1956 267 Αη.
1977 241 2007 268 C.
2028 242 2095 268 ¹697
