<?xml version="1.0" encoding="UTF-8"?>
<!DOCTYPE html PUBLIC "-//W3C//DTD XHTML 1.0 Transitional//EN"
    "http://www.w3.org/TR/xhtml1/DTD/xhtml1-transitional.dtd">
<html xmlns="http://www.w3.org/1999/xhtml" xml:lang="en" lang="en">
 <head>
  <title>
</title>
<meta http-equiv="Content-Type" content="text/html;charset=utf-8" />
  <meta name='ocr-system' content='tesseract 3.04.00' />
  <meta name='ocr-capabilities' content='ocr_page ocr_carea ocr_par ocr_line ocrx_word'/>
</head>
<body>
  <div class='ocr_page' id='page_1' title='image "./bullarumdiplomat20cath_0626.png"; bbox 0 0 2254 3225; ppageno 0'>
   <div class='ocr_carea' id='block_1_1' title="bbox 211 232 400 259">
    <p class='ocr_par' dir='ltr' id='par_1_1' title="bbox 211 232 400 259">
     <span class='ocr_line' id='line_1_1' title="bbox 211 232 400 259; baseline -0.021 0"><span class='ocrx_word' id='word_1_1' title='bbox 211 233 263 259; x_wconf 79' lang='lat' dir='ltr'>An.</span> <span class='ocrx_word' id='word_1_2' title='bbox 284 233 310 258; x_wconf 68' lang='grc' dir='ltr'>(ἰ.</span> <span class='ocrx_word' id='word_1_3' title='bbox 335 232 400 259; x_wconf 63' lang='lat' dir='ltr'>lenz:</span> 
     </span>
    </p>
   </div>
   <div class='ocr_carea' id='block_1_2' title="bbox 238 611 395 631">
    <p class='ocr_par' dir='ltr' id='par_1_2' title="bbox 238 611 395 631">
     <span class='ocr_line' id='line_1_2' title="bbox 238 611 395 631; baseline 0 0"><span class='ocrx_word' id='word_1_4' title='bbox 238 611 322 631; x_wconf 63' lang='lat' dir='ltr'>contra·</span> <span class='ocrx_word' id='word_1_5' title='bbox 331 618 342 630; x_wconf 70' lang='lat' dir='ltr'>z«</span> <span class='ocrx_word' id='word_1_6' title='bbox 352 617 395 631; x_wconf 82' lang='lat' dir='ltr'>runi</span> 
     </span>
    </p>
   </div>
   <div class='ocr_carea' id='block_1_3' title="bbox 215 639 330 661">
    <p class='ocr_par' dir='ltr' id='par_1_3' title="bbox 215 639 330 661">
     <span class='ocr_line' id='line_1_3' title="bbox 215 639 330 661; baseline 0 -3"><span class='ocrx_word' id='word_1_7' title='bbox 215 639 330 661; x_wconf 51' lang='lat' dir='ltr'>scm-,unt</span> 
     </span>
    </p>
   </div>
   <div class='ocr_carea' id='block_1_4' title="bbox 219 1401 319 1447">
    <p class='ocr_par' dir='ltr' id='par_1_4' title="bbox 219 1401 319 1447">
     <span class='ocr_line' id='line_1_4' title="bbox 258 1401 319 1421; baseline -0.033 0"><span class='ocrx_word' id='word_1_8' title='bbox 258 1401 319 1421; x_wconf 43' lang='lat' dir='ltr'>Fata&lt;</span> 
     </span>
     <span class='ocr_line' id='line_1_5' title="bbox 219 1434 318 1447; baseline 0 -1"><span class='ocrx_word' id='word_1_9' title='bbox 219 1434 277 1447; x_wconf 65' lang='lat' dir='ltr'>(Util&#39;t</span> <span class='ocrx_word' id='word_1_10' title='bbox 290 1434 318 1446; x_wconf 61' lang='lat' dir='ltr'>Uli</span> 
     </span>
    </p>
   </div>
   <div class='ocr_carea' id='block_1_5' title="bbox 345 1402 402 1419">
    <p class='ocr_par' dir='ltr' id='par_1_5' title="bbox 345 1402 402 1419">
     <span class='ocr_line' id='line_1_6' title="bbox 345 1402 402 1419; baseline 0 0"><span class='ocrx_word' id='word_1_11' title='bbox 345 1402 402 1419; x_wconf 79' lang='lat' dir='ltr'>tran-</span> 
     </span>
    </p>
   </div>
   <div class='ocr_carea' id='block_1_6' title="bbox 400 1495 1152 1542">
    <p class='ocr_par' dir='ltr' id='par_1_6' title="bbox 400 1495 1152 1542">
     <span class='ocr_line' id='line_1_7' title="bbox 400 1495 1152 1542; baseline -0.008 -10"><span class='ocrx_word' id='word_1_12' title='bbox 400 1500 583 1542; x_wconf 58' lang='lat' dir='ltr'>exemplis,</span> <span class='ocrx_word' id='word_1_13' title='bbox 609 1498 702 1531; x_wconf 88' lang='lat' dir='ltr'>etiam</span> <span class='ocrx_word' id='word_1_14' title='bbox 730 1497 905 1540; x_wconf 70' lang='lat' dir='ltr'><strong>impressis,</strong></span> <span class='ocrx_word' id='word_1_15' title='bbox 931 1507 1026 1528; x_wconf 87' lang='lat' dir='ltr'>manu</span> <span class='ocrx_word' id='word_1_16' title='bbox 1053 1495 1152 1528; x_wconf 88' lang='lat' dir='ltr'>alicn-</span> 
     </span>
    </p>
   </div>
   <div class='ocr_carea' id='block_1_7' title="bbox 447 224 511 255">
    <p class='ocr_par' dir='ltr' id='par_1_7' title="bbox 447 224 511 255">
     <span class='ocr_line' id='line_1_8' title="bbox 447 224 511 255; baseline 0 -1"><span class='ocrx_word' id='word_1_17' title='bbox 447 224 511 255; x_wconf 32' lang='lat' dir='ltr'>[rsit</span> 
     </span>
    </p>
   </div>
   <div class='ocr_carea' id='block_1_8' title="bbox 405 280 1150 1490">
    <p class='ocr_par' dir='ltr' id='par_1_8' title="bbox 405 280 1150 1490">
     <span class='ocr_line' id='line_1_9' title="bbox 405 280 1141 324; baseline -0.001 -12"><span class='ocrx_word' id='word_1_18' title='bbox 405 281 556 321; x_wconf 85' lang='lat' dir='ltr'>remedia,</span> <span class='ocrx_word' id='word_1_19' title='bbox 583 280 803 324; x_wconf 82' lang='lat' dir='ltr'>appellatione</span> <span class='ocrx_word' id='word_1_20' title='bbox 828 280 1019 323; x_wconf 77' lang='lat' dir='ltr'>postposita,</span> <span class='ocrx_word' id='word_1_21' title='bbox 1055 290 1141 312; x_wconf 88' lang='lat' dir='ltr'>com-</span> 
     </span>
     <span class='ocr_line' id='line_1_10' title="bbox 405 332 1141 376; baseline 0 -13"><span class='ocrx_word' id='word_1_22' title='bbox 405 332 602 376; x_wconf 75' lang='lat' dir='ltr'>pescendo¹,</span> <span class='ocrx_word' id='word_1_23' title='bbox 629 333 849 376; x_wconf 71' lang='lat' dir='ltr'>legitimisque</span> <span class='ocrx_word' id='word_1_24' title='bbox 875 343 972 376; x_wconf 87' lang='lat' dir='ltr'>super</span> <span class='ocrx_word' id='word_1_25' title='bbox 1009 332 1060 364; x_wconf 89' lang='lat' dir='ltr'>his</span> <span class='ocrx_word' id='word_1_26' title='bbox 1084 332 1141 364; x_wconf 87' lang='lat' dir='ltr'>ha-</span> 
     </span>
     <span class='ocr_line' id='line_1_11' title="bbox 405 385 1139 429; baseline -0.005 -10"><span class='ocrx_word' id='word_1_27' title='bbox 405 386 521 419; x_wconf 84' lang='lat' dir='ltr'>bendis</span> <span class='ocrx_word' id='word_1_28' title='bbox 556 386 688 419; x_wconf 82' lang='lat' dir='ltr'>servatis</span> <span class='ocrx_word' id='word_1_29' title='bbox 725 385 944 429; x_wconf 80' lang='lat' dir='ltr'>processibus,</span> <span class='ocrx_word' id='word_1_30' title='bbox 976 393 1139 423; x_wconf 87' lang='lat' dir='ltr'>censuras,</span> 
     </span>
     <span class='ocr_line' id='line_1_12' title="bbox 405 436 1140 482; baseline -0.008 -9"><span class='ocrx_word' id='word_1_31' title='bbox 405 450 528 482; x_wconf 74' lang='lat' dir='ltr'>poenas</span> <span class='ocrx_word' id='word_1_32' title='bbox 563 440 648 482; x_wconf 82' lang='lat' dir='ltr'>ipsas</span> <span class='ocrx_word' id='word_1_33' title='bbox 688 439 784 472; x_wconf 84' lang='lat' dir='ltr'>etiam</span> <span class='ocrx_word' id='word_1_34' title='bbox 821 437 985 470; x_wconf 87' lang='lat' dir='ltr'>reiteratis</span> <span class='ocrx_word' id='word_1_35' title='bbox 1019 436 1140 469; x_wconf 85' lang='lat' dir='ltr'>vicibus</span> 
     </span>
     <span class='ocr_line' id='line_1_13' title="bbox 407 487 1140 535; baseline -0.008 -10"><span class='ocrx_word' id='word_1_36' title='bbox 407 493 621 535; x_wconf 69' lang='lat' dir='ltr'>aggravando,</span> <span class='ocrx_word' id='word_1_37' title='bbox 647 493 796 525; x_wconf 90' lang='lat' dir='ltr'>invocato</span> <span class='ocrx_word' id='word_1_38' title='bbox 822 491 919 523; x_wconf 87' lang='lat' dir='ltr'>etiam</span> <span class='ocrx_word' id='word_1_39' title='bbox 946 489 984 522; x_wconf 90' lang='lat' dir='ltr'>ad</span> <span class='ocrx_word' id='word_1_40' title='bbox 1019 489 1089 528; x_wconf 88' lang='lat' dir='ltr'>hoc,</span> <span class='ocrx_word' id='word_1_41' title='bbox 1115 487 1140 520; x_wconf 91' lang='lat' dir='ltr'>si</span> 
     </span>
     <span class='ocr_line' id='line_1_14' title="bbox 407 541 1137 589; baseline -0.008 -11"><span class='ocrx_word' id='word_1_42' title='bbox 407 556 487 589; x_wconf 87' lang='lat' dir='ltr'>opus</span> <span class='ocrx_word' id='word_1_43' title='bbox 512 546 618 585; x_wconf 87' lang='lat' dir='ltr'>suerit,</span> <span class='ocrx_word' id='word_1_44' title='bbox 652 545 770 577; x_wconf 77' lang='lat' dir='ltr'>auxilio</span> <span class='ocrx_word' id='word_1_45' title='bbox 802 542 927 575; x_wconf 84' lang='lat' dir='ltr'>brachii</span> <span class='ocrx_word' id='word_1_46' title='bbox 951 541 1137 574; x_wconf 88' lang='lat' dir='ltr'>saecularis.</span> 
     </span>
     <span class='ocr_line' id='line_1_15' title="bbox 451 594 1143 641; baseline -0.009 -10"><span class='ocrx_word' id='word_1_47' title='bbox 451 600 465 641; x_wconf 65' lang='grc' dir='ltr'><strong>ξ</strong></span> <span class='ocrx_word' id='word_1_48' title='bbox 489 598 520 631; x_wconf 84' lang='lat'>5.</span> <span class='ocrx_word' id='word_1_49' title='bbox 546 598 614 630; x_wconf 88' lang='lat' dir='ltr'>Non</span> <span class='ocrx_word' id='word_1_50' title='bbox 641 596 846 630; x_wconf 85' lang='lat' dir='ltr'>obstantibus</span> <span class='ocrx_word' id='word_1_51' title='bbox 865 594 1063 628; x_wconf 74' lang='lat' dir='ltr'>recolendae</span> <span class='ocrx_word' id='word_1_52' title='bbox 1080 603 1143 625; x_wconf 89' lang='lat' dir='ltr'>me-</span> 
     </span>
     <span class='ocr_line' id='line_1_16' title="bbox 407 646 1143 692; baseline -0.008 -8"><span class='ocrx_word' id='word_1_53' title='bbox 407 652 528 684; x_wconf 78' lang='lat' dir='ltr'>moriae</span> <span class='ocrx_word' id='word_1_54' title='bbox 562 650 718 683; x_wconf 84' lang='lat' dir='ltr'>Bonisacii</span> <span class='ocrx_word' id='word_1_55' title='bbox 756 649 861 692; x_wconf 80' lang='lat' dir='ltr'>Papae</span> <span class='ocrx_word' id='word_1_56' title='bbox 892 647 968 686; x_wconf 72' lang='lat' dir='ltr'>vill,</span> <span class='ocrx_word' id='word_1_57' title='bbox 1006 646 1143 689; x_wconf 86' lang='lat' dir='ltr'>praede-</span> 
     </span>
     <span class='ocr_line' id='line_1_17' title="bbox 407 701 1144 746; baseline -0.009 -9"><span class='ocrx_word' id='word_1_58' title='bbox 407 704 548 737; x_wconf 77' lang='lat' dir='ltr'>cessoris</span> <span class='ocrx_word' id='word_1_59' title='bbox 572 704 695 746; x_wconf 86' lang='lat' dir='ltr'>pariter</span> <span class='ocrx_word' id='word_1_60' title='bbox 719 702 829 741; x_wconf 88' lang='lat' dir='ltr'>nostri,</span> <span class='ocrx_word' id='word_1_61' title='bbox 852 701 891 733; x_wconf 92' lang='lat' dir='ltr'>de</span> <span class='ocrx_word' id='word_1_62' title='bbox 916 702 988 740; x_wconf 74' lang='lat' dir='ltr'>una,</span> <span class='ocrx_word' id='word_1_63' title='bbox 1014 704 1047 732; x_wconf 87' lang='lat' dir='ltr'>et</span> <span class='ocrx_word' id='word_1_64' title='bbox 1070 709 1144 731; x_wconf 91' lang='lat' dir='ltr'>con-</span> 
     </span>
     <span class='ocr_line' id='line_1_18' title="bbox 408 752 1144 798; baseline -0.008 -9"><span class='ocrx_word' id='word_1_65' title='bbox 408 757 470 789; x_wconf 85' lang='lat' dir='ltr'>cilii</span> <span class='ocrx_word' id='word_1_66' title='bbox 498 756 661 798; x_wconf 72' lang='lat' dir='ltr'>generalis</span> <span class='ocrx_word' id='word_1_67' title='bbox 687 755 727 788; x_wconf 90' lang='lat' dir='ltr'>de</span> <span class='ocrx_word' id='word_1_68' title='bbox 753 754 878 787; x_wconf 83' lang='lat' dir='ltr'>duabus</span> <span class='ocrx_word' id='word_1_69' title='bbox 908 753 1020 792; x_wconf 78' lang='lat' dir='ltr'>dietis,</span> <span class='ocrx_word' id='word_1_70' title='bbox 1055 752 1144 785; x_wconf 89' lang='lat' dir='ltr'>dum-</span> 
     </span>
     <span class='ocr_line' id='line_1_19' title="bbox 409 805 1143 850; baseline -0.007 -8"><span class='ocrx_word' id='word_1_71' title='bbox 409 810 504 843; x_wconf 88' lang='lat' dir='ltr'>modo</span> <span class='ocrx_word' id='word_1_72' title='bbox 522 810 605 849; x_wconf 81' lang='lat' dir='ltr'>ultra</span> <span class='ocrx_word' id='word_1_73' title='bbox 623 814 686 841; x_wconf 86' lang='lat' dir='ltr'>tres</span> <span class='ocrx_word' id='word_1_74' title='bbox 705 808 806 841; x_wconf 87' lang='lat' dir='ltr'>dietas</span> <span class='ocrx_word' id='word_1_75' title='bbox 824 807 939 850; x_wconf 88' lang='lat' dir='ltr'>aliquis</span> <span class='ocrx_word' id='word_1_76' title='bbox 954 805 1143 839; x_wconf 81' lang='lat' dir='ltr'>auctoritate</span> 
     </span>
     <span class='ocr_line' id='line_1_20' title="bbox 408 859 1145 907; baseline -0.003 -15"><span class='ocrx_word' id='word_1_77' title='bbox 408 862 629 907; x_wconf 75' lang='lat' dir='ltr'>praesentium</span> <span class='ocrx_word' id='word_1_78' title='bbox 654 862 685 894; x_wconf 92' lang='lat' dir='ltr'>in</span> <span class='ocrx_word' id='word_1_79' title='bbox 712 860 867 894; x_wconf 89' lang='lat' dir='ltr'>iudicium</span> <span class='ocrx_word' id='word_1_80' title='bbox 894 871 958 893; x_wconf 91' lang='lat' dir='ltr'>non</span> <span class='ocrx_word' id='word_1_81' title='bbox 989 859 1145 898; x_wconf 76' lang='lat' dir='ltr'>trahatur,</span> 
     </span>
     <span class='ocr_line' id='line_1_21' title="bbox 410 912 1146 959; baseline -0.007 -11"><span class='ocrx_word' id='word_1_82' title='bbox 410 916 546 959; x_wconf 86' lang='lat' dir='ltr'>aliisque</span> <span class='ocrx_word' id='word_1_83' title='bbox 583 914 934 952; x_wconf 55' lang='lat' dir='ltr'>constitutionibus&amp;</span> <span class='ocrx_word' id='word_1_84' title='bbox 970 912 1146 945; x_wconf 89' lang='lat' dir='ltr'>ordinatio-</span> 
     </span>
     <span class='ocr_line' id='line_1_22' title="bbox 409 966 1146 1011; baseline -0.007 -10"><span class='ocrx_word' id='word_1_85' title='bbox 409 970 506 1001; x_wconf 80' lang='lat' dir='ltr'>nibus</span> <span class='ocrx_word' id='word_1_86' title='bbox 539 968 739 1011; x_wconf 85' lang='lat' dir='ltr'>apostolicis‚</span> <span class='ocrx_word' id='word_1_87' title='bbox 776 977 812 999; x_wconf 86' lang='lat' dir='ltr'>ac</span> <span class='ocrx_word' id='word_1_88' title='bbox 847 966 1086 1009; x_wconf 81' lang='lat' dir='ltr'>provinciarum</span> <span class='ocrx_word' id='word_1_89' title='bbox 1113 969 1146 997; x_wconf 88' lang='lat' dir='ltr'>et</span> 
     </span>
     <span class='ocr_line' id='line_1_23' title="bbox 409 1017 1144 1061; baseline -0.005 -8"><span class='ocrx_word' id='word_1_90' title='bbox 409 1021 538 1054; x_wconf 85' lang='lat' dir='ltr'>Ordinis</span> <span class='ocrx_word' id='word_1_91' title='bbox 566 1019 766 1060; x_wconf 85' lang='lat' dir='ltr'>huiusmodi,</span> <span class='ocrx_word' id='word_1_92' title='bbox 793 1019 902 1052; x_wconf 88' lang='lat' dir='ltr'>aliisve</span> <span class='ocrx_word' id='word_1_93' title='bbox 936 1017 1144 1061; x_wconf 83' lang='lat' dir='ltr'>quibuslibet,</span> 
     </span>
     <span class='ocr_line' id='line_1_24' title="bbox 409 1071 1147 1113; baseline -0.005 -7"><span class='ocrx_word' id='word_1_94' title='bbox 409 1074 505 1107; x_wconf 84' lang='lat' dir='ltr'>etiarn</span> <span class='ocrx_word' id='word_1_95' title='bbox 531 1074 726 1112; x_wconf 86' lang='lat' dir='ltr'>iuramento,</span> <span class='ocrx_word' id='word_1_96' title='bbox 753 1071 998 1105; x_wconf 72' lang='lat' dir='ltr'>confirmatione</span> <span class='ocrx_word' id='word_1_97' title='bbox 1020 1075 1147 1113; x_wconf 86' lang='lat' dir='ltr'>aposto-</span> 
     </span>
     <span class='ocr_line' id='line_1_25' title="bbox 409 1123 1145 1170; baseline -0.005 -10"><span class='ocrx_word' id='word_1_98' title='bbox 409 1129 483 1167; x_wconf 73' lang='lat' dir='ltr'>lica,</span> <span class='ocrx_word' id='word_1_99' title='bbox 510 1129 559 1160; x_wconf 81' lang='lat' dir='ltr'>vel</span> <span class='ocrx_word' id='word_1_100' title='bbox 579 1127 688 1170; x_wconf 84' lang='lat' dir='ltr'>quavis</span> <span class='ocrx_word' id='word_1_101' title='bbox 714 1125 862 1158; x_wconf 81' lang='lat' dir='ltr'>firmitate</span> <span class='ocrx_word' id='word_1_102' title='bbox 888 1124 949 1158; x_wconf 74' lang='lat' dir='ltr'>alia</span> <span class='ocrx_word' id='word_1_103' title='bbox 974 1123 1145 1163; x_wconf 86' lang='lat' dir='ltr'>roboratis,</span> 
     </span>
     <span class='ocr_line' id='line_1_26' title="bbox 410 1176 1148 1218; baseline -0.007 -4"><span class='ocrx_word' id='word_1_104' title='bbox 410 1181 537 1214; x_wconf 84' lang='lat' dir='ltr'>statutis</span> <span class='ocrx_word' id='word_1_105' title='bbox 552 1186 583 1214; x_wconf 92' lang='lat' dir='ltr'>et</span> <span class='ocrx_word' id='word_1_106' title='bbox 596 1179 865 1218; x_wconf 70' lang='lat' dir='ltr'>consuetudines,</span> <span class='ocrx_word' id='word_1_107' title='bbox 885 1188 944 1210; x_wconf 88' lang='lat' dir='ltr'>nec</span> <span class='ocrx_word' id='word_1_108' title='bbox 961 1188 1026 1210; x_wconf 89' lang='lat' dir='ltr'>non</span> <span class='ocrx_word' id='word_1_109' title='bbox 1046 1176 1148 1210; x_wconf 89' lang='lat' dir='ltr'>omni-</span> 
     </span>
     <span class='ocr_line' id='line_1_27' title="bbox 410 1229 1148 1275; baseline -0.007 -9"><span class='ocrx_word' id='word_1_110' title='bbox 410 1234 470 1266; x_wconf 88' lang='lat' dir='ltr'>bus</span> <span class='ocrx_word' id='word_1_111' title='bbox 504 1239 535 1267; x_wconf 87' lang='lat' dir='ltr'>et</span> <span class='ocrx_word' id='word_1_112' title='bbox 573 1233 710 1275; x_wconf 77' lang='lat' dir='ltr'>singulis</span> <span class='ocrx_word' id='word_1_113' title='bbox 746 1232 810 1265; x_wconf 87' lang='lat' dir='ltr'>illis</span> <span class='ocrx_word' id='word_1_114' title='bbox 847 1241 927 1274; x_wconf 88' lang='lat' dir='ltr'>quae</span> <span class='ocrx_word' id='word_1_115' title='bbox 963 1231 995 1263; x_wconf 88' lang='lat' dir='ltr'>in</span> <span class='ocrx_word' id='word_1_116' title='bbox 1031 1229 1148 1263; x_wconf 86' lang='lat' dir='ltr'>litteris</span> 
     </span>
     <span class='ocr_line' id='line_1_28' title="bbox 411 1284 1146 1331; baseline -0.005 -11"><span class='ocrx_word' id='word_1_117' title='bbox 411 1287 621 1331; x_wconf 77' lang='lat' dir='ltr'>praeinsertis</span> <span class='ocrx_word' id='word_1_118' title='bbox 657 1286 875 1319; x_wconf 85' lang='lat' dir='ltr'>concessimus</span> <span class='ocrx_word' id='word_1_119' title='bbox 911 1295 974 1317; x_wconf 91' lang='lat' dir='ltr'>non</span> <span class='ocrx_word' id='word_1_120' title='bbox 1005 1284 1146 1324; x_wconf 85' lang='lat' dir='ltr'>obstare,</span> 
     </span>
     <span class='ocr_line' id='line_1_29' title="bbox 413 1338 1086 1383; baseline -0.004 -10"><span class='ocrx_word' id='word_1_121' title='bbox 413 1341 594 1383; x_wconf 82' lang='lat' dir='ltr'>ceterisque</span> <span class='ocrx_word' id='word_1_122' title='bbox 621 1338 790 1372; x_wconf 83' lang='lat' dir='ltr'>contrariis</span> <span class='ocrx_word' id='word_1_123' title='bbox 815 1338 1086 1381; x_wconf 82' lang='lat' dir='ltr'>quibuscumque.</span> 
     </span>
     <span class='ocr_line' id='line_1_30' title="bbox 457 1389 1149 1436; baseline -0.006 -11"><span class='ocrx_word' id='word_1_124' title='bbox 457 1393 527 1436; x_wconf 49' lang='lat' dir='ltr'>{tl</span> <span class='ocrx_word' id='word_1_125' title='bbox 555 1393 708 1425; x_wconf 70' lang='lat' dir='ltr'>Volumus</span> <span class='ocrx_word' id='word_1_126' title='bbox 745 1396 852 1423; x_wconf 85' lang='lat' dir='ltr'>autem</span> <span class='ocrx_word' id='word_1_127' title='bbox 892 1395 926 1422; x_wconf 89' lang='lat' dir='ltr'>ut</span> <span class='ocrx_word' id='word_1_128' title='bbox 963 1389 1149 1422; x_wconf 89' lang='lat' dir='ltr'>earumdem</span> 
     </span>
     <span class='ocr_line' id='line_1_31' title="bbox 414 1443 1150 1490; baseline -0.008 -11"><span class='ocrx_word' id='word_1_129' title='bbox 414 1445 635 1490; x_wconf 84' lang='lat' dir='ltr'>praesentium</span> <span class='ocrx_word' id='word_1_130' title='bbox 662 1444 841 1477; x_wconf 90' lang='lat' dir='ltr'>litterarum</span> <span class='ocrx_word' id='word_1_131' title='bbox 857 1443 1078 1485; x_wconf 78' lang='lat' dir='ltr'>transumptis,</span> <span class='ocrx_word' id='word_1_132' title='bbox 1094 1452 1150 1474; x_wconf 89' lang='lat' dir='ltr'>seu</span> 
     </span>
    </p>
   </div>
   <div class='ocr_carea' id='block_1_9' title="bbox 415 1549 1153 2117">
    <p class='ocr_par' dir='ltr' id='par_1_9' title="bbox 415 1549 1152 1904">
     <span class='ocr_line' id='line_1_32' title="bbox 415 1549 1150 1594; baseline -0.004 -9"><span class='ocrx_word' id='word_1_133' title='bbox 415 1554 465 1585; x_wconf 84' lang='lat' dir='ltr'>ius</span> <span class='ocrx_word' id='word_1_134' title='bbox 491 1553 606 1585; x_wconf 85' lang='lat' dir='ltr'>notarii</span> <span class='ocrx_word' id='word_1_135' title='bbox 634 1551 755 1594; x_wconf 81' lang='lat' dir='ltr'>publici</span> <span class='ocrx_word' id='word_1_136' title='bbox 780 1550 978 1594; x_wconf 69' lang='lat' dir='ltr'>subscriptis,</span> <span class='ocrx_word' id='word_1_137' title='bbox 994 1556 1025 1582; x_wconf 92' lang='lat' dir='ltr'>et</span> <span class='ocrx_word' id='word_1_138' title='bbox 1043 1549 1150 1591; x_wconf 76' lang='lat' dir='ltr'>sigillo</span> 
     </span>
     <span class='ocr_line' id='line_1_33' title="bbox 415 1602 1151 1649; baseline -0.005 -11"><span class='ocrx_word' id='word_1_139' title='bbox 415 1616 575 1649; x_wconf 74' lang='lat' dir='ltr'>personae</span> <span class='ocrx_word' id='word_1_140' title='bbox 602 1606 633 1636; x_wconf 89' lang='lat' dir='ltr'>in</span> <span class='ocrx_word' id='word_1_141' title='bbox 660 1603 880 1636; x_wconf 77' lang='lat' dir='ltr'>ecclesiastiea</span> <span class='ocrx_word' id='word_1_142' title='bbox 898 1602 1055 1645; x_wconf 71' lang='lat' dir='ltr'>dignitate</span> <span class='ocrx_word' id='word_1_143' title='bbox 1077 1612 1151 1634; x_wconf 89' lang='lat' dir='ltr'>con-</span> 
     </span>
     <span class='ocr_line' id='line_1_34' title="bbox 415 1654 1149 1699; baseline -0.007 -8"><span class='ocrx_word' id='word_1_144' title='bbox 415 1659 545 1691; x_wconf 81' lang='lat' dir='ltr'>stitutae</span> <span class='ocrx_word' id='word_1_145' title='bbox 581 1657 722 1696; x_wconf 86' lang='lat' dir='ltr'>munitis,</span> <span class='ocrx_word' id='word_1_146' title='bbox 757 1657 868 1689; x_wconf 83' lang='lat' dir='ltr'>eadem</span> <span class='ocrx_word' id='word_1_147' title='bbox 905 1666 1040 1699; x_wconf 87' lang='lat' dir='ltr'>prorsus</span> <span class='ocrx_word' id='word_1_148' title='bbox 1071 1654 1149 1687; x_wconf 76' lang='lat' dir='ltr'>tides</span> 
     </span>
     <span class='ocr_line' id='line_1_35' title="bbox 416 1708 1149 1755; baseline -0.005 -11"><span class='ocrx_word' id='word_1_149' title='bbox 416 1712 534 1755; x_wconf 82' lang='lat' dir='ltr'>ubique</span> <span class='ocrx_word' id='word_1_150' title='bbox 560 1712 707 1744; x_wconf 85' lang='lat' dir='ltr'>locorum</span> <span class='ocrx_word' id='word_1_151' title='bbox 740 1715 802 1741; x_wconf 91' lang='lat' dir='ltr'>tam</span> <span class='ocrx_word' id='word_1_152' title='bbox 834 1709 867 1741; x_wconf 88' lang='lat' dir='ltr'>in</span> <span class='ocrx_word' id='word_1_153' title='bbox 898 1708 1017 1741; x_wconf 84' lang='lat' dir='ltr'>iudicio</span> <span class='ocrx_word' id='word_1_154' title='bbox 1054 1719 1149 1751; x_wconf 83' lang='lat' dir='ltr'>quarn</span> 
     </span>
     <span class='ocr_line' id='line_1_36' title="bbox 417 1763 1152 1806; baseline -0.007 -8"><span class='ocrx_word' id='word_1_155' title='bbox 417 1771 506 1798; x_wconf 75' lang='lat' dir='ltr'>extra</span> <span class='ocrx_word' id='word_1_156' title='bbox 541 1764 619 1797; x_wconf 84' lang='lat' dir='ltr'>illud</span> <span class='ocrx_word' id='word_1_157' title='bbox 657 1764 823 1802; x_wconf 83' lang='lat' dir='ltr'>habeatur,</span> <span class='ocrx_word' id='word_1_158' title='bbox 862 1773 943 1806; x_wconf 82' lang='lat' dir='ltr'>quae</span> <span class='ocrx_word' id='word_1_159' title='bbox 976 1763 1152 1795; x_wconf 77' lang='lat' dir='ltr'>haberetur</span> 
     </span>
     <span class='ocr_line' id='line_1_37' title="bbox 417 1815 1150 1862; baseline -0.003 -11"><span class='ocrx_word' id='word_1_160' title='bbox 417 1819 494 1862; x_wconf 73' lang='lat' dir='ltr'>ipsis</span> <span class='ocrx_word' id='word_1_161' title='bbox 533 1817 761 1862; x_wconf 81' lang='lat' dir='ltr'>praesentibus</span> <span class='ocrx_word' id='word_1_162' title='bbox 797 1816 821 1849; x_wconf 85' lang='lat' dir='ltr'>si</span> <span class='ocrx_word' id='word_1_163' title='bbox 848 1816 955 1848; x_wconf 81' lang='lat' dir='ltr'>forent</span> <span class='ocrx_word' id='word_1_164' title='bbox 989 1815 1150 1849; x_wconf 78' lang='lat' dir='ltr'>exhibitae</span> 
     </span>
     <span class='ocr_line' id='line_1_38' title="bbox 416 1874 649 1904; baseline -0.009 0"><span class='ocrx_word' id='word_1_165' title='bbox 416 1874 464 1904; x_wconf 86' lang='lat' dir='ltr'>vel</span> <span class='ocrx_word' id='word_1_166' title='bbox 491 1877 649 1904; x_wconf 83' lang='lat' dir='ltr'>ostensae.</span> 
     </span>
    </p>

    <p class='ocr_par' dir='ltr' id='par_1_10' title="bbox 417 1923 1153 2117">
     <span class='ocr_line' id='line_1_39' title="bbox 460 1923 1151 1968; baseline -0.004 -10"><span class='ocrx_word' id='word_1_167' title='bbox 460 1926 572 1958; x_wconf 83' lang='lat' dir='ltr'>Datum</span> <span class='ocrx_word' id='word_1_168' title='bbox 599 1926 735 1964; x_wconf 76' lang='lat' dir='ltr'>Romae,</span> <span class='ocrx_word' id='word_1_169' title='bbox 764 1925 848 1968; x_wconf 83' lang='lat' dir='ltr'>apud</span> <span class='ocrx_word' id='word_1_170' title='bbox 875 1924 905 1957; x_wconf 87' lang='lat' dir='ltr'>S.</span> <span class='ocrx_word' id='word_1_171' title='bbox 933 1924 1064 1956; x_wconf 77' lang='lat' dir='ltr'>Mariam</span> <span class='ocrx_word' id='word_1_172' title='bbox 1089 1923 1151 1956; x_wconf 86' lang='lat' dir='ltr'>Ma-</span> 
     </span>
     <span class='ocr_line' id='line_1_40' title="bbox 417 1977 1151 2018; baseline -0.003 -6"><span class='ocrx_word' id='word_1_173' title='bbox 417 1979 539 2018; x_wconf 88' lang='lat' dir='ltr'>iorem,</span> <span class='ocrx_word' id='word_1_174' title='bbox 566 1979 625 2010; x_wconf 87' lang='lat' dir='ltr'>sub</span> <span class='ocrx_word' id='word_1_175' title='bbox 661 1978 782 2010; x_wconf 86' lang='lat' dir='ltr'>annulo</span> <span class='ocrx_word' id='word_1_176' title='bbox 817 1977 999 2016; x_wconf 71' lang='lat' dir='ltr'>piscatoris,</span> <span class='ocrx_word' id='word_1_177' title='bbox 1026 1977 1076 2010; x_wconf 90' lang='lat' dir='ltr'>die</span> <span class='ocrx_word' id='word_1_178' title='bbox 1107 1988 1151 2010; x_wconf 83' lang='lat' dir='ltr'>xn</span> 
     </span>
     <span class='ocr_line' id='line_1_41' title="bbox 418 2030 1153 2075; baseline -0.004 -10"><span class='ocrx_word' id='word_1_179' title='bbox 418 2032 615 2075; x_wconf 68' lang='lat' dir='ltr'>septembris</span> <span class='ocrx_word' id='word_1_180' title='bbox 650 2041 813 2072; x_wconf 80' lang='lat' dir='ltr'>nncxcni,</span> <span class='ocrx_word' id='word_1_181' title='bbox 851 2030 1061 2074; x_wconf 78' lang='lat' dir='ltr'>pontificatus</span> <span class='ocrx_word' id='word_1_182' title='bbox 1095 2040 1153 2063; x_wconf 90' lang='lat' dir='ltr'>no-</span> 
     </span>
     <span class='ocr_line' id='line_1_42' title="bbox 419 2085 656 2117; baseline -0.004 -1"><span class='ocrx_word' id='word_1_183' title='bbox 419 2085 582 2116; x_wconf 71' lang='lat' dir='ltr'>suintino</span> <span class='ocrx_word' id='word_1_184' title='bbox 609 2094 656 2117; x_wconf 81' lang='lat' dir='ltr'>iu.</span> 
     </span>
    </p>
   </div>
   <div class='ocr_carea' id='block_1_10' title="bbox 453 2145 1151 2180">
    <p class='ocr_par' dir='ltr' id='par_1_11' title="bbox 453 2145 1151 2180">
     <span class='ocr_line' id='line_1_43' title="bbox 453 2145 1151 2180; baseline 0 -8"><span class='ocrx_word' id='word_1_185' title='bbox 453 2145 501 2172; x_wconf 74' lang='lat' dir='ltr'>Dat</span> <span class='ocrx_word' id='word_1_186' title='bbox 531 2145 574 2172; x_wconf 88' lang='lat' dir='ltr'>die</span> <span class='ocrx_word' id='word_1_187' title='bbox 594 2146 621 2171; x_wconf 69' lang='lat'>12</span> <span class='ocrx_word' id='word_1_188' title='bbox 636 2145 801 2180; x_wconf 80' lang='lat' dir='ltr'>septembris</span> <span class='ocrx_word' id='word_1_189' title='bbox 818 2145 896 2178; x_wconf 79' lang='lat'>1693,</span> <span class='ocrx_word' id='word_1_190' title='bbox 913 2145 1008 2180; x_wconf 78' lang='lat' dir='ltr'>pontii.</span> <span class='ocrx_word' id='word_1_191' title='bbox 1029 2153 1099 2172; x_wconf 84' lang='lat' dir='ltr'>anno</span> <span class='ocrx_word' id='word_1_192' title='bbox 1114 2151 1151 2172; x_wconf 87' lang='lat'>111.</span> 
     </span>
    </p>
   </div>
   <div class='ocr_carea' id='block_1_11' title="bbox 686 2223 880 2228">
    <p class='ocr_par' dir='ltr' id='par_1_12' title="bbox 686 2223 880 2228">
     <span class='ocr_line' id='line_1_44' title="bbox 686 2223 880 2228; baseline 0 0"><span class='ocrx_word' id='word_1_193' title='bbox 686 2223 880 2228; x_wconf 95' lang='lat' dir='ltr'> </span> 
     </span>
    </p>
   </div>
   <div class='ocr_carea' id='block_1_12' title="bbox 736 2307 836 2340">
    <p class='ocr_par' dir='ltr' id='par_1_13' title="bbox 736 2307 836 2340">
     <span class='ocr_line' id='line_1_45' title="bbox 736 2307 836 2340; baseline 0 0"><span class='ocrx_word' id='word_1_194' title='bbox 736 2307 836 2340; x_wconf 75' lang='lat' dir='ltr'>LXVI.</span> 
     </span>
    </p>
   </div>
   <div class='ocr_carea' id='block_1_13' title="bbox 421 2395 1154 2536">
    <p class='ocr_par' dir='ltr' id='par_1_14' title="bbox 421 2395 1154 2536">
     <span class='ocr_line' id='line_1_46' title="bbox 421 2395 1154 2438; baseline 0 -8"><span class='ocrx_word' id='word_1_195' title='bbox 421 2396 640 2438; x_wconf 73' lang='lat' dir='ltr'>Confirmatm·</span> <span class='ocrx_word' id='word_1_196' title='bbox 663 2395 824 2428; x_wconf 76' lang='lat' dir='ltr'>decretum</span> <span class='ocrx_word' id='word_1_197' title='bbox 848 2397 1073 2429; x_wconf 71' lang='lat' dir='ltr'>univcrsitatis</span> <span class='ocrx_word' id='word_1_198' title='bbox 1091 2402 1154 2430; x_wconf 81' lang='lat' dir='ltr'>ton-</span> 
     </span>
     <span class='ocr_line' id='line_1_47' title="bbox 462 2449 1154 2483; baseline 0.001 -1"><span class='ocrx_word' id='word_1_199' title='bbox 462 2460 571 2482; x_wconf 79' lang='lat' dir='ltr'>sorum</span> <span class='ocrx_word' id='word_1_200' title='bbox 596 2449 633 2481; x_wconf 82' lang='lat' dir='ltr'>de</span> <span class='ocrx_word' id='word_1_201' title='bbox 660 2449 740 2481; x_wconf 79' lang='lat' dir='ltr'>Urbe</span> <span class='ocrx_word' id='word_1_202' title='bbox 762 2454 872 2481; x_wconf 78' lang='lat' dir='ltr'>contra</span> <span class='ocrx_word' id='word_1_203' title='bbox 890 2450 1068 2483; x_wconf 75' lang='lat' dir='ltr'>venditores</span> <span class='ocrx_word' id='word_1_204' title='bbox 1084 2461 1154 2483; x_wconf 77' lang='lat' dir='ltr'>sua-</span> 
     </span>
     <span class='ocr_line' id='line_1_48' title="bbox 462 2502 835 2536; baseline -0.003 -1"><span class='ocrx_word' id='word_1_205' title='bbox 462 2514 536 2536; x_wconf 76' lang='lat' dir='ltr'>rum</span> <span class='ocrx_word' id='word_1_206' title='bbox 564 2502 801 2535; x_wconf 72' lang='lat' dir='ltr'>tonstrinarum</span> <span class='ocrx_word' id='word_1_207' title='bbox 814 2502 835 2534; x_wconf 73' lang='lat'>⁹.</span> 
     </span>
    </p>
   </div>
   <div class='ocr_carea' id='block_1_14' title="bbox 455 2573 1153 2654">
    <p class='ocr_par' dir='ltr' id='par_1_15' title="bbox 455 2573 1153 2654">
     <span class='ocr_line' id='line_1_49' title="bbox 456 2573 1091 2607; baseline 0.003 -8"><span class='ocrx_word' id='word_1_208' title='bbox 456 2576 465 2599; x_wconf 80' lang='grc'>1</span> <span class='ocrx_word' id='word_1_209' title='bbox 492 2573 560 2600; x_wconf 82' lang='lat' dir='ltr'>Edit.</span> <span class='ocrx_word' id='word_1_210' title='bbox 583 2573 664 2600; x_wconf 70' lang='lat' dir='ltr'>Maia,</span> <span class='ocrx_word' id='word_1_211' title='bbox 686 2573 749 2607; x_wconf 59' lang='lat' dir='ltr'>lvgit</span> <span class='ocrx_word' id='word_1_212' title='bbox 769 2574 964 2607; x_wconf 67' lang='lat' dir='ltr'>compescendi</span> <span class='ocrx_word' id='word_1_213' title='bbox 984 2578 1020 2603; x_wconf 72' lang='lat' dir='ltr'>(tt.</span> <span class='ocrx_word' id='word_1_214' title='bbox 1043 2577 1091 2605; x_wconf 53' lang='lat'>13).</span> 
     </span>
     <span class='ocr_line' id='line_1_50' title="bbox 455 2617 1153 2654; baseline 0.001 -9"><span class='ocrx_word' id='word_1_215' title='bbox 455 2618 470 2645; x_wconf 73' lang='lat'>⁶2</span> <span class='ocrx_word' id='word_1_216' title='bbox 492 2619 508 2643; x_wconf 66' lang='lat' dir='ltr'>A</span> <span class='ocrx_word' id='word_1_217' title='bbox 526 2618 671 2644; x_wconf 61' lang='lat' dir='ltr'>Clementis</span> <span class='ocrx_word' id='word_1_218' title='bbox 692 2617 724 2644; x_wconf 69' lang='grc' dir='ltr'>ΧΙ</span> <span class='ocrx_word' id='word_1_219' title='bbox 743 2622 828 2644; x_wconf 76' lang='lat' dir='ltr'>const.</span> <span class='ocrx_word' id='word_1_220' title='bbox 846 2617 898 2644; x_wconf 77' lang='lat' dir='ltr'>edit</span> <span class='ocrx_word' id='word_1_221' title='bbox 928 2625 1044 2654; x_wconf 70' lang='lat' dir='ltr'>nucem,</span> <span class='ocrx_word' id='word_1_222' title='bbox 1062 2618 1106 2646; x_wconf 84' lang='lat' dir='ltr'>die</span> <span class='ocrx_word' id='word_1_223' title='bbox 1123 2620 1153 2647; x_wconf 67' lang='lat'>1⁰2</span> 
     </span>
    </p>
   </div>
   <div class='ocr_carea' id='block_1_15' title="bbox 982 229 1338 255">
    <p class='ocr_par' dir='ltr' id='par_1_16' title="bbox 982 229 1338 255">
     <span class='ocr_line' id='line_1_51' title="bbox 982 229 1338 255; baseline -0.003 -1"><span class='ocrx_word' id='word_1_224' title='bbox 982 230 1160 255; x_wconf 71' lang='lat' dir='ltr'>BULLARIUM</span> <span class='ocrx_word' id='word_1_225' title='bbox 1184 229 1338 254; x_wconf 68' lang='lat' dir='ltr'>ROMANt&#39;M</span> 
     </span>
    </p>
   </div>
   <div class='ocr_carea' id='block_1_16' title="bbox 1168 1140 1179 2335">
    <p class='ocr_par' dir='ltr' id='par_1_17' title="bbox 1168 1140 1179 2335">
     <span class='ocr_line' id='line_1_52' title="bbox 1168 1140 1179 2335; baseline 0 0"><span class='ocrx_word' id='word_1_226' title='bbox 1168 1140 1179 2335; x_wconf 95' lang='lat' dir='ltr'> </span> 
     </span>
    </p>
   </div>
   <div class='ocr_carea' id='block_1_17' title="bbox 1321 276 1772 350">
    <p class='ocr_par' dir='ltr' id='par_1_18' title="bbox 1321 276 1772 350">
     <span class='ocr_line' id='line_1_53' title="bbox 1357 276 1738 311; baseline -0.003 -6"><span class='ocrx_word' id='word_1_227' title='bbox 1357 277 1551 305; x_wconf 82' lang='lat' dir='ltr'>Innocentius</span> <span class='ocrx_word' id='word_1_228' title='bbox 1571 278 1650 311; x_wconf 83' lang='lat' dir='ltr'>Papa</span> <span class='ocrx_word' id='word_1_229' title='bbox 1670 276 1738 310; x_wconf 73' lang='lat' dir='ltr'>xli,</span> 
     </span>
     <span class='ocr_line' id='line_1_54' title="bbox 1321 322 1772 350; baseline -0.004 -1"><span class='ocrx_word' id='word_1_230' title='bbox 1321 323 1356 350; x_wconf 87' lang='lat' dir='ltr'>ad</span> <span class='ocrx_word' id='word_1_231' title='bbox 1376 323 1506 350; x_wconf 81' lang='lat' dir='ltr'>futuram</span> <span class='ocrx_word' id='word_1_232' title='bbox 1527 323 1572 350; x_wconf 84' lang='lat' dir='ltr'>rei</span> <span class='ocrx_word' id='word_1_233' title='bbox 1591 322 1772 349; x_wconf 74' lang='lat' dir='ltr'>memoriam.</span> 
     </span>
    </p>
   </div>
   <div class='ocr_carea' id='block_1_18' title="bbox 1226 381 1913 427">
    <p class='ocr_par' dir='ltr' id='par_1_19' title="bbox 1226 381 1913 427">
     <span class='ocr_line' id='line_1_55' title="bbox 1226 381 1913 427; baseline -0.004 -10"><span class='ocrx_word' id='word_1_234' title='bbox 1226 385 1240 427; x_wconf 61' lang='lat' dir='ltr'>g</span> <span class='ocrx_word' id='word_1_235' title='bbox 1257 385 1289 417; x_wconf 76' lang='lat'>1.</span> <span class='ocrx_word' id='word_1_236' title='bbox 1308 384 1430 427; x_wconf 78' lang='lat' dir='ltr'>Exponi</span> <span class='ocrx_word' id='word_1_237' title='bbox 1448 394 1552 427; x_wconf 85' lang='lat' dir='ltr'>nuper</span> <span class='ocrx_word' id='word_1_238' title='bbox 1572 384 1717 416; x_wconf 80' lang='lat' dir='ltr'>fecerunt</span> <span class='ocrx_word' id='word_1_239' title='bbox 1730 382 1838 416; x_wconf 86' lang='lat' dir='ltr'>dilecti</span> <span class='ocrx_word' id='word_1_240' title='bbox 1856 381 1913 416; x_wconf 80' lang='lat' dir='ltr'>filii</span> 
     </span>
    </p>
   </div>
   <div class='ocr_carea' id='block_1_19' title="bbox 1924 226 2106 254">
    <p class='ocr_par' dir='ltr' id='par_1_20' title="bbox 1924 226 2106 254">
     <span class='ocr_line' id='line_1_56' title="bbox 1924 226 2106 254; baseline 0.011 -2"><span class='ocrx_word' id='word_1_241' title='bbox 1924 228 1971 252; x_wconf 75' lang='lat' dir='ltr'>An.</span> <span class='ocrx_word' id='word_1_242' title='bbox 1989 226 2016 252; x_wconf 82' lang='lat' dir='ltr'>C.</span> <span class='ocrx_word' id='word_1_243' title='bbox 2037 226 2106 254; x_wconf 78' lang='lat'><strong>1693</strong></span> 
     </span>
    </p>
   </div>
   <div class='ocr_carea' id='block_1_20' title="bbox 1965 396 2108 427">
    <p class='ocr_par' dir='ltr' id='par_1_21' title="bbox 1965 396 2108 427">
     <span class='ocr_line' id='line_1_57' title="bbox 1965 396 2108 427; baseline 0.014 -11"><span class='ocrx_word' id='word_1_244' title='bbox 1965 396 2046 427; x_wconf 62' lang='lat' dir='ltr'>Causae</span> <span class='ocrx_word' id='word_1_245' title='bbox 2071 397 2108 418; x_wconf 80' lang='lat' dir='ltr'>‹le-</span> 
     </span>
    </p>
   </div>
   <div class='ocr_carea' id='block_1_21' title="bbox 1182 426 1986 470">
    <p class='ocr_par' dir='ltr' id='par_1_22' title="bbox 1182 426 1986 470">
     <span class='ocr_line' id='line_1_58' title="bbox 1182 426 1986 470; baseline -0.004 0"><span class='ocrx_word' id='word_1_246' title='bbox 1182 438 1334 470; x_wconf 85' lang='lat' dir='ltr'>consules</span> <span class='ocrx_word' id='word_1_247' title='bbox 1366 442 1398 469; x_wconf 89' lang='lat' dir='ltr'>et</span> <span class='ocrx_word' id='word_1_248' title='bbox 1428 436 1620 469; x_wconf 72' lang='lat' dir='ltr'>univerSitas</span> <span class='ocrx_word' id='word_1_249' title='bbox 1650 426 1986 468; x_wconf 64' lang='lat' dir='ltr'>barbitons01·um“⁰¹¹‘</span> 
     </span>
    </p>
   </div>
   <div class='ocr_carea' id='block_1_22' title="bbox 1182 488 1916 584">
    <p class='ocr_par' dir='ltr' id='par_1_23' title="bbox 1182 488 1916 584">
     <span class='ocr_line' id='line_1_59' title="bbox 1182 488 1915 531; baseline -0.001 -10"><span class='ocrx_word' id='word_1_250' title='bbox 1182 490 1284 521; x_wconf 87' lang='lat' dir='ltr'>almae</span> <span class='ocrx_word' id='word_1_251' title='bbox 1309 488 1403 521; x_wconf 90' lang='lat' dir='ltr'>Urbis</span> <span class='ocrx_word' id='word_1_252' title='bbox 1439 494 1579 529; x_wconf 86' lang='lat' dir='ltr'>nostrae,</span> <span class='ocrx_word' id='word_1_253' title='bbox 1614 489 1698 531; x_wconf 89' lang='lat' dir='ltr'>quod</span> <span class='ocrx_word' id='word_1_254' title='bbox 1724 489 1827 531; x_wconf 88' lang='lat' dir='ltr'>(cum,</span> <span class='ocrx_word' id='word_1_255' title='bbox 1851 498 1915 521; x_wconf 93' lang='lat' dir='ltr'>non</span> 
     </span>
     <span class='ocr_line' id='line_1_60' title="bbox 1182 541 1916 584; baseline -0.001 -10"><span class='ocrx_word' id='word_1_256' title='bbox 1182 541 1251 574; x_wconf 90' lang='lat' dir='ltr'>sine</span> <span class='ocrx_word' id='word_1_257' title='bbox 1270 541 1356 584; x_wconf 80' lang='lat' dir='ltr'>gravi</span> <span class='ocrx_word' id='word_1_258' title='bbox 1375 551 1487 574; x_wconf 88' lang='lat' dir='ltr'>eorum</span> <span class='ocrx_word' id='word_1_259' title='bbox 1505 542 1582 574; x_wconf 86' lang='lat' dir='ltr'>artis</span> <span class='ocrx_word' id='word_1_260' title='bbox 1597 542 1802 581; x_wconf 86' lang='lat' dir='ltr'>detrimento,</span> <span class='ocrx_word' id='word_1_261' title='bbox 1817 551 1916 584; x_wconf 86' lang='lat' dir='ltr'>saepe</span> 
     </span>
    </p>
   </div>
   <div class='ocr_carea' id='block_1_23' title="bbox 1161 594 1917 637">
    <p class='ocr_par' dir='ltr' id='par_1_24' title="bbox 1161 594 1917 637">
     <span class='ocr_line' id='line_1_61' title="bbox 1161 594 1917 637; baseline -0.003 -9"><span class='ocrx_word' id='word_1_262' title='bbox 1161 595 1349 637; x_wconf 52' lang='lat' dir='ltr'>scontingat</span> <span class='ocrx_word' id='word_1_263' title='bbox 1385 606 1402 627; x_wconf 87' lang='lat' dir='ltr'>a</span> <span class='ocrx_word' id='word_1_264' title='bbox 1426 595 1594 627; x_wconf 85' lang='lat' dir='ltr'>nonnullis</span> <span class='ocrx_word' id='word_1_265' title='bbox 1626 594 1917 632; x_wconf 87' lang='lat' dir='ltr'>barbitonsoribus,</span> 
     </span>
    </p>
   </div>
   <div class='ocr_carea' id='block_1_24' title="bbox 1183 647 1928 2547">
    <p class='ocr_par' dir='ltr' id='par_1_25' title="bbox 1183 647 1928 2495">
     <span class='ocr_line' id='line_1_62' title="bbox 1183 647 1920 690; baseline -0.001 -11"><span class='ocrx_word' id='word_1_266' title='bbox 1183 647 1243 679; x_wconf 91' lang='lat' dir='ltr'>sub</span> <span class='ocrx_word' id='word_1_267' title='bbox 1267 652 1436 690; x_wconf 73' lang='lat' dir='ltr'>praetextu</span> <span class='ocrx_word' id='word_1_268' title='bbox 1470 647 1557 690; x_wconf 89' lang='lat' dir='ltr'>quod</span> <span class='ocrx_word' id='word_1_269' title='bbox 1587 647 1704 679; x_wconf 87' lang='lat' dir='ltr'>dictam</span> <span class='ocrx_word' id='word_1_270' title='bbox 1736 652 1838 679; x_wconf 88' lang='lat' dir='ltr'>artem</span> <span class='ocrx_word' id='word_1_271' title='bbox 1869 657 1920 679; x_wconf 88' lang='lat' dir='ltr'>re-</span> 
     </span>
     <span class='ocr_line' id='line_1_63' title="bbox 1183 700 1920 743; baseline 0 -11"><span class='ocrx_word' id='word_1_272' title='bbox 1183 700 1341 743; x_wconf 81' lang='lat' dir='ltr'>linquere,</span> <span class='ocrx_word' id='word_1_273' title='bbox 1361 705 1393 733; x_wconf 89' lang='lat' dir='ltr'>et</span> <span class='ocrx_word' id='word_1_274' title='bbox 1417 700 1482 732; x_wconf 87' lang='lat' dir='ltr'>sive</span> <span class='ocrx_word' id='word_1_275' title='bbox 1507 700 1538 732; x_wconf 93' lang='lat' dir='ltr'>in</span> <span class='ocrx_word' id='word_1_276' title='bbox 1559 700 1697 743; x_wconf 87' lang='lat' dir='ltr'>patriam</span> <span class='ocrx_word' id='word_1_277' title='bbox 1716 700 1834 740; x_wconf 88' lang='lat' dir='ltr'>redire,</span> <span class='ocrx_word' id='word_1_278' title='bbox 1855 700 1920 732; x_wconf 88' lang='lat' dir='ltr'>sive</span> 
     </span>
     <span class='ocr_line' id='line_1_64' title="bbox 1184 753 1921 797; baseline -0.001 -11"><span class='ocrx_word' id='word_1_279' title='bbox 1184 753 1371 797; x_wconf 87' lang='lat' dir='ltr'>principum</span> <span class='ocrx_word' id='word_1_280' title='bbox 1396 754 1444 786; x_wconf 86' lang='lat' dir='ltr'>vel</span> <span class='ocrx_word' id='word_1_281' title='bbox 1470 753 1607 786; x_wconf 86' lang='lat' dir='ltr'>aliorum</span> <span class='ocrx_word' id='word_1_282' title='bbox 1632 753 1862 796; x_wconf 87' lang='lat' dir='ltr'>primariorum</span> <span class='ocrx_word' id='word_1_283' title='bbox 1877 753 1921 785; x_wconf 86' lang='lat' dir='ltr'>vi-</span> 
     </span>
     <span class='ocr_line' id='line_1_65' title="bbox 1184 806 1919 846; baseline 0 -8"><span class='ocrx_word' id='word_1_284' title='bbox 1184 816 1294 839; x_wconf 88' lang='lat' dir='ltr'>rorum</span> <span class='ocrx_word' id='word_1_285' title='bbox 1312 806 1451 839; x_wconf 88' lang='lat' dir='ltr'>servitiis</span> <span class='ocrx_word' id='word_1_286' title='bbox 1472 817 1541 839; x_wconf 87' lang='lat' dir='ltr'>sese</span> <span class='ocrx_word' id='word_1_287' title='bbox 1560 807 1709 839; x_wconf 86' lang='lat' dir='ltr'>addicere</span> <span class='ocrx_word' id='word_1_288' title='bbox 1723 806 1830 846; x_wconf 87' lang='lat' dir='ltr'>velint,</span> <span class='ocrx_word' id='word_1_289' title='bbox 1846 816 1919 838; x_wconf 89' lang='lat' dir='ltr'>suas</span> 
     </span>
     <span class='ocr_line' id='line_1_66' title="bbox 1186 859 1920 902; baseline 0 -10"><span class='ocrx_word' id='word_1_290' title='bbox 1186 859 1370 899; x_wconf 75' lang='lat' dir='ltr'>tonstrinas,</span> <span class='ocrx_word' id='word_1_291' title='bbox 1398 865 1494 902; x_wconf 88' lang='lat' dir='ltr'>prout</span> <span class='ocrx_word' id='word_1_292' title='bbox 1515 864 1564 892; x_wconf 88' lang='lat' dir='ltr'>est</span> <span class='ocrx_word' id='word_1_293' title='bbox 1581 860 1791 892; x_wconf 85' lang='lat' dir='ltr'>adventorum</span> <span class='ocrx_word' id='word_1_294' title='bbox 1810 859 1847 891; x_wconf 89' lang='lat' dir='ltr'>ad</span> <span class='ocrx_word' id='word_1_295' title='bbox 1867 870 1920 892; x_wconf 88' lang='lat' dir='ltr'>eas</span> 
     </span>
     <span class='ocr_line' id='line_1_67' title="bbox 1186 912 1920 956; baseline 0 -12"><span class='ocrx_word' id='word_1_296' title='bbox 1186 912 1337 955; x_wconf 86' lang='lat' dir='ltr'>frequens</span> <span class='ocrx_word' id='word_1_297' title='bbox 1352 923 1519 954; x_wconf 87' lang='lat' dir='ltr'>numerus,</span> <span class='ocrx_word' id='word_1_298' title='bbox 1539 912 1650 956; x_wconf 88' lang='lat' dir='ltr'>quanti</span> <span class='ocrx_word' id='word_1_299' title='bbox 1665 912 1796 956; x_wconf 86' lang='lat' dir='ltr'>plurimi</span> <span class='ocrx_word' id='word_1_300' title='bbox 1812 912 1920 953; x_wconf 86' lang='lat' dir='ltr'>vendi;</span> 
     </span>
     <span class='ocr_line' id='line_1_68' title="bbox 1186 965 1922 1008; baseline 0 -10"><span class='ocrx_word' id='word_1_301' title='bbox 1186 970 1298 1008; x_wconf 83' lang='lat' dir='ltr'>postea</span> <span class='ocrx_word' id='word_1_302' title='bbox 1322 965 1454 1005; x_wconf 89' lang='lat' dir='ltr'>vero,in</span> <span class='ocrx_word' id='word_1_303' title='bbox 1481 965 1626 998; x_wconf 81' lang='lat' dir='ltr'>fraudem</span> <span class='ocrx_word' id='word_1_304' title='bbox 1651 970 1847 1008; x_wconf 88' lang='lat' dir='ltr'>emptorum,</span> <span class='ocrx_word' id='word_1_305' title='bbox 1863 976 1922 998; x_wconf 90' lang='lat' dir='ltr'>no-</span> 
     </span>
     <span class='ocr_line' id='line_1_69' title="bbox 1186 1010 1920 1061; baseline 0 -12"><span class='ocrx_word' id='word_1_306' title='bbox 1186 1028 1238 1050; x_wconf 88' lang='lat' dir='ltr'>vas</span> <span class='ocrx_word' id='word_1_307' title='bbox 1264 1017 1412 1050; x_wconf 87' lang='lat' dir='ltr'>tabernas</span> <span class='ocrx_word' id='word_1_308' title='bbox 1438 1010 1610 1057; x_wconf 82' lang='lat' dir='ltr'>tonsorias,</span> <span class='ocrx_word' id='word_1_309' title='bbox 1635 1018 1811 1061; x_wconf 84' lang='lat' dir='ltr'>aliquando</span> <span class='ocrx_word' id='word_1_310' title='bbox 1845 1018 1920 1061; x_wconf 90' lang='lat' dir='ltr'>qui-</span> 
     </span>
     <span class='ocr_line' id='line_1_70' title="bbox 1188 1071 1922 1114; baseline 0.003 -12"><span class='ocrx_word' id='word_1_311' title='bbox 1188 1071 1259 1103; x_wconf 88' lang='lat' dir='ltr'>dem</span> <span class='ocrx_word' id='word_1_312' title='bbox 1284 1071 1341 1103; x_wconf 87' lang='lat' dir='ltr'>sub</span> <span class='ocrx_word' id='word_1_313' title='bbox 1367 1071 1475 1114; x_wconf 89' lang='lat' dir='ltr'>specie</span> <span class='ocrx_word' id='word_1_314' title='bbox 1500 1071 1619 1110; x_wconf 85' lang='lat' dir='ltr'>balnei,</span> <span class='ocrx_word' id='word_1_315' title='bbox 1646 1082 1702 1103; x_wconf 90' lang='lat' dir='ltr'>seu</span> <span class='ocrx_word' id='word_1_316' title='bbox 1728 1071 1842 1111; x_wconf 84' lang='lat' dir='ltr'>stusae,</span> <span class='ocrx_word' id='word_1_317' title='bbox 1870 1081 1922 1104; x_wconf 87' lang='lat' dir='ltr'>re-</span> 
     </span>
     <span class='ocr_line' id='line_1_71' title="bbox 1187 1124 1924 1167; baseline 0 -11"><span class='ocrx_word' id='word_1_318' title='bbox 1187 1134 1261 1156; x_wconf 87' lang='lat' dir='ltr'>vera</span> <span class='ocrx_word' id='word_1_319' title='bbox 1294 1130 1397 1156; x_wconf 85' lang='lat' dir='ltr'>tamen</span> <span class='ocrx_word' id='word_1_320' title='bbox 1422 1124 1550 1157; x_wconf 88' lang='lat' dir='ltr'>nonnisi</span> <span class='ocrx_word' id='word_1_321' title='bbox 1575 1125 1613 1157; x_wconf 87' lang='lat' dir='ltr'>ad</span> <span class='ocrx_word' id='word_1_322' title='bbox 1639 1134 1676 1156; x_wconf 87' lang='lat' dir='ltr'>ea</span> <span class='ocrx_word' id='word_1_323' title='bbox 1692 1151 1699 1164; x_wconf 94' lang='lat'>,</span> <span class='ocrx_word' id='word_1_324' title='bbox 1733 1134 1814 1167; x_wconf 88' lang='lat' dir='ltr'>quae</span> <span class='ocrx_word' id='word_1_325' title='bbox 1850 1125 1924 1156; x_wconf 88' lang='lat' dir='ltr'>bar-</span> 
     </span>
     <span class='ocr_line' id='line_1_72' title="bbox 1188 1176 1925 1220; baseline 0.003 -13"><span class='ocrx_word' id='word_1_326' title='bbox 1188 1176 1389 1209; x_wconf 87' lang='lat' dir='ltr'>bitonsorum</span> <span class='ocrx_word' id='word_1_327' title='bbox 1415 1182 1498 1216; x_wconf 87' lang='lat' dir='ltr'>sunt,</span> <span class='ocrx_word' id='word_1_328' title='bbox 1525 1177 1604 1209; x_wconf 90' lang='lat' dir='ltr'>inibi</span> <span class='ocrx_word' id='word_1_329' title='bbox 1630 1177 1820 1217; x_wconf 74' lang='lat' dir='ltr'>exercenda,</span> <span class='ocrx_word' id='word_1_330' title='bbox 1847 1187 1925 1220; x_wconf 85' lang='lat' dir='ltr'>ape-</span> 
     </span>
     <span class='ocr_line' id='line_1_73' title="bbox 1190 1228 1926 1272; baseline 0.001 -12"><span class='ocrx_word' id='word_1_331' title='bbox 1190 1228 1258 1269; x_wconf 89' lang='lat' dir='ltr'>riri,</span> <span class='ocrx_word' id='word_1_332' title='bbox 1287 1234 1382 1272; x_wconf 88' lang='lat' dir='ltr'>atqne</span> <span class='ocrx_word' id='word_1_333' title='bbox 1408 1229 1485 1262; x_wconf 88' lang='lat' dir='ltr'>illuc</span> <span class='ocrx_word' id='word_1_334' title='bbox 1511 1230 1738 1262; x_wconf 83' lang='lat' dir='ltr'>tonstrinarum</span> <span class='ocrx_word' id='word_1_335' title='bbox 1764 1240 1780 1262; x_wconf 89' lang='lat' dir='ltr'>a</span> <span class='ocrx_word' id='word_1_336' title='bbox 1798 1240 1831 1262; x_wconf 86' lang='lat' dir='ltr'>se</span> <span class='ocrx_word' id='word_1_337' title='bbox 1851 1240 1926 1262; x_wconf 90' lang='lat' dir='ltr'>ven-</span> 
     </span>
     <span class='ocr_line' id='line_1_74' title="bbox 1190 1281 1926 1326; baseline 0.003 -13"><span class='ocrx_word' id='word_1_338' title='bbox 1190 1281 1330 1314; x_wconf 84' lang='lat' dir='ltr'>ditarum</span> <span class='ocrx_word' id='word_1_339' title='bbox 1370 1282 1562 1315; x_wconf 84' lang='lat' dir='ltr'>adventores</span> <span class='ocrx_word' id='word_1_340' title='bbox 1601 1282 1737 1326; x_wconf 87' lang='lat' dir='ltr'>abduci)</span> <span class='ocrx_word' id='word_1_341' title='bbox 1778 1283 1926 1315; x_wconf 84' lang='lat' dir='ltr'>consules</span> 
     </span>
     <span class='ocr_line' id='line_1_75' title="bbox 1190 1335 1925 1379; baseline 0.001 -12"><span class='ocrx_word' id='word_1_342' title='bbox 1190 1335 1358 1378; x_wconf 80' lang='lat' dir='ltr'>praedicti,</span> <span class='ocrx_word' id='word_1_343' title='bbox 1396 1336 1582 1378; x_wconf 85' lang='lat' dir='ltr'>praemissis</span> <span class='ocrx_word' id='word_1_344' title='bbox 1607 1336 1832 1375; x_wconf 83' lang='lat' dir='ltr'>consideratis,</span> <span class='ocrx_word' id='word_1_345' title='bbox 1860 1346 1925 1379; x_wconf 89' lang='lat' dir='ltr'>quo</span> 
     </span>
     <span class='ocr_line' id='line_1_76' title="bbox 1191 1388 1927 1432; baseline 0.001 -12"><span class='ocrx_word' id='word_1_346' title='bbox 1191 1388 1241 1420; x_wconf 84' lang='lat' dir='ltr'>via</span> <span class='ocrx_word' id='word_1_347' title='bbox 1267 1388 1350 1421; x_wconf 87' lang='lat' dir='ltr'>dolis</span> <span class='ocrx_word' id='word_1_348' title='bbox 1376 1394 1404 1421; x_wconf 80' lang='lat' dir='ltr'>et</span> <span class='ocrx_word' id='word_1_349' title='bbox 1424 1389 1589 1421; x_wconf 84' lang='lat' dir='ltr'>fraudibus</span> <span class='ocrx_word' id='word_1_350' title='bbox 1611 1389 1795 1421; x_wconf 82' lang='lat' dir='ltr'>huiusmodi</span> <span class='ocrx_word' id='word_1_351' title='bbox 1817 1388 1847 1421; x_wconf 92' lang='lat' dir='ltr'>in</span> <span class='ocrx_word' id='word_1_352' title='bbox 1869 1400 1927 1432; x_wconf 89' lang='lat' dir='ltr'>po-</span> 
     </span>
     <span class='ocr_line' id='line_1_77' title="bbox 1191 1442 1925 1484; baseline 0 -11"><span class='ocrx_word' id='word_1_353' title='bbox 1191 1447 1313 1473; x_wconf 84' lang='lat' dir='ltr'>sterum</span> <span class='ocrx_word' id='word_1_354' title='bbox 1337 1442 1534 1481; x_wconf 81' lang='lat' dir='ltr'>obstruatur,</span> <span class='ocrx_word' id='word_1_355' title='bbox 1556 1442 1666 1484; x_wconf 67' lang='lat' dir='ltr'>vigore</span> <span class='ocrx_word' id='word_1_356' title='bbox 1684 1442 1843 1476; x_wconf 78' lang='lat' dir='ltr'>facultatis</span> <span class='ocrx_word' id='word_1_357' title='bbox 1865 1442 1925 1474; x_wconf 81' lang='lat' dir='ltr'>sibi</span> 
     </span>
     <span class='ocr_line' id='line_1_78' title="bbox 1192 1494 1927 1537; baseline 0.001 -12"><span class='ocrx_word' id='word_1_358' title='bbox 1192 1494 1231 1526; x_wconf 85' lang='lat' dir='ltr'>ad</span> <span class='ocrx_word' id='word_1_359' title='bbox 1255 1494 1286 1525; x_wconf 91' lang='lat' dir='ltr'>id</span> <span class='ocrx_word' id='word_1_360' title='bbox 1312 1504 1372 1536; x_wconf 86' lang='lat' dir='ltr'>per</span> <span class='ocrx_word' id='word_1_361' title='bbox 1396 1494 1538 1537; x_wconf 81' lang='lat' dir='ltr'>speciale</span> <span class='ocrx_word' id='word_1_362' title='bbox 1565 1495 1755 1537; x_wconf 80' lang='lat' dir='ltr'>rescriptum</span> <span class='ocrx_word' id='word_1_363' title='bbox 1783 1501 1927 1527; x_wconf 85' lang='lat' dir='ltr'>nostrum</span> 
     </span>
     <span class='ocr_line' id='line_1_79' title="bbox 1192 1547 1927 1586; baseline 0.003 -8"><span class='ocrx_word' id='word_1_364' title='bbox 1192 1547 1377 1586; x_wconf 79' lang='lat' dir='ltr'>attributae,</span> <span class='ocrx_word' id='word_1_365' title='bbox 1398 1550 1460 1579; x_wconf 76' lang='lat' dir='ltr'>una</span> <span class='ocrx_word' id='word_1_366' title='bbox 1479 1558 1548 1579; x_wconf 88' lang='lat' dir='ltr'>cum</span> <span class='ocrx_word' id='word_1_367' title='bbox 1570 1548 1736 1580; x_wconf 83' lang='lat' dir='ltr'>nonnullis</span> <span class='ocrx_word' id='word_1_368' title='bbox 1754 1548 1825 1580; x_wconf 84' lang='lat' dir='ltr'>aliis</span> <span class='ocrx_word' id='word_1_369' title='bbox 1846 1548 1927 1580; x_wconf 86' lang='lat' dir='ltr'>eius-</span> 
     </span>
     <span class='ocr_line' id='line_1_80' title="bbox 1193 1599 1926 1640; baseline 0.001 -9"><span class='ocrx_word' id='word_1_370' title='bbox 1193 1600 1265 1631; x_wconf 89' lang='lat' dir='ltr'>dem</span> <span class='ocrx_word' id='word_1_371' title='bbox 1290 1599 1508 1631; x_wconf 82' lang='lat' dir='ltr'>universitatis</span> <span class='ocrx_word' id='word_1_372' title='bbox 1535 1600 1735 1640; x_wconf 82' lang='lat' dir='ltr'>officialibus,</span> <span class='ocrx_word' id='word_1_373' title='bbox 1752 1600 1926 1633; x_wconf 81' lang='lat' dir='ltr'>novissime</span> 
     </span>
     <span class='ocr_line' id='line_1_81' title="bbox 1192 1652 1926 1692; baseline 0.003 -9"><span class='ocrx_word' id='word_1_374' title='bbox 1192 1657 1386 1692; x_wconf 85' lang='lat' dir='ltr'>statuerunt,</span> <span class='ocrx_word' id='word_1_375' title='bbox 1414 1652 1479 1685; x_wconf 83' lang='lat' dir='ltr'>sive</span> <span class='ocrx_word' id='word_1_376' title='bbox 1505 1652 1732 1692; x_wconf 83' lang='lat' dir='ltr'>decreverunt,</span> <span class='ocrx_word' id='word_1_377' title='bbox 1762 1659 1796 1685; x_wconf 88' lang='lat' dir='ltr'>ut</span> <span class='ocrx_word' id='word_1_378' title='bbox 1821 1653 1859 1685; x_wconf 89' lang='lat' dir='ltr'>de</span> <span class='ocrx_word' id='word_1_379' title='bbox 1879 1664 1926 1685; x_wconf 86' lang='lat' dir='ltr'>cc·</span> 
     </span>
     <span class='ocr_line' id='line_1_82' title="bbox 1193 1705 1926 1739; baseline 0.003 -3"><span class='ocrx_word' id='word_1_380' title='bbox 1193 1710 1261 1737; x_wconf 88' lang='lat' dir='ltr'>tero</span> <span class='ocrx_word' id='word_1_381' title='bbox 1287 1715 1415 1737; x_wconf 88' lang='lat' dir='ltr'>suarum</span> <span class='ocrx_word' id='word_1_382' title='bbox 1444 1705 1677 1738; x_wconf 70' lang='lat' dir='ltr'>tonstrinarum</span> <span class='ocrx_word' id='word_1_383' title='bbox 1702 1706 1926 1739; x_wconf 76' lang='lat' dir='ltr'>venditoribus</span> 
     </span>
     <span class='ocr_line' id='line_1_83' title="bbox 1191 1759 1927 1802; baseline 0.003 -12"><span class='ocrx_word' id='word_1_384' title='bbox 1191 1768 1290 1790; x_wconf 88' lang='lat' dir='ltr'>novas</span> <span class='ocrx_word' id='word_1_385' title='bbox 1313 1759 1461 1791; x_wconf 80' lang='lat' dir='ltr'>tabernas</span> <span class='ocrx_word' id='word_1_386' title='bbox 1483 1759 1649 1799; x_wconf 83' lang='lat' dir='ltr'>tonsorias,</span> <span class='ocrx_word' id='word_1_387' title='bbox 1669 1760 1764 1792; x_wconf 86' lang='lat' dir='ltr'>etiam</span> <span class='ocrx_word' id='word_1_388' title='bbox 1783 1760 1840 1792; x_wconf 83' lang='lat' dir='ltr'>sub</span> <span class='ocrx_word' id='word_1_389' title='bbox 1859 1770 1927 1802; x_wconf 86' lang='lat' dir='ltr'>spe-</span> 
     </span>
     <span class='ocr_line' id='line_1_84' title="bbox 1192 1811 1927 1855; baseline 0.003 -12"><span class='ocrx_word' id='word_1_390' title='bbox 1192 1811 1239 1843; x_wconf 90' lang='lat' dir='ltr'>cie</span> <span class='ocrx_word' id='word_1_391' title='bbox 1265 1811 1371 1844; x_wconf 80' lang='lat' dir='ltr'>balnei</span> <span class='ocrx_word' id='word_1_392' title='bbox 1391 1823 1446 1844; x_wconf 88' lang='lat' dir='ltr'>seu</span> <span class='ocrx_word' id='word_1_393' title='bbox 1466 1812 1576 1851; x_wconf 74' lang='lat' dir='ltr'>stul&#39;ae,</span> <span class='ocrx_word' id='word_1_394' title='bbox 1600 1812 1729 1845; x_wconf 85' lang='lat' dir='ltr'>nonnisi</span> <span class='ocrx_word' id='word_1_395' title='bbox 1749 1817 1823 1855; x_wconf 89' lang='lat' dir='ltr'>post</span> <span class='ocrx_word' id='word_1_396' title='bbox 1847 1813 1927 1846; x_wconf 79' lang='lat' dir='ltr'>duos</span> 
     </span>
     <span class='ocr_line' id='line_1_85' title="bbox 1193 1865 1928 1908; baseline 0.003 -12"><span class='ocrx_word' id='word_1_397' title='bbox 1193 1874 1294 1897; x_wconf 87' lang='lat' dir='ltr'>annos</span> <span class='ocrx_word' id='word_1_398' title='bbox 1320 1875 1336 1897; x_wconf 83' lang='lat' dir='ltr'>a</span> <span class='ocrx_word' id='word_1_399' title='bbox 1362 1865 1421 1904; x_wconf 86' lang='lat' dir='ltr'>dic,</span> <span class='ocrx_word' id='word_1_400' title='bbox 1449 1876 1511 1908; x_wconf 89' lang='lat' dir='ltr'>quo</span> <span class='ocrx_word' id='word_1_401' title='bbox 1537 1876 1610 1898; x_wconf 82' lang='lat' dir='ltr'>suas</span> <span class='ocrx_word' id='word_1_402' title='bbox 1639 1865 1810 1898; x_wconf 82' lang='lat' dir='ltr'>tonstrinas</span> <span class='ocrx_word' id='word_1_403' title='bbox 1835 1876 1928 1908; x_wconf 84' lang='lat' dir='ltr'>prae-</span> 
     </span>
     <span class='ocr_line' id='line_1_86' title="bbox 1193 1918 1925 1962; baseline 0.001 -12"><span class='ocrx_word' id='word_1_404' title='bbox 1193 1919 1291 1951; x_wconf 85' lang='lat' dir='ltr'>dictas</span> <span class='ocrx_word' id='word_1_405' title='bbox 1314 1919 1533 1959; x_wconf 85' lang='lat' dir='ltr'>vendiderint,</span> <span class='ocrx_word' id='word_1_406' title='bbox 1560 1918 1685 1962; x_wconf 83' lang='lat' dir='ltr'>aperire</span> <span class='ocrx_word' id='word_1_407' title='bbox 1703 1919 1805 1958; x_wconf 89' lang='lat' dir='ltr'>liceat,</span> <span class='ocrx_word' id='word_1_408' title='bbox 1833 1919 1875 1951; x_wconf 90' lang='lat' dir='ltr'>ita</span> <span class='ocrx_word' id='word_1_409' title='bbox 1894 1926 1925 1951; x_wconf 89' lang='lat' dir='ltr'>ut</span> 
     </span>
     <span class='ocr_line' id='line_1_87' title="bbox 1193 1972 1926 2015; baseline 0.003 -12"><span class='ocrx_word' id='word_1_410' title='bbox 1193 1982 1252 2015; x_wconf 86' lang='lat' dir='ltr'>pro</span> <span class='ocrx_word' id='word_1_411' title='bbox 1279 1977 1422 2015; x_wconf 85' lang='lat' dir='ltr'>tempore</span> <span class='ocrx_word' id='word_1_412' title='bbox 1450 1972 1627 2005; x_wconf 75' lang='lat' dir='ltr'>existentes</span> <span class='ocrx_word' id='word_1_413' title='bbox 1652 1973 1801 2005; x_wconf 86' lang='lat' dir='ltr'>consules</span> <span class='ocrx_word' id='word_1_414' title='bbox 1823 1973 1926 2005; x_wconf 90' lang='lat' dir='ltr'>dictae</span> 
     </span>
     <span class='ocr_line' id='line_1_88' title="bbox 1193 2025 1928 2069; baseline 0.001 -12"><span class='ocrx_word' id='word_1_415' title='bbox 1193 2025 1409 2059; x_wconf 86' lang='lat' dir='ltr'>universitatis</span> <span class='ocrx_word' id='word_1_416' title='bbox 1436 2026 1583 2058; x_wconf 80' lang='lat' dir='ltr'>tabernas</span> <span class='ocrx_word' id='word_1_417' title='bbox 1605 2026 1688 2066; x_wconf 84' lang='lat' dir='ltr'>illas,</span> <span class='ocrx_word' id='word_1_418' title='bbox 1709 2036 1789 2069; x_wconf 88' lang='lat' dir='ltr'>quae</span> <span class='ocrx_word' id='word_1_419' title='bbox 1814 2031 1928 2059; x_wconf 84' lang='lat' dir='ltr'>contra</span> 
     </span>
     <span class='ocr_line' id='line_1_89' title="bbox 1193 2078 1926 2121; baseline -0.001 -10"><span class='ocrx_word' id='word_1_420' title='bbox 1193 2079 1301 2111; x_wconf 83' lang='lat' dir='ltr'>statuti</span> <span class='ocrx_word' id='word_1_421' title='bbox 1337 2089 1392 2111; x_wconf 88' lang='lat' dir='ltr'>seu</span> <span class='ocrx_word' id='word_1_422' title='bbox 1433 2079 1554 2111; x_wconf 83' lang='lat' dir='ltr'>decreti</span> <span class='ocrx_word' id='word_1_423' title='bbox 1591 2078 1748 2121; x_wconf 87' lang='lat' dir='ltr'>praedicti</span> <span class='ocrx_word' id='word_1_424' title='bbox 1790 2079 1926 2111; x_wconf 86' lang='lat' dir='ltr'>sormam</span> 
     </span>
     <span class='ocr_line' id='line_1_90' title="bbox 1193 2131 1925 2175; baseline -0.001 -11"><span class='ocrx_word' id='word_1_425' title='bbox 1193 2137 1324 2175; x_wconf 87' lang='lat' dir='ltr'>apertae</span> <span class='ocrx_word' id='word_1_426' title='bbox 1362 2131 1490 2170; x_wconf 80' lang='lat' dir='ltr'>suerint,</span> <span class='ocrx_word' id='word_1_427' title='bbox 1516 2131 1620 2164; x_wconf 88' lang='lat' dir='ltr'>claudi</span> <span class='ocrx_word' id='word_1_428' title='bbox 1647 2132 1751 2164; x_wconf 81' lang='lat' dir='ltr'>facere</span> <span class='ocrx_word' id='word_1_429' title='bbox 1783 2132 1925 2172; x_wconf 81' lang='lat' dir='ltr'>valeant;</span> 
     </span>
     <span class='ocr_line' id='line_1_91' title="bbox 1192 2184 1926 2228; baseline -0.003 -10"><span class='ocrx_word' id='word_1_430' title='bbox 1192 2185 1270 2228; x_wconf 85' lang='lat' dir='ltr'>ipsis</span> <span class='ocrx_word' id='word_1_431' title='bbox 1288 2189 1394 2217; x_wconf 87' lang='lat' dir='ltr'>tamen</span> <span class='ocrx_word' id='word_1_432' title='bbox 1413 2195 1541 2216; x_wconf 84' lang='lat' dir='ltr'>suarum</span> <span class='ocrx_word' id='word_1_433' title='bbox 1565 2184 1795 2217; x_wconf 87' lang='lat' dir='ltr'>tonstrinarum</span> <span class='ocrx_word' id='word_1_434' title='bbox 1814 2184 1926 2216; x_wconf 86' lang='lat' dir='ltr'>huius-</span> 
     </span>
     <span class='ocr_line' id='line_1_92' title="bbox 1194 2237 1926 2271; baseline -0.003 0"><span class='ocrx_word' id='word_1_435' title='bbox 1194 2238 1279 2271; x_wconf 90' lang='lat' dir='ltr'>modi</span> <span class='ocrx_word' id='word_1_436' title='bbox 1305 2237 1528 2271; x_wconf 76' lang='lat' dir='ltr'>venditoribus</span> <span class='ocrx_word' id='word_1_437' title='bbox 1561 2248 1658 2270; x_wconf 88' lang='lat' dir='ltr'>unam</span> <span class='ocrx_word' id='word_1_438' title='bbox 1694 2248 1731 2270; x_wconf 78' lang='lat' dir='ltr'>ex</span> <span class='ocrx_word' id='word_1_439' title='bbox 1766 2237 1926 2270; x_wconf 87' lang='lat' dir='ltr'>tarbernis</span> 
     </span>
     <span class='ocr_line' id='line_1_93' title="bbox 1194 2290 1927 2334; baseline -0.004 -9"><span class='ocrx_word' id='word_1_440' title='bbox 1194 2291 1346 2325; x_wconf 89' lang='lat' dir='ltr'>tonsoriis</span> <span class='ocrx_word' id='word_1_441' title='bbox 1373 2290 1523 2334; x_wconf 81' lang='lat' dir='ltr'>antiquis,</span> <span class='ocrx_word' id='word_1_442' title='bbox 1543 2301 1624 2334; x_wconf 87' lang='lat' dir='ltr'>quae</span> <span class='ocrx_word' id='word_1_443' title='bbox 1643 2301 1659 2322; x_wconf 90' lang='lat' dir='ltr'>a</span> <span class='ocrx_word' id='word_1_444' title='bbox 1678 2290 1838 2323; x_wconf 80' lang='lat' dir='ltr'>tonstrina</span> <span class='ocrx_word' id='word_1_445' title='bbox 1855 2301 1927 2323; x_wconf 90' lang='lat' dir='ltr'>ven-</span> 
     </span>
     <span class='ocr_line' id='line_1_94' title="bbox 1195 2345 1926 2378; baseline -0.001 -1"><span class='ocrx_word' id='word_1_446' title='bbox 1195 2346 1260 2378; x_wconf 77' lang='lat' dir='ltr'>dita</span> <span class='ocrx_word' id='word_1_447' title='bbox 1284 2345 1454 2377; x_wconf 84' lang='lat' dir='ltr'>intervallo</span> <span class='ocrx_word' id='word_1_448' title='bbox 1476 2345 1686 2377; x_wconf 83' lang='lat' dir='ltr'>ducentarum</span> <span class='ocrx_word' id='word_1_449' title='bbox 1714 2345 1827 2377; x_wconf 84' lang='lat' dir='ltr'>saltem</span> <span class='ocrx_word' id='word_1_450' title='bbox 1851 2354 1926 2376; x_wconf 88' lang='lat' dir='ltr'>can-</span> 
     </span>
     <span class='ocr_line' id='line_1_95' title="bbox 1196 2398 1926 2436; baseline -0.003 -5"><span class='ocrx_word' id='word_1_451' title='bbox 1196 2410 1306 2432; x_wconf 89' lang='lat' dir='ltr'>narum</span> <span class='ocrx_word' id='word_1_452' title='bbox 1329 2409 1498 2431; x_wconf 85' lang='lat' dir='ltr'>mensurae</span> <span class='ocrx_word' id='word_1_453' title='bbox 1516 2408 1667 2430; x_wconf 87' lang='lat' dir='ltr'>romanae</span> <span class='ocrx_word' id='word_1_454' title='bbox 1687 2398 1793 2436; x_wconf 83' lang='lat' dir='ltr'>distet,</span> <span class='ocrx_word' id='word_1_455' title='bbox 1814 2407 1926 2430; x_wconf 80' lang='lat' dir='ltr'>cinere</span> 
     </span>
     <span class='ocr_line' id='line_1_96' title="bbox 1194 2451 1791 2495; baseline -0.003 -11"><span class='ocrx_word' id='word_1_456' title='bbox 1194 2453 1326 2485; x_wconf 89' lang='lat' dir='ltr'>minime</span> <span class='ocrx_word' id='word_1_457' title='bbox 1352 2451 1553 2495; x_wconf 77' lang='lat' dir='ltr'>prohibitum</span> <span class='ocrx_word' id='word_1_458' title='bbox 1579 2451 1791 2492; x_wconf 74' lang='lat' dir='ltr'>intelligatur.</span> 
     </span>
    </p>

    <p class='ocr_par' dir='ltr' id='par_1_26' title="bbox 1239 2504 1927 2547">
     <span class='ocr_line' id='line_1_97' title="bbox 1239 2504 1927 2547; baseline -0.004 -9"><span class='ocrx_word' id='word_1_459' title='bbox 1239 2507 1252 2547; x_wconf 64' lang='grc' dir='ltr'><strong>ἓ</strong></span> <span class='ocrx_word' id='word_1_460' title='bbox 1277 2506 1308 2538; x_wconf 65' lang='lat'>⁹2.</span> <span class='ocrx_word' id='word_1_461' title='bbox 1335 2506 1410 2537; x_wconf 58' lang='lat' dir='ltr'>tium</span> <span class='ocrx_word' id='word_1_462' title='bbox 1437 2512 1553 2545; x_wconf 86' lang='lat' dir='ltr'>autem,</span> <span class='ocrx_word' id='word_1_463' title='bbox 1581 2504 1659 2536; x_wconf 86' lang='lat' dir='ltr'>sieut</span> <span class='ocrx_word' id='word_1_464' title='bbox 1686 2505 1797 2536; x_wconf 83' lang='lat' dir='ltr'>eadem</span> <span class='ocrx_word' id='word_1_465' title='bbox 1832 2514 1927 2547; x_wconf 81' lang='lat' dir='ltr'>expo-</span> 
     </span>
    </p>
   </div>
   <div class='ocr_carea' id='block_1_25' title="bbox 1196 2573 1926 2647">
    <p class='ocr_par' dir='ltr' id='par_1_27' title="bbox 1196 2573 1926 2647">
     <span class='ocr_line' id='line_1_98' title="bbox 1196 2573 1926 2609; baseline -0.003 -7"><span class='ocrx_word' id='word_1_466' title='bbox 1196 2576 1265 2607; x_wconf 77' lang='lat' dir='ltr'>maii,</span> <span class='ocrx_word' id='word_1_467' title='bbox 1280 2576 1372 2609; x_wconf 61' lang='lat' dir='ltr'>pinnis.</span> <span class='ocrx_word' id='word_1_468' title='bbox 1396 2582 1438 2607; x_wconf 65' lang='lat' dir='ltr'>xii,</span> <span class='ocrx_word' id='word_1_469' title='bbox 1455 2575 1647 2602; x_wconf 77' lang='lat' dir='ltr'>confirmantur</span> <span class='ocrx_word' id='word_1_470' title='bbox 1661 2577 1759 2600; x_wconf 86' lang='lat' dir='ltr'>statuta</span> <span class='ocrx_word' id='word_1_471' title='bbox 1776 2573 1854 2600; x_wconf 88' lang='lat' dir='ltr'>buius</span> <span class='ocrx_word' id='word_1_472' title='bbox 1869 2574 1926 2600; x_wconf 90' lang='lat' dir='ltr'>uni-</span> 
     </span>
     <span class='ocr_line' id='line_1_99' title="bbox 1197 2620 1338 2647; baseline 0.007 -2"><span class='ocrx_word' id='word_1_473' title='bbox 1197 2620 1338 2647; x_wconf 72' lang='lat' dir='ltr'>tersitatis.</span> 
     </span>
    </p>
   </div>
   <div class='ocr_carea' id='block_1_26' title="bbox 1984 2507 2119 2528">
    <p class='ocr_par' dir='ltr' id='par_1_28' title="bbox 1984 2507 2119 2528">
     <span class='ocr_line' id='line_1_100' title="bbox 1984 2507 2119 2528; baseline 0 -1"><span class='ocrx_word' id='word_1_474' title='bbox 1984 2507 2119 2528; x_wconf 63' lang='lat' dir='ltr'>‹zanni-matio</span> 
     </span>
    </p>
   </div>
   <div class='ocr_carea' id='block_1_27' title="bbox 1937 2535 2101 2556">
    <p class='ocr_par' dir='ltr' id='par_1_29' title="bbox 1937 2535 2101 2556">
     <span class='ocr_line' id='line_1_101' title="bbox 1937 2535 2101 2556; baseline -0.006 -1"><span class='ocrx_word' id='word_1_475' title='bbox 1937 2542 1945 2555; x_wconf 84' lang='lat' dir='ltr'>r</span> <span class='ocrx_word' id='word_1_476' title='bbox 1962 2536 1997 2555; x_wconf 70' lang='lat' dir='ltr'>tui</span> <span class='ocrx_word' id='word_1_477' title='bbox 2013 2535 2101 2556; x_wconf 77' lang='lat' dir='ltr'>decreti.</span> 
     </span>
    </p>
   </div>
   <div class='ocr_carea' id='block_1_28' title="bbox 2216 0 2254 1025">
    <p class='ocr_par' dir='ltr' id='par_1_30' title="bbox 2216 0 2254 1025">
     <span class='ocr_line' id='line_1_102' title="bbox 2216 0 2254 1025; baseline 0 0"><span class='ocrx_word' id='word_1_478' title='bbox 2216 0 2254 1025; x_wconf 95' lang='lat' dir='ltr'> </span> 
     </span>
    </p>
   </div>
  </div>
 </body>
</html>
