2227 3225
130 223 178 249 An.
195 221 225 249 C.
249 218 309 248 tem

170 915 232 935 Fittn
257 917 312 936 trau-

129 946 265 967 οιιιιψιςιῐιιω.

908 219 1117 244 lNNOCENTII'S
1141 220 1158 243 X
1165 220 1185 243 ll
1210 220 1257 243 FP.

325 275 388 309 tes,
412 269 534 303 mentio
552 278 609 302 seu
641 267 773 312 quaevis
805 268 868 302 alia
892 267 1059 311 expressio

323 323 473 357 habenda
497 327 551 355 aut
570 323 678 366 aliqua
698 322 760 356 alia
778 322 936 366 exquisita
961 323 1060 356 toi-ma

322 375 362 408 ad
387 375 450 409 hoc
473 375 631 408 servanda
656 375 761 415 soret,
790 380 920 409 tenores
949 375 1061 408 huius-

321 426 422 467 modi,
447 438 483 461 ac
506 427 532 461 si
558 428 597 462 de
621 428 720 462 verbo
745 428 785 462 ad
809 428 952 468 verbum,
977 428 1060 462 nihil

321 480 454 524 penitus
480 481 612 521 omisso,
633 486 663 515 et
684 481 787 524 forma
807 481 839 514 in
863 481 928 515 illis
945 481 1061 515 tradita

322 532 504 574 observata,
525 533 785 577 exprimerentur
807 534 857 568 vel
880 534 1063 567 insermen-

324 590 396 626 tur,
429 586 545 621 iisdem
569 587 800 630 praesentibus
823 596 882 631 pro
906 588 1004 630 plene
1030 593 1059 619 et

323 639 525 673 sufficienter
549 641 709 684 expressis
729 644 761 673 et
781 640 913 674 insertis
938 640 1062 674 liaben-

323 697 381 733 tes,
396 692 436 726 ad
462 692 611 726 enectum
637 693 870 736 praesentium,
895 693 958 726 illis
982 694 1061 726 alias

322 746 356 779 i'n
373 756 431 781 suo
455 746 574 780 robore
597 746 826 790 permansuris,
844 747 957 779 harum
976 747 1060 779 serie

324 798 531 842 derogamus;
550 799 732 843 ceterisque
750 799 920 834 contrariis
934 799 1062 843 quihus-

323 861 474 895 cumque.

366 904 381 947 ἓ
411 904 444 938 6.
474 904 629 940 Volumus
661 909 769 944 autem
803 909 839 937 ut
872 905 1060 938 earumdem

322 957 543 1001 praesentium
560 958 739 991 litterarum
766 958 988 1001 transumptis,
1005 969 1061 991 seu

323 1011 487 1054 exemplis
506 1010 602 1045 etiam
621 1010 797 1054 impressis,
812 1022 909 1045 manu
924 1011 1060 1045 alicuius
1080 1022 1081 1040 t

1102 268 1224 300 xander
1254 267 1340 310 Papa
1369 267 1433 301 vllt
1464 269 1696 311 praedecessor
1724 275 1838 304 noster

1102 330 1160 363 per
1177 321 1336 363 quasdam
1361 331 1433 354 suas
1457 321 1490 354 in
1515 322 1611 355 simili
1637 323 1738 356 forma
1762 323 1838 357 Bre-

1102 373 1147 405 vis
1163 373 1288 406 litteras
1306 373 1358 407 die
1380 383 1433 408 xxt
1450 373 1588 407 ianuarii
1612 381 1718 408 nncxc
1744 385 1840 419 expe-

1103 426 1184 460 ditas
1208 427 1404 468 indulserit,
1432 432 1469 460 ut
1492 427 1532 461 de
1557 433 1667 461 cetero
1692 429 1839 462 senarius

1103 480 1206 514 dietae
1242 479 1429 524 provinciae
1463 480 1694 523 magistrorum
1726 491 1841 514 nume-

1102 543 1156 565 rus
1181 533 1220 568 ad
1239 532 1488 574 duodenarium,
1506 533 1565 567 sub
1582 534 1678 567 certis
1694 535 1791 575 modo
1808 539 1841 567 et

1103 586 1205 621 forma
1222 591 1298 619 tunc
1314 587 1489 631 expressis,
1509 592 1696 629 augeretur,
1716 587 1841 631 capitu-

1102 640 1167 672 lum
1194 640 1391 683 provinciale
1416 640 1603 684 provinciae
1624 640 1840 684 supradictae,

1102 692 1290 733 novissime,
1315 692 1468 730 videlicet
1491 698 1576 726 anno
1601 702 1731 734 nincxct,
1747 693 1841 728 habi-

1103 750 1182 785 tum,
1210 746 1325 779 maiori
1357 746 1459 789 ipsius
1484 746 1672 790 provinciae
1697 746 1785 780 bono
1810 751 1842 779 et

1102 799 1210 834 decori
1234 799 1329 833 unice
1354 799 1524 839 intentum,
1544 810 1581 834 ac
1604 805 1639 833 ut
1664 800 1841 834 incommo-

1103 852 1160 892 dis,
1187 862 1268 896 quae
1294 853 1410 886 exinde
1437 853 1513 886 alias
1538 854 1571 887 in
1597 854 1841 897 tranquillitatis

1102 905 1244 939 eiusdem
1263 906 1449 950 provinciae
1463 907 1741 950 perturbationem
1762 907 1841 940 oriri

1102 959 1293 1002 potuissent,
1319 965 1524 999 occurreret,
1554 960 1759 994 conditiones
1784 970 1840 993 seu

1101 1012 1189 1055 leges
1220 1013 1376 1056 quasdam
1408 1012 1440 1045 in
1472 1013 1699 1055 magistrorum
1731 1013 1842 1046 huius-

1730 211 1795 247 405
1840 222 1890 250 An.
1911 223 1939 250 c.
1959 224 2024 250 tona

322 1064 438 1098 notarii
456 1064 580 1107 publici
601 1064 805 1107 subscriptis,
819 1064 971 1108 etsigillo
989 1047 1081 1109 prs-i
1102 1065 1190 1099 modi
1222 1065 1426 1098 institutione
1462 1066 1637 1099 servandas
1669 1067 1841 1110 proposuit

322 1126 422 1150 sonae
439 1117 472 1149 in
487 1117 710 1151 ecelesiastica
728 1117 884 1159 dignitate
905 1118 1061 1151 eonstitu-
1079 1114 1081 1147 ἒ
1102 1127 1161 1161 per
1177 1129 1269 1151 snum
1289 1118 1454 1151 decretum
1483 1119 1627 1162 desuper
1654 1124 1840 1153 emanatum

322 1175 373 1203 tae
391 1170 537 1209 munitis,
559 1170 673 1203 eadem
689 1180 825 1213 prorsus
845 1171 924 1205 sides
947 1177 1008 1205 tam
1027 1172 1059 1204 in
1079 1165 1081 1213 Ξ
1103 1171 1224 1209 tenoris
1251 1171 1306 1215 qui
1332 1172 1491 1215 sequitur,
1511 1172 1684 1206 videlicet:

321 1222 444 1257 iudicio
460 1232 554 1266 quam
569 1228 659 1255 extra
676 1223 756 1257 illud
774 1224 895 1267 ubique
912 1225 1058 1257 locorum
1078 1223 1082 1262 1
1151 1236 1163 1255 <t
1194 1223 1270 1256 Cum
1303 1224 1406 1257 felicis
1435 1224 1672 1258 recordationis
1706 1226 1842 1259 sanctis·
1878 1237 2032 1268 oet-reinmu-

322 1275 493 1314 habeatur,
512 1285 593 1319 quae
612 1275 791 1309 haberetur
807 1276 888 1319 ipsis
905 1287 1060 1319 praesen
1079 1271 1082 1324 1
1101 1276 1173 1309 simi
1192 1276 1313 1310 domini
1332 1277 1434 1309 nostri
1455 1277 1627 1311 Alexandri
1645 1277 1753 1312 divinit
1769 1267 1917 1322 p1·o-{-‘.'i'.'1'.¹,'.
1951 1271 2034 1292 ''ww“

323 1327 407 1361 tibus
427 1328 451 1360 si
471 1328 578 1361 forent
602 1328 766 1362 exhibitae
791 1329 840 1361 vel
863 1334 1024 1362 ostensae.
1078 1325 1080 1363 1
1100 1329 1240 1361 videntia
1255 1329 1359 1372 Papae
1374 1330 1437 1362 wll
1457 1329 1568 1369 Breve,
1586 1330 1696 1363 datum
1716 1331 1838 1365 Romae

363 1380 476 1414 Datum
500 1380 634 1420 Romae,
663 1381 746 1424 apud
779 1381 810 1414 S.
840 1381 970 1414 Mariam
996 1382 1058 1416 Ma-
1078 1368 1081 1434 1
1100 1382 1183 1424 apud
1203 1382 1234 1414 S.
1254 1382 1384 1415 Mariam
1399 1382 1562 1421 Maiorem,
1581 1382 1632 1416 die
1652 1393 1703 1416 xxi
1720 1384 1839 1417 mensis

319 1433 421 1467 iorem
437 1461 444 1474 ,
470 1434 530 1467 sub
555 1435 678 1467 annulo
704 1433 902 1474 piscatoris,
936 1435 988 1469 die
1014 1446 1058 1468 vu
1100 1434 1235 1468 ianuarii
1262 1434 1336 1468 anni
1355 1435 1502 1477 proxime
1527 1436 1694 1478 praeteriti
1719 1446 1837 1477 nncxc,

138 2159 142 2162 γ
149 2131 250 2153 Numerus
260 2139 307 2153 m'l-

124 2162 234 2182 austrorum
266 2165 306 2179 an-

319 1486 501 1521 decembris
531 1495 669 1527 MDCXCI,
703 1486 916 1530 pontificatus
952 1488 1058 1520 nostri

319 1547 406 1574 anno
422 1550 445 1573 I.

354 1599 414 1629 Dat.
431 1601 476 1630 die
492 1603 506 1630 7
523 1602 678 1630 decembris
700 1602 778 1635 1691,
800 1602 894 1638 pontif.
915 1608 985 1631 anno
1001 1611 1020 1630 1.

640 1719 731 1752 xvtl.

319 1788 563 1830 Confirmantur
586 1789 747 1833 quaedam
768 1789 893 1823 decreta
912 1791 1055 1834 fratrum

361 1842 581 1875 Eremz'larum
605 1843 711 1874 sancti
727 1843 910 1885 Ausyuslinz'
925 1845 1056 1886 provin-

360 1895 428 1928 ciae
451 1896 603 1928 Baeticae
626 1896 711 1927 circa
732 1897 972 1929 institutionem
991 1907 1052 1933 7²0-

360 1959 473 1981 vorum
498 1949 730 1991 matjislrorum
742 1949 764 1982 ¹.

497 2020 690 2047 Innocentius
712 2021 790 2053 Papa
810 2021 875 2055 ΧΠ,

455 2065 492 2092 ad
511 2065 644 2092 futuram
663 2065 708 2092 rei
728 2065 910 2092 memoriam.

357 2125 373 2169 ἓ
391 2125 422 2158 ’1.
442 2125 566 2169 Exponi
583 2126 676 2159 nobis
694 2135 798 2169 nuper
817 2126 962 2158 fecerunt
977 2126 1052 2159 dile·
1071 2154 1074 2163 ,

1077 1480 1144 1536 ξείο
1169 1487 1329 1530 incipiens
1360 1487 1410 1520 Ex
1439 1488 1587 1521 iniuncto
1612 1488 1721 1528 nobis,
1749 1496 1810 1522 etc.

1076 1537 1079 1619 1
1099 1540 1131 1573 in
1152 1540 1296 1574 archivio
1320 1540 1506 1584 provinciae
1532 1547 1741 1582 asservatum,
1757 1543 1839 1576 defi-

1075 1593 1217 1639 ,nitorio
1243 1593 1441 1633 constiterit,
1467 1598 1499 1626 et
1523 1599 1644 1628 attente
1669 1596 1835 1638 cognitum

1075 1641 1211 1687 inierit,
1239 1647 1271 1679 in
1297 1656 1361 1689 quo
1392 1647 1552 1690 praedicti
1582 1648 1705 1681 domini
1730 1649 1835 1681 nostri

1073 1677 1077 1728 1
1097 1700 1292 1743 benignitas,
1308 1700 1384 1732 hnic
1408 1699 1555 1733 Baeticae
1580 1701 1768 1744 provinciae
1790 1702 1837 1734 so-

1072 1776 1077 1805 3
1097 1764 1170 1787 rere
1185 1753 1329 1797 cupiens,
1346 1753 1392 1786 illi
1413 1753 1564 1786 concedit
1577 1753 1834 1796 magisteriorum

1072 1818 1076 1855 ξ
1096 1818 1267 1840 numerum
1295 1806 1457 1840 senarium
1476 1812 1606 1850 praeter
1626 1807 1760 1841 aliorum
1779 1818 1833 1840 sex

1097 1871 1278 1898 numerum,
1305 1870 1369 1903 quo
1394 1859 1558 1902 provincia
1584 1860 1665 1893 haec
1689 1859 1833 1903 pluries¹

1096 1914 1135 1946 ab
1161 1913 1237 1945 hinc
1261 1913 1352 1946 annis
1375 1912 1556 1951 truehauu·;
1575 1913 1662 1955 quod
1688 1923 1758 1945 cum
1786 1913 1835 1945 in-

1095 1971 1240 2009 spectum
1267 1965 1440 2007 diligenter
1465 1966 1571 2005 suerit,
1593 1970 1625 1998 et
1648 1976 1665 1998 a
1689 1967 1833 2009 patribus

1073 2044 1074 2048 ,
1096 2017 1270 2052 definitorii
1296 2017 1466 2060 diligentia
1502 2018 1640 2051 maxima
1668 2019 1830 2052 revisum:

1094 2071 1251 2115 praedicti
1276 2075 1386 2114 patres
1419 2071 1589 2104 decrevere
1622 2071 1739 2104 dictam
1767 2083 1833 2105 ma-

1094 2125 1304 2167 gisteriorum
1329 2124 1464 2167 gratiam
1492 2125 1612 2158 debere
1649 2125 1773 2158 admitti
1801 2132 1832 2159 et

123 2188 169 2205 rtus
206 2186 243 2205 fun
278 2186 304 2206 ab
316 2178 359 2210 cti
377 2177 431 2211 filii
447 2178 561 2211 fratres
579 2178 765 2221 provinciae
791 2179 939 2213 Baeticae
965 2178 1052 2212 Ordi-
1071 2174 1074 2199 ³
1093 2178 1321 2221 acceptandam
1339 2188 1426 2217 esse,
1446 2178 1538 2210 sicuti
1554 2179 1595 2210 de
1616 2178 1697 2211 sacto
1716 2179 1831 2222 arripit

122 2212 240 2232 Alexandro
253 2212 305 2233 tttl.

316 2230 365 2263 nis
383 2231 514 2263 fratrum
527 2231 739 2264 Eremitarum
750 2232 851 2264 sancti
869 2232 1050 2274 Augustini,

315 2284 413 2328 quod,
425 2295 498 2318 eum
514 2281 592 2319 alias
612 2284 713 2317 felicis
730 2285 964 2318 recordationis
979 2285 1035 2317 Ale

349 2391 361 2417 1
383 2389 544 2417 Constitutio
563 2389 636 2417 Alex.
658 2389 716 2416 Vltt
736 2389 779 2416 hic
798 2389 917 2420 laudata,
933 2397 985 2424 quo
1005 2398 1039 2417 au

314 2438 373 2462 ctus
387 2435 437 2462 fuit
451 2443 579 2462 numerus
594 2435 794 2470 magistrorum,
806 2439 877 2462 extat
893 2435 936 2461 ed.
949 2441 1049 2467 xmcxc,

313 2479 357 2507 die
372 2480 402 2506 21
424 2479 548 2511 ianuarii,
564 2480 657 2515 pontis.
674 2487 694 2506 1.
716 2479 825 2506 Similes
844 2479 1051 2506 constitutiones
1069 2478 1071 2484 '

314 2523 447 2550 habentur
466 2524 552 2551 editae
573 2530 672 2557 nnuc,
693 2523 736 2551 die
755 2524 785 2550 31
809 2523 883 2557 iulii,
906 2524 1000 2558 pontif.
1022 2531 1048 2558 1,

314 2575 361 2602 pro
382 2567 517 2602 provincia
535 2567 673 2601 Quitensi,
695 2571 720 2594 et
740 2574 847 2594 nncxcn
860 2590 866 2601 ,
889 2567 931 2593 die
951 2567 984 2593 28
1004 2575 1048 2593 se-

313 2611 484 2641 sumenda-is,
501 2611 594 2646 pontis,
616 2618 655 2639 Ηῐ,
677 2620 724 2646 pro
745 2612 879 2646 prox-iuris
903 2611 1046 2637 stancona.
1070 2636 1071 2639 ,

1093 2237 1124 2263 et
1148 2231 1296 2270 admittit,
1318 2231 1369 2263 his
1395 2235 1504 2264 tamen
1530 2231 1694 2264 servandis
1719 2233 1830 2265 condi-

1070 2303 1072 2306 >
1093 2283 1249 2316 tionibus:
1268 2284 1354 2327 quod
1372 2284 1538 2327 praedicta
1555 2285 1741 2327 magisteria
1758 2291 1831 2318 sunt

1069 2368 1071 2374 ,
1093 2337 1199 2369 taliter
1223 2336 1457 2377 distribuenda,
1479 2341 1515 2369 ut
1541 2347 1669 2380 semper
1691 2337 1829 2380 partiali-

1069 2395 1138 2441 3tas
1169 2389 1356 2432 provinciae
1389 2399 1425 2422 ex
1461 2389 1512 2422 his
1547 2398 1599 2422 sex
1634 2389 1828 2431 magisteriis

1092 2449 1230 2486 quatuor
1255 2443 1422 2481 obtineat,
1447 2453 1548 2475 unum
1572 2443 1751 2486 partialitas
1777 2443 1828 2475 lli-

1092 2495 1258 2538 spalensis‚
1279 2496 1526 2529 Estremadurae
1552 2501 1659 2529 autem
1685 2496 1828 2538 partiali-

1069 2540 1071 2569 '2
1092 2554 1139 2582 tas
1162 2554 1287 2581 restans
1313 2549 1411 2582 aliud.
1431 2549 1467 2581 Et
1484 2554 1519 2582 nt
1539 2548 1726 2582 distributio
1748 2549 1827 2581 haec

1128 2613 1137 2636 1
1161 2611 1314 2645 [egendum
1332 2611 1468 2646 pluribus
1486 2612 1524 2645 (R.
1540 2611 1588 2645 12).
