2254 3225
288 208 336 234 nn.
358 206 384 233 c,
404 207 471 234 1093
517 199 580 232 5³30

473 265 595 307 eligere
620 266 724 309 possit
748 267 889 310 priorem
918 268 1117 309 generalem,
1154 268 1208 311 qui

471 317 568 352 simul
593 319 688 352 etiam
714 319 755 352 sit
780 321 948 352 consultor
978 319 1140 361 generalis
1178 325 1210 353 et

471 371 543 403 aliis
567 372 808 405 consultoribus
843 372 1048 414 generalibus
1079 383 1209 415 praece-

472 423 546 464 dat,
572 424 710 467 ipsoque
731 425 896 468 praesecto
921 424 1067 466 generali
1092 424 1207 457 mortis

472 482 526 509 aut
562 477 719 510 cessionis
755 483 809 509 aut
843 476 1037 510 visitationis
1068 481 1123 508 aut
1146 476 1209 509 alia

471 540 509 562 ex
535 532 630 562 causa
665 529 858 570 deficiente,
881 529 1018 562 vicarius
1043 528 1206 571 generalis

471 582 529 624 (ita
546 587 652 614 tamen
671 588 706 614 ut
723 592 821 614 unum
840 586 961 614 tantum
978 581 1010 613 in
1029 580 1206 614 consultis¹

470 634 676 676 generalibus
690 634 876 676 suffragium
892 633 975 666 serre
990 638 1087 677 queat
1105 644 1207 676 usque

469 687 509 719 ad
534 686 673 720 reditum
701 686 779 719 dicti
804 686 958 729 praesceti
983 686 1154 728 generalis,
1181 686 1205 718 si

470 739 496 772 is
531 739 722 772 visitation1s
756 741 851 772 causa
881 739 1040 781 absuerit3
1078 739 1205 772 sivero

468 792 590 831 mortis,
610 792 775 832 cessionis,
793 793 843 826 vel
869 793 931 826 alia
955 804 992 826 ex
1018 795 1109 825 causa
1135 803 1205 824 esse

468 845 612 885 desierit,
625 855 727 887 usque
747 845 787 878 ad
805 845 1001 878 electionem
1018 845 1093 878 novi
1112 855 1208 888 prae—

467 897 540 930 fecti
563 898 723 940 generalis
747 898 946 941 remaneat),
969 908 1094 930 necnon
1115 908 1207 941 prae-

469 955 558 984 terea
575 951 721 993 singulos
739 951 862 994 eligere
879 952 984 984 valeat
1000 952 1204 984 consultores

467 1005 639 1046 generales
670 1015 708 1037 ex
739 1005 876 1047 singulis
910 1005 1044 1038 aliarum
1071 1005 1204 1037 duarum

467 1057 707 1099 provinciarum
736 1068 772 1090 ex
807 1058 922 1097 tribus,
947 1057 1065 1100 quibus
1091 1057 1208 1099 obtigit

466 1113 658 1152 procurator
683 1110 856 1152 generalis
889 1110 1054 1153 aliumque
1078 1112 1207 1143 consul-

467 1167 571 1195 torem
595 1163 783 1206 generalem
809 1173 844 1196 ex
872 1163 1004 1195 duarum
1032 1163 1205 1205 provincia-

466 1225 538 1247 rum
565 1225 603 1248 ex
628 1215 728 1247 tribus
754 1214 870 1258 quibus
891 1215 1007 1257 obtigit
1025 1215 1206 1257 praefectus

467 1267 630 1309 generalis
655 1268 766 1307 altera,
794 1278 829 1300 ex
851 1268 950 1300 altera
968 1278 1043 1300 vero
1066 1274 1207 1301 secreta-

469 1320 553 1353 rium
578 1321 748 1354 consultae
773 1320 942 1362 generalis,
962 1321 1014 1363 qui
1041 1320 1135 1353 simul
1161 1321 1207 1353 os-

468 1372 577 1406 ficium
602 1373 716 1406 arbitri
743 1373 902 1415 generalis
934 1378 1090 1412 exerceat,
1107 1373 1207 1406 sacul-

468 1431 563 1459 tatem
589 1425 741 1466 concedi;
768 1432 797 1458 et
823 1426 898 1468 quia
922 1426 1106 1469 praeteritis
1132 1432 1206 1458 tcm-

466 1478 599 1522 poribus
625 1478 718 1511 multi
743 1478 896 1521 praefecti
929 1480 1108 1521 generales,
1134 1489 1205 1511 cum

467 1530 869 1578 aliarum*provinciarum
901 1531 1018 1564 damno
1051 1536 1082 1564 et
1107 1532 1204 1564 totius

466 1584 732 1627 Congregationis
750 1584 879 1624 offensa,
900 1585 1002 1628 ipsam
1024 1585 1204 1628 Congrege-

466 1638 589 1671 tionem
614 1638 842 1681 superioribus
861 1638 919 1670 sibi
942 1638 1047 1681 patria
1064 1649 1121 1671 seu
1147 1648 1202 1671 na-

466 1690 555 1723 tione
573 1690 755 1723 coniunctis
781 1689 1017 1733 repleverunff,
1038 1701 1077 1723 ne
1097 1690 1135 1723 de
1154 1701 1204 1723 ce-

466 1749 535 1776 tero
550 1743 720 1786 quisquam
730 1743 1000 1785 Congregationis
1014 1743 1202 1776 huiusmodi

465 1795 632 1839 professor
667 1795 894 1838 provincialis,
932 1796 1114 1839 praefectus
1149 1801 1204 1828 aut

466 1848 616 1890 superior
641 1849 753 1881 localis
780 1854 870 1881 extra
895 1859 983 1881 suam
1003 1848 1202 1891 provinciam

465 1901 542 1943 eligi
579 1911 634 1933 seu
671 1901 827 1944 deputari,
863 1912 968 1944 neque
995 1902 1026 1933 in
1052 1901 1200 1944 capitulis

464 1953 721 1996 provincialibus
758 1960 789 1986 et
825 1954 1030 1996 generalibus
1056 1954 1201 1986 eiusdem

465 2005 734 2048 Congregationis
752 2016 829 2038 voce
847 2006 981 2048 passiva,
1002 2006 1061 2038 nisi
1087 2006 1119 2038 in
1145 2005 1201 2039 sua

465 2058 643 2101 provincia,
662 2058 803 2100 gaudere
822 2059 934 2101 possit,
951 2070 967 2090 a
985 2058 1080 2091 nobis
1103 2059 1202 2091 inter-

466 2111 529 2144 dici
544 2111 757 2154 etprohiberi
776 2122 983 2154 summopere
1001 2111 1200 2145 desiderent:

465 2164 558 2196 nobis
601 2169 779 2207 propterea
826 2170 1028 2207 exponentes
1066 2165 1201 2208 praefati

465 2217 662 2258 (asserentes
684 2223 792 2250 votum
811 2218 942 2260 capituli
970 2217 1132 2260 generalis
1156 2228 1201 2250 su-

465 2269 612 2312 pradicti,
643 2280 659 2302 a
684 2270 942 2312 Congregatione
968 2272 1201 2303 nonnullorum

466 2322 698 2355 venerabilium
718 2323 851 2355 fratrum
872 2328 1055 2356 nostrorum
1073 2323 1103 2356 S.
1116 2323 1199 2356 RE.

466 2374 680 2408 cardinalium
699 2387 714 2407 a
733 2376 827 2408 nobis
846 2376 1032 2419 specialiter
1049 2377 1203 2420 deputata

465 2427 684 2470 conquisitum
708 2438 807 2470 super
831 2430 1018 2471 praemissa,
1051 2429 1200 2462 omnibus

504 2508 512 2531 1
538 2505 608 2533 Edit.
630 2506 711 2532 Main.
733 2507 797 2539 legit
819 2507 987 2533 inconsultis
1013 2515 1059 2541 pro
1083 2508 1115 2534 in
1135 2516 1201 2535 con-

467 2550 551 2577 sultis
571 2553 612 2583 (a.
628 2556 676 2579 τ.).

501 2593 518 2628 2
538 2593 607 2621 Edit.
629 2593 709 2621 Main.
732 2594 795 2630 legit
817 2594 965 2629 replerunt
984 2600 1020 2628 tn.
1042 2594 1090 2630 L).

1063 210 1240 235 Bt'LtAmmt
1266 211 1418 236 nommant

1225 883 1227 910 l

1225 942 1228 1019 ἰ

1997 216 2044 243 An.
2063 216 2093 243 s..
2112 217 2178 244 ¹s93

1251 265 1282 292 et
1317 260 1452 303 singulis
1487 260 1519 293 id
1556 271 1654 293 unum
1682 261 1794 304 tuisse>
1819 262 1986 296 humiliter

1250 314 1425 357 supplicari
1450 314 1597 347 fecerunt
1624 319 1658 347 ut
1683 315 1715 347 in
1746 315 1861 348 iisdem
1891 326 1986 358 prae-

1249 367 1357 399 missis
1382 372 1565 410 opportune
1589 367 1761 411 providere
1790 373 1822 400 et
1843 373 1880 400 ut
1903 368 1987 402 infra

1250 418 1419 462 indulgere
1446 420 1484 452 de
1508 420 1712 463 benignitate
1737 421 1914 464 apostolica
1939 421 1986 454 di-

1250 481 1437 513 gnaremur.

1293 524 1307 566 ἓ
1331 524 1362 557 3.
1389 525 1451 557 Nos
1478 525 1585 568 igitur,
1599 525 1867 569 Congregationis
1892 527 1985 560 cleri·
2042 539 2177 569 confirmatio

1249 587 1360 610 corum
1386 578 1572 612 huiusmodi
1598 580 1694 612 statui
1726 586 1757 613 et
1789 580 1875 614 felici
1901 568 2176 619 dire-‘Iffsssslssssn'ifif'p‘ss‘j

1249 630 1524 674 etioni,quantum
1538 632 1633 665 nobis
1652 642 1686 665 ex
1705 633 1770 666 alto
1785 634 1984 673 conceditur,
1995 624 2083 639 ‘'mma''

1248 684 1451 727 prospicere,
1470 684 1623 728 ipsosque
1642 692 1840 728 exponentes
1865 686 1986 730 specia-

1249 736 1287 769 lis
1313 736 1420 770 favore
1446 737 1566 780 gratiae
1593 738 1744 782 prosequi
1770 740 1928 780 volentes,
1948 745 1987 774 et

1249 800 1358 822 eorum
1384 791 1566 833 singulares
1591 801 1746 834 personas
1771 802 1789 824 a
1815 792 1984 835 quibusvis

1249 843 1603 883 excommunicationis,
1627 844 1858 887 suspensionis
1883 850 1915 878 et
1940 845 1986 878 in-

1249 895 1386 935 terdicti,
1406 895 1540 939 aliisque
1559 896 1785 930 ecclesiasticis
1803 897 1985 937 sententiis,

1248 948 1394 980 censuris
1420 953 1452 980 et
1476 948 1602 991 poenis,
1628 959 1645 981 a
1665 947 1736 981 iure
1756 949 1805 982 vel
1823 949 1861 982 ab
1880 949 1986 982 homi-

1248 1010 1299 1039 ne,
1325 1000 1433 1043 quavis
1458 1000 1628 1033 occasione
1653 1002 1703 1035 vel
1728 1003 1823 1034 causa
1846 1002 1930 1043 latis,
1958 1002 1983 1035 si

1247 1051 1363 1094 quibus
1383 1052 1630 1095 quomodolibet
1644 1053 1818 1085 innodatae
1833 1053 1984 1096 existunt,

1248 1104 1286 1137 ad
1312 1104 1458 1138 effectum
1483 1105 1702 1148 praesentium
1720 1106 1887 1139 dumtaxat
1911 1117 1985 1139 con-

1247 1158 1460 1200 sequendum,
1483 1158 1596 1190 barum
1622 1158 1705 1190 serie
1730 1158 1936 1191 absolventes
1953 1164 1986 1191 et

1247 1210 1413 1243 absolutas
1456 1210 1524 1243 sore
1564 1215 1758 1251 censentes,
1797 1210 1983 1244 huiusmcdi

1247 1263 1537 1306 supplicationibus
1564 1263 1720 1303 inclinati,
1754 1263 1793 1296 de
1829 1274 1986 1297 memora-

1248 1319 1350 1350 torum
1377 1316 1600 1356 cardinalium,
1625 1316 1677 1360 qui
1703 1316 1906 1360 praedictum
1931 1327 1985 1350 vo-

1246 1374 1313 1402 tum
1332 1369 1537 1410 audiverunt,
1553 1369 1696 1409 consilio,
1713 1369 1910 1402 erectionem
1928 1380 1983 1403 seu

1247 1422 1467 1455 fundationem
1487 1422 1690 1466 supradictae
1715 1422 1901 1466 provinciae
1922 1421 1981 1455 Hi-

1246 1475 1646 1518 spaniarum,auctoritate
1668 1475 1855 1518 apostolica,
1870 1479 1983 1507 tenore

1246 1528 1476 1571 praesentium,
1502 1527 1729 1560 confirmamus
1765 1533 1797 1560 et
1821 1528 1983 1571 approba-

1247 1591 1329 1620 mus,
1348 1581 1460 1624 illique
1482 1580 1678 1613 inviolabilis
1704 1579 1906 1623 apostolicae
1931 1579 1984 1611 sir-

1247 1634 1366 1666 mitatis
1401 1635 1502 1667 robur
1537 1633 1714 1673 adiicimus,
1742 1643 1778 1665 ac
1803 1643 1915 1665 omnes
1952 1637 1984 1665 et

1246 1687 1393 1729 singulos
1427 1687 1507 1719 iuris
1537 1692 1569 1719 et
1594 1686 1665 1719 sacti
1692 1686 1846 1725 desectus,
1873 1686 1899 1719 si
1927 1686 1981 1729 qui

1246 1740 1386 1782 desuper
1399 1740 1645 1783 quomodolibet
1658 1739 1902 1779 intervenerint,
1913 1749 1983 1782 sup-

1245 1794 1381 1836 plemus.
1399 1793 1570 1825 Praeterea
1584 1792 1784 1836 provinciam
1799 1792 1982 1825 Bononien‹
2015 1802 2174 1831 rie-umectam

1245 1856 1310 1878 sem
1336 1845 1569 1888 praeinsertam
1587 1846 1619 1878 in
1637 1846 1799 1888 integrum
1825 1834 2113 1889 etpristi-3f2‘1'1ie'2'1'.⁰s'1}.‘¹
2133 1830 2174 1850 '³⁰'

1245 1909 1333 1939 num,
1357 1909 1393 1931 ac
1418 1909 1491 1931 eum
1517 1899 1548 1930 in
1575 1909 1647 1942 quo,
1669 1904 1840 1942 antequam
1872 1899 1982 1931 dissol-

1246 1957 1380 1992 veretur,
1394 1952 1640 1995 quomodolibet
1654 1957 1853 1992 eratstatum,
1869 1952 1980 1985 eadem

1245 2005 1441 2045 auctoritate,
1461 2005 1573 2038 harum
1592 2005 1684 2045 serie,
1701 2005 1908 2044 restituimus,
1934 2015 1981 2038 re-

1245 2058 1396 2101 ponimus
1423 2063 1451 2090 et
1474 2058 1621 2100 plenarie
1638 2057 1884 2100 reintegramiis,
1902 2057 1981 2090 itaut

1245 2110 1349 2143 eidem
1373 2110 1558 2154 provinciae
1572 2110 1766 2143 Bononiensi
1793 2110 1979 2152 assignandi

1245 2166 1310 2198 sint
1335 2168 1522 2203 conventus,
1548 2163 1667 2206 quibus
1699 2163 1753 2196 illa
1782 2168 1854 2195 ante
1880 2162 1980 2196 disso-

1244 2218 1402 2251 lutionem
1420 2216 1599 2256 constabat,
1620 2222 1662 2256 et,
1682 2215 1708 2248 si
1727 2215 1780 2259 qui
1799 2216 1880 2248 alius
1906 2227 1981 2249 con-

1244 2276 1357 2304 ventus
1381 2270 1421 2303 ab
1447 2269 1521 2302 inde
1547 2269 1625 2301 citra
1650 2268 1800 2301 fundatus
1828 2268 1924 2301 suerit
1946 2269 1978 2301 in

1245 2322 1388 2355 finitimis
1413 2321 1476 2354 illis
1501 2321 1592 2362 locis,
1616 2320 1701 2353 circa
1724 2330 1819 2364 quem
1847 2320 1980 2353 dubium

1244 2376 1367 2409 oriatur
1387 2374 1511 2407 cuinam
1532 2374 1720 2417 provinciae
1745 2373 1903 2416 assignari
1925 2374 1980 2407 de-

1244 2429 1333 2467 beat,
1359 2427 1535 2469 assignatio
1561 2427 1745 2459 huiusmodi
1772 2427 1906 2459 arbitrio
1931 2437 1981 2460 ca-

1244 2481 1334 2524 pituli
1354 2480 1513 2523 generalis
1530 2479 1799 2521 Congregationis
1814 2479 1980 2512 huiusmo-

1244 2533 1274 2566 di
1312 2533 1458 2565 Facienda
1494 2532 1547 2564 sit.
1586 2531 1703 2571 Primo,
1728 2537 1763 2563 ut
1794 2532 1977 2574 praefectus
2015 2536 2172 2559 (Minnione-

1244 2586 1405 2629 generalis
1430 2590 1626 2618 memoratae
1644 2584 1912 2628 Congregationis
1937 2585 1977 2618 de
