2254 3225
248 229 426 257 An.c.1691
476 218 540 252 380

441 277 557 320 gimus.
583 277 737 310 Visitator
770 280 876 309 autem
901 274 1067 308 institutus
1093 285 1176 307 sem-

440 341 499 374 per
524 330 587 363 sibi
612 330 711 373 eligat
734 341 833 363 unum
859 330 988 362 fratrem
1015 328 1047 361 in
1073 337 1176 360 seere-

441 385 579 425 tarium,
621 385 675 429 qui
714 385 753 418 de
792 384 941 418 omnihus
980 381 1174 415 visitationis

441 440 565 473 actibus
589 439 685 472 tidem
717 438 851 477 reddat,
876 437 1090 470 iuramentum
1122 444 1173 466 se-

441 493 521 525 creti
554 497 586 526 et
620 491 784 525 fidelitatis
814 490 874 534 ipsi
900 489 988 532 prius
1015 486 1172 522 visitatori

441 546 625 589 perhibeat.

484 609 515 632 v.
543 598 620 632 Cum
643 608 720 631 vero
745 597 908 640 praelatus
944 599 1000 628 aut
1029 594 1175 627 visitator

443 653 481 686 ab
500 663 539 686 eo
556 652 672 685 missus
701 652 830 684 domum
856 649 1048 683 visitandam
1066 647 1175 690 ingre-

442 706 550 748 ditur,
577 707 674 740 debet
698 705 842 747 suscipi,
866 702 1057 737 iterantibus
1084 701 1174 734 exhi-

441 759 559 794 benda¹
583 765 679 803 prout
702 759 838 791 inferius
856 769 927 802 cap.
947 766 1024 790 xv111
1049 755 1174 799 pracci-

440 814 539 858 pitur.
567 813 738 856 Susceptus
763 817 872 845 autem
892 811 998 844 statim
1022 809 1161 842 visitatio

440 879 515 901 nem
540 867 689 910 incipiat,
715 865 776 898 nisi
809 866 851 898 ita
875 866 916 898 sit
935 866 1032 907 longo
1058 863 1173 895 itinere

440 925 580 961 vexatus,
607 925 642 951 ut
672 920 779 962 aliqua
810 919 899 962 prius
934 918 1049 960 requie
1073 916 1172 950 levari

441 978 601 1017 oporteat.
621 973 773 1005 Visitator
793 972 908 1005 missus
926 971 1027 1003 tribus
1052 975 1173 1002 tantum

441 1027 556 1060 diebus
582 1026 788 1069 requiescere
814 1025 945 1067 poterit,
974 1023 1090 1067 quibus
1116 1028 1173 1055 tra-

440 1085 545 1112 ctetur
569 1084 604 1111 ut
628 1079 767 1121 hospes3
788 1078 825 1110 iis
850 1088 927 1110 vero
953 1077 1081 1120 elapsis,
1105 1076 1174 1108 sine

440 1134 531 1166 mora
554 1132 773 1165 visitationem
798 1130 939 1171 inchoet,
959 1141 976 1163 a
997 1130 1088 1163 cuius
1114 1129 1175 1162 ini-

440 1186 484 1218 tio
510 1186 547 1218 ad
580 1185 676 1218 finem
708 1195 808 1227 usque
834 1184 1000 1217 dumtaxat
1031 1183 1071 1215 sit
1101 1192 1174 1215 vere

439 1239 615 1282 praelatus,
639 1238 791 1281 vicesque
818 1242 850 1270 ct
874 1238 981 1270 locum
1008 1236 1055 1269 sui
1086 1236 1175 1279 prin-

440 1291 553 1334 cipalis
589 1290 735 1324 obtineat
769 1291 802 1322 in
839 1292 876 1323 ea
914 1294 1038 1322 tantum
1078 1290 1174 1322 domo

441 1355 536 1388 quam
552 1344 669 1384 visitat,
690 1354 761 1376 cum
778 1349 940 1387 potestate
961 1349 1067 1376 tamen
1086 1348 1174 1376 extra

441 1397 540 1437 illam,
567 1402 722 1439 quantum
739 1397 777 1429 ad
798 1397 977 1429 incidentia
994 1407 1076 1440 quae
1094 1407 1174 1429 eam-

442 1450 513 1483 dem
538 1450 756 1482 visitationem
780 1449 972 1491 respiciant:
998 1460 1060 1492 qua
1086 1448 1176 1481 finita

442 1508 475 1536 et
498 1503 662 1541 conclusa,
680 1502 705 1534 si
726 1502 758 1534 in
784 1504 820 1534 ea
845 1503 943 1535 domo
969 1502 1103 1535 forsitan
1120 1502 1176 1535 im-

441 1561 596 1597 moretur,
617 1556 774 1589 habeatur
798 1556 941 1599 hospes,
969 1555 1076 1598 sitque
1099 1566 1176 1599 pro-

443 1609 571 1643 vinciali
591 1614 622 1642 et
644 1609 788 1652 praelato
813 1609 908 1642 locali
931 1608 1106 1642 subiectus.
1125 1609 1177 1641 vi-

442 1662 627 1695 sitationem
653 1666 759 1695 autem
777 1662 810 1694 in
831 1662 978 1695 domibus
1005 1662 1129 1704 exiguis
1147 1667 1177 1695 et

442 1714 578 1748 modicis
604 1724 735 1757 semper
759 1719 899 1757 quatuor
929 1714 1076 1758 praecise
1111 1714 1176 1747 die-

441 1767 503 1800 bus
527 1767 688 1800 continuis
720 1772 854 1810 peragat
879 1772 910 1800 et
940 1767 1114 1800 concludat
1144 1767 1177 1799 in

444 1819 568 1862 magnis
593 1829 669 1852 vero
695 1819 774 1852 duos
799 1819 948 1863 amplius,
968 1820 1019 1853 vel
1040 1824 1178 1863 quatuor

445 1873 514 1906 dies
539 1873 726 1914 adiicimus;
746 1884 827 1917 quos
845 1873 1025 1917 praeterire
1050 1884 1115 1907 non
1142 1873 1179 1906 li-

445 1931 527 1959 eeat.

488 1990 531 2013 vi.
557 1979 587 2012 Si
617 1989 693 2012 vero
726 1979 843 2013 delicta
874 1980 981 2024 aliqua
1012 1990 1049 2013 ex
1072 1980 1180 2013 visita-

446 2032 535 2066 tione
553 2033 737 2075 prodierint
764 2043 846 2076 quae
864 2043 1018 2076 processu
1037 2032 1181 2066 iudiciali

446 2085 626 2128 indigeant,
661 2091 693 2119 et
725 2086 810 2119 intra
836 2086 939 2121 dictos
965 2091 1104 2130 quatuor
1128 2091 1182 2119 aut

447 2144 520 2172 octo
546 2138 614 2171 dies
639 2139 786 2172 concludi
805 2149 872 2172 non
896 2140 1037 2180 valeant,
1057 2144 1131 2172 tunc
1148 2139 1181 2172 in

447 2191 623 2234 provinciis
638 2191 784 2235 Europae
802 2203 860 2226 suo
878 2192 1060 2236 principali,
1079 2203 1096 2226 a
1117 2203 1181 2236 quo

448 2244 547 2277 suerit
570 2244 766 2285 nominatus,
786 2245 968 2288 relinquat;
995 2244 1027 2278 in
1052 2244 1183 2288 provin-

449 2296 506 2330 ciis
522 2307 599 2330 vero
618 2297 806 2340 Hispaniae,
823 2309 840 2330 a
860 2308 1064 2342 quocumque
1085 2298 1184 2331 suerit

449 2349 565 2383 missus
590 2350 744 2391 visitator,
770 2361 899 2394 semper
922 2351 1114 2395 provinciali
1133 2352 1185 2385 de-

450 2402 531 2436 serat
554 2402 760 2446 praedictas³
784 2413 908 2445 causas,
936 2409 971 2437 ut
996 2414 1049 2438 eas
1072 2415 1185 2448 prose-

451 2460 567 2498 quatur
592 2460 622 2488 et
646 2455 745 2497 finiat,
771 2466 811 2489 ne
844 2456 870 2489 si
895 2457 1015 2490 vicario
1041 2457 1184 2499 generali

451 2513 504 2542 aut
527 2508 690 2551 magistro,
709 2520 725 2542 a
747 2519 883 2553 qnorum
909 2511 1012 2543 altero
1037 2511 1185 2543 nomina-

487 2580 498 2606 1
522 2579 622 2606 Forsan
642 2580 848 2608 iliam-antibus
867 2581 1026 2608 eaehz'bendo
1045 2581 1086 2617 (n.
1106 2580 1153 2616 ππ).

485 2623 503 2651 2
521 2623 592 2651 Edit.
612 2623 692 2653 Μαίη,
713 2625 777 2660 legit
792 2633 847 2660 per
865 2625 955 2654 dictas
975 2626 1013 2660 (u.
1035 2625 1084 2659 in).

1016 224 1195 250 BULLARIUM
1220 223 1373 247 nonitNUM

1213 278 1267 305 'tus
1286 271 1393 312 suerit,
1414 274 1637 312 reserventur,
1662 270 1742 314 ipsis
1765 273 1884 304 noceat
1899 269 1947 303 di-

1217 325 1334 357 stantia
1357 325 1517 357 locorum.

1261 387 1315 411 vn.
1338 377 1400 420 Ipsi
1427 383 1532 410 tamen
1553 379 1696 422 praelato
1713 377 1855 411 visitanti
1876 377 1947 411 ubi-

1216 441 1278 473 que
1311 431 1532 472 consulimus,
1558 437 1613 471 ut,
1639 436 1793 474 quantum
1816 432 1947 475 negotia

1215 483 1407 524 sustineant,
1434 483 1594 527 praefixos
1620 483 1717 517 etiam
1740 485 1896 518 terminos
1913 485 1945 518 in

1215 536 1451 570 visitationibus
1470 548 1536 571 non
1561 543 1756 581 praetereat,
1771 549 1813 572 ne
1834 539 1946 573 domus

1214 600 1274 632 per
1298 600 1419 623 moram
1445 596 1605 634 gravetur,
1631 593 1680 625 vel
1705 591 1947 635 suspicionibus

1215 642 1356 676 intestini
1383 643 1456 676 mali
1484 643 1553 676 eius
1580 644 1662 677 sama
1678 645 1837 678 laedatur.
1854 645 1947 685 Quod

1215 696 1239 729 si
1263 697 1404 730 visitatio
1429 708 1493 730 non
1518 697 1573 730 fiat
1597 698 1636 731 de
1661 698 1766 732 officio
1792 705 1824 733 et
1846 710 1948 741 more,

1215 750 1272 783 sed
1290 750 1331 782 sit
1349 750 1548 794 irregulariS,
1569 757 1600 784 et
1620 762 1657 785 ex
1674 753 1830 795 peculiari
1851 756 1948 787 causa

1216 803 1417 846 emergenti,
1444 804 1503 837 etsi
1534 815 1605 837 eam
1638 816 1769 849 quoque
1804 807 1949 850 quamci-

1215 857 1277 889 tius
1295 857 1517 891 desideremus
1535 859 1666 899 absolvi,
1684 859 1823 893 nullam¹
1844 866 1948 894 tamen

1216 909 1340 942 dierum
1366 915 1483 943 metam
1508 911 1818 946 circumscribimus.

1258 973 1327 996 vni.
1355 963 1385 996 Si
1411 965 1654 998 commendator
1674 976 1750 998 suae
1769 966 1887 1007 domui,
1904 967 1948 1000 vi-

1216 1015 1377 1049 sitationis
1392 1021 1550 1060 tempore,
1565 1028 1631 1051 non
1645 1019 1795 1059 adsuerit,
1809 1019 1948 1052 visitatio

1216 1069 1428 1102 nihilominus
1459 1080 1496 1103 eo
1531 1080 1595 1103 non
1630 1077 1802 1114 expectato
1827 1072 1891 1113 flat,
1919 1078 1952 1106 et

1215 1121 1361 1155 visitator
1386 1128 1439 1155 aut
1462 1125 1627 1166 praelatus
1658 1124 1697 1157 ad
1724 1125 1833 1158 omnia
1857 1136 1951 1168 prac-

1217 1175 1300 1208 dicta
1333 1181 1364 1208 et
1387 1176 1523 1209 inferius
1547 1177 1683 1220 insuper
1714 1178 1851 1212 dicenda
1876 1190 1951 1222 pro·

1216 1229 1318 1261 cedat.
1339 1228 1368 1261 Si
1388 1229 1465 1272 quid
1486 1235 1593 1263 autem
1620 1231 1659 1263 de
1685 1233 1949 1266 commendatore

1216 1282 1382 1323 agnoverit
1400 1283 1628 1317 emendatione
1650 1284 1791 1327 dignum,
1811 1285 1850 1318 de
1867 1285 1950 1319 iusta

1216 1335 1424 1378 correptione
1449 1337 1618 1379 provideat
1635 1338 1724 1371 iuxta
1747 1339 1952 1373 constitutio-

1216 1399 1273 1420 nes
1298 1394 1437 1429 nostras,
1459 1395 1491 1422 et
1513 1396 1612 1432 prout
1636 1391 1749 1424 domus
1774 1392 1949 1425 necessitas

1216 1443 1371 1484 postulet.
1391 1442 1422 1474 Si
1447 1453 1523 1476 vero
1543 1454 1604 1486 pro
1629 1444 1739 1487 aliquo
1765 1445 1950 1479 testimonio

1217 1505 1350 1527 necesse
1367 1495 1463 1528 suerit
1478 1495 1643 1529 absentem
1663 1497 1804 1539 aliquem
1819 1497 1952 1530 fratrem

1218 1558 1332 1580 vocare
1356 1549 1405 1581 vel
1431 1548 1544 1589 citare⁷
1572 1549 1604 1582 id
1639 1555 1802 1592 praestare
1827 1551 1953 1593 poterit

1217 1600 1363 1633 visitator
1387 1601 1572 1634 nominatus
1596 1601 1629 1634 in
1648 1602 1736 1635 omni
1757 1602 1952 1644 visitatione,

1218 1654 1275 1687 sub
1301 1655 1635 1688 excommunicatione
1653 1662 1684 1689 et
1707 1662 1896 1701 praecepto.

1262 1718 1305 1740 ix.
1332 1708 1483 1741 visitator
1499 1708 1610 1752 itaque
1635 1709 1801 1752 ingressus
1825 1721 1954 1745 monas-

1219 1761 1344 1801 terium,
1359 1771 1437 1804 pace
1456 1761 1608 1794 fratribus
1633 1762 1752 1804 oblata,
1771 1769 1803 1796 et
1823 1773 1955 1807 congre-

1220 1819 1292 1856 gato
1318 1815 1480 1857 capitulo,
1507 1815 1533 1848 si
1558 1817 1724 1859 praelatus
1750 1827 1815 1850 non
1841 1817 1953 1858 fuerit,

1221 1868 1342 1900 litteras
1365 1868 1560 1902 visitationis
1578 1870 1737 1912 ostendat,
1758 1871 1888 1915 legique
1909 1872 1955 1905 sa-

1222 1921 1283 1954 ciat
1307 1931 1414 1954 coram
1447 1922 1612 1965 capitulo;
1640 1923 1758 1966 quibus
1791 1924 1885 1957 lectis
1923 1929 1955 1958 et

1223 1974 1389 2017 evulgatis,
1416 1980 1512 2018 atque
1534 1975 1580 2009 illi
1606 1977 1762 2019 praestita
1785 1977 1956 2011 visitando-

1222 2038 1294 2060 rum
1319 2027 1513 2068 obedientia,
1540 2029 1645 2062 dicat:
1672 2030 1867 2071 Benedicite,
1888 2031 1957 2073 fra·

1224 2086 1295 2122 tres,
1323 2085 1392 2114 etc:
1418 2082 1731 2117 commendationem
1757 2084 1875 2117 deinde
1894 2094 1955 2127 pro

1222 2134 1300 2167 vivis
1327 2140 1358 2167 et
1382 2134 1541 2168 defunctis
1565 2135 1732 2176 instituat,
1757 2141 1793 2169 ut
1817 2136 1958 2169 habetur

1223 2188 1256 2220 in
1281 2187 1444 2232 principio
1470 2189 1604 2232 capituli
1630 2189 1824 2233 quotidiani.
1844 2189 1959 2223 Postea

1955 219 2007 246 An.
2029 219 2057 248 C.
2074 220 2138 248 ¹691

1224 2251 1300 2274 vcro
1325 2241 1410 2284 piam
1430 2246 1462 2275 et
1485 2241 1672 2285 religiosam
1696 2243 1958 2276 exhortationem
2009 2276 2011 2278 ,

1225 2294 1376 2328 fratribus
1400 2295 1519 2328 habeat
1543 2297 1721 2330 secundum
1745 2306 1858 2330 eorum
1882 2307 1959 2340 qua-

1225 2349 1346 2382 litatem
1372 2354 1404 2382 et
1427 2350 1684 2383 circumstantias
1706 2350 1829 2390 domus,
1850 2355 1882 2384 et
1897 2360 1961 2384 mo-

1227 2407 1303 2435 neat
1326 2402 1443 2445 primo,
1457 2403 1600 2436 secundo
1618 2408 1649 2435 et
1665 2402 1774 2443 tertio,
1791 2402 1824 2435 in
1842 2402 1960 2436 virtute

1226 2454 1367 2498 Spiritus
1385 2454 1501 2494 Sancti,
1520 2460 1551 2488 et
1567 2454 1626 2487 sub
1644 2454 1850 2488 obedientiae
1868 2465 1962 2499 prae-

1227 2513 1331 2551 cepto,
1357 2519 1394 2541 ac
1418 2507 1580 2540 sententia
1604 2508 1961 2549 excommunicationis,

1228 2565 1261 2592 ut
1279 2571 1390 2594 omnes
1408 2566 1440 2594 et
1459 2561 1587 2604 singuli,
1608 2562 1683 2595 odio
1703 2567 1734 2595 et
1751 2572 1862 2596 amore
1877 2566 1960 2606 post·

1262 2624 1275 2651 1
1298 2623 1369 2651 Edit.
1390 2623 1471 2652 Μαίη.
1492 2623 1556 2659 legit
1575 2625 1657 2652 nulla
1678 2624 1715 2660 (n.
1732 2625 1781 2660 Τ.).
