2227 3225
95 246 143 271 An.
159 245 187 271 C.
212 244 277 271 1699

113 1635 234 1655 Transaltio
257 1641 268 1655 a

85 1667 106 1682 re
110 1669 157 1685 κιιιιι
161 1668 171 1682 e
199 1663 226 1682 ro
229 1665 269 1682 nus

878 243 1089 267 lNNOCENTlUS

282 293 436 333 obvenit,
479 292 666 325 accessione
706 292 790 325 adeo
832 291 1018 335 amplificati

284 346 427 384 suerint,
454 351 489 378 ut
514 345 623 378 usibus
644 372 651 385 ,
677 345 708 377 in
735 355 815 388 quos
844 345 931 378 iuxta
956 356 1023 378 me-

281 405 480 432 moratorum
508 404 696 432 testatorum
738 399 914 431 aliorumve
951 399 1022 442 pio-

281 463 351 485 rum
378 452 568 495 largitorum
590 452 788 485 voluntatem
811 452 1020 485 convertendi

281 511 399 545 essent,
410 505 679 549 superabundare
691 506 934 548 dignoscantur:
946 505 1022 538 hinc

281 564 332 592 cst
356 559 441 602 quod
467 570 548 599 nos,
573 559 745 603 pastoralis
781 559 876 592 officii
916 559 1020 592 nostri

281 612 391 646 debito
433 624 640 656 summopere
680 619 915 656 congruentem
954 624 1021 646 rem

281 666 396 700 facturi
415 667 509 699 nobis
527 666 686 706 videmur,
703 666 727 698 si
747 666 1022 699 valetudinarium

281 720 503 763 supradictum
529 731 565 752 ex
592 722 728 762 angusta
755 730 816 752 nec
841 720 916 752 satis
946 722 1022 753 nota

282 773 400 812 domo,
426 773 458 805 in
484 783 547 815 qua
573 773 611 806 de
638 773 814 816 praesenti,
829 773 910 806 sicut
935 784 1022 816 prae-

280 826 441 865 mittitur,
466 826 655 869 reperitur,
694 826 733 859 ad
770 826 964 869 ampliorem
991 833 1022 860 et

280 879 540 912 commodiorem
567 880 674 912 locum
692 906 699 917 ,
726 889 844 922 nempe
870 880 909 912 ad
935 881 1022 923 pala-

281 931 358 964 tium
385 932 416 963 in
442 931 568 964 civitate
589 932 735 964 Leonina
760 943 818 965 seu
840 932 943 975 burgo
966 934 1022 965 liu-

280 983 419 1017 iusmodi
442 984 549 1023 situm,
574 985 659 1028 quod
682 995 786 1028 nuper
807 986 869 1018 lioc
886 985 1021 1018 consilio

281 1048 298 1070 a
323 1038 442 1071 dilecto
467 1037 534 1071 filio
560 1038 664 1071 nobili
692 1039 760 1071 viro
786 1039 937 1082 Philippo
963 1039 1023 1072 Co-

281 1090 393 1124 lumna
419 1102 537 1134 magno
565 1092 658 1135 regni
683 1092 836 1136 Neapolis
861 1098 1023 1126 contesta-

281 1144 338 1177 bili
365 1145 539 1177 emendum
567 1145 736 1185 duximus,
765 1146 996 1179 transferamus
1014 1173 1021 1186 ,

281 1197 449 1242 ipsiusque
475 1199 701 1232 valetudinarii
734 1199 897 1238 redditus,
924 1200 1021 1243 quos¹

283 1261 443 1295 expensas
468 1263 528 1296 pro
555 1253 750 1296 corporibus
776 1252 935 1286 dictorum
973 1264 1022 1286 sa-

282 1306 455 1339 cerdotum
475 1307 718 1340 infirmitatibus
737 1307 890 1339 curandis
908 1307 1023 1340 sacien-

281 1359 338 1392 das
365 1360 521 1393 excedere
549 1365 751 1403 compertum
779 1360 888 1398 suerit,
914 1360 1021 1393 inutili

280 1422 391 1446 eorum
408 1413 590 1456 multiplico
609 1413 798 1454 sublato,ad
816 1413 1020 1456 spiritualem

279 1465 427 1509 ipsorum
453 1467 661 1500 sacerdotum
687 1467 893 1510 aliorumque
920 1468 1023 1500 cccle-

279 1519 486 1553 siasticorum
518 1520 662 1554 virorum
685 1520 860 1555 utilitatem
887 1520 1023 1554 fructuo-

280 1572 347 1606 sius
373 1573 588 1617 applicemus.

324 1626 338 1669 ἓ
363 1625 394 1660 3.
422 1626 541 1669 ltaque,
557 1626 719 1660 dictorum
740 1626 869 1660 Ioannis
888 1626 1021 1660 Antonii

85 1689 109 1709 3
123 1690 151 1709 ,ιι
141 1695 178 1711 uva
169 1689 195 1709 ιι
212 1695 244 1709 ιιι
240 1684 313 1712 met
336 1679 520 1719 Francisci‚
547 1679 751 1723 aliorumque
779 1685 969 1713 testatorum
991 1685 1023 1713 et

85 1720 119 1742 prr
120 1721 172 1741 qno
188 1717 219 1735 sac
223 1719 250 1736 ta.

279 1733 407 1777 piomm
444 1733 636 1776 largitorum
670 1734 899 1777 quorumlibet,
927 1739 1023 1768 testa-

280 1793 463 1819 mentorum
489 1792 520 1820 et
545 1787 680 1819 aliarum
707 1787 803 1819 etiam
832 1787 1020 1820 ultimarum

282 1841 484 1872 voluntatum
519 1850 553 1873 ac
589 1840 839 1884 dispositionum
869 1852 1021 1884 quarum-

281 1904 417 1936 cumque
451 1899 596 1933 tenores,
633 1899 664 1926 et
699 1893 759 1926 alia
796 1905 1020 1938 quaecumque

281 1946 376 1979 etiam
402 1946 587 1990 specificam
613 1952 644 1979 et
669 1947 866 1980 individuam
885 1948 1021 1981 mentio-

280 2010 353 2032 nem
368 2010 423 2033 seu
441 2000 683 2043 expressionem
701 2001 911 2043 requirentia,
928 2011 1022 2044 prae-

279 2053 424 2086 sentibus
449 2064 509 2096 pro
540 2054 638 2096 plene
671 2060 701 2087 et
734 2054 934 2087 sufficienter
967 2066 1020 2087 ex-

279 2106 401 2150 pressis
426 2111 459 2139 et
483 2106 614 2139 insertis
635 2107 808 2148 habentes,
830 2113 919 2140 motu
949 2119 1021 2151 pro—

279 2159 373 2203 prio,
401 2170 436 2192 ac
461 2171 496 2193 ex
532 2162 619 2193 certa
657 2160 794 2194 scientia
831 2166 861 2194 et
896 2160 1020 2195 matura

280 2213 517 2247 deliberatione
538 2214 671 2255 nostris,
689 2215 792 2258 deque
818 2216 1018 2258 apostolicae

279 2267 448 2310 potestatis
473 2268 678 2311 plenitudine
696 2295 703 2307 ,
730 2274 944 2302 memoratum
971 2281 1020 2302 va-

278 2321 510 2354 letudinarium
525 2321 556 2353 in
575 2321 741 2365 praedicta
759 2322 855 2355 domo
875 2329 1018 2356 ereetum

280 2378 312 2406 et
335 2373 536 2414 institutum,
561 2386 633 2407 cum
660 2375 809 2408 omnibus
830 2381 862 2409 et
882 2376 1018 2419 singulis

280 2427 474 2469 privilegiis,
499 2428 762 2462 immunitatibus
788 2433 820 2461 et
839 2430 1019 2473 exemptio-

281 2479 375 2512 nibus
393 2481 421 2512 ei
438 2486 473 2513 ut
490 2482 673 2524 praefertur
690 2482 855 2515 concessis
882 2488 914 2515 et
932 2494 1019 2516 com-

280 2533 476 2574 petentibus,
500 2545 517 2567 a
539 2535 635 2567 domo
661 2535 848 2568 huiusmodi
874 2536 912 2568 ad
936 2538 1020 2579 pala-

281 2585 360 2617 tium
380 2587 610 2629 supradictum,
638 2599 696 2631 per
720 2599 778 2621 nos
805 2589 888 2621 sicut
924 2600 1019 2632 prae-

317 2648 328 2674 1
347 2646 414 2675 Male
429 2647 492 2674 edit.
505 2647 587 2676 Main.
603 2649 670 2684 legit
684 2650 761 2685 quod
775 2658 823 2685 pro
840 2658 910 2685 quos
923 2651 1020 2686 (affl).

1115 244 1157 267 XII
1182 245 1231 268 PP.

1065 293 1201 325 mittitur
1239 297 1406 336 emptum,
1440 299 1551 327 tenore
1584 296 1804 338 praesentium

1066 356 1126 387 per
1130 350 1228 388 petuo
1245 351 1273 377 ti
1276 345 1469 378 ansferimus
1490 352 1521 379 et
1536 352 1573 379 tr
1566 358 1686 390 anspor
1691 354 1804 383 tamus.

1708 236 1772 272 885
1817 247 1866 274 Λιι.
1883 247 1910 274 (ι.
1934 247 2002 276 1399

1111 399 1181 438 §le
1209 398 1358 431 Ceterum
1391 399 1423 431 in
1456 400 1571 432 eodem
1599 402 1719 443 pilatio
1747 404 1808 436 eol·
1847 415 1871 434 ιι
1875 414 1930 434 cu

1070 451 1190 494 lenium
1222 462 1276 484 seu
1296 452 1505 485 seminarium
1529 453 1808 494 ecclesiasticum
1819 447 1918 518 {simil

1827 501 1844 512 ¹4
1857 501 1867 513 d
1880 501 1905 514 lst-

1067 516 1143 548 quo
1160 507 1307 548 procula
1325 506 1545 539 saecularibus
1570 507 1719 549 negotiis
1739 507 1808 540 iux-

1067 563 1097 591 ta
1122 560 1253 601 regulas
1279 560 1364 591 iussu
1387 565 1496 592 nostro
1523 560 1806 602 praescribendas,

1067 613 1248 656 presbyteri
1264 613 1385 656 aliique
1407 613 1527 652 clerici,
1543 613 1608 656 qui,
1627 614 1810 647 vocationis

1068 676 1130 708 qua
1153 666 1257 698 vocati
1284 671 1359 698 sunt
1383 676 1556 705 memores,
1585 677 1621 699 ac
1637 666 1809 699 Dominum

1068 719 1098 751 in
1121 719 1356 753 haereditatem
1377 719 1514 759 sortiti¹‚
1535 719 1564 752 id
1587 731 1620 752 re
1639 721 1709 763 ipsa
1722 731 1809 759 esse,

1068 772 1154 815 quod
1170 772 1334 811 dicuntur,
1353 773 1469 806 sedulo
1489 773 1621 806 studere
1636 773 1807 813 voluerint,

1066 825 1208 868 benigne
1235 826 1350 868 excipi,
1373 831 1470 869 atque
1489 825 1581 866 inibi,
1606 837 1669 869 quo
1691 827 1808 860 ceteris

1066 878 1218 911 fidelibus
1255 884 1322 911 tum
1365 879 1534 912 doctrinae
1578 880 1701 914 lumine
1742 886 1809 914 tum

1066 933 1226 965 bonorum
1253 943 1391 976 operum
1428 934 1579 976 exemplo
1615 935 1807 977 praelucere

1066 986 1198 1028 possint,
1226 985 1409 1029 disciplinis
1434 997 1547 1019 eorum
1573 987 1667 1019 statui
1686 987 1809 1020 consor-

1067 1039 1173 1072 mibus
1210 1039 1326 1071 instrui
1367 1050 1403 1072 ac
1450 1039 1595 1073 exerceri
1640 1040 1780 1073 debeant
1798 1067 1805 1081 ,

1067 1098 1176 1133 motu,
1203 1093 1360 1133 scientia,
1389 1094 1627 1127 deliberatione
1654 1100 1686 1127 et
1714 1100 1807 1137 pote-

1067 1146 1156 1178 statis
1175 1146 1380 1189 plenitudine
1399 1147 1569 1186 similibus,
1589 1148 1704 1180 harum
1722 1147 1806 1181 serie

1067 1204 1226 1242 perpetuo
1252 1199 1407 1242 erigimus
1434 1205 1465 1232 et
1490 1201 1707 1241 instituimus,
1733 1201 1807 1244 ipsi-

1067 1264 1130 1296 que
1149 1252 1288 1295 collegio
1314 1253 1360 1285 sic
1386 1259 1495 1286 erecto
1517 1260 1549 1287 et
1568 1254 1726 1295 instituto,
1745 1265 1806 1298 pro

1067 1307 1153 1339 illins
1167 1307 1252 1348 dote,
1279 1306 1412 1350 eiusque
1439 1307 1625 1341 officialium
1651 1319 1687 1341 ac
1711 1308 1807 1342 mini-

1067 1367 1209 1393 strorum
1225 1388 1232 1401 ‚
1257 1367 1505 1405 ceterarumque
1537 1371 1751 1404 personarum
1776 1362 1805 1396 ei

1066 1425 1126 1457 pro
1140 1420 1286 1458 tempore
1304 1414 1554 1448 inservientium
1569 1414 1805 1448 sustentatione

1067 1472 1099 1499 et
1123 1467 1301 1510 stipendio,
1327 1479 1390 1501 nec
1408 1478 1472 1500 non
1494 1468 1565 1500 aliis
1588 1468 1676 1500 illius
1693 1468 1805 1501 usibus

1067 1526 1099 1554 et
1122 1521 1372 1554 necessitatibus
1394 1522 1508 1564 (salva
1533 1526 1639 1554 tamen
1675 1532 1808 1565 semper

1065 1574 1099 1606 in
1125 1574 1278 1607 omnibus
1304 1580 1335 1607 et
1359 1585 1418 1618 per
1439 1574 1550 1608 omnia
1568 1575 1739 1608 memorati
1757 1586 1807 1608 va-

1066 1627 1269 1668 letudinarii,
1296 1628 1380 1661 sicut
1404 1628 1632 1672 praemittitur,
1662 1629 1805 1663 translati

1066 1681 1331 1724 manutentione)
1358 1681 1466 1715 omnia
1491 1687 1522 1715 et
1546 1682 1672 1725 singula
1704 1681 1806 1726 ipsius

1066 1736 1306 1775 valetudinarii,
1327 1740 1358 1768 et
1373 1735 1435 1769 alia
1456 1745 1684 1779 quaecumque
1704 1737 1804 1778 bona,

1065 1789 1301 1832 proprietates,
1326 1799 1486 1829 canones,
1511 1799 1644 1829 census,
1671 1788 1804 1830 fructus,

1065 1843 1212 1876 redditus
1238 1848 1270 1876 et
1294 1848 1495 1885 proventus,
1518 1842 1674 1886 pecunias
1695 1869 1702 1883 ,
1731 1854 1802 1885 res,

1065 1896 1208 1930 actiones
1235 1902 1266 1929 et
1290 1896 1380 1936 iura,
1406 1901 1469 1929 tam
1495 1907 1553 1939 per
1578 1907 1637 1929 nos
1661 1897 1710 1930 vel
1732 1907 1806 1930 suc·

1065 1959 1214 1982 cessores
1255 1954 1386 1982 nostros
1428 1949 1591 1982 Romanos
1632 1949 1804 1983 Pontifices

1066 2013 1159 2046 quam
1192 2013 1252 2046 per
1284 2002 1362 2035 alias
1391 2002 1553 2046 quaslibet
1588 2013 1746 2046 personas
1772 2003 1805 2036 in

1066 2056 1206 2089 futurum
1243 2056 1515 2099 quandocumque
1559 2061 1590 2089 et
1625 2057 1806 2100 quomodo·

1065 2120 1204 2153 cumque
1230 2109 1337 2143 eidem
1363 2109 1503 2152 collegio
1527 2109 1623 2143 etiam
1653 2121 1713 2153 per
1740 2121 1804 2145 mo-

1065 2166 1141 2196 dum
1163 2164 1391 2206 eleemosynae
1412 2163 1580 2203 donanda,
1597 2163 1803 2207 assignanda,

1063 2216 1217 2255 unienda,
1238 2216 1417 2256 offerenda,
1431 2217 1686 2250 concedendaet
1705 2218 1805 2251 relin-

1064 2270 1193 2313 quenda
1204 2270 1299 2312 (itaut
1314 2270 1409 2303 liceat
1422 2280 1481 2313 pro
1499 2275 1646 2314 tempore
1665 2270 1805 2305 existen-

1063 2323 1148 2355 tibus
1173 2322 1301 2365 collegii
1321 2328 1351 2355 et
1371 2323 1598 2356 valetudinarii
1617 2323 1803 2358 huiusmodi

1063 2375 1394 2415 administratoribus,
1406 2375 1537 2408 nomine
1551 2375 1694 2409 eiusdem
1706 2377 1805 2410 colle-

1063 2428 1117 2471 gii,
1132 2438 1191 2471 per
1205 2439 1249 2468 se,
1260 2429 1309 2461 vel
1324 2428 1404 2461 alios
1418 2439 1478 2472 per
1492 2439 1547 2462 eos
1561 2439 1619 2472 pro
1635 2440 1745 2463 eorum
1757 2439 1803 2462 ar·

1063 2481 1160 2513 bitrio
1179 2481 1382 2524 deputandos
1397 2487 1428 2515 et
1443 2483 1649 2522 amovendos
1668 2482 1801 2515 illorum

1063 2535 1207 2567 omnium
1237 2540 1268 2568 et
1293 2535 1501 2578 singulorum
1519 2546 1647 2575 veram,
1668 2537 1800 2577 reatem,

1062 2589 1265 2631 corporalem
1278 2593 1310 2621 et
1323 2590 1480 2622 actualem
1494 2588 1729 2631 possessionem
1745 2599 1803 2622 seu

1099 2652 1110 2677 1
1128 2650 1200 2678 Edit.
1216 2649 1296 2678 Main.
1316 2650 1381 2686 legit
1396 2650 1499 2679 sortiri
1514 2658 1562 2687 pro
1576 2651 1674 2679 sortiti
1689 2655 1722 2683 (n.
1734 2651 1784 2686 Τ.).

1922 421 2004 461 'tinini-

1890 474 1908 487 ιη
1929 475 1953 488 ου
1956 469 1981 488 «el
1978 475 2003 488 m
