2254 3225
476 243 541 276 990

433 304 506 337 CIII.
531 306 762 339 Confirmantur
779 308 928 340 nonnulla
949 309 1074 343 decreta
1092 322 1174 344 com-

522 358 654 391 missarii
698 361 853 403 generalis
894 373 951 405 pro
986 364 1170 397 alternativa

520 412 672 445 servanda
690 413 719 445 in
738 414 901 456 provincia
918 416 1101 458 Aquitaniae
1119 417 1171 450 Or-

519 464 600 497 dinis
625 465 876 507 Carmelitarum,
902 466 975 500 674.

525 518 712 552 Conceditur
736 520 977 563 Congregationi
1003 522 1171 555 Discalcea-

518 577 621 605 torum
648 573 816 616 Hispaniae
841 573 965 607 Ordinis
991 575 1041 609 SS.
1067 576 1170 608 Trini-

517 625 588 657 tatis
609 626 836 670 redemptionis
854 628 1053 672 captivorum
1079 630 1170 662 facul-

516 681 560 711 tas
585 678 642 710 sibi
670 679 804 722 eligendi
829 679 949 714 iudices
974 688 1169 716 conservato-

515 741 576 770 res,
603 730 676 765 678.

426 783 480 816 CV.
507 784 679 827 Eriguntur
704 785 783 819 (luae
807 787 989 830 provinciae
1020 789 1167 822 Lombar-

430 517 498 550 CIV.

512 837 581 870 diae
605 844 634 870 et
660 839 800 872 Romana
817 840 951 874 fratrum
970 842 1168 876 Praedicato-
1193 858 1195 870 ι

514 902 583 924 rum
610 892 641 924 in
665 892 742 926 duas
766 894 1034 937 Congregationcs
1059 896 1087 929 S.
1114 897 1167 930 Sa-

511 945 602 978 binae
640 950 669 980 et
704 946 733 979 S.
759 947 873 989 Marci,
901 959 971 981 cum
1006 950 1167 983 nunnullis
1193 956 1194 977 l

512 999 774 1039 ordinationibus,
801 1001 874 1034 679.

423 1051 491 1084 CVI.
516 1052 751 1086 Confirmantur
777 1054 929 1097 quaedam
964 1055 1090 1089 dccreta
1115 1067 1164 1089 ca-

510 1105 598 1148 pituli
617 1107 775 1148 generalis
794 1109 1022 1141 monachorum
1041 1109 1165 1142 Ordinis

509 1160 732 1200 Cluniaccnsis,
751 1160 826 1193 083.

421 1212 504 1246 CVII.
531 1212 713 1246 Declaratur
731 1215 912 1248 constitutio
933 1216 1106 1250 Innocentii
1128 1217 1164 1250 XI

508 1266 545 1298 de
571 1267 754 1300 executione
788 1269 917 1310 regulae
947 1269 1079 1302 fratrum
1114 1270 1164 1302 Illi-

508 1330 619 1353 uorum
646 1320 674 1353 S.
700 1321 858 1355 Francisci
885 1322 923 1355 de
949 1322 1162 1364 Observantia,

508 1372 582 1406 696.

418 1425 515 1459 CVIII.
541 1427 706 1469 Statuitur,
732 1434 763 1461 ut
797 1429 965 1473 collegium
997 1431 1025 1464 S.
1052 1431 1161 1465 Isidori

506 1480 543 1513 de
556 1481 639 1513 Urbe
654 1483 836 1525 provinciae
847 1484 1017 1517 Hiberniae
1029 1485 1160 1518 fratrum

506 1534 661 1567 Minorum
678 1535 707 1569 S.
733 1536 890 1569 Francisci
908 1538 1160 1571 Recollectorum

506 1594 634 1630 regatur
667 1588 752 1621 iuxta
785 1590 1043 1624 constitutionem
1068 1592 1162 1625 Urba-

506 1641 535 1673 ni
561 1641 625 1673 VIII
650 1647 681 1674 ct
705 1643 771 1675 cius
796 1648 919 1683 statuta,
946 1643 1019 1677 698.

523 1694 755 1728 Confiruiantur
786 1696 934 1740 hospitali
966 1708 1020 1730 seu
1052 1698 1159 1731 Ordini

505 1748 630 1782 militari
665 1749 908 1792 Crucigerorum
946 1761 1015 1783 cum
1061 1751 1159 1785 rubea

504 1801 593 1833 stella
618 1802 783 1845 privilegia
808 1814 825 1835 a
850 1804 1010 1837 nonnullis
1035 1804 1159 1838 Pontifi-

504 1855 593 1887 cibus
618 1866 776 1898 concessa‚
802 1856 876 1890 600.

415 1908 469 1942 CX.
494 1909 694 1942 Transfertur
719 1910 914 1953 indulgentia
931 1911 1071 1955 plenaria
1088 1923 1157 1956 per-

502 1969 594 2006 petua
630 1963 660 1995 in
693 1964 772 1997 festo
803 1964 832 1997 S.
858 1965 970 2008 Ignatii
1003 1966 1041 1998 ad
1073 1966 1155 1999 diem

502 2015 693 2049 dominicum
726 2027 784 2060 pro
821 2018 962 2051 ecclesiis
996 2019 1156 2052 missiona-

502 2068 622 2102 riorum
647 2070 810 2103 Societatis
827 2071 895 2104 Iesu
914 2072 944 2104 in
963 2072 1062 2105 insula
1080 2074 1156 2106 Mar-

503 2123 606 2163 tinica,
633 2122 705 2156 704.

413 2175 485 2209 CXI.
521 2177 674 2210 Dividitur
705 2178 867 2221 provincia
901 2179 1062 2213 Sardiniae
1094 2181 1155 2213 fra-

502 2235 583 2262 trum
610 2230 857 2274 Capuccinorum
885 2233 916 2265 in
941 2233 1028 2274 duas,
1056 2233 1129 2267 704.

412 2282 497 2316 CXII.
523 2282 732 2317 Confirmatur
749 2285 909 2330 decretum
935 2286 1155 2329 Congregatio-

500 2336 547 2369 nis
572 2337 772 2380 particularis
798 2339 881 2371 circa
910 2350 1018 2372 vocem
1043 2346 1150 2373 custo-

501 2389 575 2422 dum
590 2396 619 2422 et
637 2391 896 2425 exministrorum
912 2393 1152 2436 provincialium

500 2444 632 2476 fratrum
659 2443 910 2487 Capuccinorun]
929 2447 959 2478 in
977 2447 1082 2489 regnis
1100 2447 1152 2480 Ili-

500 2497 692 2540 spaniarum‚
710 2497 871 2531 Sardiniae
889 2504 919 2531 et
939 2499 1104 2532 Maioricac
1122 2500 1151 2532 in

500 2549 686 2583 delinitoriis
710 2551 967 2594 provincialibus,
991 2551 1062 2585 705.

412 2601 514 2636 CXIII.
550 2603 737 2636 Conceditur
772 2603 966 2648 indulgentia
1010 2605 1150 2648 plenaria

500 2662 651 2700 perpetua
671 2657 865 2692 visitantibus
891 2658 1053 2693 ecclesiam
1080 2670 1149 2692 san-

416 1692 488 1726 CIX.

1022 256 1199 282 BULLARIUM
1224 257 1377 283 ROMANUM

1313 312 1353 344 cti
1379 312 1537 345 Francisci
1556 312 1687 345 fratrum
1713 313 1868 346 ltliuorum
1885 314 1964 348 Con-

1314 365 1504 398 i'cntualium
1531 365 1662 398 civitatis
1679 366 1870 409 Assisiensis‚
1891 366 1963 400 707.

1225 416 1322 450 CXIV.
1363 418 1551 452 Conceditur
1588 419 1780 462 indulgentia
1823 419 1964 463 plenaria

1312 477 1465 514 perpetua
1476 472 1674 504 visitantibus
1684 473 1847 505 ecclesiam
1862 473 1891 506 S.
1907 473 1965 505 Ma-

1312 524 1376 556 riae
1410 525 1602 566 Angelorum
1640 525 1771 558 fratrum
1808 526 1961 559 Minorum

1312 577 1410 609 sancti
1436 577 1594 610 Francisci
1621 577 1658 610 dc
1683 577 1887 611 observantia
1913 580 1959 612 ci-

1310 629 1412 662 vitatis
1438 630 1630 670 Assisiensis‚
1657 629 1730 663 708.

1221 681 1304 715 CXV.
1330 683 1516 716 Reservatur
1533 683 1663 716 Summo
1688 683 1832 717 Pontifici
1850 685 1962 718 electio

1311 736 1482 769 rotantium
1501 736 1679 780 sIgnaturae
1695 737 1839 778 iustitiae,
1852 738 1961 782 eisque

1310 789 1424 822 dantur
1449 790 1644 824 rocchettutn
1666 795 1696 823 ct
1721 801 1820 835 cappa
1838 801 1960 835 magna,

1310 842 1383 875 709.

1220 896 1318 930 CXVI.
1337 896 1549 930 Confirmatur
1569 897 1729 931 decretum
1756 898 1891 932 mInistri
1909 909 1960 942 ge-

1304 950 1420 982 neralis
1438 950 1571 983 fratrum
1586 951 1739 984 Minorum
1757 953 1853 984 sancti
1868 952 1960 985 Fran-

1309 1003 1381 1036 cisci
1392 1003 1646 1036 Reformatorum
1657 1004 1695 1037 de
1707 1005 1859 1037 electione
1868 1015 1960 1047 guar-

1307 1056 1495 1099 dianorum,
1521 1057 1720 1101 aliorumque
1756 1058 1958 1098 officialium,

1306 1120 1428 1143 necnon
1468 1111 1670 1143 familiarium
1703 1121 1762 1155 pro
1797 1112 1958 1145 coenobiis

1306 1163 1556 1196 Rccollectorurn
1583 1164 1763 1207 provinciae
1788 1165 1957 1205 Romanae,

1307 1216 1380 1249 712.

1216 1268 1325 1303 CXVII.
1343 1269 1578 1303 Interdicuntur
1596 1271 1818 1304 conventiones
1836 1271 1867 1304 in
1887 1282 1957 1315 pro-

1304 1324 1446 1357 videndis
1482 1325 1622 1358 ccelesiis
1656 1336 1710 1358 seu
1736 1326 1952 1367 monasteriis,

1304 1388 1375 1411 cum
1394 1378 1591 1412 innovatione
1611 1379 1818 1422 quarumdam
1845 1379 1958 1413 consti-

1303 1432 1458 1465 tutionum
1484 1432 1578 1465 simili
1597 1432 1635 1464 de
1656 1442 1699 1472 re,
1720 1443 1755 1465 ac
1780 1432 1955 1466 adiectione

1302 1495 1455 1518 novarum
1481 1496 1667 1529 poenarum,
1692 1486 1766 1518 716.

1213 1537 1338 1571 CXVIII.
1367 1539 1578 1572 Confirmatur
1603 1539 1784 1572 constitutio
1808 1540 1956 1573 Innocen-

1302 1591 1335 1624 tii
1360 1592 1399 1624 XI
1425 1602 1521 1635 super
1544 1592 1730 1626 reductione
1749 1593 1874 1625 numeri
1892 1602 1955 1625 ma-

1301 1645 1473 1687 gistrorum
1499 1645 1699 1688 aliorumque
1724 1645 1952 1688 graduatorum

1301 1698 1426 1730 Ordinis
1440 1699 1571 1730 fratrum
1591 1698 1860 1739 praedicatorum,
1881 1708 1953 1731 curn

1300 1752 1500 1784 revocatione
1525 1757 1687 1794 gestorum
1724 1756 1833 1785 contra
1870 1751 1953 1784 illius

1300 1804 1444 1847 formam,
1472 1804 1546 1837 7021.

1211 1858 1310 1892 CXIX.
1335 1859 1546 1892 Confirmatur
1570 1859 1731 1892 decretum
1757 1858 1884 1903 capituli
1904 1869 1954 1902 ge-

1298 1912 1415 1945 neralis
1440 1912 1524 1945 circa
1548 1912 1733 1946 electionem
1755 1916 1842 1946 extra
1867 1912 1952 1956 capi-

1300 1966 1400 1998 tulum
1425 1966 1541 2009 prioris
1558 1966 1605 1999 vel
1624 1966 1799 2000 definitoris
1824 1976 1953 2009 genera-

1297 2019 1335 2051 lis
1356 2019 1614 2062 Congregationis
1632 2020 1801 2064 Hispaniae
1818 2020 1950 2056 fratrum

1296 2072 1548 2112 Carmelitarum,
1575 2072 1647 2105 723.

1208 2125 1291 2159 CXX.
1317 2125 1503 2158 Extenditur
1516 2126 1698 2159 constitutio
1722 2126 1893 2160 Innocentii
1912 2126 1950 2159 XI

1296 2179 1334 2212 de
1365 2179 1524 2212 erectione
1555 2179 1846 2212 confraternitatum
1875 2179 1950 2212 Con-

1295 2233 1489 2275 gregationis
1514 2233 1680 2266 Doctrinae
1704 2233 1897 2266 Christianae
1917 2232 1948 2264 in

1295 2285 1403 2325 Gallia⁷
1431 2286 1503 2319 7025.

1205 2338 1305 2372 CXXI.
1332 2339 1482 2373 Indicitur
1499 2339 1677 2372 universale
1701 2339 1870 2372 jubilaeum
1888 2348 1947 2382 pro

1293 2402 1370 2436 pace
1409 2393 1490 2426 inter
1531 2393 1690 2437 principes
1734 2392 1945 2434 clu'istian08‚

1293 2446 1367 2479 7026.

1205 2500 1318 2534 CXXII.
1338 2500 1549 2534 Confirmatur
1574 2499 1754 2533 constitutio
1786 2500 1942 2532 Innocen-

1293 2553 1325 2586 tii
1358 2554 1415 2594 XI,
1449 2565 1510 2597 qua
1545 2553 1751 2586 confirmatur
1782 2553 1944 2586 decretum

1292 2607 1458 2640 cardinalis
1474 2606 1662 2651 protectoris
1679 2607 1763 2639 circa
1787 2605 1943 2639 executio-

1291 2670 1363 2694 nem
1377 2660 1579 2694 alternativae
1594 2660 1624 2692 iu
1638 2660 1800 2704 provincia
1814 2659 1943 2694 Ianuen-
