2227 3225
113 211 164 239 An.
177 211 207 238 C.
230 209 297 238 ¹690

137 1585 259 1605 Deelaratio
275 1587 296 1604 nt

111 1611 219 1637 ampliatio
261 1617 295 1631 ea-

110 1664 242 1689 exriptuntur
250 1669 296 1690 per·

109 1695 183 1711 sonae.

888 209 1072 234 ALEvnnrn
1099 210 1153 233 ΥΠῘ
1177 211 1225 233 PP.

307 259 369 291 sicii
385 262 514 291 sanctae
529 258 749 301 inquisitionis
766 257 797 290 in
812 257 998 300 praemissis
1015 263 1044 289 et

306 310 392 344 circa
416 321 453 343 ea
478 310 726 353 quomodolibet
750 315 912 342 emanatas
930 308 1045 341 contir-

306 373 404 403 mare,
424 368 456 395 et
477 363 659 406 respective
685 363 862 407 declarare,
887 361 1043 405 ampliare

306 420 338 447 et
351 415 526 448 extendere
541 416 698 455 volentes,
713 420 801 447 motu
819 414 962 457 proprio,
979 423 1043 446 non

305 467 345 500 ad
370 467 505 500 alicuius
531 478 628 510 super
648 467 852 509 hoc-oblatae
877 466 1043 509 petitionis
1064 465 1066 508 J

305 520 502 561 instantiam,
523 521 581 553 sed
600 531 635 553 ex
654 522 744 553 mera
768 519 899 552 scientia
922 530 957 552 ac
978 530 1044 551 ma-
1064 511 1066 539 ἵ

307 574 379 605 tura
409 572 643 606 deliberatione
674 572 812 611 nostris,
835 572 940 614 deque
967 582 1044 614 apo-

305 626 438 659 stolicae
464 627 632 669 potestatis
648 625 864 668 plenitudine,
881 635 917 657 ac
935 625 973 657 de
992 635 1043 656 ve-

306 678 501 711 nerabilium
527 678 660 711 fratrum
687 683 874 710 nostrorum
899 677 930 710 S.
950 677 986 709 R.
1006 677 1040 708 E.

305 731 519 764 cardinalium
537 730 569 762 in
594 732 660 762 tota
680 730 849 772 republica
866 729 1044 762 christiana

305 783 460 816 adversus
493 782 690 816 haereticam
721 782 912 826 pravitatem
944 792 1041 823 genc-

306 837 423 869 ralium
448 836 679 879 inquisitorum
696 846 712 869 a
730 838 839 868 sancta
860 836 942 868 Sede
961 836 1043 878 Apo-

305 889 420 923 stolica
445 889 633 932 specialiter
651 889 879 932 deputatorum
897 888 1040 927 consilio,

305 943 366 975 hac
391 945 499 975 nostra
529 947 686 986 perpetuo
719 941 856 977 valitura
881 941 1039 974 constitu-

306 995 393 1028 tione
426 996 644 1039 praeinsertas
676 995 801 1028 litteras
828 995 903 1027 dicti
940 994 1042 1026 lnno-

305 1048 402 1082 centii
417 1048 696 1092 praedecessoris,
715 1058 840 1080 necnon
859 1047 1041 1090 praedictas

306 1101 553 1135 constitutiones
567 1107 598 1134 et
615 1101 846 1139 ordinationes,
867 1100 1041 1143 omniaque
1063 1126 1064 1142 2

1063 1145 1064 1164 ³
1086 1150 1208 1182 testatis
1232 1150 1436 1193 plenitudine
1463 1156 1493 1182 et
1517 1149 1652 1183 consilio
1676 1148 1824 1192 pariter¹,

306 1159 337 1187 et
361 1153 490 1196 singula
514 1153 546 1186 in
573 1153 618 1186 eis
643 1158 793 1186 contenta
819 1159 850 1185 et
874 1163 1040 1195 expressa,

305 1216 442 1249 quorum
469 1211 598 1238 tenores
622 1205 847 1248 praesentibus
868 1215 928 1247 pro
946 1205 1041 1247 plene
1063 1199 1065 1242 ᾗ

306 1263 338 1290 et
362 1257 560 1290 sufficienter
585 1258 747 1300 expressis
774 1263 804 1290 et
828 1257 958 1290 insertis
987 1258 1043 1289 lia·
1063 1270 1064 1277 ¹

305 1310 376 1342 beri
401 1310 571 1349 volumus,
597 1310 785 1342 earumdem
811 1315 924 1342 tenore
950 1320 1043 1352 prae-

304 1363 464 1401 sentium,
489 1368 648 1405 perpetuo
674 1362 898 1394 confirmamus
924 1368 956 1395 et
988 1373 1042 1404 ap—
1063 1399 1064 1402 Ἰ

303 1415 477 1457 probamus
508 1420 538 1446 et
563 1414 772 1453 innovamus,
803 1424 921 1457 easque
943 1414 1043 1446 invio—

304 1467 447 1500 labiliter
471 1473 501 1499 et
527 1467 721 1499 inconcusse
748 1467 868 1499 servari
895 1468 1041 1500 volumus

305 1525 337 1552 et
361 1520 561 1552 mandamus.

350 1572 364 1615 ἓ
388 1572 419 1605 3.
447 1572 484 1604 Et
509 1571 719 1604 nihilominus
744 1582 856 1604 omncs
874 1582 1043 1615 quascum-
1064 1602 1065 1605 ,

111 1636 367 1668 ruiniiem.Nuttaeque
389 1630 420 1657 et
436 1625 578 1666 singulas
596 1635 763 1667 personas,
783 1630 844 1657 tam
863 1626 1042 1658 saeculares

307 1688 402 1721 quam
420 1678 665 1717 ecclesiasticas,
685 1678 780 1710 etiam
801 1680 975 1721 regulares
992 1690 1042 1711 cu-
1063 1705 1064 1712 ,

1063 1722 1064 1740 ἶ
1087 1730 1134 1768 tis,
1156 1735 1268 1761 contra
1286 1739 1523 1772 quoscumque,
1544 1728 1609 1760 sive
1630 1730 1822 1766 saeculares,

306 1730 496 1773 iuscumque
534 1730 698 1772 dignitatis
713 1757 720 1770 ,
755 1735 877 1770 status,
903 1732 1042 1772 gradus,

304 1783 443 1823 Ordinis
462 1783 733 1825 congregationis,
755 1783 919 1816 societatis
945 1790 977 1816 et
997 1784 1043 1816 in-
1063 1819 1064 1829 ἵ

304 1836 432 1876 stituti,
459 1836 555 1869 etiam
586 1835 755 1868 Societatis
786 1836 857 1868 lesu
885 1842 916 1869 et
940 1838 1041 1869 sancti
1063 1861 1064 1871 i

1062 1881 1065 1920 ἶ
1085 1888 1133 1919 vel
1169 1887 1345 1929 particulas
1381 1891 1585 1919 consecratas
1621 1896 1822 1928 quocumque

1062 1963 1063 1966 1
1085 1940 1192 1979 modo,
1210 1939 1305 1971 etiam
1325 1937 1413 1970 sine²
1430 1938 1585 1981 qualitate
1607 1937 1691 1975 furti,
1712 1948 1822 1980 perse

1062 1990 1064 1996 ’
1085 1992 1172 2034 ipsos
1196 1993 1244 2025 vel
1270 1991 1350 2024 alios
1377 2001 1600 2033 quoscumque
1631 1996 1686 2022 aut
1710 1991 1748 2023 de
1784 1991 1823 2022 al-

305 1889 433 1922 loannis
457 1888 757 1932 Hierosolymitani,
782 1889 1041 1932 quibuscumque

304 1942 482 1985 privilegiis
497 1969 504 1982 ‚
541 1942 801 1984 exemptionibus
826 1947 857 1974 et
880 1942 1013 1974 indultis
1033 1969 1039 1981 ‚

305 1995 402 2029 etiam
427 1995 460 2027 in
485 2005 623 2038 corpore
648 1994 726 2026 iuris
752 1995 878 2034 clausis,
904 1996 1042 2027 munitas

305 2054 338 2082 et
361 2046 525 2087 suffultas,
551 2046 684 2090 speciali
717 2057 753 2080 ac
790 2048 885 2080 etiam
918 2048 1063 2090 speria-¹

303 2101 425 2135 lissima
449 2103 525 2133 nota
550 2100 675 2142 dignas,
693 2106 725 2132 et
750 2110 803 2133 cas
829 2110 911 2143 quae
938 2102 1063 2138 nomi-¹

303 2153 405 2186 natim
431 2158 461 2185 et
485 2152 727 2185 individualiter
747 2152 879 2195 exprimi
902 2153 1040 2191 debent,
1062 2178 1063 2183 ,

1062 2198 1063 2208 ’
1084 2203 1189 2234 tumus
1215 2201 1335 2234 indicio
1361 2206 1393 2233 et
1417 2201 1678 2243 interpretationi
1700 2201 1823 2243 praeta-

1062 2249 1063 2259 *
1086 2260 1191 2287 torum
1216 2254 1450 2286 venerabilium
1478 2254 1611 2285 fratrum
1632 2259 1819 2285 nostrorum

304 2216 410 2249 neque
435 2206 530 2239 aliter
555 2215 649 2249 quam
667 2206 726 2238 sub
744 2205 946 2248 praescripto
971 2216 1041 2238 ccr-

305 2265 355 2292 tae
381 2259 504 2292 formae
530 2259 561 2291 in
583 2258 792 2301 generalibus
818 2264 872 2290 aut
896 2258 1042 2301 speciali-

303 2312 364 2344 bus
388 2311 674 2345 constitutionibus
698 2311 819 2344 includi
846 2316 876 2343 et
896 2321 1039 2354 eompre-

304 2364 406 2398 hendi
430 2369 569 2407 possunt
592 2374 628 2396 ac
653 2364 770 2403 solent,
798 2364 886 2396 nulla
909 2374 1040 2406 prorsus

304 2419 448 2460 excepta,
461 2416 520 2449 sub
536 2416 737 2459 praeinserta
755 2416 934 2448 Innocentii
953 2426 1041 2458 prae·

306 2469 485 2503 decessoris
509 2468 741 2501 constitutione
769 2468 935 2511 praedicta
955 2478 1041 2500 com-

305 2523 490 2566 prehensas
512 2528 543 2555 et
559 2522 583 2554 si
603 2532 681 2565 quas
699 2532 734 2554 ex
754 2522 800 2554 eis
814 2531 875 2564 pro
891 2526 1039 2563 tempore

306 2575 497 2609 atrocissimi
514 2575 612 2608 huius
627 2575 769 2607 criminis
786 2584 861 2607 reos
881 2584 948 2607 esse
968 2584 1041 2606 con-

392 2638 470 2672 Bull.
492 2638 573 2665 Rom.
597 2638 657 2665 Vol.
678 2653 712 2656 —
731 2637 790 2664 XX.
935 2635 966 2662 21

1718 201 1771 233 lt'il

1087 257 1224 295 stiterit,
1251 257 1309 289 lias
1343 258 1493 289 omnibus
1526 263 1554 288 et
1589 259 1724 299 singuli<
1758 264 1820 290 111111

1087 310 1228 352 antiquis
1255 315 1319 341 tum
1338 309 1367 341 in
1395 310 1478 342 dieta
1504 310 1702 352 praeinserti‘i
1730 312 1822 343 limo-

1086 362 1185 394 centii
1215 362 1474 405 praedecessoris
1506 362 1734 394 1-11115111111111111Ἰ
1769 364 1819 394 111-

1086 414 1227 454 novatis,
1253 415 1348 447 ctiam
1375 415 1479 457 quoad
1507 414 1742 447 ecclesiasticos
1769 416 1822 447 de-

1086 467 1283 509 gradationis
1308 467 1404 499 realis
1434 473 1464 499 et
1491 467 1672 499 traditionis
1689 467 1823 499 brachio

1086 521 1264 559 saeculari,
1294 520 1407 563 poenis
1432 519 1564 553 omnino
1591 525 1622 552 et
1652 519 1823 552 irremissi-

1085 573 1196 605 biliter
1220 572 1375 605 obnoxias
1397 573 1491 605 t'uisse
1517 578 1548 605 et
1572 583 1650 612 esse,
1670 572 1824 615 cognitio-

1086 635 1225 668 nemque
1250 625 1406 668 praedicti
1433 625 1563 657 sceleris
1581 630 1691 657 contra
1708 635 1762 657 eas
1784 626 1822 656 ad

1085 677 1273 710 Ordinarios
1298 677 1536 710 ecclesiasticos
1569 683 1600 710 et
1624 678 1661 709 ad
1688 677 1824 720 inquisi-

1063 738 1065 748 ¹
1086 736 1173 762 tores
1194 736 1308 763 contra
1326 730 1522 763 haereticam
1548 729 1750 771 pravitatem,
1769 731 1822 772 qui

1086 783 1172 815 iuxta
1196 782 1292 815 huius
1317 787 1444 814 nostrae
1465 788 1496 814 et
1513 782 1647 814 aliarum
1674 792 1825 824 quarum-

1085 845 1224 878 cumque
1249 836 1289 868 ad
1314 836 1456 869 savorem
1480 835 1553 867 fidei
1578 840 1609 867 et
1630 835 1725 868 officii
1752 846 1822 867 san-

1085 893 1154 920 ctae
1170 888 1391 931 inquisitionis
1417 888 1603 921 huiusmodi
1623 887 1825 921 constitutio-

1085 951 1161 973 num
1176 940 1335 973 editarum
1350 942 1482 973 sormam
1502 946 1533 973 et
1548 946 1695 973 tenorem
1714 950 1825 982 procc-

1086 994 1162 1026 dere
1179 993 1307 1026 valeant
1325 1003 1361 1026 ac
1375 993 1526 1032 debeant,
1544 992 1698 1035 privative
1717 993 1824 1034 quoad

1085 1045 1165 1078 alios
1201 1056 1425 1089 quoscumque
1458 1046 1653 1089 spectavisse
1685 1055 1720 1077 ac
1752 1056 1825 1088 spe-

1085 1103 1183 1138 ctare,
1208 1106 1309 1137 motu,
1334 1098 1474 1137 scientia,
1502 1098 1747 1136 deliberatione,
1768 1108 1825 1140 po-

1087 1208 1197 1236 tenore
1222 1202 1452 1246 praesentium,
1476 1203 1686 1242 declaramus,
1713 1202 1824 1234 statui-

1085 1267 1155 1288 mus
1181 1262 1276 1298 atque
1303 1256 1517 1288 decernimus.

1130 1309 1144 1350 ξ
1162 1308 1193 1340 4.
1214 1308 1348 1351 Insuper
1366 1309 1425 1340 liae
1443 1309 1554 1341 eadem
1573 1310 1684 1340 nostra
1707 1319 1823 1351 perpe·

1087 1624 1353 1666 dispositionibus
1389 1624 1584 1667 praedictis,
1610 1623 1824 1666 omnibusque

1086 1682 1116 1709 et
1134 1677 1269 1719 singulis
1287 1677 1437 1719 superius
1458 1676 1622 1719 expressis
1642 1681 1673 1708 ct
1691 1681 1825 1708 conten-

1085 1782 1148 1814 sive
1174 1782 1423 1819 ecclesiasticos,
1449 1781 1543 1813 etiam
1569 1782 1758 1823 regulares,
1791 1786 1822 1811 ut

1086 1835 1281 1877 praefertur,
1309 1844 1490 1877 expressos,
1512 1834 1566 1876 qui
1586 1834 1684 1866 dictas
1704 1833 1824 1865 hostias

1085 2044 1184 2077 terius
1208 2045 1360 2076 mandato
1387 2044 1561 2076 habuerint
1597 2054 1654 2075 seu
1682 2043 1823 2075 retinue-

1086 2097 1160 2135 rint,
1179 2097 1227 2129 vel
1248 2097 1311 2129 alio
1338 2096 1514 2128 transferre
1534 2096 1581 2128 vel
1602 2101 1821 2137 transportare

1084 2148 1382 2192 praesumpserint,
1408 2158 1505 2191 super
1530 2148 1644 2190 quibus
1670 2148 1745 2179 stari
1771 2158 1823 2179 vo-

1083 2307 1113 2339 S.
1134 2307 1171 2339 R.
1191 2306 1226 2339 E.
1246 2306 1458 2339 cardinalium
1484 2305 1726 2348 inquisitorum,
1754 2305 1822 2347 qui-

1084 2362 1142 2393 bus
1173 2360 1297 2403 pariter
1322 2359 1543 2402 cognitionem
1569 2369 1667 2401 super
1692 2358 1821 2400 praedi-

1083 2413 1141 2445 ctis
1166 2422 1380 2451 reservamus,
1398 2411 1483 2443 iuxta
1508 2421 1639 2443 casuum
1661 2416 1691 2442 et
1708 2420 1820 2453 perso-

1083 2476 1198 2498 narum
1223 2463 1481 2498 circumstantias
1503 2469 1535 2496 et
1551 2463 1729 2505 qualitates,
1749 2471 1819 2493 cum

1119 2537 1129 2562 1
1153 2535 1254 2562 Forsan
1274 2533 1419 2569 legendum
1435 2533 1558 2568 paribus
1577 2535 1615 2565 (tt.
1631 2532 1679 2565 τ.).

1117 2580 1134 2607 2
1152 2579 1223 2607 Edit.
1244 2579 1326 2606 Main-
1347 2579 1413 2614 legit
1430 2579 1486 2605 sive
1506 2585 1552 2615 pro
1572 2578 1634 2605 sine
1651 2580 1693 2611 (a.
1710 2577 1758 2609 T.)-

1826 210 1874 235 Αη.
1896 208 1922 234 (3,
1948 208 2015 234 1690

1875 1315 2017 1342 Compi-etian-

1832 1343 1908 1362 duntur
1953 1350 1963 1362 u
1976 1349 1994 1362 ia
2005 1350 2009 1362 1

1087 1366 1140 1392 tuo
1160 1361 1296 1393 valitura
1318 1360 1569 1399 constitutione,
1589 1361 1700 1393 iisdem
1722 1367 1867 1398 motumor
1891 1375 1913 1388 >e
1939 1370 1970 1388 vet
1991 1351 2016 1388 1¹¹0

1085 1413 1232 1452 seientia,
1259 1413 1505 1451 deliberatione,
1525 1414 1696 1455 potestatis
1718 1398 2016 1457 pleni-issiflfsint'fiio

1064 1466 1197 1498 'tudine
1224 1472 1255 1498 et
1281 1466 1436 1505 consilio,
1463 1471 1672 1497 memoratam
1700 1466 1808 1508 praein
1833 1448 2014 1494 Yt‘v'ssffim'oefflu‘

1064 1525 1202 1551 isertam
1240 1519 1315 1551 dicti
1351 1518 1528 1555 innocentii
1561 1518 1824 1561 praedecessoris

1086 1571 1361 1610 constitutionem,
1387 1581 1458 1602 cuni
1485 1569 1759 1602 declarationibus
1789 1579 1825 1601 ac
1867 1571 1873 1577 '
