2254 3225
243 214 289 241 An.
306 216 337 244 c.
360 217 425 245 ¹600
473 211 514 244 24

468 269 595 302 rimini,
612 271 795 303 caudatario,
811 271 914 298 loanni
930 271 1019 298 Paulo
1034 269 1168 297 Romaldi

468 314 626 347 AEsinenffi,
647 315 802 349 crucifero,
823 316 928 343 Ioanni
947 314 1082 348 Bissaiga
1097 314 1167 339 Ver-

468 359 594 386 cellensi
615 363 645 386 et
664 360 844 388 Bernardino
865 360 944 387 Porti
971 358 1166 388 Bononiensi,

468 404 653 436 cappellanis
673 405 811 437 secretis,
833 411 950 431 necnon
969 404 1075 430 AEneae
1096 402 1167 428 Bru-

468 446 545 473 sioni
565 447 787 479 Caesenatensi‚
808 448 934 475 Antonio
955 446 1086 480 Scipioni
1113 445 1166 471 Ga—

466 490 588 518 bellotti
621 492 831 518 Faventinensi
849 512 855 522 ,
887 491 1055 517 Alexandro
1087 487 1167 514 Ferri

466 534 626 567 Laudensi,
647 535 827 562 Bernardino
848 534 912 561 Ceci
928 531 1120 563 Alatrinensi,
1137 534 1167 556 et

466 577 613 606 Ludovico
634 579 681 605 del
701 579 776 605 Nero
797 579 923 604 Romano
942 577 1112 610 respectjve
1129 574 1167 602 ci-

465 623 594 650 vitatum
615 627 646 650 et
667 624 835 650 dioecesum
857 621 974 649 clericis
1003 626 1056 646 seu
1082 626 1165 652 pres-

464 667 577 701 byteris
598 669 646 693 vel
666 668 763 696 laicis.
782 665 912 693 cubiculi
932 664 1029 691 nostri
1050 663 1166 690 adiuto-

464 712 564 746 ribus,
585 713 784 739 familiaribus
805 710 957 738 continuis
984 715 1166 736 commensa-

463 757 543 784 libus
564 758 687 790 nostris,
705 758 834 783 salutem
850 758 880 782 et
899 754 1095 788 apostoticam
1117 752 1167 779 he-

462 801 673 828 nedictionem.

472 854 486 896 ξ
511 853 542 886 1.
570 854 810 896 Circumspeeta
834 851 970 885 Romani
999 849 1165 884 Pontificis

428 905 600 946 gratiarum
620 903 870 947 dispensationis
888 902 1094 946 providentia
1112 901 1166 934 de-

429 963 518 991 votos
548 964 578 990 et
603 957 717 989 fideles
742 966 831 995 suos,
859 956 933 988 illos
958 953 1161 998 praesertim,

428 1010 482 1053 qui
508 1015 597 1052 grata
622 1007 845 1041 familiaritatis
870 1007 1027 1050 obsequia
1047 1006 1166 1048 iugiter

427 1063 455 1096 ei
482 1063 684 1105 impendunt,
710 1072 745 1094 ae
772 1070 851 1104 quos
878 1061 916 1093 ad
935 1060 967 1093 id
986 1060 1066 1093 alias
1091 1070 1165 1103 pro-

426 1116 496 1158 pria
520 1115 672 1147 virtutum
697 1114 811 1146 merita
836 1113 1080 1151 commendant,
1106 1113 1164 1145 ho-

425 1169 514 1201 noris
540 1174 572 1200 et
606 1168 709 1201 famae
735 1166 949 1209 amplioribus
982 1165 1164 1208 praeconiis

425 1232 461 1254 ae
482 1221 658 1264 praeclaris
678 1219 870 1262 dignitatum
887 1219 989 1252 titulis
1008 1219 1163 1251 decorare

426 1280 457 1306 et
481 1283 597 1306 ornare
623 1283 751 1305 necnon
780 1271 929 1315 specialis
964 1271 1164 1304 benevolen-

425 1326 488 1359 tiae
513 1325 675 1359 favoribus
695 1325 846 1368 amplecti
863 1326 959 1365 solet,
979 1329 1077 1368 prout
1093 1334 1164 1367 per-

425 1390 576 1412 sonarum
588 1378 798 1422 qualitatibus
807 1378 966 1421 conspicit
976 1378 1162 1411 convenire.

232 1437 413 1484 tufssflffd‘ss'ssffli
468 1434 483 1476 ξ,
508 1432 538 1465 9.
566 1432 646 1465 Ilinc
672 1437 719 1464 est
743 1432 828 1474 quod
855 1442 925 1471 nos,
951 1431 989 1464 ad
1008 1437 1097 1474 grata
1121 1432 1164 1464 sa-

232 1471 368 1537 jggfffflselur
401 1496 413 1511 ὃ
424 1485 618 1519 miliaritatis
632 1484 800 1527 obsequia,
816 1494 898 1527 quae
913 1494 977 1523 vos,
993 1484 1047 1527 qui
1065 1484 1162 1516 etiam

426 1538 569 1571 continui
591 1539 825 1570 commensales
842 1537 945 1570 nostri
965 1537 1114 1578 existitis,
1133 1543 1164 1570 et

427 1591 565 1634 quilibet
590 1596 729 1624 vestrum
756 1591 849 1623 nobis
868 1591 1023 1624 hactenus
1041 1591 1164 1633 impen-

424 1644 528 1683 distis,
546 1649 577 1677 et
597 1644 704 1677 adhuc
728 1644 874 1677 sollicitis
899 1645 1014 1677 studiis
1039 1644 1164 1687 impen-

425 1698 499 1731 dere
525 1708 588 1731 non
615 1697 783 1737 desistitis,
806 1708 934 1731 necnon
960 1698 998 1730 ad
1024 1698 1106 1730 vitae
1128 1708 1162 1730 ac

423 1761 548 1784 morum
575 1751 791 1790 honestatem,
825 1751 955 1794 aliaque
987 1751 1162 1784 laudabilia

423 1803 592 1846 probitatis
617 1809 648 1836 et
680 1803 833 1836 virtutum
860 1804 988 1843 merita,
1007 1803 1015 1819 ¹
1045 1804 1161 1847 quibus

422 1867 581 1900 personas
607 1862 727 1889 vestras
754 1857 850 1889 etiam
886 1856 1037 1890 familiari
1066 1867 1163 1900 expe-

423 1909 540 1942 rientia
574 1909 673 1942 iuvari
711 1910 927 1953 percepimus,
965 1909 1161 1952 condignam

424 1962 583 1995 rationem
602 1962 770 2003 liabentes3
785 1974 821 1995 ae
838 1968 1015 2006 propterea
1033 1963 1160 1996 easdem

423 2024 579 2058 personas
604 2020 723 2047 vestras
754 2016 928 2058 peculiaris
955 2016 1064 2049 favore
1090 2027 1162 2058 gra-

425 2067 495 2107 tiae,
515 2079 551 2100 ac
577 2068 726 2110 specialis
744 2069 878 2102 lionoris
900 2074 931 2102 et
948 2069 1160 2102 excellentiae

425 2118 589 2160 dignitatis
615 2118 706 2151 titulo
725 2119 900 2152 sublimare
919 2121 1075 2160 volentes,
1094 2131 1161 2153 vos-

425 2181 486 2213 que
511 2178 542 2205 et
567 2171 745 2213 quemlibet
768 2177 910 2205 vestrum
945 2184 961 2205 a
993 2173 1159 2216 quibusvis

425 2224 780 2264 excommunicationis,
808 2227 1032 2268 suspensionis
1059 2231 1091 2259 et
1114 2226 1160 2259 in-

424 2276 562 2317 terdicti,
579 2277 716 2320 aliisque
732 2279 960 2312 ecelesiasticis
978 2279 1159 2321 sententiis,

424 2329 571 2362 censuris
596 2335 627 2362 et
647 2331 773 2373 poenis,
800 2343 817 2364 a
843 2332 911 2365 iure
929 2334 978 2365 vel
997 2332 1036 2365 ab
1054 2333 1160 2365 horni-

423 2392 473 2421 ne,
501 2383 610 2425 quavis
636 2385 804 2417 occasione
830 2386 880 2418 vel
906 2387 1000 2418 causa
1021 2385 1106 2426 latis,
1133 2386 1159 2418 si

424 2434 540 2477 quibus
567 2437 813 2478 quomodolibet
838 2438 982 2470 innodati
1009 2438 1157 2478 existitis,

423 2488 461 2519 ad
482 2487 632 2520 effectum
658 2491 876 2531 praesentium
903 2492 1068 2524 dumtaxat
1085 2502 1159 2524 con-

422 2542 633 2583 sequendum,
655 2543 767 2576 haruin
793 2545 877 2577 serie
903 2545 1110 2577 absolventes
1129 2552 1159 2577 et

260 858 382 883 Exordium.

459 2603 470 2629 1
492 2602 654 2630 Particulani
675 2607 700 2632 et
720 2605 783 2632 hinc
803 2605 945 2633 abiicimus
963 2607 1004 2641 (R.
1019 2606 1069 2641 T.)-

1009 222 1185 246 Bucar-icit
1212 220 1365 244 ROMANL'M

1951 219 1999 246 An.
2021 219 2050 247 C.
2074 220 2140 249 1520

1210 268 1376 300 absolutos
1401 265 1469 298 sore
1490 267 1668 304 censentes,
1686 270 1776 298 motu
1799 267 1945 310 proprio,

1210 329 1275 351 non
1301 318 1340 350 ad
1368 322 1505 350 vestram
1532 318 1583 349 vel
1614 318 1747 350 alterius
1770 329 1830 362 pro
1856 320 1946 353 vobis

1209 381 1306 415 super
1331 372 1394 404 hoc
1420 371 1547 404 oblatae
1565 371 1731 414 petitionis
1748 372 1945 415 instantiam,

1209 424 1266 456 sed
1292 424 1330 456 de
1355 426 1445 458 mera
1468 423 1666 458 liberalitate
1685 430 1717 458 et
1734 428 1820 459 certa
1844 427 1946 460 seien-

1210 477 1252 509 tia
1275 477 1406 516 nostris,
1430 487 1467 510 ac
1492 477 1530 510 de
1551 479 1752 521 apostolicae
1777 480 1946 522 potestatis

1209 530 1423 572 plenitudine,
1449 540 1505 563 vos
1537 535 1568 563 et
1593 532 1771 574 quemlibet
1806 538 1944 566 vestrum

1209 583 1388 626 respective
1413 584 1446 616 in
1470 589 1599 617 nostros
1624 590 1654 618 et
1678 585 1768 618 Sedis
1789 586 1948 628 Apostoli-

1209 646 1264 668 eae
1292 636 1439 669 notarios
1476 636 1563 679 (sine
1600 643 1705 670 tamen
1744 638 1946 681 praeiudicio

1209 690 1402 723 dilectorum
1427 690 1568 724 filiorum
1593 691 1794 725 notariorum
1825 692 1864 725 de
1890 703 1948 725 nu·

1209 753 1299 776 mero
1324 743 1611 786 participantium),
1638 745 1816 787 apostolica
1840 752 1949 779 aucto-

1209 795 1313 835 ritate,
1331 801 1440 829 tenore
1458 797 1691 839 praesentium,
1709 798 1896 841 recipimus3
1915 803 1947 831 et

1209 848 1291 880 sacri
1316 848 1426 891 palatii
1447 855 1480 881 et
1499 850 1589 882 aulae
1606 850 1834 883 Lateranensis
1852 851 1948 899 gorni-

1209 907 1255 933 tes
1280 912 1406 934 necnon
1432 907 1562 935 auratae
1587 903 1722 936 militiae
1747 904 1884 946 equites,
1910 915 1947 937 ac

1208 954 1336 987 nobiles
1362 952 1545 995 Romanos,
1570 961 1600 989 et
1625 956 1719 989 Urbis
1746 957 1885 997 Romae,
1911 967 1948 991 ac

1207 1007 1372 1040 civitatum
1410 1008 1645 1041 Avenionensis
1660 1035 1667 1049 ,
1710 1009 1944 1051 Bononiensis,

1207 1059 1424 1093 Ferrariensis
1441 1086 1449 1100 ‚
1492 1061 1737 1095 Beneventanae
1752 1088 1759 1102 ‚
1792 1063 1948 1095 omnium-

1207 1123 1269 1155 que
1308 1117 1339 1146 et
1374 1113 1575 1155 singularum
1606 1114 1742 1147 aliarum
1767 1115 1944 1155 civitatum,

1209 1171 1366 1198 terrarum
1385 1172 1417 1199 et
1433 1167 1589 1208 locorum,
1605 1167 1769 1200 Romanae
1783 1168 1947 1202 Ecclesiae

1206 1219 1346 1252 mediate
1370 1220 1419 1252 vel
1441 1219 1626 1253 immediate
1644 1221 1875 1261 subiectorum,
1903 1221 1948 1254 ci-

1206 1282 1270 1312 veS,
1295 1282 1367 1304 cum
1388 1272 1537 1305 omnibus
1562 1273 1695 1313 iuribus,
1714 1273 1947 1307 iurisdictioni-

1205 1324 1274 1364 bus,
1295 1325 1538 1368 praerogativis,
1566 1331 1596 1358 et
1620 1326 1803 1369 insignibus
1829 1327 1946 1360 debitis

1206 1383 1238 1410 et
1262 1378 1444 1419 consuetis,
1468 1389 1616 1412 creamus
1636 1389 1673 1412 ac
1697 1380 1944 1421 constituimus,

1206 1442 1242 1464 ac
1266 1431 1298 1464 in
1324 1442 1493 1465 numerum
1520 1438 1552 1465 et
1577 1433 1775 1466 consortium
1806 1434 1945 1467 aliorum

1206 1490 1390 1518 nostrorum
1408 1490 1440 1518 et
1456 1486 1603 1518 eiusdem
1621 1486 1712 1519 Sedis
1731 1487 1944 1527 notariorum,

1206 1548 1332 1571 necnon
1353 1538 1465 1581 palatii
1479 1539 1616 1571 etaulae
1643 1538 1829 1572 huiusmodi
1847 1540 1946 1572 comi-

1207 1597 1284 1631 tum,
1304 1592 1449 1635 equitum
1472 1597 1504 1624 et
1526 1592 1685 1625 nobilium
1711 1592 1944 1634 Romanorum,

1205 1645 1406 1688 aliorumque
1421 1645 1536 1677 civium
1551 1646 1714 1678 civitatum
1734 1652 1765 1679 et
1786 1652 1945 1679 terrarum

1205 1698 1453 1740 praedictarum,
1463 1698 1634 1731 referimus
1649 1704 1681 1731 et
1695 1699 1943 1734 conscribimus.

1248 1750 1308 1794 §3
1325 1750 1499 1794 Yobisque‚
1515 1750 1639 1783 etiarnsi
1661 1752 1808 1784 habitum
1826 1757 1857 1785 et
1874 1763 1942 1786 roe-
1980 1760 2139 1782 Gaudeaniuo-

1954 1788 2054 1807 tarini-uni
2066 1804 2070 1810 .
2097 1790 2131 1807 etc

1205 1804 1349 1836 chettum
1375 1804 1576 1837 notariorum
1602 1805 1706 1838 dictae
1735 1804 1827 1837 Sedis
1853 1805 1939 1838 iuxta
1952 1814 2070 1839 nrivitvrm
2091 1802 2138 1843 vum*

1205 1856 1335 1889 decreta
1351 1856 1581 1889 Lateranensis
1608 1857 1737 1890 concilii
1763 1858 1940 1890 novissime
1952 1841 2045 1888 giigiissfu
2066 1843 2137 1861 ‘⁹⁵²⁸'

1204 1908 1360 1941 celebrati
1393 1919 1458 1942 non
1492 1909 1667 1950 deseratis,
1706 1915 1761 1942 aut
1796 1910 1942 1943 civitates

1204 1962 1388 1995 huiusmodi
1425 1973 1491 1996 non
1528 1963 1728 1996 incolueritis
1746 1990 1753 2003 ,
1791 1974 1852 1996 nec
1881 1975 1942 1996 un-

1204 2027 1298 2059 quam
1324 2016 1357 2048 in
1383 2016 1505 2048 eisdem
1535 2016 1716 2048 civitatibus
1741 2017 1941 2050 domicilium

1204 2068 1391 2108 habueritis,
1408 2074 1442 2100 ut
1459 2068 1609 2101 omnibus
1629 2074 1660 2101 et
1681 2069 1940 2113 quibuscumque

1202 2120 1378 2164 privilegiis
1397 2126 1427 2153 et
1444 2121 1660 2160 facultatibus,
1678 2121 1939 2164 exemptionibus

1203 2180 1234 2207 et
1250 2173 1519 2213 immunitatibus,
1537 2174 1749 2214 libertatibus,
1766 2175 1938 2217 favoribus,

1203 2227 1313 2269 gratiis
1336 2232 1367 2259 et
1391 2226 1537 2264 indultis,
1557 2226 1674 2269 quibus
1700 2227 1798 2260 ceteri
1825 2238 1939 2261 omnes

1202 2279 1319 2312 notarii
1344 2279 1456 2319 nostri,
1483 2279 1579 2312 etiam
1606 2279 1643 2312 de
1671 2291 1806 2314 numero
1839 2280 1940 2324 parti-

1202 2333 1389 2376 cipantium,
1408 2342 1443 2364 ac
1459 2332 1604 2372 comites,
1622 2332 1747 2376 equites
1766 2339 1796 2366 et
1812 2334 1940 2367 nobiles

1203 2387 1302 2429 (citra
1324 2392 1431 2419 tamen
1457 2386 1679 2428 exemptiones
1706 2397 1723 2418 a
1743 2397 1834 2420 sacro
1858 2387 1941 2420 Con-

1202 2439 1276 2472 cilio
1301 2438 1490 2471 Tridentino
1524 2439 1677 2479 sublatas,
1710 2439 1790 2472 itaut
1821 2441 1939 2473 nedum

1202 2492 1308 2535 quoad
1329 2491 1517 2531 criminalia,
1538 2492 1593 2524 sed
1620 2492 1715 2524 etiam
1734 2494 1836 2535 quoad
1864 2494 1940 2526 civi-

1201 2546 1243 2577 lia
1268 2544 1460 2577 subiaceatis
1484 2544 1670 2584 Ordinariis,
1693 2555 1728 2577 ae
1745 2545 1823 2578 citra
1842 2546 1941 2579 sacul-

1203 2603 1281 2631 tates
1296 2598 1509 2641 legitimandi,
1524 2598 1561 2630 ad
1577 2599 1695 2641 gradus
1712 2600 1937 2642 promovendi,

1983 545 2086 566 creantur
2104 553 2140 568 no-

1958 574 2017 596 tarii,
2033 577 2073 594 etc.
