2254 3225
217 299 253 324 Λιι
284 298 312 325 e.
333 299 398 326 1691
444 291 508 325 00⁶2

255 465 316 485 Fide(

213 495 350 518 Stulti-lurum.

341 469 396 487 uan-

980 306 1159 330 numanum

409 351 596 392 specialiter
626 357 658 384 et
684 363 835 396 expresse
861 354 1070 396 derogamus,
1090 365 1142 387 ce-

409 402 550 446 terisque
567 405 738 437 contrariis
756 406 1026 450 quibuscumque.

453 456 522 499 55.
557 457 710 491 Volumus
744 464 850 492 autem
882 465 918 492 ut
958 460 1142 495 earumdem

409 510 628 551 praesentium
644 511 823 544 litterarum
844 512 1064 555 transumptis,
1085 522 1142 544 seu

410 563 578 606 exemplis,
606 565 700 596 etiam
728 565 900 607 impressis,
926 575 1021 597 manu
1043 565 1142 597 alicu-

409 614 459 647 ius
485 616 601 648 notarii
627 617 748 659 publici
768 617 967 660 subscriptis,
987 622 1019 649 et
1035 617 1142 659 sigillo

408 678 566 710 personae
581 669 613 701 in
625 670 843 702 ecelesiastica
858 670 1014 713 dignitate
1026 670 1143 703 consti-

379 764 386 767 .
409 725 494 752 tutae
516 722 660 762 munitis,
694 723 807 755 eadem
836 734 969 766 prorsus
994 723 1082 765 tides,
1110 723 1141 755 in

387 765 526 806 ”iudicio
563 780 593 806 et
629 780 718 807 extra
750 776 829 808 illud
866 776 1034 815 habeatur,
1060 786 1142 818 quae

407 825 588 859 haberetur
613 827 693 871 ipsis
728 829 958 871 praesentibus
985 829 1011 862 si
1038 822 1165 868 sorent{

407 878 572 913 exhibitae
598 882 648 914 vel
670 887 831 915 ostensae.

451 932 563 965 Datum
589 933 720 973 Romae,
739 936 823 978 apud
846 936 876 968 S.
898 936 1027 969 Mariam
1047 936 1144 969 Maio-

406 995 487 1024 rem,
507 987 568 1018 sub
585 988 705 1020 annulo
728 988 911 1028 Piscatoris‚
930 990 981 1021 die
998 999 1077 1022 xvul
1096 1000 1144 1022 se-

406 1039 563 1079 ptembris
591 1040 766 1081 Mncxetv‘‚
802 1042 1007 1084 pontificatus
1040 1042 1143 1075 nostri

406 1100 491 1123 anno
513 1101 554 1124 1v.

441 1151 500 1179 Dat.
517 1152 559 1180 die
577 1154 608 1181 18
624 1155 786 1190 septembris
804 1156 881 1189 1694,
903 1157 999 1192 pontif.
1017 1165 1086 1185 anno
1106 1164 1142 1185 tv.

634 1280 734 1314 xcvii
760 1281 817 1324 (az.
846 1282 914 1325 96).

402 1348 622 1383 Declaramur
645 1356 673 1383 et
695 1353 966 1394 praescribuntur
982 1353 1144 1386 nonnulla.

448 1460 555 1489 lorum
568 1456 591 1489 ².

578 1528 773 1556 Innocentius
794 1530 964 1564 episcopus,

586 1580 692 1599 servus
714 1581 867 1600 servorum
888 1574 950 1605 Dei,

520 1616 557 1642 ad
578 1620 755 1650 perpetuam
774 1617 818 1644 rei
839 1619 1020 1645 memoriam.

447 1676 673 1720 Speculatores
699 1679 813 1711 domus
839 1679 950 1719 Israel,
985 1691 1066 1724 quae
1093 1687 1142 1714 est

403 1735 514 1763 sancta
538 1730 594 1763 Dei
620 1730 773 1771 Ecclesia,
793 1742 851 1774 per
875 1731 1073 1766 ineffabilem
1095 1733 1142 1766 di-

402 1782 676 1815 vinae‘bonitatis
706 1784 936 1817 abundantiam
962 1786 1138 1826 constituti,
1160 1805 1162 1815 =.

402 1836 441 1869 eo
467 1836 669 1879 potissimum
697 1836 735 1869 ab
753 1837 832 1880 ipsis
849 1837 1057 1881 pontificatus
1082 1850 1140 1872 no-
1160 1882 1161 1885 Ἴ

402 1889 459 1921 stri
485 1888 671 1932 primordiis
689 1890 861 1932 pastoralis
877 1890 1065 1933 vigilantiae
1084 1903 1139 1925 no-

402 1947 487 1974 strae
513 1942 617 1975 studia
643 1943 856 1975 convertenda
882 1953 950 1976 esse
976 1944 1136 1985 duximus,

399 2001 444 2035 ut,
467 1995 520 2038 qui
546 1995 578 2027 111
604 2001 724 2028 sortem
751 1996 876 2028 Domini
904 2003 1073 2038 vocantur,
1093 2009 1139 2031 sa·
1159 2007 1172 2042 1

400 2048 529 2091 erisque
561 2048 756 2081 addicuntur
787 2049 991 2088 ministeriis,
1018 2051 1137 2094 quippe

401 2110 482 2143 quos
499 2101 808 2144 irreprehensibiles
831 2113 903 2135 esse
925 2104 1086 2145 convenit,
1104 2110 1139 2136 ut
1157 2140 1158 2143 Ἴ

400 2164 553 2196 praeesse
576 2156 701 2187 valeant
719 2156 931 2198 corrigendis,
951 2168 987 2190 ac
1004 2157 1036 2190 in
1055 2168 1136 2201 quos
1156 2149 1158 2190 ἓ

437 2252 446 2276 1
463 2250 534 2276 Edit.
546 2250 624 2277 Maio.
643 2251 724 2278 habet
740 2252 765 2278 in
781 2255 854 2279 textu
868 2253 952 2285 1695;
967 2257 993 2280 at
1008 2254 1034 2280 in
1051 2262 1135 2289 marg.

401 2298 476 2322 notat
492 2295 576 2326 169ss
593 2300 618 2321 et
633 2295 668 2321 itu
684 2297 766 2331 exigit
781 2297 876 2331 pontif.
893 2306 963 2325 auno
979 2302 1061 2331 1v(n¹
1079 2305 1119 2329 τ.)

435 2339 451 2365 2
466 2339 494 2365 ln
510 2339 659 2366 innocentii
674 2339 705 2366 λΙ
719 2345 803 2367 coust.
816 2342 859 2367 ed.
877 2349 1033 2375 ittDCLxxxt'l,
1046 2343 1088 2369 die
1103 2344 1137 2370 30

398 2383 522 2416 ianuarii,
543 2383 639 2419 pontif.
661 2393 686 2418 x,
703 2384 791 2419 agitur
811 2385 843 2412 de
864 2385 1048 2413 Melitensibus
1062 2388 1135 2414 ordi-

399 2428 469 2454 natis
489 2435 549 2454 cum
568 2427 642 2453 falsis
656 2427 834 2461 dimissoriis,
854 2430 879 2455 111
897 2430 977 2455 huius
997 2431 1136 2457 Pontificis

398 2475 484 2499 coust.
507 2471 572 2498 edit.
593 2478 726 2505 MDCxctu,
744 2472 787 2499 (lie
808 2474 839 2499 11
859 2474 1022 2507 decembris,
1038 2475 1134 2509 pontif.

397 2523 438 2548 111,
455 2515 488 2542 de
503 2515 613 2542 indultis
633 2516 797 2551 suscipiendi
812 2517 921 2544 ordines
942 2524 1018 2545 extra
1033 2524 1135 2554 tempo-

396 2569 445 2592 ra·‚
475 2563 502 2586 et
527 2560 554 2586 in
571 2560 709 2586 Benedicti
731 2561 790 2587 XlIl
811 2562 916 2588 constit.
938 2562 980 2588 ed.
1002 2570 1134 2595 nnecxxv‚

397 2604 440 2631 1110
463 2604 492 2630 17
513 2604 686 2639 septembris,
708 2605 804 2639 pontif.
826 2611 853 2638 11,
874 2606 1033 2632 conceditur
1052 2615 1134 2641 supe-

397 2648 514 2674 rioribus
535 2648 754 2683 Congregationis
769 2648 900 2676 Missiouis
920 2650 1034 2677 facultas
1054 2650 1133 2677 dandi

397 2691 563 2718 dimissorias
583 2692 639 2718 suis
660 2692 784 2719 subditis.

1184 306 1338 330 metiamur

1187 360 1345 398 tamquam
1386 355 1418 388 in
1454 357 1620 399 speculum
1655 356 1772 401 reliqui
1806 355 1916 389 oculos

1185 408 1371 449 coniiciunt,
1398 419 1434 441 cx
1455 409 1559 453 iisque
1584 415 1714 443 sumunt
1737 409 1823 453 quod
1848 407 1918 441 imi-

1186 464 1303 501 tentur,
1328 462 1408 494 tales
1433 462 1496 494 sint
1521 462 1574 504 qui
1596 462 1692 505 digne
1717 461 1842 505 possint
1861 461 1919 494 do-

1185 512 1301 546 minica
1318 519 1519 547 sacramenta
1534 519 1680 553 tractare,
1694 525 1730 547 ae
1747 513 1920 546 aedificent

1186 571 1333 606 cunctos,
1362 572 1425 599 tam
1449 566 1525 600 fidei
1551 567 1700 608 scientia,
1723 578 1816 611 quam
1842 577 1919 610 ope-

1185 630 1253 652 rum
1280 620 1464 663 disciplina.

1229 673 1243 716 g
1269 673 1299 705 1.
1327 673 1407 706 Sane
1432 674 1496 707 hoe
1521 674 1600 707 inito
1626 675 1777 714 consilio,
1798 685 1862 708 non
1888 686 1920 708 a·
1956 683 2113 723 &urar-mn·

1185 725 1257 766 lios‚
1284 732 1440 769 quantum
1463 726 1531 759 sieri
1549 733 1668 770 potest,
1686 739 1782 771 quam
1808 728 1861 771 qui
1887 711 2112 789 inguniigiffi'iffi

1185 779 1353 812 sanctitate
1381 785 1412 812 et
1436 779 1555 813 iustitia
1580 791 1640 823 per
1664 781 1919 813 ordinatissimos
1931 790 2015 835 {'s⁴¹‘¹¹·?⁵
2053 795 2111 810 mu

1187 832 1423 865 ecclesiasticae
1449 833 1584 865 militiae
1613 834 1732 876 gradus
1758 834 1848 866 statis
1874 833 1921 866 in·
1941 822 2034 841 emma

1921 306 1969 332 An.
1991 307 2020 332 C.
2042 306 2110 333 1094

1162 879 1164 883 ⁴
1187 885 1328 918 tervallIS
1354 885 1610 926 ambulaverint,
1650 897 1685 918 ac
1710 886 1762 929 pie
1788 892 1819 919 et
1842 885 1922 919 tide-

1186 939 1260 971 liter
1285 938 1316 970 in
1342 938 1530 970 ministeriis
1562 939 1718 971 anteactis
1751 950 1785 971 se
1811 949 1922 982 gesse-

1186 992 1259 1031 rint,
1286 992 1325 1024 ad
1354 991 1568 1024 sacerdotium
1595 991 1724 1031 assumi,
1749 1003 1920 1035 sacrasque

1187 1044 1426 1083 ordinationes,
1464 1044 1551 1076 iuxta
1589 1043 1728 1087 priscum
1758 1044 1921 1077 Ecclesiae

1186 1107 1318 1136 morem,
1344 1096 1550 1140 praescriptis
1577 1107 1594 1128 a
1619 1096 1689 1129 iure
1722 1097 1922 1140 temporibus

1187 1150 1325 1184 orationi
1351 1156 1382 1183 et
1405 1150 1527 1182 ieiunio
1563 1151 1769 1191 consecratis,
1807 1151 1920 1184 haberi

1187 1203 1363 1246 cupientes,
1385 1203 1579 1236 severiorem
1601 1204 1772 1246 quamdam
1791 1204 1822 1236 in
1848 1214 1923 1236 con-

1186 1256 1340 1290 cedendis
1365 1256 1499 1289 indultis
1518 1256 1716 1300 suscipiendi
1736 1267 1844 1290 sacros
1871 1268 1922 1290 or-

1187 1309 1278 1342 dines
1305 1314 1392 1342 extra
1419 1314 1563 1351 tempora
1589 1309 1782 1349 huiusmodi,
1810 1315 1842 1342 et
1873 1309 1922 1342 in-

1163 1398 1165 1405 ,
1187 1362 1332 1395 terstitiis
1368 1362 1407 1394 ad
1440 1361 1469 1393 id
1497 1362 1671 1404 designatis
1697 1362 1829 1395 minime
1855 1373 1922 1396 ser-

447 1403 535 1435 circa
559 1404 781 1438 ordinationes
813 1406 993 1438 alienorum
1027 1406 1140 1439 subdia
1163 1415 1165 1441 ζ
1185 1416 1276 1456 vatis,
1311 1416 1398 1447 utu-0
1437 1414 1531 1447 nobis
1567 1415 1794 1457 proposuimus
1830 1417 1922 1449 adhj-

1185 1469 1323 1501 bendam
1349 1467 1516 1507 rationem,
1535 1470 1597 1510 qua
1621 1467 1771 1501 videlicet
1787 1471 1920 1509 servata,

1185 1526 1258 1554 ante
1283 1520 1433 1553 meritum
1452 1520 1585 1561 laboris,
1605 1526 1677 1553 ante
1696 1526 1821 1564 tempus
1848 1532 1920 1554 exa-

1184 1574 1302 1613 minis,
1344 1578 1417 1605 ante
1453 1572 1686 1615 experientiam
1712 1573 1918 1617 disciplinae,

1184 1626 1393 1659 sacerdotalis
1414 1626 1519 1658 honor
1535 1636 1600 1658 non
1619 1625 1764 1668 probatis
1788 1626 1920 1658 minime

1186 1680 1354 1719 tribuatur,
1380 1689 1440 1711 nee
1472 1688 1614 1721 unquam
1650 1679 1722 1711 heri
1759 1679 1918 1721 sacrilegi,

1184 1731 1281 1765 hodie
1307 1731 1513 1772 sacerdotes,
1552 1731 1622 1763 heri
1654 1731 1793 1774 profani,
1819 1731 1918 1765 hodie

1183 1795 1347 1818 sacrorum
1372 1784 1533 1817 antistites
1550 1811 1557 1824 ‚
1584 1789 1709 1817 veteres
1747 1784 1833 1825 vitio,
1859 1785 1920 1817 vir-

1184 1843 1251 1871 tute
1276 1839 1384 1876 rudes,
1411 1843 1440 1870 et
1467 1843 1612 1870 recentes
1644 1837 1796 1881 discipuli
1823 1838 1917 1871 simul

1182 1903 1218 1925 ac
1242 1891 1388 1934 magistri
1424 1891 1555 1934 pietatis
1592 1896 1765 1931 creentur·,
1802 1891 1859 1923 sed
1895 1891 1916 1923 ii

1184 1950 1314 1984 tantum,
1340 1944 1426 1976 iuxta
1463 1943 1654 1976 constitutas
1691 1954 1708 1976 a
1741 1943 1917 1977 maioribus

1182 2001 1283 2042 leges,
1311 1998 1350 2030 ab
1378 1997 1490 2030 humili
1528 1998 1627 2039 gradu
1664 1996 1768 2030 tidelis
1804 1997 1917 2040 populi

1181 2054 1218 2085 ad
1245 2061 1405 2085 sacrarum
1432 2050 1746 2082 administrationum
1772 2049 1917 2083 sublimi-

1181 2110 1277 2138 tatem
1303 2108 1564 2147 promooeantur,
1586 2103 1638 2145 qui
1664 2109 1736 2145 post
1759 2107 1914 2135 mutatum

1180 2158 1325 2191 habitum
1351 2157 1551 2189 saecularem
1577 2155 1728 2188 diuturna
1745 2165 1915 2188 conversa-

1179 2212 1267 2245 tione
1294 2211 1379 2243 intcr
1400 2209 1537 2242 clericos
1558 2209 1678 2241 suerint
1702 2208 1912 2252 comprobati,

1179 2276 1214 2298 ae
1238 2265 1338 2297 multo
1357 2269 1504 2306 tempore
1531 2261 1704 2294 didicerint
1728 2272 1810 2304 quae
1826 2267 1914 2304 post·

1179 2318 1310 2350 modum
1330 2317 1409 2350 alios
1430 2316 1546 2348 docere
1576 2320 1737 2347 tenentur.
1765 2314 1911 2347 Ceterum

1178 2381 1238 2414 per
1262 2381 1299 2403 ea
1324 2370 1395 2412 ipsa
1420 2368 1555 2407 indulta,
1592 2377 1674 2410 quae
1699 2377 1798 2410 super
1822 2377 1913 2409 prae-

1179 2423 1282 2456 missis
1306 2423 1434 2466 parcius
1460 2421 1600 2463 quidem,
1624 2431 1658 2452 ac
1677 2430 1713 2451 ex
1733 2420 1827 2452 certis
1845 2425 1914 2452 tan-

1180 2482 1244 2509 tum
1270 2482 1301 2508 et
1325 2475 1427 2517 magis
1453 2473 1698 2506 rationabilibus
1716 2473 1820 2505 causis
1838 2483 1913 2506 cou-

1178 2530 1295 2563 cedere
1321 2527 1530 2565 decrevimus,
1553 2526 1715 2558 contraria
1739 2526 1850 2569 quavis
1874 2526 1912 2559 il-

1178 2585 1282 2616 lorum
1308 2579 1575 2623 interpretatione
1601 2579 1729 2621 penitus
1749 2579 1913 2622 improba-

1179 2637 1217 2674 ta,
1237 2635 1408 2666 salutarem
1425 2633 1521 2671 illam,
1539 2643 1632 2675 quam
1651 2632 1733 2665 sacri
1747 2632 1909 2675 generalis

1178 2686 1356 2719 Tridentini
1384 2684 1515 2717 Concilii
1543 2685 1682 2722 decreta,
1709 2685 1747 2717 de
1773 2695 1835 2717 non
1861 2696 1911 2718 01·
