2227 3225
91 256 139 283 Αη.
155 255 183 283 (ἶ.
207 255 272 282 169ί

875 252 1083 276 VNNOCENTWS
1109 253 1154 275 ΧΠ
1177 253 1226 277 Pr.

281 314 382 348 penes
407 314 462 336 eos
480 301 705 341 asservaudae,
730 301 832 334 donec
851 307 882 333 et
904 311 1019 344 quous-

282 367 344 400 que
370 356 486 389 iisdem
523 355 641 399 puellis
671 355 717 387 sic
746 355 857 388 electis
881 365 939 387 seu
963 364 1020 387 no-

281 409 421 449 minatis,
447 419 519 441 eum
546 408 700 441 nimirum
725 419 778 441 eas
802 408 835 440 in
857 407 1018 449 religione

281 463 332 494 vel
346 462 560 501 matrimonio,
578 461 664 493 iuxta
690 471 800 494 earum
815 460 1019 493 vocationem

282 514 436 546 collocari
450 513 636 556 contigerit,
650 514 829 553 tradantur,
849 512 892 544 ita
912 517 1019 544 tamen

281 571 318 598 ut
341 566 367 598 si
390 577 472 609 quae
498 577 534 599 ex
562 566 636 606 illis,
662 576 744 609 quae
759 565 803 598 sie
821 566 943 598 electae
961 574 1019 596 seu

282 619 468 651 nominatae
485 619 618 659 suerint,
644 619 765 651 bonum
783 618 832 650 sui
853 617 1018 660 specimen

282 673 441 714 praebere
477 682 543 704 non
577 672 801 715 perrexerint,
828 682 889 714 qua
922 671 954 702 in
985 681 1018 703 re

282 723 479 757 memoratae
504 724 770 767 Congregationis
792 725 1019 766 deputatorum

284 776 403 810 iudicio
416 777 548 810 omnino
565 779 713 810 standum
728 777 797 817 erit,
814 777 888 809 illae
902 788 919 809 a
936 787 1022 808 com-

283 831 381 864 modo
407 836 438 863 et
461 830 624 864 beneficio
650 831 682 863 in
708 831 895 863 eorumdem
915 829 1021 862 subsi-

285 884 414 917 diorum
439 885 597 918 dotalium
622 885 682 918 sibi
708 885 944 927 assignatorum
970 893 1021 916 ca-

285 937 375 978 dant,
401 948 463 970 nec
487 937 543 971 illa
574 949 629 971 seu
655 939 785 971 illorum
810 937 941 970 cedulas
965 947 1022 979 pe-

285 995 366 1030 tere,
391 991 549 1034 consequi
575 996 607 1024 et
631 992 780 1024 obtinere
805 992 942 1030 valeant,
963 990 1020 1022 sed

285 1043 429 1076 subsidia
454 1043 500 1076 eis
526 1043 708 1086 assignata,
735 1055 790 1077 seu
815 1044 943 1077 illorum
970 1053 1021 1075 ce-

286 1096 380 1129 dulae
406 1097 601 1137 huiusmodi,
630 1097 900 1140 quemadmodum
926 1096 1020 1129 etiam

286 1148 350 1189 illa,
365 1160 456 1193 quae,
470 1150 510 1182 ol)
525 1151 719 1193 puellarum,
731 1150 847 1194 quibus
860 1150 1022 1192 assignata

286 1207 387 1242 erant,
403 1209 542 1235 mortem
558 1208 632 1235 ante
651 1213 760 1235 earum
779 1202 1022 1235 matrimonium

285 1255 334 1287 vel
347 1255 576 1288 monachatum
594 1256 771 1299 respective
789 1262 941 1295 secutam,
959 1255 1022 1288 sive

286 1307 328 1340 ob
353 1308 448 1340 aliam
473 1309 634 1341 rationem
666 1309 814 1342 effectum
839 1319 930 1341 suum
957 1319 1024 1341 sor-

286 1360 344 1393 tita
369 1371 435 1393 non
460 1361 602 1402 fuerint,
629 1362 700 1394 aliis
736 1361 855 1404 puellis
879 1362 1022 1394 eiusdem

285 1414 516 1446 conservatorii
542 1425 602 1457 per
627 1415 758 1447 eosdem
785 1415 954 1457 deputatos
969 1425 1024 1456 pa-

284 1466 463 1499 riformiter
489 1467 649 1509 eligendis
673 1478 728 1500 seu
748 1467 952 1500 nominandis
974 1478 1024 1499 as-

284 1519 472 1561 signentur,
497 1530 558 1552 nee
583 1520 644 1553 ista
668 1520 700 1552 in
727 1531 840 1553 eorum
865 1531 1023 1560 numero,

285 1582 368 1615 quae
393 1573 511 1615 puellis
534 1573 686 1615 praefatis
702 1600 709 1613 ‚
734 1573 814 1606 sieut
839 1573 1022 1616 praemitti-

287 1631 345 1666 tur,
366 1626 540 1668 quotannis
565 1625 722 1668 assignari
749 1626 885 1666 debent,
912 1628 1024 1660 ullate-

285 1689 347 1712 nus
372 1679 563 1722 computari,
589 1680 644 1712 sed
670 1690 771 1713 novae
797 1680 931 1713 cedulae
957 1680 1046 1713 illo-⁴

285 1741 356 1764 rum
384 1732 620 1775 promissoriae
653 1744 670 1765 a
695 1733 890 1776 supradictis
917 1733 1024 1766 archi-

286 1784 588 1818 confraternitatum
636 1790 669 1818 et
721 1787 1024 1819 confraternitatum

287 1838 504 1881 praefatarum
529 1838 858 1880 administratoribus,
882 1839 1026 1873 officiali-

287 1891 347 1924 bus
373 1901 432 1924 seu
462 1891 617 1924 ministris
644 1892 684 1924 ad
714 1892 857 1925 favorem
889 1892 1025 1939 aliarum

289 1945 470 1988 puellarum
494 1955 554 1988 per
579 1945 711 1978 eosdem
737 1945 918 1989 deputatos,
945 1945 1028 1978 sicut

289 1997 517 2040 praemittitur,
539 1998 818 2041 subrogandarum
843 2009 899 2032 seu
923 1999 1027 2032 nomi-

289 2051 468 2084 nandarum
482 2051 562 2091 sieri,
578 2052 734 2094 iisdemqe
750 2052 1025 2095 deputatis‚mod0

288 2113 318 2136 ni
334 2105 438 2137 torma
452 2104 659 2147 supradictis,
672 2105 858 2147 consignari
873 2105 1024 2138 debeant.

287 2157 433 2192 Ceterum
460 2167 683 2201 quaecumque
705 2159 938 2191 conseri-alerii
960 2159 1024 2191 liu-

289 2210 429 2244 iusinodi
455 2211 603 2253 puellae,
633 2221 714 2254 quae
740 2211 780 2243 ad
805 2212 948 2244 subsidia
973 2211 1027 2244 do-

290 2263 366 2296 talia
390 2265 545 2307 praefata,
566 2264 648 2296 sicut
669 2264 897 2307 praemittitur,
915 2265 1027 2297 admis-

289 2326 344 2349 sae
359 2327 416 2349 seu
433 2317 596 2349 nominate
614 2318 747 2356 fuerint,
761 2317 1026 2359 processionibus

290 2368 427 2412 aliisque
452 2369 592 2412 publicis
616 2369 837 2402 functionibus
862 2369 894 2402 in
920 2370 1027 2402 distri-

290 2422 425 2455 butione
461 2422 649 2455 eorumdem
685 2422 903 2455 subsidiorum
936 2423 1027 2455 dota-

290 2474 369 2508 lium
394 2481 449 2507 aut
471 2475 603 2507 illorum
629 2475 801 2508 occasione
827 2475 895 2508 fieri
922 2475 1027 2508 solitis

290 2527 448 2560 interesse
472 2528 605 2560 minime
632 2533 824 2568 teneantur,
851 2529 907 2561 sed
945 2529 1027 2561 intra

290 2579 375 2613 idem
401 2581 676 2614 conservatorium
704 2581 944 2614 sanctissii‘uum
969 2581 1028 2613 Eu-

292 2633 464 2667 charistiae
489 2640 726 2667 sacramentum
751 2645 892 2675 sumere,
925 2635 1026 2668 aliave

1698 245 1761 277 005

1062 300 1114 342 pia
1138 310 1247 343 opera,
1272 299 1338 333 sive
1364 309 1380 332 a
1406 300 1562 332 dictarum
1583 300 1798 334 arcliiconl'ia—

1062 353 1251 386 teruitatum
1277 358 1307 386 et
1331 353 1632 386 confraternitatum
1658 355 1795 394 statutis,

1062 405 1127 438 sive
1153 417 1170 438 a
1195 406 1382 449 quorumvis
1407 411 1598 438 testatorum
1625 411 1654 438 et
1673 406 1797 448 piorum

1062 459 1264 501 largitorum,
1284 459 1338 502 qui
1354 460 1465 492 eadem
1480 459 1621 492 subsidia
1638 460 1798 502 praestari

1061 512 1264 552 ordinarunt,
1282 512 1554 555 dispositionibus
1575 512 1725 551 iniuncta,
1747 513 1801 545 ad-

1061 565 1197 608 implere
1215 566 1347 608 possint
1360 571 1392 598 et
1408 566 1560 599 debeant.
1579 565 1708 598 Eisdem
1724 576 1799 598 vero

1062 619 1190 661 puellis,
1217 619 1322 651 statim
1348 630 1384 651 ac
1412 619 1650 652 matrimonium
1675 624 1802 652 contra-

1062 672 1178 712 xerint,
1192 673 1278 715 quod
1295 673 1426 715 quidem
1444 673 1579 716 parochi
1594 673 1801 706 attestatione

1062 736 1078 757 a
1110 725 1236 758 duobus
1270 736 1307 757 ex
1334 726 1495 769 deputatis
1529 726 1704 769 praedietis
1728 726 1803 758 sub-

1061 778 1164 822 eripta
1195 779 1328 822 probari
1364 780 1520 820 sufficiat,
1547 781 1598 812 vel
1624 779 1657 812 in
1691 779 1802 823 aliquo

1062 831 1252 864 monialium
1277 832 1476 865 monasterio
1494 832 1733 875 professionem
1752 843 1803 865 re-

1063 885 1211 926 gularem
1237 895 1296 928 per
1321 885 1407 929 ipsas
1439 886 1597 918 moniales
1624 886 1726 918 emitti
1754 896 1804 919 so-

1063 937 1153 970 litam
1180 949 1332 982 expresse
1359 939 1548 979 emiserint,
1576 939 1723 971 subsidia
1746 939 1804 972 do-

1063 991 1149 1031 talia,
1167 991 1232 1032 eis,
1257 992 1340 1024 sicut
1364 992 1600 1035 praemittitur,
1627 992 1802 1034 assignata,

1064 1043 1165 1076 libere
1187 1049 1218 1077 et
1243 1050 1405 1088 prompte,
1431 1045 1585 1088 nullaque
1611 1045 1804 1088 interposita

1064 1099 1166 1137 mora,
1192 1108 1228 1129 ac
1264 1097 1384 1140 absque
1410 1099 1477 1130 ulla
1505 1098 1657 1131 cautione
1682 1099 1805 1141 persol-

1064 1155 1189 1181 vantur.
1205 1149 1354 1192 Singulas
1379 1151 1508 1183 demum
1526 1152 1653 1194 puellas
1675 1151 1804 1194 praedi-

1065 1207 1130 1234 ctas
1151 1203 1188 1234 ad
1208 1203 1303 1245 plura
1327 1213 1422 1246 quam
1445 1204 1508 1236 duo
1529 1213 1565 1236 ex
1593 1204 1706 1236 decem
1732 1204 1805 1237 sub-

1065 1255 1158 1287 sidiis
1184 1255 1347 1288 dotalibus
1380 1256 1574 1298 supradietis
1601 1267 1659 1299 per
1683 1267 1805 1289 memo-

1065 1313 1152 1340 ratos
1171 1309 1405 1341 conservatorii
1425 1309 1611 1342 huiusmodi
1633 1309 1804 1352 deputatos

1066 1371 1268 1404 nequaquam
1295 1362 1419 1394 admitti
1434 1373 1490 1394 seu
1509 1363 1677 1395 nominare
1697 1374 1804 1406 posse,

1067 1414 1180 1447 harum
1206 1415 1289 1447 serie
1316 1415 1522 1448 decernimus
1547 1422 1579 1448 et
1603 1416 1803 1449 ordinamus.

1110 1467 1168 1510 §3
1189 1468 1406 1501 Decernentes
1422 1468 1552 1511 pariter,
1568 1469 1696 1502 easdem
1714 1480 1806 1512 prae-

1066 1527 1173 1554 sentes
1202 1522 1327 1555 litteras
1343 1549 1350 1561 ‚
1374 1533 1508 1565 semper
1531 1522 1638 1555 sirmas
1653 1550 1660 1563 ,
1686 1523 1806 1555 validas

1067 1580 1098 1606 et
1132 1574 1277 1607 efficaces
1313 1575 1450 1608 existere
1483 1581 1514 1607 et
1544 1576 1634 1614 fore,
1662 1587 1805 1620 suosque

1067 1627 1233 1669 plenarios
1259 1633 1290 1660 et
1313 1628 1459 1670 integros
1485 1627 1616 1661 ell'ectus
1641 1629 1749 1662 sortiri
1776 1635 1807 1662 et

1067 1679 1231 1720 obtinere,
1269 1691 1305 1713 ae
1331 1681 1423 1713 dictis
1448 1681 1568 1724 puellis
1595 1682 1628 1714 in
1654 1682 1805 1714 omnibus

1068 1739 1098 1764 et
1112 1743 1171 1776 per
1185 1733 1293 1765 omnia
1311 1733 1504 1776 plenissime
1519 1734 1698 1776 suffragari,
1718 1740 1749 1767 et
1767 1736 1806 1768 ab

1067 1785 1142 1826 illis,
1176 1786 1216 1818 ad
1253 1797 1335 1829 quos
1367 1792 1494 1829 spectat
1521 1792 1551 1820 et
1574 1798 1633 1830 pro
1660 1794 1806 1830 tempore

1069 1839 1341 1881 quandocumque
1362 1840 1541 1882 spectabit,
1577 1840 1809 1873 inviolabiliter

1068 1892 1246 1931 observari,
1261 1893 1372 1935 sicque
1387 1893 1419 1925 in
1436 1893 1624 1935 praemissis
1637 1904 1697 1936 per
1711 1904 1809 1936 quos-

1069 1955 1205 1988 cumque
1230 1945 1354 1978 iudiees
1372 1945 1556 1979 ordinarios
1577 1952 1607 1978 et
1625 1947 1806 1988 delegatos,

1070 1998 1166 2030 etiam
1191 2008 1363 2030 causarum
1406 1999 1518 2041 palatii
1555 2000 1723 2042 apostolici
1756 2010 1810 2032 au-

1070 2051 1205 2090 ditores,
1232 2051 1368 2083 iudicari
1396 2057 1428 2083 et
1453 2051 1580 2084 definiri
1607 2052 1745 2092 debere,
1774 2063 1810 2085 ae

1070 2104 1197 2136 irritum
1223 2109 1255 2136 et
1278 2103 1386 2142 inane,
1414 2103 1439 2136 si
1476 2115 1569 2137 secus
1594 2115 1694 2147 super
1719 2105 1769 2137 liis
1793 2118 1810 2137 u

1070 2167 1251 2199 quoquam,
1287 2157 1396 2198 quavis
1428 2157 1639 2197 auctoritate,
1672 2158 1810 2190 scic-uter

1071 2210 1117 2241 rel
1143 2209 1340 2251 ignoranter,
1361 2209 1535 2251 contigerit
1554 2210 1719 2243 attentari.

1113 2262 1127 2304 ξ
1152 2261 1183 2293 4.
1211 2260 1280 2293 Non
1313 2261 1517 2294 obstantibus
1542 2262 1746 2305 praemissis,
1773 2274 1809 2295 ae

1069 2314 1241 2347 memorati
1266 2315 1458 2348 Bernardini
1484 2316 1688 2359 aliorumque
1714 2322 1809 2349 testa-

1069 2374 1175 2400 torum
1201 2373 1231 2400 et
1255 2368 1384 2410 piorum
1417 2368 1608 2411 largitoium
1645 2370 1809 2412 praefato-

1069 2432 1140 2454 rum
1173 2421 1269 2453 etiam
1299 2421 1420 2454 ultimis
1443 2422 1664 2454 voluntatibus
1690 2427 1721 2456 ct
1745 2423 1810 2455 ‹lis—

1069 2474 1305 2518 positionibus,
1334 2485 1433 2518 quas,
1460 2481 1595 2518 propter
1620 2475 1809 2517 praemissa,

1069 2527 1267 2560 sufficienter
1291 2534 1323 2560 et
1355 2538 1506 2571 expresse
1542 2533 1779 2560 commutamus
1798 2555 1806 2569 ,

1069 2592 1104 2613 ae
1129 2581 1417 2614 constitutionibus
1442 2586 1473 2613 et
1497 2581 1756 2614 ordinationibus
1775 2592 1807 2613 a·

1069 2635 1251 2678 postolicis‚
1270 2646 1397 2668 necnon
1420 2635 1573 2668 dictarum
1589 2634 1808 2668 archiconfra-

1808 254 1854 281 Αη.
1877 254 1904 280 Γ..
1924 254 1988 281 ΗΜ

1844 1482 1961 1503 (ἻῖιιιμιιΙαο.

1891 2263 2003 2283 stemmatio

1822 2293 1981 2311 contrariorum.
