2227 3225
111 278 158 306 An.
176 276 204 304 C.
228 277 295 304 1700

137 551 248 573 clausulae
268 542 273 546 ’

885 277 1092 300 INNOCENTH'S‘
1118 278 1158 300 xl!
1184 279 1232 301 ΙΨ.

305 330 338 358 ct
362 324 534 369 potestatis
557 323 762 369 plenitudine
788 324 973 368 praedictis,
994 335 1046 357 ea-

305 378 452 411 rumdem
471 382 585 411 tenore
604 377 835 421 praesentium,
855 377 963 410 itidem
978 387 1047 420 per·
1066 392 1067 403 κ

305 435 402 474 petuo
431 430 643 475 applicamus,
664 430 877 474 assignamus,
900 430 1046 464 concedi-

305 493 385 524 mus,
411 483 662 527 appropriamus
690 489 720 516 et
745 484 1007 527 incorporamus.

348 536 363 580 ξ
387 535 419 570 4.
446 536 676 577 Decernentes‚
699 537 830 570 easdem
852 542 1045 581 praesentes

305 862 338 891 ct
369 857 492 897 auditi,
517 868 621 902 neque
650 869 775 897 causae,
803 863 937 902 propter
966 869 1044 902 quas

303 910 394 954 ipsae
418 916 611 954 praesentes
648 911 840 952 emanarint,
866 911 1043 951 adductae,

303 963 486 997 verificatae
519 965 570 998 vel
597 965 785 998 iustificatac
821 965 942 998 tuerint
959 992 966 1005 ,
993 971 1046 997 aut

304 1027 342 1050 ex
372 1016 436 1050 alia
469 1027 672 1061 quacumque
710 1018 804 1051 etiam
842 1018 1045 1062 quantumvis

303 1069 467 1113 legitima,
498 1070 637 1104 iuridica
657 1074 685 1104 el
711 1070 915 1115 privilegiata
940 1072 1043 1111 eausa,

303 1124 437 1164 colore,
458 1129 631 1167 praetextu
656 1125 706 1158 vel
733 1124 860 1168 capite,
890 1124 986 1157 etiam
1012 1124 1043 1156 iu

304 1186 442 1220 corpore
468 1176 546 1209 iuris
583 1178 695 1210 clauso
711 1204 718 1218 ,
744 1177 842 1210 etiam
876 1176 1019 1210 enormis
1035 1204 1042 1217 ,

304 1230 552 1264 enormissimae
578 1237 609 1264 et
635 1231 743 1265 totalis
769 1231 933 1272 laesionis,
955 1231 1043 1264 nullo

303 1295 445 1330 unquam
481 1290 628 1329 tempore
665 1286 704 1318 de
741 1285 960 1329 subreptionis
996 1286 1044 1318 vel

303 1339 506 1383 obreptionis
532 1345 586 1372 aut
610 1339 767 1372 nullitatis
793 1339 888 1380 vitio,
915 1350 970 1372 seu
998 1339 1045 1372 in-

303 1392 459 1426 tentionis
485 1398 632 1434 nostrae,
658 1400 713 1426 aut
738 1394 895 1426 interesse
923 1393 1045 1426 liaben-

290 1445 383 1480 ‘tium
408 1447 607 1485 consensus,
639 1446 742 1487 aliove
777 1446 923 1490 quolibet
948 1447 1043 1480 etiam

302 1499 441 1532 maximo
466 1510 502 1531 ac
527 1499 655 1532 sormali
689 1504 719 1533 et
744 1500 970 1541 substantiali,
997 1501 1045 1533 in-

302 1553 444 1596 cogitato
471 1558 501 1586 et
519 1552 764 1596 inexcogitabili
782 1554 1045 1598 individuamque

302 1607 503 1641 mentionem
529 1607 718 1651 requirente
752 1608 880 1641 defectu
913 1609 1042 1649 notari,

303 1661 496 1704 impugnari,
521 1660 666 1704 infringi,
685 1662 863 1702 retractari,
882 1662 920 1694 ad
941 1662 1044 1694 termi-

304 1725 362 1748 nos
381 1715 460 1747 iuris
485 1714 622 1754 reduci,
649 1720 704 1747 aut
729 1715 761 1747 in
787 1715 1042 1748 controversiam

303 1768 490 1809 vocari‚seu
506 1768 661 1801 adversus
677 1768 747 1801 illas
763 1767 952 1811 aperitionis
967 1769 1042 1809 oris,

303 1821 520 1855 restitutionis
546 1821 578 1854 in
604 1820 779 1864 integrum,
799 1822 924 1855 aliudve
943 1823 1044 1865 quod-

302 1887 441 1920 cumque
466 1876 567 1916 iuris,
594 1875 667 1909 sacti
701 1876 749 1908 rel
783 1876 905 1918 gratiae
932 1887 1041 1909 reme-

303 1930 390 1963 dium
414 1929 568 1963 intentari
594 1929 642 1962 rel
668 1929 847 1973 in‘ipetrari‚
869 1935 921 1962 aut
946 1930 1044 1974 impe-

303 1989 400 2024 trato,
417 1994 472 2016 seu
500 1983 596 2016 ctiam
623 1987 723 2022 motu,
744 1983 877 2016 scicntia
903 1989 933 2016 et
959 1990 1044 2027 pote-

302 2036 391 2070 statis
415 2035 619 2080 plenitudine
645 2035 777 2079 paribus
809 2047 964 2070 concesso
996 2037 1042 2070 rel

303 2095 463 2130 emanato,
479 2089 666 2134 quempiam
691 2089 723 2122 in
750 2089 870 2123 iudicio
887 2091 935 2124 vel
955 2096 1043 2124 extra

302 2143 382 2178 illud
403 2143 447 2176 uti
472 2154 530 2176 seu
557 2153 591 2176 se
616 2143 724 2176 iuvare
750 2154 862 2187 posse,
885 2145 940 2177 sed
959 2144 1044 2188 ipsas

302 2202 490 2242 praesentes
505 2196 629 2230 litteras
647 2207 777 2241 semper
791 2196 909 2238 sirmas,
923 2198 1043 2231 validas

303 2257 334 2284 et
368 2249 515 2284 efficaces
548 2249 689 2283 existere
729 2255 758 2282 et
793 2250 884 2291 sore,
912 2262 947 2284 ac
984 2251 1044 2295 ipsi

303 2303 481 2338 Benedicto
518 2303 697 2344 cardinali,
726 2303 875 2347 aliisque,
899 2305 936 2337 ad
963 2316 1045 2349 quos

302 2364 427 2402 spectat
452 2363 485 2391 et
517 2368 575 2401 pro
602 2362 748 2402 tempore
774 2358 1044 2403 quandocumque

303 2411 470 2455 spectabit,
498 2410 530 2444 in
557 2411 707 2444 omnibus
729 2416 760 2443 et
780 2422 839 2454 per
857 2411 963 2444 omnia
981 2412 1044 2456 ple·

304 2464 436 2498 nissime
461 2464 642 2507 suffragari,
665 2475 701 2498 ac
728 2465 768 2498 ab
790 2465 852 2498 illis
877 2465 1045 2499 inviolabi-

304 2519 379 2553 liter
404 2524 437 2551 et
459 2518 652 2552 inconcusse
688 2519 854 2552 observari
891 2525 921 2552 et
945 2520 1044 2553 adim-

303 2571 406 2616 pleri,
434 2572 543 2615 sicque
569 2577 601 2604 et
626 2582 689 2605 nou
716 2572 810 2605 aliter
835 2572 866 2605 in
892 2573 1045 2616 praemis·

303 2624 348 2658 sis
372 2634 434 2669 per
464 2635 686 2669 quoscumque
712 2625 836 2658 iudices
861 2626 1043 2660 ordinarios

303 2683 336 2713 et
367 2678 560 2721 delegatos,
593 2678 690 2712 etiam
723 2690 891 2714 causarum
930 2681 1042 2725 palatii

411 2740 490 2770 Ball.
505 2741 589 2770 Rom.
601 2758 635 2762 —
654 2742 715 2772 Vol.
732 2743 791 2771 XX.
941 2743 991 2772 118

1703 271 1785 304 ⁸037

1090 324 1258 368 apostolici
1286 325 1462 365 auditores,
1481 337 1514 358 ac
1533 326 1675 361 eiusdem
1693 328 1723 361 S.
1741 329 1777 361 Ρι.
1793 328 1828 362 Ε.

1090 377 1303 410 camerarium
1334 382 1364 411 et
1399 377 1479 411 alios
1516 379 1697 413 cardinales
1734 381 1829 414 etiam

1090 430 1130 463 dc
1156 431 1257 464 latere
1283 431 1422 474 legato&
1447 442 1576 465 necnon
1603 432 1705 466 dictae
1727 433 1833 467 Came-

1066 473 1068 498 *
1091 494 1144 517 rae
1170 484 1393 528 praesidentes
1418 484 1564 526 clericos
1593 485 1830 519 thesaurarium

1066 575 1068 583 ὓ
1089 544 1119 571 et
1144 538 1401 572 commissarium
1428 540 1611 582 generales,
1637 544 1831 584 ceterosque

304 589 438 631 litteras,
456 590 535 624 etin
562 590 608 623 eis
633 596 785 624 contenta
812 601 1046 634 quaecumque,
1066 586 1067 591 ¹

304 644 400 678 ctiam
431 655 467 678 ex
495 655 532 678 eo
558 645 643 689 quod
672 645 870 688 quicumque
897 644 926 676 iu
953 643 1067 688 prae-ff

304 698 410 731 missis
436 698 596 731 interesse
631 698 810 737 habentes,
843 708 898 731 seu
924 698 1068 743 habere]

305 751 556 795 quomodolibet
591 751 864 795 praetendentes,
891 751 954 784 illis
979 760 1044 783 non
1066 747 1067 784 J

304 805 551 844 consenserint,
578 815 638 838 nec
674 805 713 837 ad
747 816 784 837 ea
809 804 918 844 citati,
944 805 1044 837 rocati
1066 823 1067 826 =

1090 591 1245 625 officiales
1271 597 1302 626 et
1326 592 1501 633 ministros,
1520 598 1552 626 et
1568 592 1646 626 alios
1668 594 1834 636 quoslibet

1090 655 1294 689 quacumque
1331 645 1588 689 praeeminentia
1614 651 1644 678 et
1669 652 1832 689 potestate

1090 698 1264 741 fungentes
1298 704 1328 731 et
1360 699 1524 732 suncturos
1541 726 1548 739 ,
1576 699 1703 732 sublata
1729 699 1774 732 eis
1800 705 1833 733 et

1090 761 1204 784 eorum
1229 751 1361 784 cuilibet
1400 752 1509 794 quavis
1542 751 1636 785 aliter
1665 751 1831 786 iudicandi

1090 809 1121 837 et
1142 804 1379 847 interpretandi
1407 805 1559 838 facultate
1578 811 1608 838 ct
1626 805 1830 846 auctoritate,

1089 857 1224 890 iudicari
1251 864 1283 891 et
1307 857 1435 892 definiri
1467 859 1610 899 debere,
1640 869 1676 891 ac
1700 859 1829 892 irritum

1089 917 1120 944 et
1145 911 1252 952 inane,
1272 911 1297 944 si
1323 922 1417 945 secus
1434 923 1531 956 super
1553 912 1603 945 his
1621 923 1638 945 a
1655 923 1829 956 quoquam,

1089 964 1198 1008 quavis
1221 965 1424 1005 auctoritate,
1445 965 1586 999 scienter
1606 966 1656 999 vel
1677 965 1831 1009 ignoran-

1090 1024 1145 1059 ter,
1164 1019 1337 1062 contigerit
1362 1020 1524 1052 attentari.

1131 1071 1146 1115 ἓ
1171 1071 1202 1104 5.
1229 1071 1299 1105 Non
1332 1072 1534 1105 obstantibus
1560 1073 1670 1106 nostra
1695 1077 1727 1106 et
1749 1071 2023 1135 Can·de‘„³g⁰,¹{,³g³⁰‘¹¹ffl

1893 1119 1904 1139 g
1953 1127 1959 1136 .

1088 1124 1237 1158 cellariae
1278 1125 1485 1169 Apostolicae
1529 1124 1639 1168 regula
1680 1125 1719 1158 de
1759 1124 1828 1158 iure

1065 1210 1066 1222 χ
1089 1178 1236 1221 quaesito
1262 1189 1324 1211 non
1352 1179 1511 1219 tollendo,
1537 1189 1573 1211 ac
1599 1178 1700 1212 seticis
1724 1189 1830 1212 recor-

1089 1231 1229 1265 dationis
1244 1231 1291 1277 Pii
1318 1232 1423 1277 Papae
1441 1232 1477 1265 lv
1494 1233 1757 1276 praedecessoris
1773 1243 1830 1267 no-

1088 1285 1147 1318 stri
1182 1285 1222 1318 de
1247 1285 1358 1329 gratiis
1396 1287 1633 1331 qualecumque
1670 1287 1830 1320 interesse

1088 1339 1241 1373 Gamerae
1267 1340 1453 1383 praedictae
1488 1340 1763 1374 concernentibus
1796 1341 1829 1374 in

1089 1393 1202 1426 eadem
1238 1393 1371 1426 Camerti
1407 1393 1492 1426 intra
1517 1399 1640 1427 certum
1668 1400 1743 1427 tune
1769 1405 1830 1427 ex-

1089 1457 1237 1489 pressum
1274 1452 1400 1490 tempus
1436 1448 1684 1491 praesentandis
1704 1475 1711 1489 ,
1737 1448 1827 1491 regi-

1089 1500 1236 1541 strandis,
1258 1500 1339 1533 itaut
1356 1506 1544 1544 praesentes
1563 1501 1689 1534 litteras
1707 1501 1830 1535 ibidem

1088 1553 1291 1596 praesentari
1325 1559 1356 1586 et
1388 1554 1555 1597 registrari
1582 1565 1751 1598 nunquam
1775 1566 1833 1587 ne-

1088 1617 1176 1639 cesse
1203 1606 1252 1647 sit,
1272 1607 1409 1651 aliisque
1437 1608 1634 1652 apostolicis,
1653 1614 1685 1641 et
1705 1609 1738 1641 in
1764 1609 1831 1642 uni-

1089 1660 1266 1693 versalibus
1291 1661 1609 1705 provincialibusque
1631 1663 1776 1695 conciliis
1797 1673 1830 1696 e-

1089 1713 1175 1753 ditis,
1202 1714 1411 1756 generalibus
1437 1716 1484 1748 rel
1511 1715 1728 1758 specialibus,
1756 1726 1831 1749 con-

1088 1766 1309 1800 stitutionibus
1339 1774 1369 1800 et
1400 1768 1675 1809 ordinationibus,
1702 1779 1831 1803 necnon

1089 1820 1193 1854 dictae
1215 1821 1380 1862 Gamerae,
1400 1821 1510 1854 allisxe
1530 1822 1708 1866 quibusvis,
1734 1824 1831 1857 etiam

1087 1874 1281 1915 iuramento,
1298 1875 1547 1908 confirmatione
1568 1876 1762 1920 apostolica,
1782 1879 1832 1911 vel

1088 1927 1200 1971 quavis
1230 1927 1381 1961 firmitate
1411 1928 1473 1961 alia
1502 1929 1675 1969 roboratis,
1703 1931 1834 1965 statutis

1087 1988 1118 2015 et
1144 1982 1463 2021 consuetudinilms,
1490 1983 1584 2015 etiam
1621 1983 1828 2018 immemora-

1088 2035 1219 2076 bilibus,
1246 2035 1428 2079 privilegiis
1456 2047 1611 2080 quoquc,
1638 2037 1775 2070 indultis
1800 2044 1833 2071 et

1088 2089 1205 2122 litteris
1238 2090 1430 2133 apostolicis
1467 2090 1571 2122 eidem
1597 2090 1748 2124 Gamerae
1770 2092 1832 2125 illi-

1089 2153 1190 2186 usque
1216 2142 1407 2176 officialibus
1433 2148 1463 2176 et
1491 2143 1668 2185 ministris,
1699 2155 1735 2177 ac
1760 2145 1831 2178 aliis

1088 2196 1256 2240 quibusvis
1274 2197 1421 2240 personis
1448 2202 1478 2229 et
1505 2197 1599 2239 locis,
1619 2198 1676 2231 sub
1698 2199 1831 2242 quibus-

1090 2261 1226 2294 cumque
1255 2250 1352 2283 ctiam
1386 2251 1666 2294 derogatoriarum
1697 2252 1831 2296 deroga-

1090 2305 1196 2345 toriis,
1221 2304 1494 2350 irritantibusque
1521 2310 1553 2338 et
1578 2306 1648 2339 aliis
1681 2306 1828 2347 decretis,

1088 2359 1121 2392 in
1157 2359 1358 2392 contrarium
1395 2359 1677 2403 praemissorum,
1712 2361 1743 2392 in
1770 2372 1827 2404 ge-

1089 2425 1167 2447 nere
1184 2414 1234 2447 vel
1261 2413 1293 2447 in
1318 2413 1437 2458 specie,
1456 2414 1552 2447 etiam
1580 2418 1677 2455 motu,
1696 2414 1831 2447 scientia

1088 2472 1120 2500 et
1137 2467 1307 2511 potestatis
1325 2467 1528 2511 plenitudine
1542 2467 1685 2511 paribus,
1700 2477 1736 2500 ac
1753 2478 1830 2501 con-

1088 2520 1316 2562 sistorialiter,
1348 2527 1380 2554 et
1415 2521 1492 2554 alias
1529 2521 1775 2565 quomodolibet
1798 2528 1830 2555 et

1088 2575 1357 2619 quantiscumque
1376 2574 1508 2614 vicibus,
1528 2574 1700 2617 concessis,
1715 2575 1831 2608 contir-

1086 2628 1191 2669 matis,
1216 2628 1349 2668 iteratis,
1376 2627 1565 2672 approbatis
1591 2633 1623 2661 et
1646 2627 1826 2670 innovatis;

1086 2682 1203 2727 quibus
1228 2682 1380 2717 omnibus
1402 2686 1434 2716 et
1457 2681 1604 2726 singulis
1627 2680 1750 2715 etiamsi
1768 2692 1828 2727 pro

1833 281 1879 309 An.
1903 280 1930 308 C.
1956 281 2024 309 ¹700
