2254 3225
203 216 253 245 An.
269 216 297 245 c.
322 216 390 246 1⁶95
435 207 499 243 698

235 1075 340 1097 statutum
356 1076 382 1098 de

200 1106 241 1128 quo
253 1108 273 1124 ni
286 1103 381 1126 rubrica.

972 215 1154 243 numinum

439 266 553 300 Datum
578 266 717 306 Romae,
742 265 827 310 apud
851 264 882 299 S.
909 265 1039 300 Mariam
1071 267 1133 299 Ma-

397 320 514 360 iorem,
539 320 598 353 sub
624 321 743 353 annulo
768 320 950 361 piscatoris,
969 319 1020 353 die
1044 330 1067 353 11
1084 319 1132 351 iu-

396 373 432 408 lii
456 383 595 414 uncxcv,
619 373 827 417 pontificatus
852 373 956 406 nostri
981 382 1128 407 ann01v.

431 433 490 462 Dat.
512 434 556 463 dio
576 436 591 462 2
610 435 668 463 iulii
692 436 769 470 1695,
790 436 886 472 pontif.
907 443 978 463 anno
997 442 1031 463 iv.

713 577 811 611 CVIII.

397 656 573 698 Statuitur,
601 662 637 690 ut
672 656 841 700 colleyi'um
876 656 908 689 S.
945 655 1068 690 Isidori
1096 655 1154 688 de*

445 711 526 743 Urbe
555 710 742 753 provinciae
776 709 955 742 Hiberniae
988 710 1154 751 fratrum¹

441 762 608 795 Minorum
635 762 667 795 S.
690 762 860 795 Francisci
884 761 1134 794 Recolteclormn

440 821 573 859 reflatur
607 817 703 848 iuxta
733 815 994 848 constitutionem
1028 815 1154 856 Urba-2

440 869 477 902 m'
504 869 588 902 VIII
610 873 638 901 et
663 869 732 901 eius
755 870 910 901 statuta¹.

577 949 773 977 Innocentius
790 949 868 982 Papa
887 949 950 980 ΧΠ,

517 994 553 1021 ad
573 998 748 1027 perpetuam
768 993 813 1020 rei
833 992 1016 1020 memoriam.

438 1064 452 1108 ἓ
482 1064 509 1097 1.
541 1064 702 1107 Prospero
736 1063 888 1107 felicique
923 1063 1074 1106 regimini
1100 1069 1131 1097 et

393 1117 552 1161 gubernio
579 1117 709 1159 collegii
728 1116 758 1149 S.
779 1116 892 1150 Isidori
911 1117 949 1149 de
969 1116 1052 1149 Urbe
1070 1117 1131 1149 sra-

393 1176 476 1202 trum
501 1170 685 1213 provinciae
718 1169 894 1202 Hiberniae
918 1169 1049 1202 Ordinis
1075 1170 1130 1202 Mi-

392 1234 509 1257 norum
533 1224 564 1256 S.
588 1223 750 1256 Francisci
768 1223 938 1256 strictioris
956 1223 1129 1256 observan-

392 1277 454 1310 tiae
480 1287 535 1310 seu
563 1276 827 1309 Recollectorum
852 1281 1125 1319 nuncupatorum,

391 1336 549 1374 quantum
575 1340 646 1362 cum
672 1329 810 1362 Domino
835 1340 1025 1372 possumus,
1050 1340 1125 1362 con·

391 1385 514 1421 sulere,
542 1393 578 1416 ac
603 1383 756 1416 dilectum
782 1382 884 1415 filium
920 1383 1125 1416 Bonaventu-

388 1447 455 1470 ram
477 1436 628 1470 Poerium
646 1436 828 1468 ministrum
842 1437 1029 1478 generalem
1049 1436 1124 1469 dicti
1145 1465 1147 1481 Α,

389 1489 519 1523 Ordinis
545 1489 742 1533 specialibus
768 1489 932 1522 favoribus
959 1495 989 1521 et
1014 1490 1124 1531 gratiis
1145 1486 1147 1531 ζ’

387 1543 544 1586 prosequi
571 1544 727 1583 volentes,
753 1553 891 1586 eumque
916 1553 933 1575 a
958 1543 1124 1586 quibusvis
1145 1557 1146 1570 i

388 1595 742 1635 excommunicationis,
769 1595 991 1638 suspensionis
1017 1601 1048 1629 et
1078 1596 1124 1629 in-

389 1649 524 1688 terdicti,
550 1648 686 1691 aliisque
701 1648 932 1681 ecclesiasticis
947 1650 1124 1690 sententiis,
1145 1662 1146 1695 t

388 1701 532 1735 censuris
549 1706 580 1734 et
597 1701 721 1744 poenis,
737 1712 754 1733 a
771 1701 841 1734 iure
858 1703 906 1734 vel
923 1703 960 1734 ab
981 1702 1125 1743 homine,
1145 1699 1147 1738 Ξ

387 1756 500 1799 quavis
525 1755 695 1788 occasione
720 1755 769 1787 vel
795 1757 891 1787 cansa
912 1755 993 1794 latis,
1012 1756 1035 1787 si
1056 1756 1125 1798 qui·
1145 1781 1146 1790 1

386 1808 448 1841 bus
473 1807 720 1852 quomodolibet
743 1807 916 1840 innodatus
942 1808 1058 1847 existit,
1085 1809 1123 1842 ad
1144 1804 1146 1818 ⁴

387 1861 537 1896 effectum
562 1860 785 1905 praesentium
818 1862 982 1894 dumtaxat
1014 1859 1146 1908 conse-¹5

387 1915 570 1958 quendum,
599 1914 711 1946 harum
745 1914 829 1946 serie
855 1914 1061 1948 absolventes
1094 1912 1146 1948 et'

385 1969 570 2001 absolutum
595 1968 664 2000 sore
695 1973 882 2007 censentes,
915 1969 1145 2011 supplicatio-l

384 2022 481 2054 nibus
521 2021 666 2054 eiusdem
702 2020 946 2053 Bonavcnturae
983 2021 1123 2055 ministri

385 2075 548 2117 generalis
574 2074 705 2107 nomine
731 2074 824 2107 nobis
849 2085 949 2117 snper
978 2075 1040 2108 hoc
1065 2076 1124 2108 hu-

385 2128 507 2161 militer
530 2127 688 2171 porrectis
712 2127 880 2168 inclinati,
905 2132 941 2160 ut
958 2128 996 2160 de
1015 2134 1122 2162 cetero

385 2182 558 2224 collegium
576 2181 777 2224 praedictum
798 2187 906 2214 exacte
925 2187 958 2214 et
977 2182 1123 2224 praecise

385 2233 474 2267 iuxta
499 2234 744 2276 dispositionem
765 2235 1006 2267 constitutionis
1023 2235 1124 2268 felicis

384 2287 623 2322 recordationis
648 2287 768 2320 Urbani
794 2288 852 2321 PP.
880 2288 943 2320 VIII
967 2299 1066 2331 super
1090 2300 1123 2322 e-

422 2352 432 2377 1
453 2349 552 2377 Urbani
568 2349 628 2376 VIII
645 2350 754 2376 constit.
772 2349 812 2376 ed.
828 2350 879 2376 fuit
901 2356 1016 2385 uocxxv,
1033 2351 1075 2378 die
1090 2351 1124 2377 ⁹20

384 2395 550 2427 novembris,
571 2394 666 2429 pontif.
678 2400 724 2427 1113
741 2394 767 2419 in
780 2394 861 2420 huius
877 2395 1016 2421 Pontificis
1037 2400 1121 2423 const.

386 2440 429 2467 ed.
451 2446 581 2470 MDcxcut,
602 2439 646 2464 die
666 2438 699 2465 15
719 2438 836 2472 augustii
857 2439 950 2473 pontif.
972 2446 1012 2472 111,
1033 2444 1123 2466 extant

385 2488 485 2511 statuta
504 2492 552 2519 pro
574 2483 660 2510 tribus
680 2483 816 2509 coenobiis
844 2483 869 2509 in
896 2483 1020 2516 Baetica,
1042 2489 1068 2510 et
1096 2485 1122 2511 in
1142 2485 1143 2491 ¹

386 2529 528 2556 Clementis
547 2527 579 2554 XI
600 2530 687 2554 const.
714 2527 757 2553 ed.
780 2533 886 2559 MDCCV,
908 2527 949 2553 die
972 2527 1002 2553 12
1023 2529 1121 2563 martii,

386 2574 481 2610 pontif.
502 2581 528 2608 v,
545 2573 634 2609 agitur
653 2572 685 2599 de
706 2576 879 2608 procuratore
902 2573 1023 2608 generali
1039 2574 1122 2601 ultra-

386 2624 524 2648 montano.

1177 216 1328 244 Romnum

1174 267 1319 301 rectione
1355 267 1483 310 collegii
1519 268 1704 305 huiusmodi
1729 279 1907 315 emanatae,

1173 329 1302 352 necnon
1326 326 1518 355 statutorum
1543 322 1576 355 in
1601 325 1712 359 limine
1745 327 1812 360 eius
1842 328 1910 361 sun-

1174 372 1314 405 dationis
1333 374 1506 416 editorum,
1527 377 1596 420 regi
1618 384 1649 410 et
1667 379 1840 421 gubernari
1855 382 1909 415 de-

1173 424 1256 465 beat,
1271 428 1465 461 auctoritate
1483 431 1670 472 apostolica,
1690 437 1802 466 tenore
1820 444 1911 476 prae·

1173 477 1323 519 sentium,
1351 486 1513 523 perpetuo
1542 483 1719 524 statuimus,
1748 487 1911 530 praecipi-

1173 538 1242 561 mus
1266 534 1298 562 et
1322 531 1520 565 ordinamus.
1548 533 1718 567 Praeterea
1748 537 1856 570 omnia
1880 543 1911 572 et

1173 581 1300 624 singula
1319 583 1405 616 circa
1422 592 1636 619 memoratum
1655 589 1828 631 collegium
1847 596 1911 624 tam

1151 640 1154 654 ¹
1174 645 1192 667 a
1216 635 1310 668 nobis
1335 642 1367 669 et
1384 637 1534 672 Romanis
1552 639 1761 674 Pontificibus
1781 644 1912 686 praede⁷

1174 689 1357 722 cessoribus
1396 691 1516 724 nostris
1535 719 1542 733 ‚
1578 704 1674 736 quam
1699 705 1716 727 a
1747 697 1910 738 quibusvis

1174 741 1205 774 S.
1234 741 1270 775 R.
1297 742 1331 775 E.
1360 744 1572 777 cardinalium
1597 746 1910 790 Congregationibus

1174 806 1210 828 ac
1234 795 1334 839 ipsius
1359 796 1489 830 Ordinis
1513 799 1736 842 superioribus
1752 801 1910 836 hactenus

1152 857 1154 891 j
1175 859 1306 893 quoquo
1330 851 1428 883 modo
1453 857 1566 885 contra
1591 853 1726 887 sormam
1756 856 1912 890 constitu-

1152 925 1154 937 ,
1176 902 1272 935 tionis
1305 913 1340 936 ac
1365 909 1560 938 statutorum
1592 906 1778 941 huiusmodi
1803 909 1911 943 forsan

1175 956 1333 997 ordinata,
1359 957 1488 991 decreta
1513 969 1569 992 seu
1605 970 1773 1002 concessa,
1800 969 1911 996 aucto-

1174 1009 1266 1042 ritate
1292 1015 1323 1043 et
1346 1015 1459 1044 tenore
1495 1013 1693 1055 praedictiS‚
1730 1016 1837 1058 quoad
1874 1027 1911 1050 ea

1174 1073 1254 1106 quae
1280 1063 1501 1097 constitutioni
1526 1075 1563 1098 ac
1591 1066 1718 1100 statutis
1734 1069 1910 1111 praedictis

1173 1116 1393 1157 adversantur,
1406 1117 1518 1150 itidem
1533 1125 1691 1162 perpetuo
1708 1131 1909 1164 revocamus,

1172 1171 1397 1211 annullamus,
1432 1182 1611 1212 cassamus,
1650 1174 1844 1217 abrogamus
1878 1181 1910 1209 et

1171 1224 1351 1256 abolemus.

1214 1277 1228 1320 ἓ
1253 1276 1284 1309 ⁶2.
1312 1277 1541 1319 Decernentes‚
1561 1279 1692 1313 easdem
1718 1287 1908 1324 praesentes

1168 1329 1291 1363 litteras
1317 1341 1446 1374 semper
1471 1331 1589 1372 firmas,
1613 1334 1734 1367 validas
1752 1340 1783 1367 et
1809 1335 1910 1368 effica-

1168 1394 1222 1416 ces
1248 1383 1386 1417 existere
1411 1389 1443 1417 et
1468 1385 1551 1424 sore,
1577 1396 1718 1430 suosque
1744 1389 1910 1430 plenarios

1168 1442 1199 1469 et
1223 1437 1366 1480 integros
1391 1437 1524 1471 effectus
1551 1440 1657 1472 sortiri
1692 1446 1724 1473 ct
1747 1442 1908 1482 obtinere,

1167 1500 1201 1522 ac
1226 1489 1302 1529 illis,
1323 1491 1362 1522 ad
1387 1501 1466 1533 quos
1487 1497 1611 1534 spectat
1640 1498 1671 1524 et
1688 1503 1746 1536 pro
1765 1499 1909 1536 tempore

1167 1543 1335 1586 spectabit,
1354 1544 1386 1576 in
1412 1544 1562 1577 omnibus
1590 1551 1621 1578 et
1637 1556 1696 1588 per
1714 1548 1822 1579 omnia
1841 1548 1910 1590 ple-

1168 1597 1299 1630 nissime
1321 1597 1509 1640 sull'iagari,
1531 1604 1562 1631 et
1580 1599 1618 1632 ab
1637 1600 1701 1633 illis
1727 1602 1908 1644 respective

1167 1650 1397 1683 inviolabiliter
1414 1652 1591 1692 observari,
1619 1653 1731 1696 sicque
1758 1654 1790 1686 in
1817 1665 1909 1696 prae-

1167 1703 1274 1735 missis
1296 1714 1353 1746 pcr
1378 1715 1598 1747 quoscumque
1621 1705 1746 1738 iudices
1777 1708 1908 1740 ordina-

1167 1756 1233 1789 rios
1251 1761 1282 1789 et
1297 1757 1474 1798 delegatos,
1494 1758 1589 1790 etiam
1608 1769 1777 1792 causarum
1795 1761 1906 1803 palatii

1167 1809 1335 1853 apostolici
1359 1810 1534 1851 auditores,
1560 1810 1698 1844 iudicari
1723 1818 1754 1844 et
1779 1813 1907 1846 definiri

1168 1863 1306 1903 debere,
1335 1874 1371 1895 ac
1396 1863 1521 1895 irritum
1547 1869 1578 1896 et
1603 1863 1714 1905 inane,
1751 1865 1777 1897 si
1815 1877 1907 1900 secus

1167 1926 1264 1959 super
1285 1917 1334 1948 liis
1352 1928 1368 1948 a
1389 1927 1562 1960 quoquam,
1588 1919 1699 1961 quavis
1723 1920 1905 1961 actoritate,
1951 1941 1958 1947 „

1167 1970 1310 2002 scienter
1335 1971 1383 2003 vel
1420 1970 1624 2012 ignoranter,
1658 1973 1832 2015 contigerit
1861 1977 1907 2007 at-

1168 2029 1296 2056 tentari.

1211 2076 1275 2120 §3-
1304 2076 1372 2109 Non
1398 2076 1602 2110 obstantibus
1634 2079 1842 2121 praemissis,
1869 2091 1906 2113 ac
1943 2091 2099 2113 ‹zi-numium

1916 2117 2032 2143 derogatio.

1167 2129 1455 2162 constitutionibus
1481 2135 1513 2162 et.
1544 2131 1805 2164 ordinationibus
1829 2143 1906 2176 apo-

1166 2183 1296 2222 stolicis,
1316 2193 1451 2222 necnon,
1471 2189 1631 2225 quatenns
1659 2195 1741 2227 opus
1766 2185 1816 2225 sit,
1841 2187 1906 2218 col-

1167 2236 1242 2278 legii
1258 2246 1294 2268 ac
1307 2235 1493 2278 provinciae
1511 2242 1542 2269 et
1555 2236 1683 2269 Ordinis
1703 2237 1903 2278 huiusmodi,

1166 2289 1261 2322 etiam
1286 2288 1477 2328 iuramento,
1498 2290 1746 2323 confirmatione
1775 2297 1904 2334 aposto-

1166 2344 1236 2383 lica,
1257 2343 1306 2375 vel
1328 2342 1441 2385 quavis
1466 2342 1617 2375 firmitate
1643 2343 1705 2375 alia
1730 2344 1903 2387 roboratis,

1165 2396 1294 2429 statutis
1325 2401 1357 2428 et
1386 2395 1695 2437 consuetudinibus,
1721 2397 1903 2440 privilegiis

1142 2460 1316 2492 zquoque,
1343 2449 1478 2482 indultis
1508 2454 1539 2481 et
1571 2449 1686 2482 litteris
1713 2451 1903 2493 apostolicis

1165 2504 1196 2535 in
1219 2502 1416 2536 contrarium
1442 2502 1698 2545 praemissorum
1721 2505 1902 2546 quomodo-

1164 2556 1242 2589 libet
1263 2556 1437 2595 concessis,
1457 2554 1654 2588 confirmatis
1677 2561 1707 2589 et
1725 2557 1898 2599 innovatis;

1164 2610 1280 2654 quibus
1306 2609 1454 2643 omnibus
1480 2614 1512 2642 et
1535 2609 1685 2653 singulis,
1707 2611 1838 2645 illorum
1859 2618 1901 2646 te-

1912 227 1962 254 An.
1983 227 2010 256 C.
2035 229 2100 260 1605

1945 1299 2066 1322 Clausulas.
