2254 3225
228 221 277 246 An.
298 219 412 246 oiooa
457 211 522 244 45⁶3

421 274 485 302 tem
511 269 686 313 praecipue
711 265 961 308 contemnebant,
988 268 1160 301 attentiore

420 324 530 357 studio
555 328 820 367 prosequeretur,
847 333 885 355 xv
909 322 1064 355 kalendas
1089 320 1159 353 iulii

421 377 565 410 eiusdem
591 377 666 409 anni
691 386 808 410 MDinx
827 376 904 409 duas
923 375 1024 408 edidit
1042 373 1161 408 consti-

420 430 576 469 tutiones,
593 430 625 462 in
647 440 781 473 quarum
808 429 923 472 prima,
938 438 1021 470 quae
1046 426 1161 468 incipit

420 483 463 516 In
480 483 628 515 omnibus
653 483 754 521 rebus,
780 481 1004 514 ministrorum
1029 478 1160 522 qualita-

421 541 498 575 tem,
522 545 701 573 numerum,
735 533 917 566 functiones
944 537 975 565 ct
998 531 1103 565 officia
1127 530 1158 562 in

420 593 586 631 posterum
611 586 793 626 ordinavit,
820 586 851 618 in
878 585 939 618 alia
962 592 1048 623 vero,
1076 593 1158 626 quae

421 640 536 683 incipit
555 640 594 672 Ut
610 639 708 672 bonus
722 638 976 681 paterfamilias,
992 636 1160 669 Poeniten-

421 695 535 727 tiariae
552 693 737 726 huiusmodi
758 692 895 725 officium
914 691 1081 725 nonnullis
1099 690 1160 722 ibi-

421 747 495 781 dem
519 747 628 780 relatis
650 745 857 779 facultatibus
883 745 1059 784 dumtaxat,
1080 753 1159 787 quas

419 799 666 843 poenitentialis
692 799 838 832 muneris
855 798 991 831 maxime
1010 797 1159 841 proprias

420 864 457 886 ac
483 853 649 895 egentium
668 851 925 886 christifidelium
944 850 1091 884 remedio
1109 860 1159 882 ac-

420 906 645 939 commodatas
670 905 807 944 censuit,
834 903 1054 937 communivit.

227 966 329 1014 (331³ssng
340 965 409 1012 Piffit
464 958 478 1002 g
498 958 530 991 4.
556 958 679 991 Deinde
705 957 918 990 nihilominus
942 957 1028 989 idem
1045 955 1119 988 Pius
1135 955 1159 987 V

227 1000 660 1070 ffiffi3115us3013'praedeeessor,
675 1010 811 1054 eiusque
829 1020 1032 1043 successores
1044 1009 1159 1041 Roma-

226 1073 399 1119 2:23³,2a'3‘ffl2‘ffl
419 1065 450 1097 ni
477 1064 659 1104 Pontifices,
685 1063 932 1106 quampluribus
958 1062 1046 1095 vivae
1071 1061 1158 1094 vocis

315 1114 320 1120 '
420 1117 582 1155 oraculis,
619 1121 650 1149 et
685 1117 758 1160 piae
784 1116 959 1149 memoriae
985 1114 1157 1157 Gregorius

419 1170 505 1213 Papa
529 1169 604 1209 XIV,
629 1169 752 1213 pariter
772 1169 1005 1212 praedecessor
1029 1173 1156 1207 noster,

420 1224 515 1258 etiam
541 1224 607 1256 suis
625 1224 658 1256 in
676 1224 779 1256 forma
796 1222 906 1255 Brevis
932 1222 984 1254 die
1010 1233 1025 1253 x
1047 1220 1158 1264 aprilis

420 1277 495 1310 anni
512 1286 612 1310 iinxet
629 1276 787 1319 expeditis
816 1274 947 1314 litteris,
969 1274 1157 1307 reformatas

419 1336 455 1363 ut
479 1330 659 1374 praefertur
682 1328 853 1362 memorati
869 1327 964 1360 oflicii
992 1326 1158 1359 facultates

419 1384 583 1416 multoties
609 1381 805 1425 ampliarunt
829 1387 860 1414 et
884 1381 1112 1413 extenderunt.

227 1441 410 1490 stbss'btu‘s‘1W11
443 1435 502 1479 §5
514 1435 631 1467 Verum
646 1433 832 1466 huiusmodi
848 1433 1052 1466 facultatibus
1066 1431 1154 1464 valde

227 1476 457 1542 {filiii}'Jtlfi-iiffilut
481 1489 664 1531 praefertur
685 1486 906 1529 multiplicatis
928 1491 959 1518 et
983 1485 1154 1525 adaucti-«¹,

227 1528 535 1575 fiio.⁰“⁰¹⁰”“¹‘similis
568 1540 747 1573 memoriae
778 1540 924 1572 Urbanus
959 1537 1046 1581 Papa
1071 1537 1153 1576 x'itl,

422 1595 517 1627 etiam
542 1593 778 1637 praedecessor
802 1596 930 1632 noster,
957 1596 1155 1624 memorato-

420 1658 494 1680 rum
520 1646 566 1679 Pii
599 1646 636 1678 IV
668 1650 700 1678 et
732 1644 777 1677 Pii
809 1644 832 1676 V
863 1644 1152 1687 praedecessorum

419 1698 564 1742 vestigiis
587 1698 788 1738 inhaerens,
818 1707 876 1740 per
907 1707 980 1729 suas
1013 1696 1064 1729 die
1091 1706 1154 1729 xvxi

420 1752 617 1796 septembris
648 1751 724 1785 anni
757 1760 918 1785 iiincxxxiv
945 1749 1154 1793 pontificatus

421 1807 470 1839 sui
493 1816 538 1840 ΧΠ
563 1806 596 1838 in
629 1805 734 1838 forma
766 1805 874 1838 Brevis
909 1804 1031 1847 pariter
1059 1814 1156 1846 expe-

421 1859 503 1892 ditas
528 1859 651 1892 litteras
676 1857 835 1901 (praevia,
863 1857 969 1901 quoad
995 1856 1074 1888 inibi
1101 1856 1156 1888 de-

419 1912 538 1955 scripta
573 1911 699 1954 capita,
738 1920 1014 1954 quatumcumque
1052 1909 1152 1941 facul-

419 1971 518 1998 tatum
554 1975 612 1998 seu
648 1964 853 1997 indultorum
884 1973 920 1995 ac
951 1962 1038 1995 vivae
1071 1963 1157 1995 vocis

419 2020 626 2052 oraculorum
644 2018 786 2060 desuper
803 2026 1033 2050 concessorum
1054 2021 1086 2049 et
1102 2015 1158 2048 ali-

418 2076 469 2105 ter
504 2076 737 2111 emanatorum,
774 2081 854 2114 quae
891 2069 1006 2102 iisdem
1041 2069 1157 2102 littoris

419 2125 679 2163 adversarentur,
707 2123 942 2165 revocatione),
969 2127 1057 2156 motu
1080 2133 1158 2165 pro-

418 2178 501 2221 prio,
523 2188 559 2210 ex
585 2179 673 2210 certa
691 2177 826 2209 scientia
844 2181 876 2208 et
891 2178 1016 2208 matura
1032 2175 1158 2208 delibe-

417 2231 543 2264 ratione
562 2229 637 2271 suis,
655 2231 758 2273 deque
776 2230 970 2272 apostolicae
986 2228 1156 2272 potestatis

418 2284 636 2329 plenitudine,
665 2282 776 2315 statuit
807 2289 837 2316 et
869 2283 1043 2323 ordinavit,
1070 2283 1155 2326 quod

420 2337 460 2370 de
478 2341 588 2369 cetero
614 2335 781 2379 perpetuis
814 2335 928 2367 futuris
958 2336 1157 2378 temporibus

420 2389 523 2423 maior
548 2388 827 2432 poenitentiarius,
854 2393 885 2421 et
909 2389 1053 2421 eiusdem
1078 2388 1158 2421 Poe-

420 2442 624 2475 nitentiariae
650 2452 778 2484 regens,
807 2441 970 2485 ceterique
996 2442 1064 2474 cius
1090 2442 1158 2474 offi-

421 2495 518 2528 ciales
545 2500 576 2527 et
597 2494 736 2527 ministri
762 2504 821 2537 pro
848 2500 994 2537 tempore
1020 2494 1157 2527 existen-

458 2568 469 2593 1
495 2565 565 2593 Edit.
593 2564 673 2593 Main.
703 2565 767 2600 legit
792 2565 925 2593 adductis
951 2573 1000 2600 pro
1026 2565 1157 2593 adam-lis

420 2612 459 2646 (R.
479 2610 528 2646 r).

983 203 986 208 ’
1005 200 1183 244 nmmum
1207 218 1360 242 noni-,ison

1539 257 1543 259 Α
1910 216 1985 245 ;An.
2007 217 2035 244 c.
2053 217 2120 244 ism

1204 271 1264 307 tes,
1292 277 1309 299 a
1331 265 1573 309 particularium
1598 275 1732 299 casuum
1750 270 1782 299 et
1796 265 1942 307 negotio-

1203 330 1273 352 rum
1313 319 1392 352 inibi
1433 330 1659 362 expressorum
1704 319 1939 358 concessione,

1204 372 1433 405 commissione
1459 377 1491 405 et
1515 373 1735 414 expeditione,
1754 382 1836 415 quae
1860 371 1940 404 alias

1204 426 1312 458 nullae
1338 430 1457 464 essent,
1482 435 1519 457 eo
1550 425 1621 468 ipso
1652 425 1782 468 penitus
1814 434 1940 458 cessare

1204 482 1236 510 et
1259 477 1423 510 abstinere
1449 477 1619 510 deberent.

1247 530 1262 572 ἓ
1287 530 1317 563 6.
1337 531 1451 563 Adhuc
1471 534 1577 563 tamen
1603 535 1633 563 et
1657 534 1730 573 post
1754 529 1939 562 huiusmodi
1960 540 2132 570 ,insuam-

1203 582 1433 625 particularem
1459 582 1722 615 reformationem
1746 583 1809 615 alia
1826 568 2132 618 aonia-&lfissllfffass‘tssffi

1203 645 1321 668 norum
1345 634 1536 668 Pontificum
1561 635 1600 668 ad
1632 635 1713 669 haec
1737 645 1840 678 usque
1865 620 2135 668 teni-{¹55³3ss0i3Lliadsl'

1202 698 1282 731 pora
1304 688 1393 722 vivae
1420 688 1508 721 vocis
1533 689 1664 722 oracula
1689 689 1856 721 facultates
1881 688 1942 720 hu-

1202 741 1342 775 iusmodi
1363 741 1551 785 ampliantia
1576 748 1607 776 et
1631 742 1812 786 respective
1829 742 1942 776 mode-

1202 795 1306 828 rantia
1330 800 1603 838 supervenerunt.

1245 848 1260 891 ἓ
1285 848 1315 880 7.
1335 849 1416 881 Hine
1437 859 1505 888 nos,
1520 848 1699 881 animarum
1724 848 1831 886 saluti,
1848 853 1879 881 et
1894 848 1939 881 fa·-
1970 857 2131 888 Causarum,

1201 903 1355 935 cultatum
1380 902 1555 945 unicuique
1582 902 1687 934 officio
1719 907 1750 935 et
1787 884 2114 935 tribunaliC⁰⁰⁵t¹¹m'⁰⁰¹⁵'

1201 956 1454 998 competentium
1493 956 1600 988 ordini
1640 961 1671 988 et
1709 955 1935 996 distinctioni,

1202 1013 1356 1051 quantum
1376 1008 1471 1041 nobis
1497 1020 1532 1041 ex
1559 1009 1624 1041 allo
1648 1008 1847 1048 conce‘ditur,
1866 1019 1939 1041 con-

1202 1062 1310 1094 sulere
1327 1062 1484 1101 volentes,
1503 1071 1540 1093 ao
1565 1065 1741 1104 propterea
1757 1061 1939 1093 litterarum

1201 1114 1453 1158 apostolicarum
1472 1120 1502 1146 et
1520 1114 1608 1146 vivae
1626 1113 1714 1146 vocis
1734 1115 1939 1146 oraculorum

1202 1167 1417 1209 praefatorum
1441 1165 1722 1209 multiplicitatem,
1748 1166 1937 1198 varietatem

1201 1225 1230 1252 et
1246 1219 1486 1252 immutationes
1502 1219 1615 1252 sedula
1631 1218 1843 1251 meditatione
1860 1228 1939 1261 pen-

1201 1279 1318 1314 santes,
1336 1278 1464 1306 nostrae
1489 1271 1760 1306 Poenitcntiariae
1782 1282 1818 1304 ac
1842 1271 1940 1304 maio-

1199 1326 1242 1359 ris
1265 1325 1511 1370 poenitentiarii
1536 1326 1702 1358 facultates
1733 1325 1880 1367 seligere,
1907 1330 1940 1357 et

1193 1377 1344 1419 delectas,
1367 1379 1485 1413 ceteris
1515 1378 1674 1418 exclusis,
1703 1378 1883 1421 compilare
1908 1382 1939 1409 et

1199 1430 1231 1463 in
1256 1443 1355 1464 unum
1380 1431 1530 1473 redigere
1557 1430 1772 1470 decrevimus,
1798 1435 1833 1462 ut
1857 1440 1938 1473 quo-

1199 1500 1300 1533 usque
1321 1485 1486 1518 facultates
1504 1484 1691 1517 huiusmodi
1710 1484 1937 1521 extendantur,

1201 1551 1236 1573 ac
1259 1539 1424 1580 quomodo
1451 1542 1482 1570 et
1506 1537 1624 1580 quibus
1649 1537 1775 1569 casibus
1792 1536 1937 1570 exerceri

1197 1590 1324 1633 possint
1347 1596 1379 1623 et
1403 1591 1562 1631 debeant,
1588 1595 1674 1623 certe
1690 1617 1697 1630 ,
1724 1594 1876 1633 prompte
1906 1593 1938 1622 et

1197 1642 1348 1676 distinete
1374 1644 1432 1677 sub
1458 1644 1551 1675 unica
1576 1648 1608 1676 et
1632 1643 1776 1676 omnium
1793 1651 1939 1685 compre-

1197 1695 1331 1729 hensiva
1355 1696 1521 1729 sanctione
1547 1695 1767 1728 innotescant.

1241 1747 1311 1792 {8.
1345 1749 1494 1781 Omnium
1525 1748 1636 1791 itaque
1670 1753 1702 1781 et
1734 1748 1934 1790 singularum
1971 1754 2127 1776 rimamaru-

1945 1782 2004 1802 mites
2014 1783 2126 1803 auctorita>

1198 1802 1376 1836 litterarum
1403 1808 1434 1835 et
1458 1802 1663 1835 oraculorum
1683 1800 1881 1841 huiusmodi,
1898 1809 1970 1839 acus
1985 1809 2128 1831 Paenitentia-

1198 1856 1332 1888 aliarum
1349 1861 1381 1889 et
1399 1856 1546 1895 aliorum,
1561 1864 1790 1898 ,quaecumque
1815 1854 1879 1887 sint
1903 1842 1997 1887 etme'

1199 1909 1224 1941 si
1250 1919 1331 1952 quae
1358 1909 1433 1949 sint,
1461 1914 1593 1941 tenores
1617 1918 1674 1951 pro
1691 1908 1788 1950 plene
1814 1912 1846 1940 et
1870 1907 1936 1939 suf-

1201 1962 1347 1995 ficienter
1367 1962 1532 2005 expressis
1550 1966 1580 1993 et
1605 1960 1736 1993 insertis
1761 1960 1933 1999 habentes,

1200 2026 1235 2048 ac
1259 2015 1357 2048 salvis
1380 2015 1460 2048 etin
1485 2025 1542 2047 suo
1568 2015 1688 2047 robore
1707 2018 1740 2046 et
1757 2018 1840 2046 statu
1864 2023 1935 2056 per-

1199 2069 1402 2101 manentibus
1427 2068 1476 2107 iis‚
1495 2078 1578 2111 quae
1605 2067 1638 2099 in
1658 2067 1762 2100 altera
1785 2077 1822 2099 ex
1840 2076 1934 2109 prae-

1200 2122 1271 2155 fatis
1297 2121 1444 2154 eiusdem
1462 2121 1509 2153 Pii
1529 2120 1552 2151 V
1573 2119 1834 2163 praedecessoris
1860 2128 1934 2151 con-

1199 2174 1423 2208 stitutionibus
1444 2173 1621 2217 incipiente
1644 2173 1686 2206 In
1710 2172 1860 2205 omnibus
1880 2182 1934 2204 su-

1200 2239 1258 2271 per
1275 2228 1497 2260 ministrorum
1515 2225 1791 2259 Poeniteniiariae
1808 2224 1934 2268 praefa-

1201 2288 1250 2314 tae
1275 2281 1445 2325 qualitate,
1480 2290 1629 2320 numero,
1657 2278 1877 2311 functionibus
1901 2282 1933 2310 et

1200 2335 1312 2367 officiis
1330 2334 1480 2368 ordinata
1506 2334 1637 2366 fuerunt
1654 2332 1704 2375 (ac
1722 2332 1819 2365 etiam
1845 2332 1933 2364 salva

1201 2398 1331 2431 semper
1356 2387 1489 2420 maioris
1517 2385 1760 2430 poenitentiarii
1779 2385 1932 2418 facultate

1201 2441 1380 2473 Romanum
1398 2438 1604 2473 Pontificem¹
1623 2438 1656 2471 in
1674 2438 1932 2482 quibuscumque

1200 2492 1449 2537 particularibus
1469 2491 1611 2533 casibus,
1628 2491 1753 2524 tametsi
1767 2501 1826 2535 per
1838 2500 1934 2534 prae-

2056 1856 2070 1865 v·

1236 2565 1246 2590 1
1269 2564 1340 2591 Edit.
1360 2563 1440 2591 Main.
1461 2562 1526 2598 legit
1543 2562 1741 2590 Romanor-mn
1758 2561 1932 2596 Pontificum

1199 2610 1239 2646 (a.
1258 2609 1324 2644 r->-.
