2227 3225
140 185 191 211 Ast.
209 185 238 211 C.
261 185 325 212 111911

130 1092 316 1146 ligi-btsi’mgtdv'iii:
486 1138 492 1144 .
677 1138 683 1144 .
733 1138 738 1143 .
859 1138 865 1143 .
941 1139 946 1144 .
999 1138 1004 1144 .
1056 1141 1062 1148 ,

130 1146 316 1193 3123f43:1ss‹1114.;235
327 1142 375 1170 tra
400 1142 564 1197 terminos
593 1148 781 1197 provinciae
801 1165 808 1179 ,
840 1149 907 1171 sive
939 1149 971 1197 in
997 1150 1066 1197 ipsa

131 1196 447 1246 gin=¹1333511n13111033vestiti,
467 1201 535 1224 sive
556 1201 588 1224 111
611 1193 648 1224 ea
673 1197 737 1224 sint
761 1197 974 1235 incorporati,
996 1203 1064 1225 sine

131 1257 232 1273 ren-‘lum-

922 187 1130 211 INNOCENTR'S
1155 188 1199 211 xn
1224 189 1271 212 Pr.

334 246 448 269 eorum
475 240 682 279 procurator,
703 241 797 269 utens
822 235 879 268 sua
904 235 1068 275 facultate,

332 289 401 322 vice
419 295 450 321 et
465 289 597 321 nomine
615 299 747 321 suorum
766 288 1005 331 principalium,
1024 298 1069 321 re-

333 340 498 374 nunciavit
510 341 597 374 omni
613 340 672 373 iuri
688 341 834 384 quaesito
849 346 900 374 aut
916 351 1070 384 quaeren-

331 395 383 434 do,
407 400 438 427 et
456 405 491 427 ex
511 395 678 438 praedicto
704 395 794 428 Brevi
823 393 1070 438 quomodolibet

331 447 410 491 ipsis
420 446 608 480 obvenienti
623 447 864 487 autresultanti,
875 448 976 480 etsub
988 447 1069 480 insra

329 501 491 544 ponendis
508 496 749 536 conditionibus
766 502 927 546 acquievit
941 508 1069 535 senten-

330 553 393 587 tiae
419 555 459 588 ab
485 555 759 588 eminentisssimo
789 554 918 588 Ordinis
951 560 1065 599 prote-

329 612 419 640 ctore
444 607 638 651 iampridem
673 619 710 641 ex
735 607 966 642 commissione
991 619 1069 652 apo-

330 661 445 694 stolica
480 667 595 695 contra
628 666 924 705 praememoratum
968 661 1067 694 Breve

328 714 484 755 prolatae,
503 725 540 747 ac
556 714 761 748 omnimodae
779 714 960 748 executioni
980 724 1068 746 man-

328 766 434 800 datae.
453 767 497 800 Ne
515 778 589 801 vero
608 772 716 810 patres
735 766 893 809 praedicti
920 768 1067 800 forenses

328 819 524 853 fraudentur
540 830 599 863 per
617 820 678 853 1100
693 819 818 860 officiis,
834 820 1022 853 muneribus
1037 826 1067 853 et

328 872 512 906 honoribus
531 873 735 917 provinciae,
758 879 869 906 mutuo
896 873 972 906 hinc
991 873 1066 906 inde

326 936 489 959 consensu
501 926 662 970 praedicti
677 927 921 968 concordantes,
933 937 1068 970 sequen·

327 983 392 1012 tem
417 984 580 1023 perpetuo
614 979 856 1023 practicandam
886 980 1063 1024 providen-

326 1031 403 1065 tiam
427 1033 661 1066 adhibuerunt.

370 1095 419 1119 111.
445 1084 602 1118 Nimirum
627 1096 739 1119 omnes
769 1085 884 1118 fratres
915 1086 981 1118 nati
1014 1097 1067 1119 ex-

327 1244 463 1277 alicuius
489 1244 631 1277 nationis
668 1244 854 1278 discrimine
885 1245 1064 1289 recipiendi

325 1302 422 1338 sunt,
453 1302 554 1341 prout
578 1308 613 1331 re
638 1297 706 1340 ipsa
731 1297 955 1341 recipiuntur,
982 1304 1013 1331 et
1037 1299 1063 1331 vi

326 1350 421 1383 liuius
434 1350 629 1383 concordiae
660 1361 696 1383 ex
718 1361 803 1383 nunc
820 1350 850 1383 in
869 1356 1063 1394 perpetuum

324 1409 536 1447 acceptantur
560 1403 645 1436 inter
680 1404 794 1436 fratres
831 1404 956 1436 nativos
982 1404 1064 1437 cius·

324 1455 396 1488 dem
411 1455 607 1499 provinciae,
624 1466 696 1489 cum
712 1456 839 1500 aequali
858 1456 927 1489 iure
946 1457 984 1490 ad
1000 1457 1063 1490 dis-

324 1509 534 1544 tributionem
560 1509 762 1550 officiorum,
781 1521 819 1542 ac
848 1509 899 1542 isti
926 1510 1059 1543 liabent.

322 1562 394 1603 Sed,
413 1573 485 1596 cum
510 1563 676 1606 provincia
706 1563 767 1595 ista
793 1568 920 1596 constet
943 1564 1062 1607 princi-

321 1615 439 1659 paliter
457 1621 598 1660 quatuor
611 1616 797 1650 nationibus
814 1616 902 1649 iuxta
919 1618 1060 1659 modum,

322 1679 388 1713 quo
416 1668 566 1702 nationes
588 1669 833 1712 distinguuntur
857 1675 890 1703 01
909 1676 1061 1714 reputan-

323 1726 373 1754 tur
393 1721 425 1754 in
449 1721 657 1755 universitate
681 1721 916 1761 Salmaticensi,
935 1722 1060 1756 scilicet

321 1773 521 1815 Gallaeciae,
546 1774 761 1818 Camporum,
787 1775 977 1808 Cantabriae
1002 1787 1056 1809 ra-

322 1828 411 1862 tione
434 1829 637 1872 principatus
661 1830 871 1869 Asturiarmn,
891 1830 945 1873 qui
964 1830 996 1862 in
1015 1830 1059 1863 di-

321 1883 371 1915 cta
389 1882 597 1916 universitate
613 1893 682 1916 cum
698 1882 866 1916 Cantabris
880 1889 1058 1926 reputatur,

321 1940 353 1968 et
375 1935 650 1977 Extremadurae,
677 1936 767 1969 cuius
796 1942 891 1980 caput
922 1942 972 1969 est
999 1937 1059 1970 ista

320 1989 432 2022 civitas
457 1989 672 2030 Salmantina,
698 1989 738 2022 ad
763 1989 821 2022 has
846 1995 984 2033 quatuor
1008 2001 1059 2023 na-

320 2042 435 2083 tiones,
451 2043 490 2075 ad
509 2042 660 2076 effectum
679 2042 918 2076 distributionis
938 2043 1057 2076 officio-

319 2105 390 2128 rum
414 2100 530 2138 postea
553 2096 756 2135 statuendae,
775 2106 886 2129 omnes
908 2096 985 2129 alias
1004 2097 1057 2130 Ili-

319 2147 504 2191 spaniarum
538 2153 569 2181 et
594 2154 685 2182 extra
709 2149 882 2193 Hispanias
909 2150 1056 2183 nationes

318 2201 381 2234 hoc
404 2201 501 2235 modo
526 2202 743 2243 reduxerunt,
766 2213 906 2247 nempe:
926 2203 973 2236 Ad
1001 2214 1056 2236 na-

317 2253 439 2287 tionem
478 2254 661 2289 Gallaeciae
703 2256 902 2289 reducuntur
941 2257 1056 2290 fratres

318 2318 431 2341 omnes
455 2308 597 2342 nationis
620 2309 817 2350 Lusitaniae,
839 2314 871 2342 et
896 2314 1055 2353 quotquot

317 2361 384 2394 nati
410 2367 486 2394 sunt
516 2366 604 2395 extra
628 2362 856 2406 Hispaniarum
888 2363 1056 2396 continen-

319 2413 405 2454 tiam,
431 2420 530 2457 prout
552 2415 616 2448 iam
641 2416 822 2458 apostolico
847 2416 979 2449 decreto
1004 2427 1056 2449 re-

318 2466 405 2500 ducti
430 2468 650 2510 reperiuntur,
669 2474 700 2502 et
718 2474 879 2512 tamquam
904 2469 930 2502 si
956 2470 1053 2502 nativi

1745 183 1808 215 (³:33
1856 192 1903 218 An.
1922 192 1949 219 c.
1975 192 2041 220 ieet

1112 236 1255 276 Asu-nes,
1272 242 1303 269 et
1324 243 1485 281 quotquot
1511 239 1576 271 nati
1602 240 1722 272 suntin
1743 242 1850 274 termi-

1111 288 1161 321 nis
1187 290 1327 323 nationis
1352 290 1562 331 Cantabriae,
1588 293 1672 325 iuxta
1698 293 1849 326 dismem-

1110 341 1291 375 brationcm
1324 342 1420 375 huius
1454 343 1594 376 nationis
1627 345 1658 376 in
1683 346 1849 387 praedicta

1111 394 1319 429 universitate
1355 395 1553 429 Salmantina
1570 423 1577 436 ,
1614 403 1645 430 ct
1670 397 1713 430 ita
1729 424 1736 437 ,
1764 399 1848 431 ultra

1111 449 1313 491 praedictum
1357 450 1556 483 Asturiarum
1600 450 1819 494 principatum
1839 479 1847 492 ,

1111 501 1291 535 continebit
1312 513 1385 546 pars
1410 503 1470 536 ista
1496 503 1845 547 illontanaburgorum,

1111 554 1335 598 Guipuscoam,
1354 556 1491 596 Alavam,
1507 557 1695 590 Vasconiam
1714 568 1847 598 meram,

1110 619 1166 640 seu
1192 608 1377 652 Viscayam,
1404 609 1573 652 Rivogiam
1604 615 1636 643 et
1659 610 1846 644 Navarram.

1111 662 1158 694 Ad
1182 662 1348 695 nationem
1385 662 1598 706 Campensem
1636 663 1849 707 pertinebunt

1111 714 1223 748 fratres
1247 714 1435 758 praedictae
1461 715 1601 748 nationis
1626 716 1812 760 incipiendo
1831 727 1848 750 a

1109 767 1289 800 confinibus
1314 767 1504 807 Callaeciae,
1524 769 1579 801 scd
1600 769 1735 812 insuper
1759 770 1847 803 natio

1109 820 1264 854 Castellae
1289 820 1408 862 Novae,
1429 822 1516 865 quod
1541 822 1636 865 vulgo
1658 823 1798 855 Mancha
1815 824 1847 856 in

1109 874 1222 907 eadem
1247 874 1455 908 universitate
1480 875 1675 908 nominatur.
1703 876 1848 920 Denique

1109 928 1147 960 ad
1173 927 1335 960 nationem
1356 928 1611 962 Extremadurae
1635 929 1849 972 pertinebunt

1108 991 1221 1014 omnes
1247 980 1363 1013 fratres
1390 980 1548 1014 dioecesis
1570 981 1846 1022 Salmanticensis,

1109 1044 1207 1077 quae,
1233 1039 1268 1065 ut
1292 1034 1492 1077 praefertur,
1519 1040 1567 1067 est
1591 1034 1678 1067 1111115
1705 1035 1847 1068 nationis

1108 1092 1212 1130 caput,
1232 1091 1263 1119 et
1288 1097 1401 1119 omnes
1427 1087 1479 1119 alii
1506 1087 1543 1119 ad
1571 1087 1655 1120 lianc
1680 1088 1847 1121 nationem

1108 1140 1320 1183 pertinentes,
1339 1140 1426 1172 iuxta
1444 1151 1568 1173 morem
1588 1141 1673 1174 illius
1691 1142 1849 1174 univcrsi-

1110 1193 1192 1233 tatis,
1220 1199 1250 1226 et
1275 1204 1346 1225 cum
1369 1193 1433 1226 illis
1461 1193 1573 1226 fratres
1598 1204 1633 1226 ex
1661 1195 1846 1227 nationibus

1109 1246 1305 1279 Audalusiae
1338 1252 1369 1279 et
1397 1246 1591 1288 Aragoniae.
1620 1247 1656 1280 Et
1688 1259 1758 1280 cum
1785 1250 1844 1281 sub

1107 1300 1167 1332 hac
1187 1299 1416 1332 distributione
1435 1300 1662 1342 comprehensi
1680 1302 1847 1344 reperian-

1108 1358 1159 1384 tur
1183 1362 1296 1385 omncs
1318 1352 1433 1384 fratres
1452 1352 1506 1396 qui
1533 1358 1608 1384 sunt
1633 1358 1664 1385 et
1685 1364 1755 1387 esse
1773 1365 1847 1397 pos-

1107 1410 1180 1437 sunt
1194 1405 1226 1438 in
1243 1405 1410 1448 praedicta
1426 1405 1603 1448 provincia,
1619 1406 1756 1449 1110111110
1775 1418 1846 1440 ‹ton-

1107 1463 1263 1491 venerunt
1284 1458 1368 1501 quod
1396 1458 1426 1490 in
1452 1463 1633 1501 posterum,
1655 1459 1714 1491 sub
1739 1463 1845 1502 poena

1106 1512 1369 1557 perturbatorum
1405 1511 1493 1555 pacis
1530 1517 1562 1545 et
1598 1513 1802 1556 dyscolorum
1828 1525 1845 1546 a

1106 1564 1382 1608 trangressoribus
1414 1565 1487 1609 ipso
1514 1565 1595 1599 sacto
1622 1566 1843 1608 incurrenda,

1105 1620 1307 1653 abstineatur
1331 1629 1349 1652 a
1373 1620 1617 1652 nomenclatura
1647 1620 1841 1661 sorensium,

1104 1678 1139 1705 ut
1162 1672 1269 1705 minus
1293 1672 1377 1705 bene
1419 1678 1554 1705 sonante
1591 1672 1676 1706 inter
1701 1683 1756 1706 eos
1789 1674 1844 1717 qui

1103 1727 1245 1760 omnium
1270 1736 1380 1759 rerum
1402 1726 1634 1769 proprietatem
1659 1738 1676 1760 a
1694 1737 1727 1760 se
1754 1728 1844 1761 abdi-

1103 1784 1216 1812 carunt
1244 1783 1279 1810 ut
1303 1789 1368 1812 non
1395 1779 1536 1812 habeant
1561 1779 1693 1812 domum
1713 1786 1768 1813 aut
1796 1781 1844 1814 lo-

1103 1843 1186 1871 cum,
1214 1837 1267 1864 aut
1291 1832 1434 1875 aliquam
1460 1842 1540 1872 rem,
1563 1833 1619 1865 sed
1646 1839 1720 1865 sunt
1745 1833 1793 1876 (ut
1809 1834 1842 1866 in

1101 1887 1213 1928 regula
1237 1885 1306 1928 ipsa
1337 1886 1514 1928 monetur)
1540 1886 1705 1929 peregrini
1732 1892 1763 1919 et
1787 1888 1844 1920 ad-

1101 1948 1202 1971 venae
1227 1938 1259 1970 in
1284 1938 1348 1970 hoc
1374 1939 1503 1971 saeculo
1536 1938 1569 1970 in
1595 1944 1785 1981 paupertate
1811 1946 1844 1973 et

1102 1990 1286 2023 humilitate
1310 1990 1445 2023 Domino
1471 1991 1679 2030 famulantes,
1705 1991 1780 2024 ideo
1810 2003 1842 2025 o-

1101 2054 1192 2077 nmes
1210 2054 1226 2076 a
1246 2043 1387 2083 natione,
1407 2044 1445 2076 ad
1473 2055 1568 2087 quam
1594 2044 1770 2087 pertinent,
1790 2046 1843 2079 de-

1100 2097 1356 2130 nominationem
1382 2097 1522 2140 capiant.

1144 2160 1186 2184 11.
1214 2151 1279 2183 Hac
1305 2150 1385 2183 sacta
1411 2150 1676 2193 incorporatione
1694 2152 1839 2186 omnium
1891 2160 1920 2207 ⁰5
1939 2165 2035 2202 sorwgur

1099 2204 1268 2236 nationum
1293 2203 1380 2236 inter
1404 2203 1553 2236 nationes
1579 2192 2034 2262 11111111101151110-Ξξῒίιὲιδᾶῗέῇιῖἒ

1098 2257 1232 2297 vinciae,
1252 2256 1407 2301 praedicti
1432 2263 1551 2300 patres,
1578 2263 1613 2290 ut
1637 2259 1835 2302 praefertur,
1851 2274 1901 2288 rum.

1099 2311 1279 2344 concordes
1304 2310 1523 2353 addiderunt,
1549 2312 1647 2354 quod,
1662 2312 1700 2345 ad
1727 2323 1838 2356 pacem

1098 2369 1256 2408 perpetuo
1273 2363 1306 2396 in
1327 2362 1492 2407 provincia
1518 2366 1786 2407 conservandam,
1807 2372 1838 2400 et

1098 2417 1404 2460 praeoccupandum
1424 2417 1519 2450 unius
1544 2418 1685 2451 nationis
1704 2420 1839 2462 praedo-

1098 2470 1246 2510 minium,
1262 2480 1299 2503 ac
1316 2480 1492 2512 congruam
1512 2472 1654 2504 omnium
1669 2472 1835 2506 nationum

317 2518 458 2552 Gallaeci
485 2526 593 2553 essent
617 2521 649 2554 in
675 2527 841 2564 posterum
866 2522 1052 2565 reputandi.
1098 2522 1353 2556 satisfactionem
1369 2523 1637 2557 introducendam
1653 2526 1751 2568 (quod
1767 2532 1836 2559 erat

317 2572 364 2605 Ad
404 2573 570 2606 nationem
613 2573 803 2608 Cantabriae
843 2575 1055 2618 pertinebunt
1098 2576 1309 2619 praecipuum
1347 2575 1583 2609 inconveniens
1623 2578 1707 2620 quod
1742 2587 1835 2620 urge-

406 2633 486 2662 Bull.
506 2635 588 2662 Rom.
612 2652 638 2657 *-
667 2636 724 2664 l'ol.
746 2637 805 2665 XX.
951 2637 984 2666 80
