2254 3225
211 223 258 248 An.
276 222 304 249 c.
328 222 393 249 163951
440 213 503 247 558

236 547 357 570 Exordium.

254 1815 322 1835 Causa
349 1821 397 1836 con·

214 1844 337 1864 nutationi-5.

589 415 782 442 Innocentius
798 416 877 449 Papa
896 416 958 449 ΧΠ,

515 461 551 487 ad
571 464 748 494 perpetuam
771 460 817 487 rei
842 461 1024 487 memoriam.

448 539 488 572 Ut
511 539 665 572 iudicium
701 544 848 571 nostrum
884 539 923 571 de
960 538 1048 570 vultu
1083 535 1140 569 Dei

404 593 547 635 prodeat,
567 597 598 624 et
613 591 698 624 oculi
717 591 784 624 eius
805 592 934 624 videant
951 590 1140 633 aequitates,

405 645 627 688 acceptionem
665 655 897 687 personarum,
938 654 1019 686 quae
1055 642 1139 685 apud

405 698 554 730 eumdem
580 697 677 729 Deum
704 707 769 729 non
795 703 852 736 est,
879 697 976 729 nullis
1010 695 1141 728 bumili-

405 750 477 782 tatis
504 755 635 783 nostrae
661 741 911 791 suifragantibus
927 749 1064 789 meritis,
1084 749 1139 781 sed

404 808 562 845 quantum
587 804 682 836 nobis
707 814 743 836 ex
770 804 834 836 alto
868 813 1057 836 concessum
1083 807 1138 841 est,

405 866 517 888 arcere
555 856 702 898 impense
739 856 950 895 studuimus,
984 855 1139 896 illamque

406 908 500 941 etiam
519 919 535 941 a
553 908 747 951 quibusdam
772 909 917 948 indultis,
936 918 1016 951 sinae
1042 918 1059 940 a
1080 908 1142 940 Ro-

404 961 508 993 manis
526 960 736 1004 pontificibus
753 961 1064 1004 praedecessoribus
1085 971 1142 993 no-

405 1014 480 1047 stris
506 1025 660 1047 concessa
685 1014 883 1057 accepimus,
910 1025 967 1047 seu
995 1025 1079 1057 quae
1108 1014 1141 1046 in

404 1072 568 1110 posterum
593 1068 827 1107 concedentur,
855 1069 1000 1109 congrua
1034 1067 1144 1100 mode-

406 1119 529 1153 ratione
541 1120 708 1153 eliminare
721 1121 958 1161 desideramus,
975 1131 1143 1161 nam,cun1

404 1183 505 1205 unum
530 1184 647 1216 cerpus
673 1173 772 1206 simus
797 1174 829 1206 in
854 1174 995 1212 Christo,
1022 1173 1143 1216 singuli

406 1231 512 1259 autem
537 1228 619 1259 alter
643 1227 774 1260 alterius
800 1227 956 1267 membra,
984 1238 1079 1269 grave
1104 1227 1144 1260 vi-

406 1280 476 1312 deri
501 1291 567 1313 non
594 1281 700 1320 debet,
725 1281 760 1321 si,
787 1282 840 1324 qui
866 1281 898 1314 in
918 1281 1063 1314 Ecclesia
1088 1280 1143 1313 uni

405 1333 543 1366 Domino
569 1334 777 1374 famulantur,
804 1335 867 1366 una
904 1335 1083 1377 eademque
1108 1333 1145 1366 li-

404 1385 530 1418 bertate
556 1387 792 1428 congaudeant,
815 1392 844 1419 et
870 1387 1062 1430 praesertim
1088 1387 1143 1429 qui

406 1438 439 1471 in
466 1440 580 1472 eodem
615 1441 715 1482 gradu
751 1446 826 1472 sunt
860 1441 1050 1479 constituti,
1086 1440 1144 1472 ali-

406 1493 536 1535 quando
562 1493 704 1535 providis
731 1493 951 1526 sanctionibus
971 1494 1008 1525 ad
1027 1504 1144 1536 aequa·

404 1544 509 1577 litates
526 1546 731 1585 reducantur,
747 1552 788 1585 ut,
804 1545 885 1578 sicut
898 1546 966 1588 pari
988 1546 1142 1587 dignitate

405 1597 625 1639 praefulgent,
646 1597 768 1640 dispari
790 1598 885 1630 nimis
899 1598 1069 1641 privilegio
1087 1608 1142 1630 seu

406 1649 535 1682 indulto
547 1660 612 1683 non
631 1650 890 1692 distinguantur;
909 1650 1037 1693 pondus
1056 1650 1141 1683 enim

406 1708 438 1735 et
461 1702 602 1745 pondus,
624 1713 777 1735 mensura
794 1708 826 1735 ct
843 1713 1007 1742 mensura,
1024 1708 1144 1735 utrum-

407 1765 470 1797 que
495 1754 714 1787 abominabile
740 1760 789 1787 est
813 1755 898 1797 apud
923 1755 1035 1787 Deum.

452 1808 467 1850 ἓ,
492 1807 521 1839 l.
550 1807 627 1840 Cum
652 1807 759 1851 itaque
790 1808 926 1850 praefati
952 1808 1144 1851 praedeces-

408 1870 498 1893 sores
524 1861 625 1893 nostri
651 1861 681 1893 S.
706 1861 742 1893 R.
771 1861 804 1893 Ε.
832 1861 1061 1901 cardinalibus,
1088 1861 1143 1904 qui

408 1924 467 1956 pro
492 1914 593 1956 ipsius
611 1914 775 1947 Ecclesiae
803 1920 885 1946 statu
910 1915 1083 1947 salubriter
1099 1916 1143 1947 di-

410 1967 546 2009 rigendo
572 1967 699 2000 assidue
720 1968 867 2000 laborare
898 1978 961 2000 nou
994 1973 1141 2007 cessant,

408 2021 593 2053 facultatem
630 2021 668 2052 de
708 2020 868 2053 fructibus
914 2021 1142 2053 ecclesiasticis

408 2078 440 2105 et
465 2073 504 2105 de
528 2072 622 2105 benis
649 2072 764 2105 exinde
799 2084 854 2106 seu
887 2073 966 2105 alias
991 2073 1144 2116 quaesitis

408 2125 616 2167 disponendi,
630 2131 692 2157 tam
708 2125 738 2157 in
754 2125 867 2158 ultima
880 2126 1040 2158 voluntate
1051 2136 1144 2168 quam

408 2178 507 2218 alias,
535 2184 567 2210 et
587 2179 770 2221 respective
804 2189 915 2211 eorum
951 2179 1146 2211 haeredibus

409 2231 448 2264 ab
474 2231 625 2264 intestato
650 2231 682 2263 in
713 2231 900 2274 praemissis
933 2232 1145 2273 succedendi,

410 2284 470 2317 sub
482 2284 621 2327 quadam
639 2284 805 2317 moderata
822 2289 854 2316 et
871 2287 1016 2326 congrua
1034 2284 1146 2324 forma,

413 2337 452 2370 de
470 2336 671 2379 benignitate
696 2337 786 2370 Sedis
811 2337 1016 2380 Apostolicae
1034 2348 1148 2370 conce-

412 2390 489 2423 dere
529 2390 771 2430 consueveram
808 2390 874 2423 viee
917 2395 1023 2423 autem
1058 2393 1148 2423 versa

449 2479 458 2504 1
482 2478 512 2504 In
527 2482 612 2504 const.
633 2478 676 2504 ed.
698 2484 812 2512 uncxcn,
825 2478 867 2505 die
878 2479 907 2505 21
924 2478 998 2507 iunii.
1013 2479 1106 2514 pontif.
1122 2485 1147 2513 1,

966 224 1144 248 BULLARHYM
1169 224 1324 247 ROMANUM

1182 378 1344 421 pliantes,
1372 378 1438 410 suis
1472 379 1540 411 sive
1574 378 1658 410 veris
1695 378 1761 410 sive
1786 376 1916 409 adscitis

1182 431 1432 473 consanguineis
1467 431 1517 462 vel
1553 429 1703 462 affinibus
1743 435 1775 462 et
1810 430 1917 462 forsan

1182 482 1279 516 etiam
1305 482 1473 515 nonnullis
1498 482 1569 514 aliis
1594 482 1625 514 S.
1654 483 1690 514 Ρι.
1713 482 1746 514 Ε.
1772 483 1919 515 cardina-

1182 536 1266 568 libus
1291 537 1387 578 longe
1413 536 1535 568 maiora
1560 535 1694 574 indulta,
1718 541 1837 568 etcum
1855 546 1918 568 am-

1182 588 1339 630 plioribus
1376 589 1590 627 l'acultatilms,
1628 588 1743 627 modis,
1783 588 1919 621 circum-

1182 641 1319 680 stantiis,
1343 641 1508 681 clausulis,
1533 642 1668 674 cz‘uitelis
1685 646 1717 674 et
1734 641 1919 683 derogatio-

1183 694 1286 734 nibus,
1301 694 1542 734 concesserint;
1569 699 1601 727 et
1625 700 1811 737 propterea,
1835 694 1919 726 sieut

1183 746 1253 779 aliis
1279 747 1401 780 nestris
1434 758 1519 780 auno
1552 747 1785 780 lucar-nationis
1817 748 1919 780 domi-

1184 800 1275 832 nicae
1315 810 1466 839 iiocxcu,
1502 811 1518 833 x
1548 800 1702 832 kalendas
1735 800 1823 840 iulii,
1859 810 1916 832 ex-

1184 853 1301 895 peditis
1328 854 1443 885 litteris
1469 854 1599 886 modum
1619 853 1703 886 circa
1726 852 1918 885 donationes

1185 912 1216 938 ct
1240 906 1425 939 reddituum
1451 906 1742 940 ecclesiasticorum
1768 906 1920 939 distribu-

1186 959 1306 992 tionem
1348 959 1380 991 in
1422 959 1679 1001 consanguineos
1719 960 1767 991 vel
1809 959 1919 991 affines

1186 1012 1319 1045 Romani
1346 1012 1506 1045 Pontificis
1530 1023 1588 1055 pro
1615 1016 1760 1055 ternpore
1786 1013 1921 1044 existen-

1186 1065 1225 1097 tis
1250 1065 1484 1098 inviolabiliter
1503 1066 1693 1099 servandum
1715 1065 1835 1098 salubri
1854 1076 1922 1098 mo-

1186 1118 1352 1151 deratione
1379 1119 1656 1161 praeseripsimus,
1673 1119 1714 1151 ita
1741 1118 1837 1151 etiam
1864 1119 1922 1150 liu-

1186 1172 1323 1204 iusmodi
1348 1171 1548 1205 indultorum
1569 1171 1842 1215 ampliationibus‚
1864 1172 1922 1204 dif-

1187 1225 1351 1265 serentiis,
1383 1231 1418 1257 ut
1441 1226 1642 1268 praefertur,
1668 1226 1753 1258 inter
1777 1226 1920 1258 eiusdem

1186 1278 1218 1311 S.
1246 1279 1283 1311 R.
1302 1279 1337 1311 E.
1365 1279 1555 1319 cardinales,
1581 1279 1640 1311 hae
1659 1281 1766 1312 nostra
1783 1278 1920 1321 speciali

1187 1332 1418 1364 constitutione
1459 1342 1629 1365 occurrere
1667 1337 1699 1364 et
1735 1337 1921 1374 opportune

1187 1385 1357 1427 providere
1375 1385 1556 1427 cupientes:
1576 1390 1667 1417 motu
1689 1385 1836 1428 proprio,
1856 1395 1921 1417 non

1187 1439 1225 1471 ad
1250 1438 1437 1480 cuiusquam
1462 1437 1556 1469 nobis
1581 1448 1681 1479 super
1707 1437 1770 1469 hoc
1791 1437 1920 1469 oblatae

1186 1491 1352 1534 petitionis
1371 1490 1564 1529 instantiam,
1586 1490 1641 1522 sed
1660 1500 1697 1522 ex
1715 1492 1801 1522 certa
1819 1490 1923 1522 scien-

1187 1543 1229 1575 tia
1253 1549 1284 1576 et
1308 1545 1430 1575 matura
1455 1542 1689 1575 deliberatione
1714 1542 1847 1580 nostris,
1870 1542 1922 1574 de-

1187 1607 1248 1640 que
1281 1596 1480 1639 apostolicae
1516 1595 1682 1638 potestatis
1706 1595 1921 1637 plenitudine,

1185 1649 1292 1682 omnia
1318 1658 1538 1691 quaecumque
1571 1653 1602 1680 et
1633 1647 1760 1689 singula
1796 1648 1921 1680 indulta

1187 1702 1336 1741 testandi,
1351 1712 1407 1734 seu
1432 1701 1512 1734 alias
1537 1701 1741 1744 disponendi,
1757 1706 1787 1734 et
1812 1711 1923 1744 respe-

1185 1755 1265 1787 stive
1291 1755 1330 1787 ab
1356 1754 1506 1786 intestato
1532 1754 1735 1793 succedendi,
1770 1753 1922 1786 omnibus

1187 1813 1218 1840 et
1252 1807 1387 1849 singulis
1420 1807 1663 1847 cardinalibus,
1699 1806 1920 1849 praefatorum

1186 1861 1403 1893 Romanorum
1416 1860 1480 1892 Pon
1488 1860 1602 1892 tillcum
1620 1860 1919 1902 praedecessorum,

1186 1914 1241 1956 qui
1266 1914 1321 1946 illa
1345 1918 1585 1953 concesserunt,
1603 1912 1853 1955 consanguineis
1874 1913 1922 1945 vel

1187 1966 1354 2007 affinibus,
1381 1977 1438 1999 seu
1464 1966 1594 1999 illorum
1621 1966 1692 1998 loco
1716 1965 1849 1998 adlectis
1876 1966 1921 1998 rel

1188 2019 1330 2059 adscitis,
1352 2025 1382 2052 et
1399 2020 1505 2051 forsan
1527 2019 1623 2051 etiam
1653 2018 1816 2052 nonnullis
1841 2018 1922 2057 aliis,

1188 2073 1494 2116 quomodocumque
1511 2097 1518 2111 ‚
1565 2071 1844 2114 qualitercumque
1893 2077 1924 2103 et

1189 2125 1470 2168 quandocumque,
1492 2125 1552 2156 sub
1571 2123 1734 2167 quibusvis
1751 2124 1922 2156 verborum

1189 2177 1356 2210 tenoribus
1381 2182 1411 2209 et
1430 2176 1547 2214 formis,
1566 2177 1678 2216 modis,
1697 2176 1845 2216 cautelis,
1864 2176 1925 2207 cir-

1188 2229 1399 2269 cumstantiis,
1422 2229 1638 2271 qualitatibus,
1658 2234 1689 2261 et
1705 2239 1777 2261 cum
1795 2229 1924 2271 quibus-

1189 2294 1324 2326 cumque
1349 2282 1445 2315 etiam
1479 2283 1754 2324 derogatoriarum
1788 2282 1923 2323 deroga-

1190 2337 1290 2377 tortis,
1316 2337 1452 2379 aliisque
1480 2336 1723 2375 efficacioribus,
1746 2335 1923 2368 efficacissi-

1190 2391 1250 2423 mis
1277 2396 1308 2423 et
1327 2390 1465 2422 insolitis
1484 2389 1648 2429 clausulis,
1669 2395 1701 2421 et
1722 2388 1921 2421 irritantibus

1191 2449 1223 2477 et
1239 2443 1309 2476 aliis
1331 2443 1480 2482 decretis,
1497 2443 1529 2474 in
1546 2452 1667 2483 genere
1686 2443 1736 2474 vel
1754 2441 1786 2474 in
1804 2442 1921 2484 specie,

1918 221 1967 247 An.
1990 220 2016 246 C.
2038 222 2103 247 1:393

447 272 487 303 lis
523 272 569 304 IX
601 272 783 304 eorumdem
821 272 1031 305 indultorum
1069 283 1139 305 (mz-
1180 271 1378 305 nonnulliex
1394 271 1507 304 iisdem
1525 270 1845 314 praedecessoribus,
1859 269 1918 302 hu-

443 324 603 367 pli'alz'one
621 324 640 358 ¹.
1182 325 1319 359 iusmodi
1344 325 1601 358 moderationem
1627 335 1682 357 seu
1703 325 1835 357 formam
1853 334 1918 356 am-

1191 2497 1287 2530 etiam
1313 2501 1412 2535 motu,
1439 2495 1572 2527 scientia
1597 2505 1632 2527 ae
1657 2494 1824 2537 potestatis
1854 2494 1924 2537 ple·

1191 2549 1337 2582 nitudine
1357 2549 1584 2591 pai·ibus,‹.·tex
1599 2559 1799 2591 quacumque
1817 2551 1922 2588 causa,

1193 2603 1286 2635 clia-,n
1314 2602 1500 2633 il‘ieritorum
1520 2612 1573 2632 suu
1593 2601 1866 2633 remunerationis
1886 2602 1924 2634 la·

413 2527 484 2549 extat
503 2523 657 2549 reformatio
677 2523 748 2549 eii-ca
767 2523 925 2550 donationes
940 2528 966 2549 et
981 2523 1148 2549 distributio-

414 2575 460 2593 nes
476 2567 608 2593 bonorum
623 2567 866 2594 ecclesiasticorum
886 2569 912 2594 iu
936 2569 1157 2602 consanguineos

414 2612 455 2637 vel
476 2612 570 2637 aflines
592 2612 699 2638 ttoni-mi
723 2612 866 2638 l'wvtilivis.
