2227 3225
125 250 174 276 An.
191 248 219 275 C.
242 247 308 275 16ῠέ

143 469 156 489 Α
170 468 206 488 Pio
215 467 232 486 V
243 466 307 486 resur-

125 498 181 515 mala
191 494 226 513 fnit
238 495 308 513 ancto-

125 524 177 541 ιίΙικ
186 520 248 540 ctttr'n
259 520 308 540 Ροε-

124 547 266 569 :mend-«iriae.

157 2000 173 2020 A
189 1998 225 2019 pio
240 1997 257 2018 V
273 2002 305 2018 re-

121 2028 198 2047 vocata
221 2025 260 2045 suit
283 2029 304 2044 o·

121 2058 175 2075 mnis
214 2050 304 2072 auctori-

121 2081 153 2099 tas
165 2078 304 2099 Paenitentia-

120 2106 207 2129 flamna
215 2105 304 2130 excepta

121 2133 224 2152 minorum
234 2132 305 2156 poeui-

121 2159 274 2180 tenuatim-um.

897 246 1106 271 INNOCEN‘l‘lL'S
1132 247 1177 270 ΧΠ
1201 247 1248 271 Pr.

318 295 571 340 portunitatibus
596 299 628 328 et
642 294 917 327 vicissitudinibus
935 299 1055 328 attente
1099 294 1297 336 apostolicae
1308 294 1835 339 potestatisplenitudine,omnem

319 349 473 391 pensatis,
491 352 689 381 censuerunt
706 347 738 380 in
755 347 892 381 Domino
918 347 1056 380 salubri-

319 408 368 434 ter
391 401 558 444 expedire.

362 454 377 497 ἓ
401 454 432 487 ’1.
462 454 547 487 Alias
574 454 744 497 siqnidem,
762 460 834 498 post
853 454 1056 498 antiquiores

318 507 415 540 ossicii
442 507 627 540 huiusmodi
650 513 763 547 status,
780 507 884 540 felicis
909 507 1057 540 recorda-

319 561 416 594 tionis
442 561 516 594 Pius
542 561 598 594 Pr.
617 561 652 593 lv
673 562 909 604 praedecessor
932 567 1054 601 noster,

318 613 497 647 officiorum
523 620 555 648 et
575 614 784 647 tribunalium
810 614 974 648 Romanae
999 614 1058 648 Cn-

318 667 384 701 riae
410 667 634 701 reformationi
652 667 805 710 pastorali
831 667 1055 700 sollicitudine

317 721 472 761 intentus,
490 722 530 755 ad
555 722 700 754 eiusdem
721 721 990 755 Poenitcntiariac
1009 721 1056 754 os-

317 773 435 815 ticium,
462 774 495 807 in
521 785 585 818 qno
617 784 744 807 morum
776 785 913 806 censura
937 779 968 807 et
992 774 1057 806 ani-

317 836 441 859 marum
465 828 552 860 salus
576 827 751 870 praecipue
777 827 926 866 vertitur,
953 827 1056 860 consi-

317 879 497 912 derationis
512 890 590 912 snae
604 881 716 912 oculos
735 879 861 918 direxit3
882 880 1054 923 habitaque

318 931 459 974 desuper
484 941 555 964 cuin
577 937 653 964 tunc
679 933 895 965 existentibus
921 932 952 965 S.
970 932 1052 965 RE.

316 985 535 1017 cardinalibus
561 985 797 1018 deliberatione
822 988 955 1025 matura,
971 985 1057 1029 ipso-

317 1048 378 1080 que
404 1038 526 1071 maiore
551 1039 805 1081 poenitentiario
837 1049 873 1073 ac
910 1038 979 1072 eius
1009 1040 1056 1071 ot*-

315 1090 475 1124 ficialibns
512 1091 651 1132 auditis,
679 1102 715 1125 ac
746 1091 897 1126 omnibns
931 1098 1054 1125 mature

317 1143 545 1183 consideratis,
566 1144 605 1177 de
626 1144 815 1177 eorumdem
842 1144 1054 1178 cardinalium

318 1196 475 1237 consilio,
501 1197 588 1240 qnod
614 1197 653 1230 de
679 1202 789 1230 cetero
814 1197 983 1241 perpetuis
1008 1199 1055 1230 t'n-

317 1250 396 1282 turis
422 1250 625 1293 temporibus
651 1260 709 1293 pro
736 1256 882 1294 tempore
914 1251 1054 1284 existens

317 1302 421 1336 maior
455 1303 748 1346 poenitentiarius,
775 1314 917 1346 regens,
946 1314 1053 1337 corre-

317 1361 432 1396 ctores,
458 1356 641 1398 superiores
678 1362 711 1389 et
744 1362 991 1399 procuratores,
1018 1369 1053 1390 ac

316 1408 370 1440 alii
389 1409 583 1451 quicumque
602 1408 672 1442 eius
687 1409 840 1442 officiales
858 1415 889 1442 et
905 1409 1053 1450 ministri,

315 1461 355 1494 ab
380 1472 492 1495 eorum
512 1462 656 1496 omnium
685 1474 767 1505 qnae
792 1463 824 1496 in
852 1469 925 1496 tunc
949 1465 1056 1497 conse-

315 1515 376 1547 ctis
401 1515 551 1558 capitulis
567 1521 597 1548 et
616 1515 896 1558 prohibitionibus
914 1517 1056 1550 contine-

314 1569 434 1601 bantnr
465 1574 496 1602 et
530 1570 636 1602 sorum
661 1570 825 1603 internum
861 1581 916 1603 seu
941 1572 1055 1614 poeni-

316 1622 486 1655 tentialem
510 1623 704 1665 plerumque
728 1633 794 1656 non
824 1624 1054 1666 respiciebant,

315 1675 529 1709 concessione
548 1681 580 1708 et
596 1676 827 1710 commissione
845 1677 975 1720 penitus
992 1688 1055 1711 ces-

315 1739 387 1761 sare
405 1734 437 1761 et
452 1729 615 1762 abstinere
638 1730 806 1769 deberent,
825 1741 883 1773 per
901 1731 1054 1773 quasdam

316 1781 1052 1824 suasannoIncarnationisdominicaenntxn,

315 1844 333 1866 v
357 1844 460 1867 nonas
484 1834 568 1875 maii,
590 1834 798 1877 pontificatus
822 1836 872 1869 sui
897 1847 983 1870 anno
1008 1848 1054 1875 111,

317 1886 485 1931 expeditas
508 1887 641 1927 litteras,
657 1888 845 1922 auctoritate
877 1890 1055 1932 apostolica

315 1941 429 1976 statuit
452 1946 485 1974 et
503 1940 677 1974 ordinavit.

358 1993 373 2036 ξ
397 1993 428 2027 2.
447 1992 633 2028 Successive
656 1995 853 2028 recolendae
878 1995 1054 2030 memoriae

315 2045 390 2081 Pius
415 2046 475 2079 PP.
494 2046 528 2087 V,
546 2047 644 2079 etiam
670 2048 908 2090 praedecessor
933 2055 1053 2089 noster,

316 2104 444 2142 tempus
470 2105 502 2132 et
525 2100 753 2133 necessitatem
781 2101 895 2144 suique
916 2102 1053 2135 instituti

313 2152 473 2185 rationem
509 2153 674 2196 postulare
710 2154 917 2197 perpendens
954 2161 989 2187 nt
1021 2156 1053 2188 in

313 2206 423 2238 multis
440 2206 602 2239 Romanae
620 2206 734 2239 Curiae
753 2207 849 2240 rebus
868 2218 982 2241 novam
1002 2209 1055 2241 de-

312 2259 426 2302 inceps
466 2260 601 2292 sormam
640 2266 851 2303 proponeret,
893 2261 1053 2294 eiusmodi

305 2304 313 2318 1

295 2342 297 2344 .
313 2322 391 2345 vcro
417 2323 526 2345 curam
545 2312 650 2355 ipsum
679 2312 858 2356 impensius
876 2314 1053 2347 sollicitare

313 2370 350 2398 ut
373 2365 411 2398 ad
449 2375 486 2398 ea
518 2365 550 2399 in
586 2365 698 2409 primis
734 2366 939 2400 incumberet
971 2378 1053 2410 qnae

258 2417 267 2421 ”
315 2421 453 2452 salutem
479 2425 510 2452 et
534 2420 714 2462 periculum
741 2421 962 2463 respiciebant
987 2422 1054 2454 ani-

313 2483 448 2512 marum,
466 2472 519 2507 ac*
543 2474 687 2516 praefato
714 2474 986 2507 Poenitentiariae
1008 2476 1054 2507 os-

314 2525 386 2558 sicio
413 2526 539 2558 initium
565 2537 689 2570 capere,
715 2538 896 2570 novamque
920 2527 966 2560 illi
993 2539 1052 2571 pro

315 2577 431 2610 suturis
466 2579 649 2612 facultatem
686 2586 827 2612 statuere
855 2582 986 2620 rolens,
1014 2581 1052 2613 de

354 2641 366 2666 1
384 2639 430 2665 Yet
448 2639 589 2675 legendum
606 2650 621 2667 n
635 2650 681 2675 pro
694 2650 726 2667 ac
743 2641 842 2668 veta-121
864 2641 991 2675 1iduni(n,
1005 2642 1051 2676 12).
1072 2668 1075 2672 ,

1099 352 1131 380 et
1155 358 1393 391 quamcumque
1417 348 1562 382 eiusdem
1589 349 1684 382 officii
1712 355 1742 382 et
1758 360 1836 393 poe-

1098 399 1275 432 nitentiarii
1300 400 1432 434 maioris
1456 402 1692 441 anctoritatem,
1715 403 1836 437 iurisdi-

1098 453 1236 486 ctionem
1262 458 1293 486 ct
1310 460 1501 496 potestatem
1520 455 1714 488 ordinariam
1732 463 1765 489 ct
1781 459 1836 490 de-

1098 505 1247 545 legatam,
1271 516 1307 539 ac
1331 507 1441 539 omnia
1466 512 1498 539 ct
1522 518 1747 551 quaecumque
1772 511 1836 553 pri-

1097 558 1226 601 vilegia,
1253 559 1419 593 facultates
1445 566 1477 592 et
1501 561 1637 600 indulta,
1657 562 1721 595 illis
1749 569 1835 596 cete-

1098 611 1206 654 risque
1243 613 1393 645 omnibns
1430 614 1534 647 dietae
1559 615 1834 649 Poenitentiariae

1097 668 1171 696 tune
1197 665 1411 698 existentibus
1437 668 1582 710 collegiis
1618 675 1650 701 et
1683 669 1834 712 personis

1097 716 1136 748 ab
1162 717 1262 760 ipsius
1287 718 1385 751 officii
1417 720 1619 754 institutione
1650 732 1708 765 per
1738 733 1836 766 quos-

1097 780 1234 814 cumque
1259 771 1422 805 Romanos
1446 773 1622 808 Pontifices
1647 776 1836 818 praedeces-

1097 834 1188 856 sores
1213 834 1290 858 suos
1316 835 1353 858 ac
1377 826 1520 869 seipsum
1546 834 1578 861 et
1601 829 1716 862 Sedent
1749 832 1835 874 Apo-

1096 876 1253 917 stolicam,
1276 878 1374 911 ctiam
1399 886 1487 912 motn
1512 882 1648 925 proprio
1675 889 1707 915 et
1730 883 1833 926 ipsius

1097 932 1183 962 certa
1208 930 1353 970 scientia,
1387 933 1493 975 deque
1527 935 1713 977 praedictae
1744 941 1834 979 pote-

1097 983 1187 1015 statis
1207 984 1420 1026 plenitudine,
1441 991 1502 1019 tam
1529 987 1560 1019 in
1593 997 1711 1029 genere
1738 1001 1834 1032 qnam

1097 1036 1130 1068 in
1154 1037 1273 1080 specie,
1298 1049 1333 1070 ac
1358 1039 1396 1072 dc
1418 1041 1568 1073 mandate
1587 1042 1718 1084 speciali
1737 1049 1768 1075 et
1784 1054 1836 1076 ex-

1097 1100 1222 1132 presso,
1236 1091 1332 1125 etiam
1350 1092 1436 1125 rivae
1454 1094 1539 1126 vocis
1557 1096 1688 1128 eraculo
1705 1097 1834 1135 emisso,

1098 1148 1130 1175 et
1164 1153 1199 1175 ex
1237 1144 1496 1188 quibuscumque
1531 1148 1634 1180 causis
1660 1158 1835 1188 concessa,

1097 1196 1292 1235 confirmata,
1313 1208 1349 1230 ac
1366 1198 1460 1231 etiam
1479 1199 1606 1242 pridem
1624 1211 1639 1233 a
1658 1208 1834 1234 memorato

1098 1248 1152 1282 Pio
1177 1249 1213 1281 IV
1237 1251 1489 1293 praedecessore
1515 1253 1699 1294 reformata,
1726 1255 1837 1288 restri-

1096 1307 1146 1334 cta
1164 1308 1195 1335 ct
1211 1304 1389 1343 moderata,
1407 1304 1664 1350 quibuscumque
1681 1314 1837 1351 concepta

1098 1355 1254 1395 formulis,
1273 1366 1308 1388 ac
1330 1356 1426 1389 etiam
1445 1357 1645 1400 restrictivis,
1666 1360 1837 1403 derogato·

1097 1407 1216 1441 riarum
1235 1409 1459 1452 dcrogatoriss,
1485 1411 1623 1454 aliisque
1649 1412 1836 1446 fortioribus

1098 1466 1129 1493 et
1145 1461 1380 1495 efficacioribus
1398 1474 1434 1495 ac
1455 1463 1550 1496 etiam
1569 1465 1630 1497 vini
1648 1471 1834 1500 contractus

1098 1514 1323 1548 inducentibus
1348 1517 1508 1557 clausulis,
1535 1528 1664 1551 necnon
1681 1519 1836 1552 irritanzi-

1098 1568 1157 1600 bus
1183 1573 1215 1600 et
1239 1568 1311 1602 aliis
1347 1570 1485 1603 decretis
1521 1571 1660 1611 suffulta,
1698 1583 1834 1615 qnoruni

1097 1620 1244 1654 omnium
1272 1627 1402 1655 tenores
1428 1623 1541 1656 haberi
1565 1625 1665 1657 votuit
1695 1636 1753 1668 pro
1785 1637 1836 1658 ex-

1098 1674 1231 1715 pressis,
1253 1685 1478 1719 quaecumque
1504 1683 1611 1709 essent
1648 1679 1835 1721 (potestate

1097 1727 1261 1760 minorum
1285 1729 1614 1770 poenitentiariorum
1647 1742 1779 1764 sucrum
1805 1738 1836 1765 et

1097 1781 1358 1815 ordinationibus
1383 1784 1421 1815 de
1444 1783 1508 1816 illis
1539 1795 1717 1827 eorumque
1749 1790 1834 1817 statu

1097 1839 1170 1866 tnnc
1195 1834 1323 1878 prIdem
1348 1836 1443 1868 editis
1469 1836 1587 1869 litteris
1612 1838 1706 1870 salvis
1731 1844 1761 1871 et
1786 1838 1835 1870 in-

1097 1887 1195 1930 tegris
1214 1888 1482 1931 remanentibus),
1498 1890 1666 1929 revocavit,
1685 1901 1836 1934 suppres-

1097 1941 1138 1972 sit
1155 1946 1186 1974 et
1205 1942 1362 1982 abolevit;
1379 1949 1411 1975 et
1423 1944 1511 1983 alias,
1527 1949 1625 1986 prout
1640 1944 1670 1976 in
1690 1945 1834 1977 eiusdem

1098 1994 1143 2026 Pii
1167 1994 1190 2026 V
1226 1996 1490 2038 praedecessoris
1522 2007 1554 2030 lv
1578 1997 1732 2030 kalendas
1759 1997 1833 2030 maii

1097 2058 1180 2080 anno
1206 2050 1367 2091 praefatae
1393 2049 1626 2082 Incarnationis
1652 2060 1771 2083 MDLxlx
1803 2055 1835 2083 et

1097 2100 1302 2144 pontificatus
1320 2102 1368 2135 sui
1394 2112 1424 2135 lv
1449 2103 1593 2145 desuper
1609 2103 1766 2146 expeditis
1784 2104 1835 2136 lit-

1098 2155 1173 2187 teris
1194 2155 1328 2188 uberins
1354 2155 1550 2189 continetur.

1140 2209 1154 2251 ,ξ
1178 2208 1209 2242 3.
1236 2209 1342 2252 thue
1367 2215 1563 2242 memoratus
1587 2209 1660 2242 Pius
1683 2211 1705 2243 V
1740 2221 1833 2255 prae-

1098 2370 1184 2401 tione
1201 2369 1368 2412 explicata,
1382 2380 1496 2402 noram
1514 2370 1629 2403 suturis
1645 2371 1778 2403 sormam
1793 2373 1832 2404 de

1097 2422 1225 2463 integro
1250 2423 1472 2465 praescribere
1494 2423 1625 2462 valeret,
1643 2434 1705 2466 qua
1726 2425 1832 2467 ipsnm

1096 2475 1367 2508 Poenitentiariae
1390 2475 1551 2515 officium,
1576 2477 1671 2509 certis
1700 2477 1833 2520 qnibns-

1097 2528 1169 2560 dam
1187 2528 1403 2567 facultatibus,
1417 2539 1498 2571 quae
1514 2529 1586 2561 aliis
1602 2529 1715 2561 officiis
1730 2529 1831 2572 magi:-

1097 2581 1357 2621 conrcniebant,
1385 2588 1591 2614 exoneratum
1617 2587 1711 2624 atque
1738 2592 1833 2624 expe-

1097 2633 1209 2678 ditum,
1231 2634 1347 2667 deinde
1373 2644 1420 2675 ea,
1446 2645 1527 2678 (luae
1554 2634 1730 2667 animarum
1749 2635 1833 2667 salu-

1734 241 1794 273 [151
1843 250 1893 278 An.
1909 251 1937 278 C.
1960 252 2026 278 1052

1896 2219 1926 2239 ΑΙ»
1950 2218 2024 2239 emto-m

1844 2246 1880 2265 l‘iu
1897 2245 1911 2265 V
1931 2248 2025 2265 instituta

1097 2263 1258 2302 decessor,
1286 2261 1398 2294 habita
1419 2263 1457 2295 de
1484 2262 1704 2296 ministrorum
1730 2265 2024 2307 quali-suwnvasorum

1845 2298 1907 2317 ·I.cii
1917 2298 2024 2318 Paeniten-

1096 2321 1168 2353 tate,
1187 2326 1331 2355 numero,
1353 2316 1567 2349 functionibus
1592 2322 1624 2350 et
1647 2318 1759 2350 officiis
1786 2329 1846 2351 1·a-‘
1861 2325 1926 2345 iri-*e-
