2227 3225
116 240 177 287 χᾼίι.
197 244 229 272 c.
246 244 313 272 1093

148 2261 271 2283 Extenditur
282 2260 309 2281 ad

126 2289 240 2314 hospitium
251 2294 309 2308 iuva-

125 2315 223 2337 laturum.

315 346 447 390 spitalis,
463 352 617 389 quantum
632 357 702 379 cum
717 347 853 381 Domino
869 356 1047 390 possumus,

315 400 485 432 consulere
510 400 666 438 volentes,
684 399 975 442 supplicationibus
993 403 1048 432 tuo

314 452 446 485 nomine
472 452 566 485 nobis
586 462 685 496 super
706 453 767 484 hoc
788 452 954 485 humiliter
975 454 1049 495 por-

314 505 411 537 rectis
435 505 598 544 inclinati,
632 505 706 545 tibi,
732 510 766 538 ut
791 515 966 548 pauperes,
993 505 1047 548 qui

314 557 347 590 in
374 558 528 602 hospitali
553 559 720 602 praedicto
749 569 807 603 pro
833 565 978 602 tempore
1003 568 1050 591 re-

314 611 500 655 cipiuntur,
536 612 568 644 in
605 617 678 645 actu
713 622 823 645 corum
855 612 1049 655 receptionis

299 665 502 698 ‚huiusmodi
527 665 760 708 praecipiendo
785 673 929 705 monere,
953 670 998 704 ut,
1023 664 1047 697 si

314 718 375 761 ipsi
400 718 507 761 aliqua
530 718 616 750 bona
639 718 774 751 mobilia
797 719 847 751 vel
868 717 1048 751 immobilia

313 771 491 813 possident,
509 771 564 803 illa
588 771 743 811 indicent,
761 771 915 815 alioquin,
932 771 956 804 si
982 780 1047 804 non

314 823 536 862 indicaverint,
552 824 664 859 eadem
689 824 775 857 bona
792 824 876 857 dicto
893 823 1047 867 hospitali

313 876 480 919 acquirere
496 877 598 910 libere
615 882 647 910 et
664 877 750 910 licite
768 877 870 920 possis
884 882 915 910 et
931 878 1046 917 valeas,

314 930 489 973 apostoliea
514 930 715 969 auctoritate,
742 935 855 963 tenore
888 940 1045 973 praesen-

313 983 403 1021 tium,
429 982 612 1015 facultatem
629 982 839 1016 concedimus
857 988 889 1016 et
905 982 1048 1026 imparti-

313 1047 394 1075 mur,
420 1042 451 1069 et
476 1036 689 1070 nihilominus
724 1037 831 1071 onmia
861 1042 892 1069 et
922 1037 1048 1079 singula

313 1088 400 1122 bona
419 1094 481 1122 tam
500 1089 631 1124 mobilia
658 1100 753 1133 quam
782 1089 958 1123 immobilia
982 1089 1049 1121 ubi-

314 1143 395 1176 libet
425 1143 594 1176 existentia
630 1154 690 1186 per
721 1144 853 1176 eosdem
879 1153 1048 1187 pauperes,

314 1206 386 1228 cum
406 1196 437 1228 in
465 1196 569 1239 ipsum
587 1197 746 1240 hospitale
760 1197 971 1240 recipiuntur,
985 1208 1047 1230 non

313 1248 561 1289 indicaverint¹‚
586 1249 690 1282 eidem
717 1249 870 1292 hospitali
895 1250 1049 1292 acquisita

315 1310 382 1333 esse
408 1306 440 1333 et
465 1301 540 1339 sore,
567 1301 707 1344 dictique
734 1302 902 1345 hospitalis
919 1303 1050 1335 admini-

313 1356 465 1386 stratores
489 1358 522 1386 et
548 1354 701 1387 officiales
722 1354 881 1388 bonorum
906 1356 1048 1389 omnium

314 1405 500 1440 huiusmodi
521 1408 735 1450 corporalem,
757 1409 876 1440 realem
895 1413 927 1441 et
943 1414 1049 1442 aetua-

313 1458 377 1491 lem
402 1459 664 1502 possessionem,
691 1459 766 1492 dicti
793 1461 962 1503 hospitalis
993 1472 1049 1494 no-

314 1512 410 1552 mine,
425 1513 675 1556 apprehendere
690 1512 792 1546 libere
804 1519 836 1546 et
846 1514 932 1547 licite
944 1525 1049 1558 posse,

315 1575 376 1598 nec
407 1576 463 1599 eos
494 1566 634 1609 desuper
657 1567 822 1601 molestari
853 1569 901 1600 vel
927 1568 1050 1610 inquie-

314 1618 375 1650 tari
399 1628 507 1661 posse,
532 1624 721 1662 praesentes
745 1629 820 1652 vero
839 1620 960 1654 litteras
978 1622 1050 1654 vali-

315 1670 382 1711 das,
405 1671 511 1704 sirmas
536 1677 568 1704 et
590 1672 737 1705 efficaces
762 1673 912 1711 existere,
930 1684 964 1707 ae
983 1675 1051 1707 irri-

316 1728 384 1756 tum
409 1729 441 1757 et
465 1724 573 1763 inane,
598 1724 623 1756 si
648 1735 738 1757 secus
759 1726 923 1769 superbis
941 1738 958 1759 a
976 1735 1052 1770 quo-

316 1785 420 1819 quam,
442 1777 551 1820 quavis
584 1778 796 1818 auctoritate,
828 1780 966 1812 scienter
1001 1782 1049 1813 vel

316 1829 514 1871 ignoranter,
541 1830 713 1872 contigerit
738 1832 900 1871 z‘ittentari,
917 1834 1053 1866 auctori-

317 1887 382 1915 tate
406 1888 438 1916 et
464 1888 575 1915 tenore
600 1883 774 1926 praedictis
801 1885 1004 1917 decernimus
1023 1891 1052 1918 et

318 1936 529 1969 declaramus.
554 1935 624 1968 Non
659 1936 862 1969 obstantibus
898 1938 1053 1971 constitu-

318 1989 458 2022 tionibus
486 1994 517 2022 et
549 1989 810 2022 ordinationibus
847 1991 1052 2034 apostolicis,

317 2042 496 2084 ceterisque
521 2042 693 2074 contrariis
711 2042 979 2086 quibuscumque.
1000 2045 1054 2077 Da-

317 2101 384 2128 tum
409 2095 546 2135 Tusculi,
571 2096 631 2128 sul)
656 2096 775 2129 annulo
801 2096 981 2137 piscatoris,
1003 2098 1053 2130 die

318 2149 431 2181 ultima
462 2149 654 2192 septembris
688 2159 825 2189 nncxxt,
850 2150 1054 2193 pontificatus

319 2202 421 2235 nostri
447 2212 532 2234 anno
558 2211 567 2234 1
593 2213 624 2233 ».

363 2254 377 2297 ἓ
401 2253 433 2286 ⁶2.
460 2254 549 2286 Nunc
569 2260 672 2287 autem
692 2265 758 2294 nos,
778 2255 911 2298 hospitii
930 2263 1055 2298 aposto-

320 2308 373 2341 lici
398 2318 579 2351 pauperum
615 2307 831 2340 invalidorum
864 2318 881 2341 a
905 2309 997 2341 nobis
1023 2309 1053 2341 in

320 2361 433 2394 eadem
458 2360 543 2393 Urbe
569 2360 717 2400 instituti,
744 2361 793 2393 cui
819 2371 922 2404 nuper
948 2362 1055 2405 hospi-

303 2414 385 2446 rtale
410 2413 441 2446 S.
468 2413 546 2446 Sixti
579 2413 764 2446 huiusmodi
797 2425 869 2446 cum
903 2415 1054 2447 omnibus

322 2471 354 2498 ct
373 2465 509 2508 singulis
529 2466 594 2498 suis
612 2466 775 2505 membris,
791 2466 914 2498 iuribus
934 2473 965 2499 et
983 2477 1054 2509 per·

324 2519 466 2551 tinentiis
491 2519 646 2552 universis
670 2531 730 2563 per
755 2520 834 2552 alias
860 2526 984 2552 nostras
998 2520 1056 2552 sub

361 2591 369 2616 1
393 2590 485 2616 Potius
504 2590 563 2624 lege
585 2611 591 2616 .
605 2611 628 2616 ..
649 2591 834 2624 recipiuntur
852 2598 973 2625 possessa
986 2612 993 2625 ,
1012 2611 1018 2616 .
1031 2611 1055 2617 ..

323 2642 395 2668 (λιπες
417 2635 468 2668 ,ἷληῑ
492 2643 544 2658 1:¹71
569 2635 757 2660 1,i³1¹sts¹¹'t¹1!*:.l
778 2641 814 2660 'lh
832 2635 880 2669 Tr).

895 244 1102 269 innoenn'rirs
1127 245 1170 268 ΧΠ
1193 245 1243 271 1¹1·-

316 293 485 327 iudieium:
512 303 579 332 nos,
605 293 809 326 indemnitati
830 293 974 326 eiusdem
996 293 1070 325 lio-t

1090 293 1221 336 plumbo
1240 287 1564 337 desuper'expediias
1585 295 1708 328 litteras
1724 296 1825 327 univi-

1091 356 1169 385 mus,
1196 347 1440 389 aggregavimus
1467 353 1499 380 et
1523 347 1822 390 incorporavimus,

1090 409 1126 431 ac
1150 410 1248 432 unum
1284 400 1434 443 idemque
1470 401 1646 444 hospitium
1679 411 1825 444 opusque

1092 451 1178 494 pium
1201 452 1426 486 constituimus
1452 460 1483 487 et
1507 454 1648 492 facimus,
1668 453 1825 486 indemni-

1093 505 1163 544 tati,
1189 512 1342 548 quantum
1368 517 1439 539 cum
1469 507 1605 543 Domino
1631 518 1821 550 possumus,

1090 559 1259 591 consulere
1280 560 1454 603 cupientes,
1473 566 1559 594 motu
1577 561 1718 604 proprio,
1739 565 1769 593 et
1787 571 1824 594 ex

1090 613 1176 643 certa
1201 612 1336 645 scientia
1368 617 1400 646 et
1424 614 1548 645 matura
1585 614 1823 647 deliberatione

1090 664 1219 705 nostris,
1233 665 1338 708 deque
1356 665 1552 709 apostolieae
1569 667 1739 710 potestatis
1757 668 1825 710 ple-

1090 717 1248 757 nitudine,
1273 718 1489 761 praeinsertas
1518 719 1664 762 Gregorii
1691 720 1825 763 praede-

1090 769 1225 802 cessoris
1251 770 1385 810 litteras,
1413 772 1452 805 ad
1479 772 1621 806 savorem
1649 773 1823 816 supradicti

1090 822 1258 865 hospitalis
1283 823 1314 856 S.
1342 824 1417 857 Sixti
1443 830 1619 867 emanatas,
1633 832 1667 858 ut
1687 827 1824 869 praeser-

1091 881 1140 909 tur
1164 877 1202 910 ad
1225 878 1402 920 praefatum
1420 879 1594 922 hospitium
1613 880 1823 922 apostolicum

1090 941 1267 974 pauperum
1293 931 1531 971 invalidorum,
1558 933 1635 966 itaut
1660 934 1767 966 onmia
1792 939 1824 966 et

1089 983 1215 1026 singula
1239 985 1324 1017 bona
1350 989 1413 1018 tam
1438 986 1569 1019 mobilia
1595 998 1689 1029 quain
1716 987 1824 1019 inimo·

1090 1036 1166 1070 bilia
1190 1037 1328 1070 ubilibet
1344 1038 1511 1071 existentia
1530 1050 1586 1082 per
1603 1040 1733 1073 eosdem
1750 1050 1825 1083 pau-

1092 1099 1184 1133 peres
1209 1091 1376 1131 invalidos,
1402 1092 1485 1124 viros
1509 1093 1633 1125 scilieet
1657 1098 1689 1125 et
1705 1094 1823 1126 mulie-

1091 1154 1139 1175 res
1165 1143 1194 1175 in
1223 1144 1362 1187 hospitio
1384 1145 1565 1178 huiusmodi
1585 1145 1718 1188 eiusque
1744 1147 1823 1179 locis

1091 1202 1121 1229 et
1142 1197 1408 1238 habitationibus,
1435 1203 1498 1230 tam
1523 1199 1561 1231 (le
1586 1199 1750 1242 praesenti
1777 1210 1826 1232 re-

1090 1254 1211 1292 ceptos,
1235 1260 1331 1293 quam
1355 1259 1413 1293 pro
1439 1257 1586 1294 tempore
1604 1251 1822 1294 recipiendos,

1091 1303 1335 1345 quomodolibet
1359 1312 1516 1345 possessa,
1542 1314 1624 1347 quac
1650 1303 1710 1346 ipsi
1736 1305 1826 1337 inini-

1090 1365 1141 1387 me
1166 1354 1405 1394 indIcavcrint,
1432 1356 1537 1388 eidem
1571 1356 1715 1398 hospitio
1748 1368 1825 1399 apo-

1091 1407 1214 1445 stolico,
1235 1409 1357 1440 servata
1375 1413 1481 1440 tamen
1506 1409 1721 1450 praefatarum
1747 1409 1825 1442 Gre-

1091 1459 1173 1501 gorii
1199 1460 1460 1502 praedecessoris
1480 1460 1660 1493 litterarum
1680 1461 1778 1493 soi-nui
1796 1467 1827 1494 et

1092 1513 1321 1556 dispositione,
1348 1513 1504 1556 acquisita
1528 1523 1599 1546 esse
1629 1518 1659 1545 et
1687 1514 1753 1546 sore
1780 1514 1827 1546 in-

1092 1565 1295 1608 telligantur,
1324 1570 1435 1598 tenore
1460 1566 1677 1608 praesentium
1710 1572 1823 1599 exten-

1092 1619 1195 1652 dimus
1220 1625 1251 1651 ct
1275 1619 1477 1662 ampliamus.

1137 1673 1151 1715 g
1184 1671 1214 1705 3.
1253 1672 1488 1711 Deceruentes,
1515 1671 1600 1715 ipsas
1636 1678 1826 1715 praesentes

1092 1726 1215 1758 litteras
1241 1735 1370 1768 semper
1393 1725 1514 1758 validas
1540 1730 1571 1757 et
1595 1726 1739 1758 ellicaces
1765 1727 1829 1758 cxi-

1093 1784 1178 1812 stere
1200 1782 1230 1812 ct
1255 1779 1333 1819 sore,
1360 1789 1499 1821 suosque
1525 1779 1689 1821 plenarios
1716 1786 1745 1812 et
1778 1781 1827 1812 in-

1095 1838 1202 1874 tegros
1227 1831 1357 1865 etthi-tus
1393 1831 1503 1863 sortiri
1536 1836 1568 1863 et
1592 1831 1762 1872 obtinere,
1792 1843 1827 1865 ac

1095 1885 1235 1927 hospitio
1271 1885 1434 1927 praedicto
1466 1885 1499 1916 in
1532 1884 1680 1917 omnibus
1713 1890 1745 1917 et
1769 1896 1829 1928 per

1094 1938 1201 1971 onmia
1226 1938 1413 1981 plenissime
1439 1937 1617 1980 suffragari,
1637 1943 1668 1970 et
1693 1939 1731 1971 ab
1753 1939 1826 1977 illis,

1095 1990 1134 2023 ad
1159 2001 1240 2033 quos
1265 1995 1390 2034 spectat
1414 1995 1445 2023 et
1469 2000 1529 2033 pro
1556 1995 1700 2033 tempore
1727 2002 1829 2034 quan-

1096 2045 1276 2086 documque
1303 2043 1481 2086 spectabit,
1515 2042 1747 2076 inviolabiliter
1772 2045 1830 2077 ob-

1096 2097 1236 2136 servari,
1264 2097 1375 2139 sicque
1394 2101 1425 2128 et
1449 2106 1514 2128 non
1540 2096 1634 2129 aliter
1659 2107 1716 2139 per
1736 2109 1831 2140 quos-

1097 2159 1236 2193 cumque
1274 2149 1396 2181 iudiees
1428 2149 1612 2182 ordinarios
1639 2156 1669 2182 ct
1693 2151 1828 2193 delega-

1098 2208 1169 2242 tos,
1194 2202 1291 2235 etiam
1320 2212 1489 2235 causarum
1517 2203 1629 2245 palatii
1661 2204 1831 2246 apostolici

1097 2261 1126 2289 ct
1150 2257 1260 2288 euriae
1286 2255 1435 2289 Ctimcrae
1457 2256 1663 2298 Apostolicae
1698 2267 1832 2299 genera-

1098 2311 1159 2341 lem
1196 2308 1378 2348 auditores,
1403 2318 1529 2340 necnon
1565 2309 1742 2348 virariuni,
1768 2320 1833 2352 gu-

1098 2363 1329 2401 bernatorem,
1365 2366 1397 2394 et
1433 2367 1615 2394 senatorem
1652 2361 1769 2402 Urbis,
1797 2373 1832 2395 ac

1097 2415 1126 2447 S.
1148 2414 1184 2446 P..
1205 2414 1239 2446 E.
1260 2414 1483 2453 camerarium,
1497 2419 1527 2446 et
1544 2415 1624 2447 alios
1642 2415 1831 2455 cardinales,

1098 2467 1193 2499 etiam
1220 2467 1258 2499 de
1284 2469 1383 2499 latere
1408 2468 1532 2509 legatos
1549 2494 1556 2507 ‚
1585 2467 1752 2510 dictaeque
1778 2468 1834 2501 Ca-

1099 2530 1203 2551 merae
1237 2520 1459 2562 piaesidentes
1490 2520 1646 2560 clericos,
1674 2521 1833 2553 thesaura-

1098 2573 1178 2605 rium
1213 2574 1421 2614 generalem,
1448 2573 1591 2615 aliosque
1625 2574 1777 2606 officiales
1802 2580 1834 2606 et

1100 2626 1261 2658 ‹nini-uos
1289 2637 1374 2658 nnnc
1394 2632 1424 2658 ct
1441 2637 1499 2669 pro
1520 2632 1666 2669 tempore
1692 2627 1835 2670 quando-

1727 242 1791 275 547
1838 248 1888 272 Αιι.
1904 247 1931 271 (1.
1952 245 2017 271 ¹103

1864 1687 1982 1709 Clau-'ulam
