2227 3225
89 253 139 280 An.
156 252 184 279 C.
207 253 268 279 1091

109 1728 162 1749 Cura
172 1729 197 1750 de
210 1730 280 1751 aliena

94 1755 214 1778 honestate.

857 253 1064 277 txxocmrtt's
1090 254 1133 276 ΧΠ
1158 253 1204 276 ΓΡ.

287 301 495 334 distribueret
512 302 545 334 in
566 312 696 344 egenos,
708 301 900 343 impendens
916 301 1023 333 virtuti

287 354 373 397 quod
398 355 610 387 subtrahebat
634 354 797 397 voluptati,
815 360 850 386 ut
867 354 957 386 fieret
975 365 1025 385 re-

288 407 383 439 fectio
417 407 570 450 pauperis
608 407 802 439 abstinentia
836 406 1021 439 ieiunantis.

287 459 361 492 Erat
379 460 407 492 ei
432 460 529 492 vestis
549 460 598 492 vix
623 460 662 492 ad
688 470 771 502 genu
798 459 945 498 demissa,
968 459 1024 491 vit-

286 512 358 545 losa
382 517 413 545 et
437 512 583 555 apprime
605 512 804 554 rudis‚·quae
829 511 924 544 simul
950 521 1023 544 cor-

287 574 347 606 pus
374 570 499 606 tegeret
524 570 555 597 et
579 564 749 607 affligeret,
778 569 810 596 et
834 563 902 606 ipsa
926 563 1023 596 etiarn

287 617 444 650 subucula
469 627 598 656 carens,
623 616 736 659 capite,
755 616 903 659 pedibus,
925 616 1025 648 tibiis-

288 680 350 711 que
376 670 547 702 denudatis
572 669 625 702 diu
650 674 820 712 noctuque,
846 668 921 701 licet
946 674 1022 701 tem-

288 732 404 764 porum
431 721 557 754 iniuriis
583 732 713 765 semper
737 721 904 764 expositus
920 726 1024 754 extre-

288 784 340 806 mo
366 774 485 816 frigore
511 775 635 816 algeret
669 784 725 806 seu
754 774 878 806 ardenti
915 775 1022 807 calore

289 832 462 865 aestuaret,
482 827 543 860 huc
561 827 650 867 illuc,
676 826 740 870 quo
765 827 895 870 pietatis
925 837 1022 869 opera

289 889 359 912 eum
385 879 614 922 impellebant,
639 879 825 912 incedebat.
860 880 968 912 Brevis
994 879 1021 912 ei

287 932 423 965 lectulus
445 938 525 973 erat,
553 938 585 965 et
610 933 665 975 qui
689 933 739 965 vel
765 933 853 966 nudo
879 933 948 965 solo
973 933 1022 965 vix

288 985 463 1028 asperitate
499 986 717 1025 concederet,
756 986 887 1018 brevior
919 986 1023 1018 adhuc

288 1048 384 1080 quem
408 1038 441 1070 in
459 1048 498 1070 eo
523 1037 676 1081 carpebat
700 1048 841 1077 somnus,
860 1038 1022 1071 diuturnis

287 1090 407 1132 vigiliis
434 1091 602 1133 multoque
631 1091 859 1133 interpellatus
884 1092 1021 1131 dolore,

288 1153 495 1186 carnemque,
518 1149 553 1175 ut
576 1143 701 1186 spiritui
727 1144 828 1185 inagis
857 1144 1023 1187 magisque

288 1196 522 1238 obsequentem
558 1196 726 1236 redderet,
764 1197 894 1237 cilicio,
920 1197 1025 1230 ferrea

288 1249 421 1291 cuspide
450 1249 592 1291 rigisque
612 1250 692 1282 seris
710 1251 872 1289 contexta,
894 1261 1023 1282 necnon

289 1300 449 1339 funiculis,
476 1301 639 1344 vepribus,
657 1302 775 1343 flagris,
801 1303 938 1345 aliisque
968 1303 1025 1335 du-

289 1363 343 1385 rae
368 1353 601 1386 verberationis
622 1353 842 1387 instrumentis
860 1355 1021 1387 domabat.

288 1405 338 1438 Sic
362 1406 470 1449 itaque
496 1407 656 1449 castigans
677 1418 794 1450 corpus
819 1418 910 1440 suum
936 1414 967 1440 et
992 1408 1023 1440 in

288 1458 474 1492 servitutem
499 1459 663 1501 redigens,
690 1460 807 1492 meruit
831 1460 909 1493 illud
935 1460 1022 1493 inte-

288 1521 380 1553 grum
406 1517 438 1544 et
463 1523 479 1544 a
505 1512 608 1544 noxiis
630 1512 900 1545 delectationibus
921 1523 958 1546 eo
979 1524 1025 1546 us-

289 1574 351 1606 que
369 1564 543 1603 custodire,
559 1570 594 1597 ut
613 1565 768 1598 castitatis
787 1565 888 1608 ipsius
905 1567 1026 1599 candor

288 1627 329 1649 ne
354 1617 546 1660 suspicionis
571 1617 702 1661 quidem
726 1619 884 1652 maculam
910 1620 1024 1652 merito

288 1669 458 1703 admittere
484 1671 597 1713 possit.

335 1724 350 1766 ἓ,
374 1723 405 1756 6.
431 1723 495 1756 Nec
524 1725 655 1768 propria
685 1725 803 1759 virtute
828 1731 1022 1768 eontentuS,

290 1776 348 1809 sed
384 1776 526 1809 imitatus
563 1777 763 1810 Salvator‹·1n
801 1779 855 1822 qui
891 1785 1026 1813 venerat

289 1839 405 1862 vocare
436 1834 642 1872 peccatores,
670 1831 795 1863 enixam
829 1838 861 1864 et
884 1832 1026 1866 indefes-

289 1892 356 1914 sam
395 1892 503 1915 curam
539 1883 687 1915 adhibuit
717 1890 752 1915 ut
787 1885 874 1917 omni
907 1892 1024 1918 conatu

288 1934 395 1966 carnis
420 1935 713 1978 concupiscentiam
746 1947 763 1968 a
787 1937 940 1979 proximis
967 1939 1026 1971 hu-

288 1985 428 2019 iusmodi
453 1987 528 2020 vitio
555 1988 701 2030 apprime
719 1988 897 2031 inquinatis
924 1996 1027 2023 exter-

288 2039 438 2072 minaret.
456 2039 552 2072 Statis
571 2040 686 2073 diebus
701 2041 791 2083 quasi
810 2044 1023 2076 venabundus

288 2092 456 2135 lupanaria
480 2093 748 2135 ingrediebatur,
773 2100 807 2127 ut
838 2097 1023 2129 meretrices

290 2156 308 2178 a
331 2145 498 2178 daemonis
532 2146 686 2179 servitute
719 2147 920 2188 vindicaret,
952 2149 1022 2182 illas

290 2197 541 2238 hortationibus,
561 2198 722 2241 precibus,
740 2200 954 2244 lacrymisque
973 2202 1025 2235 de—

289 2252 420 2284 trahere
434 2251 586 2284 studebat
603 2253 642 2284 ab
668 2252 889 2295 impudicitiis,
911 2264 946 2287 ac
964 2266 1023 2298 pro

288 2306 431 2348 ipsarum
458 2304 672 2337 conversione
690 2305 757 2337 Deo
778 2306 888 2338 enixas
908 2317 1023 2349 preces

290 2357 466 2396 fundebat;
493 2357 546 2389 ubi
579 2367 655 2390 vero
686 2357 746 2389 ista
776 2369 842 2391 non
874 2359 1024 2402 proficie-

288 2411 385 2449 bant,
413 2411 580 2452 aequalem
605 2410 709 2443 futuro
733 2411 911 2444 meretricis
937 2413 1025 2445 luero

289 2463 456 2506 pecuniam
474 2462 640 2503 offerebat,
659 2469 693 2496 ut
717 2475 734 2497 a
758 2464 887 2507 flagitiis
910 2476 1026 2508 perpe-

289 2515 412 2547 trandis
437 2516 487 2548 vel
513 2517 556 2548 ita
580 2526 613 2549 se
645 2519 848 2550 coercerent.
881 2517 1024 2560 Cumque

290 2567 468 2600 confideret
498 2568 530 2600 in
566 2568 703 2601 Domino
720 2596 727 2609 ‚
755 2580 853 2602 vacua
877 2580 942 2603 non
967 2570 1026 2602 fuit

290 2629 362 2663 spes
387 2619 468 2660 eius,
494 2630 554 2652 nec
578 2621 669 2654 labor
685 2621 755 2654 sine
780 2621 895 2663 fructu,
921 2622 1025 2666 pluri-

1696 244 1759 277 180

1068 301 1126 333 bus
1152 311 1187 333 ex
1213 300 1278 333 illis
1301 301 1439 343 perditis
1457 306 1486 334 et
1511 302 1611 334 deviis
1633 303 1800 334 animabus

1067 353 1105 384 ad
1130 353 1247 386 bonam
1273 354 1397 395 frugem
1416 359 1448 385 et
1465 354 1546 386 viam
1573 354 1686 386 salutis
1711 355 1801 386 redu-

1067 406 1135 437 ctis.
1163 406 1228 438 Nec
1253 406 1424 438 dissimiles
1448 406 1581 438 fuerunt
1605 406 1673 438 eius
1692 417 1800 447 curae,

1065 464 1100 490 ut
1120 459 1342 501 indigentibus
1364 459 1564 499 mulieribus,
1590 460 1736 492 honestis
1761 461 1803 492 vi-

1067 511 1135 544 duis
1160 513 1353 555 praesertim
1379 519 1410 545 et
1433 512 1623 554 virginibus,
1639 513 1720 545 clam
1745 513 1803 545 ali—

1066 570 1173 596 menta
1190 565 1459 605 subministraret,
1478 567 1587 598 oblato
1598 566 1637 598 ad
1655 566 1801 598 laborem

1066 618 1228 657 exercitio,
1244 629 1283 651 ne
1303 619 1403 651 otium
1424 618 1457 651 in
1477 619 1667 661 pudicitiam
1685 619 1803 652 hones-

1067 675 1228 713 tatemque
1253 671 1411 713 peccandi
1436 682 1546 704 ansam
1572 672 1732 705 injiceret.

1109 722 1123 764 g
1149 723 1178 755 7.
1206 723 1252 755 Ad
1278 723 1451 757 obediendi
1472 724 1662 767 obsequium
1689 734 1802 767 exper-

1066 780 1171 807 rectus
1196 785 1326 818 semper
1361 781 1394 809 et
1427 777 1649 820 paratissimus
1681 777 1800 818 extitit·,

1066 837 1128 860 non
1148 828 1270 860 soltun¹
1293 829 1378 861 enim
1399 829 1573 872 abnegavit
1591 830 1801 873 semetipsum

1065 884 1099 910 ut
1124 881 1324 923 evangelicae
1342 881 1422 923 legis
1448 887 1626 926 praecepta
1650 888 1799 923 servaret,

1065 933 1121 965 scd
1147 933 1314 966 hominum
1334 935 1428 967 etiam
1447 935 1516 968 voci
1542 935 1683 968 obedivit
1699 941 1733 968 ut
1751 946 1801 968 ac-

1066 985 1190 1028 ciperet
1214 986 1477 1020 benedictionem
1499 998 1516 1020 a
1532 988 1678 1021 Domino.
1699 988 1800 1026 Quare

1067 1048 1137 1070 cum
1153 1038 1190 1070 ad
1204 1044 1326 1071 certam
1341 1039 1531 1083 disciplinae
1546 1051 1693 1074 normam
1707 1051 1802 1074 suum

1066 1090 1275 1123 institutum²
1306 1092 1557 1135 conformasset,
1590 1094 1638 1135 ei,
1671 1094 1726 1137 qui
1763 1105 1800 1127 ex

1067 1143 1216 1176 omnibus
1235 1150 1304 1176 erat
1327 1145 1517 1178 moderator
1537 1147 1672 1186 electus,
1692 1146 1803 1180 omnia

1066 1197 1236 1229 voluntatis
1261 1198 1417 1237 arbitria,
1444 1199 1553 1232 omnia
1584 1200 1700 1233 mentis
1725 1211 1800 1233 suae

1066 1259 1160 1281 sensa
1173 1251 1375 1290 submiserat,
1394 1251 1583 1294 uihil,quod
1598 1252 1625 1284 ei
1645 1263 1709 1285 non
1729 1263 1802 1296 pro-

1068 1302 1206 1341 baretur,
1226 1304 1438 1346 amplectens,
1458 1304 1551 1343 nihil,
1572 1305 1656 1347 quod
1675 1306 1802 1338 deman-

1067 1354 1172 1386 datum
1198 1355 1237 1387 ab
1264 1366 1302 1387 co
1328 1356 1420 1395 foret,
1447 1357 1640 1390 detrectans.
1664 1358 1739 1391 Cum
1768 1359 1801 1391 in

1067 1408 1221 1439 lethalem
1255 1409 1401 1441 morbum
1427 1409 1616 1449 incidisset,
1648 1422 1665 1443 a
1698 1411 1801 1445 nobili

1067 1459 1184 1502 piaque
1211 1463 1360 1493 matrona
1378 1462 1470 1494 enixe
1496 1468 1640 1504 rogatus,
1657 1468 1692 1495 ut
1715 1470 1803 1506 pate-

1067 1517 1156 1544 retur
1174 1523 1206 1545 sc
1229 1513 1261 1545 in
1280 1513 1347 1546 eius
1366 1515 1508 1554 domum,
1525 1515 1580 1547 ubi
1602 1516 1802 1549 commodius

1067 1565 1170 1597 curari
1194 1572 1314 1609 posset,
1341 1568 1521 1608 transferri,
1547 1569 1644 1611 plane
1670 1569 1800 1610 restitit,

1068 1628 1101 1650 se
1120 1618 1183 1650 ritu
1207 1630 1387 1662 pauperum
1414 1625 1508 1662 atque
1530 1621 1569 1653 ad
1588 1627 1717 1654 sanctae
1732 1632 1805 1654 nor-

1068 1682 1149 1704 mam
1180 1672 1381 1715 paupertatis
1414 1673 1517 1705 emori
1554 1674 1687 1707 omnino
1720 1675 1803 1708 velle

1068 1725 1289 1766 respondens,
1308 1725 1433 1758 interea
1458 1726 1504 1759 rei
1530 1727 1678 1759 conscius
1703 1728 1803 1760 factus

1068 1776 1336 1820 archiepiscopus
1361 1778 1575 1818 Granatensis,
1601 1779 1647 1812 illi
1669 1780 1702 1812 in
1726 1781 1804 1813 obe-

1068 1829 1208 1862 dientiae
1239 1832 1343 1872 legem
1376 1831 1537 1874 praecipit
1568 1837 1603 1864 ut
1632 1839 1801 1865 matronae

1067 1882 1147 1914 votis
1174 1884 1337 1925 extemplo
1368 1883 1586 1926 obsequatur,
1618 1885 1700 1917 nihil
1726 1896 1804 1918 cun-

1067 1939 1171 1966 ctatus
1187 1935 1334 1975 Ioannes,
1352 1936 1398 1968 uti
1420 1936 1626 1970 obedientiae
1643 1938 1734 1978 filius,
1753 1949 1803 1971 ar-

1067 1987 1268 2030 chiepiscopi
1293 1989 1445 2021 mandato
1469 1991 1720 2023 venerabundus
1745 1997 1804 2024 sta-

1068 2040 1122 2072 tim
1147 2041 1396 2084 obtemperarit.
1429 2041 1528 2080 Quam
1561 2043 1692 2085 quidem
1726 2044 1804 2077 obe-

1067 2093 1207 2125 dientiae
1234 2094 1385 2126 virtutem
1413 2095 1495 2127 adeo
1517 2100 1564 2127 est
1588 2097 1753 2138 amplexus
1769 2103 1804 2129 ut

1067 2157 1131 2179 non
1156 2147 1253 2179 modo
1279 2147 1504 2189 superioribus
1533 2148 1599 2180 suis
1623 2150 1804 2192 obsequen-

1069 2205 1116 2231 ter
1132 2199 1289 2239 obediret,
1307 2209 1416 2232 rerum
1437 2199 1547 2241 etiam,
1570 2201 1596 2233 si
1616 2202 1692 2244 quid
1709 2203 1803 2245 pueri

1067 2252 1127 2295 ipsi
1153 2252 1194 2284 ob
1219 2252 1275 2285 Dei
1300 2262 1445 2285 amorem
1468 2252 1659 2294 iussissent,
1686 2255 1804 2297 exequi

1066 2315 1130 2337 non
1156 2305 1359 2338 detrectaret.

1111 2358 1126 2399 ἓ
1146 2357 1177 2390 8.
1197 2357 1316 2391 Orandi
1334 2359 1473 2391 studium
1496 2359 1739 2404 divinarumque
1757 2372 1805 2394 re-

1067 2422 1138 2443 rum
1176 2413 1406 2455 contemplatio
1442 2414 1474 2445 in
1510 2414 1630 2447 Ioanne
1668 2415 1803 2449 mirifice

1068 2465 1230 2497 excelluit..
1257 2464 1335 2497 Cum
1361 2465 1582 2498 brevissimum
1615 2473 1699 2499 esset
1728 2473 1791 2499 tem

1067 2527 1125 2560 pus
1150 2517 1238 2560 quod
1264 2517 1364 2560 quieti
1383 2518 1600 2560 appendebat,
1613 2520 1803 2562 provolutus

1104 2587 1114 2612 1
1138 2586 1210 2613 Edit.
1230 2586 1311 2613 Main.
1332 2586 1397 2620 legit
1412 2588 1489 2614 solus
1509 2589 1549 2621 (n.
1565 2589 1615 2621 ¹12).

1102 2630 1117 2657 ἓ
1138 2630 1209 2658 Edit.
1230 2631 1313 2658 Main.
1335 2631 1399 2665 legit
1418 2632 1549 2658 institam
1565 2633 1601 2666 (R.
1618 2631 1666 2661 T.)-

1807 254 1854 280 Au.
1872 255 1900 280 C.
1926 254 1986 281 1691

1838 733 1971 755 Obedtentta.

1840 2366 1958 2387 Orationes.
