2227 3225
102 213 152 239 An.
170 214 198 240 C.
221 213 286 240 ¹136

881 213 1087 236 ItixocENTtt'S

295 263 442 302 dentalis,
469 262 583 295 assumi
610 261 746 295 deberet
770 262 954 294 alternatim
971 260 1029 292 mi-

295 316 396 349 nister
420 315 642 358 provincialis,
675 315 755 347 itaut
788 325 852 347 uno
888 313 1028 346 triennio

295 374 382 402 esset
405 379 441 401 ex
467 379 541 408 uno,
568 369 671 401 altero
697 367 838 400 triennio
863 377 898 400 ex
925 368 1028 399 altero

295 421 454 454 dictorum
486 421 700 461 districtuum,
723 426 755 454 et
780 421 943 453 decretum
969 420 1028 452 liu-

294 473 432 506 iusrnodi
479 473 576 507 suerit
622 484 639 506 a
680 479 808 514 sanctae
853 471 1029 506 memoriae

294 525 425 559 Urbano
467 526 549 567 vlll,
589 537 650 570 per
685 537 759 559 suas
795 526 919 560 litteras
953 536 1030 569 apo-

296 579 429 612 stolicas
455 579 486 612 in
514 580 613 612 forma
640 579 749 612 Brevis
776 579 865 612 datas
891 579 948 612 sub
978 579 1029 612 die

294 643 367 666 xxix
406 634 511 666 martii
547 644 709 673 MDCXLllt,
751 634 963 677 approbatum
1001 639 1032 666 et

296 685 531 727 confirmatum,
558 698 629 720 curn
656 687 802 720 ulteriori
837 687 933 719 etiam
967 687 1031 719 dis-

295 739 469 782 positione,
497 740 582 784 quod
608 751 727 784 nempe
761 740 900 773 osticium
926 746 1031 773 custo-

295 792 399 826 diatus
424 803 488 826 non
513 794 643 827 caderet
668 793 698 825 in
725 804 794 826 eam
827 798 949 835 partem
975 803 1031 825 seu

296 845 488 886 districtum,
516 845 549 878 in
575 857 638 889 quo
665 851 737 879 actu
764 852 850 878 esset
884 846 1033 878 minister

295 898 517 941 provincialis,
556 905 587 932 et
617 899 702 943 quod
728 899 906 942 unicuique
933 899 1033 931 dicta-

295 962 365 984 rum
391 952 531 995 partium
557 963 615 985 seu
642 953 846 986 districtuum
872 953 936 985 duo
961 958 1033 985 vota

295 1004 328 1037 in
361 1004 549 1037 definitorio
586 1005 707 1048 pariter
739 1005 923 1037 alternatim
955 1005 1033 1037 assi-

296 1063 488 1099 gnarentur,
515 1063 615 1101 prout
640 1058 670 1090 in
702 1058 779 1101 ipsis
809 1058 926 1091 litteris
955 1069 1031 1101 apo-

297 1110 421 1143 stolicis
456 1111 551 1144 latius
577 1112 775 1144 continetur:
803 1122 878 1151 nos,
916 1112 968 1155 qui
995 1122 1031 1144 ex

297 1163 417 1197 decreti
443 1171 472 1197 et
498 1164 608 1197 Brevis
645 1165 886 1207 praedictorum
923 1166 1034 1197 obser-

295 1217 403 1249 vantia
435 1223 575 1260 optatam
607 1228 720 1261 pacem
758 1224 789 1251 et
818 1219 1033 1262 tranquillita-

296 1275 360 1302 tem
397 1270 555 1303 hactenus
590 1271 787 1314 provinciam
826 1277 1055 1315 consecutanr

297 1322 394 1355 fuisse
413 1328 445 1356 et
466 1323 585 1356 tamdiu
610 1330 856 1356 consecuturam
882 1324 1032 1366 quamdiu

296 1376 410 1408 eadem
436 1375 641 1408 observantia
665 1376 755 1408 firma
780 1382 811 1408 et
830 1377 942 1409 illaesa
966 1388 1032 1419 per-

296 1428 391 1460 sistat
440 1428 597 1461 certiores
638 1439 757 1468 sumus,
794 1434 825 1461 et
864 1429 1032 1472 cupientes

295 1483 452 1521 quantum
478 1489 515 1511 ex
551 1479 644 1512 nobis
670 1485 719 1512 est
744 1490 813 1512 eam
838 1480 870 1512 in
896 1490 954 1512 suo
979 1490 1031 1513 ro-

294 1531 375 1564 bore
399 1537 611 1565 manutenere
638 1538 669 1565 et
693 1543 898 1573 conservare,
926 1538 1031 1566 aucto-

294 1583 390 1616 ritate
421 1595 485 1628 qua
517 1584 683 1627 fungimur
707 1586 914 1628 protectoris,
941 1586 1031 1618 vobis

296 1635 445 1669 omnibus
472 1641 504 1669 et
527 1637 664 1680 singulis
691 1637 721 1670 in
756 1638 872 1671 virtute
901 1643 1030 1672 sanctae

296 1689 505 1723 obedientiae
554 1690 697 1724 districte
736 1691 954 1735 praecipimus
1001 1697 1032 1725 et

295 1743 498 1783 mandamus,
525 1754 578 1783 ne,
614 1744 674 1776 sub
713 1745 826 1788 quovis
863 1750 1052 1787 praetextu¹

296 1801 350 1828 aut
374 1796 522 1839 quaesito
539 1798 662 1837 colore,
689 1797 811 1830 directe
836 1799 883 1830 vel
908 1799 1031 1831 indire-
1051 1797 1052 1809 ¹

296 1853 356 1888 cte,
383 1855 494 1882 contra
519 1849 640 1883 decreti
667 1850 797 1894 capituli
824 1844 1053 1894 provincialis³¹

295 1907 326 1935 et
350 1903 459 1936 Brevis
494 1903 664 1946 apostolici
693 1904 851 1947 praedicti
889 1905 1029 1948 disposi-

297 1955 418 1989 tionem
454 1961 486 1989 et
523 1962 670 1989 tenorem
708 1957 838 2000 aliquod
875 1958 1028 1991 innovare

295 2014 351 2041 aut
374 2014 534 2041 attentare
570 2009 791 2052 praesumatis,
827 2020 893 2043 non
926 2012 1028 2045 solum

295 2062 353 2094 sub
378 2063 484 2105 poena
509 2062 666 2095 nullitatis
700 2063 843 2096 omnium
875 2070 1027 2105 actorum,

295 2115 351 2147 sed
377 2115 511 2158 insuper
535 2115 594 2148 sub
627 2116 742 2159 poenis
776 2122 889 2149 contra
920 2117 1052 2151 insilio-¹

296 2168 422 2202 dientes
449 2173 654 2201 contumaces
681 2175 712 2202 et
736 2170 876 2203 rebelles
911 2171 942 2204 in
968 2178 1029 2203 sta-

297 2222 372 2254 tutis
396 2221 524 2255 Ordinis
555 2222 772 2265 praescriptis,
808 2223 943 2266 aliisque
980 2235 1029 2257 ar-

294 2274 392 2307 bitrio
414 2280 526 2307 nostro
548 2279 579 2307 et
603 2285 662 2318 pro
690 2280 837 2319 tempore
861 2277 1027 2309 existentis

295 2327 490 2370 protectoris
515 2327 714 2370 infligendis,
741 2330 780 2361 ad
807 2340 884 2373 quas
903 2330 934 2362 iu
953 2340 1027 2363 casu

294 2380 570 2413 contr-aventionis
610 2381 841 2415 inviolabiliter
871 2385 1028 2426 procede-

294 2444 376 2466 muS.
402 2434 471 2467 Non
497 2435 713 2476 obstantibus,
733 2442 795 2469 etc.
824 2437 941 2470 Romae
957 2449 1026 2471 xxiv

293 2488 367 2520 maii
381 2497 584 2521 ninccxxxvu.
615 2509 658 2512 —
682 2490 718 2521 A.
739 2490 913 2523 cardinalis
941 2490 1026 2524 Creo

293 2545 459 2583 protector
473 2553 503 2573 n.
523 2540 598 2574 Cum
617 2547 734 2582 autem,
749 2543 829 2574 sicut
844 2544 956 2576 eadem
975 2555 1028 2576 ex-

293 2594 411 2638 positio
430 2593 656 2637 subiungebat,
672 2595 775 2628 dictus
792 2596 950 2629 Antonius
968 2597 1028 2630 Ma-

378 2656 458 2684 Bull.
477 2656 560 2685 Rom,
583 2673 613 2676 —
638 2658 696 2686 Vol.
717 2658 777 2685 XX.
921 2659 954 2686 92

1114 214 1156 235 xu
1182 214 1228 236 rr.

1072 259 1118 292 1'ia
1143 260 1291 293 minister
1322 262 1528 304 provincialis
1553 263 1719 297 decretum
1744 264 1805 297 hu-

1072 312 1220 352 iusmodi,
1254 324 1316 356 quo
1352 313 1474 346 firmius
1506 315 1661 348 subsistat
1684 323 1714 349 ct
1738 328 1804 350 ser-

1072 371 1162 397 vetur
1176 366 1325 406 exactius,
1339 367 1535 410 apostolicae
1550 369 1804 403 confirmationis

1071 425 1200 451 nostrae
1238 419 1357 452 robore
1394 420 1589 452 communiri
1628 421 1805 463 plurimum

1072 471 1251 504 desideret:
1278 483 1354 512 nos,
1382 472 1483 515 ipsius
1521 473 1653 506 Antonii
1689 474 1805 507 Mariae

1071 523 1209 556 ministri
1246 525 1455 567 provincialis
1494 526 1577 558 votis
1615 526 1674 559 bac
1703 527 1734 559 iu
1761 537 1805 567 re,

1072 582 1227 621 quantum
1253 589 1325 610 cum
1352 578 1486 611 Domino
1511 589 1703 622 possumus,
1726 580 1808 613 savo-

1073 630 1221 663 rabiliter
1246 641 1388 663 annuere
1422 633 1580 672 volentes,
1616 641 1755 675 eumque
1791 643 1808 665 a

1073 684 1235 726 quibusvis
1253 685 1602 725 excommunicationis,
1622 686 1810 729 suspensio-

1074 737 1122 769 nis
1148 743 1179 770 et
1204 738 1375 779 interdicti,
1410 739 1546 782 aliisque
1580 740 1810 774 ecelesiasticis

1074 790 1258 831 sententiis,
1296 792 1444 823 censuris
1475 798 1505 824 et
1542 793 1664 835 poenis,
1697 804 1714 825 a
1737 793 1809 826 iure

1074 845 1122 876 vel
1148 844 1187 876 ab
1222 844 1366 883 bomine,
1405 845 1518 888 quavis
1557 846 1729 878 occasione
1759 847 1809 879 vel

1074 899 1167 928 causa
1192 896 1272 934 latis,
1300 896 1323 928 si
1351 897 1467 940 quibus
1494 898 1743 940 quomodolibet
1762 899 1811 931 in-

1076 949 1216 981 nodatus
1235 949 1352 989 existit,
1370 950 1409 982 ad
1424 949 1570 982 etl'ectum
1590 952 1810 993 praesentium

1076 1002 1239 1034 dumtaxat
1264 1003 1542 1046 consequendum,
1578 1003 1693 1036 barum
1726 1005 1809 1037 serie

1075 1055 1279 1088 absolventes
1306 1061 1337 1087 et
1362 1056 1546 1088 absolutum
1574 1057 1641 1089 sore
1675 1068 1812 1090 censen·

1077 1113 1132 1148 tes,
1155 1108 1450 1151 supplicationibus
1469 1109 1538 1142 eius
1561 1110 1693 1143 nomine
1714 1111 1810 1144 nobis

1076 1170 1173 1203 super
1198 1161 1260 1193 boc
1287 1161 1453 1194 humiliter
1472 1163 1630 1204 porrectis
1655 1163 1810 1204 inclinati,

1076 1224 1111 1245 ac
1136 1214 1393 1256 supradictarum
1410 1214 1528 1247 Urbani
1544 1216 1810 1258 praedecessoris

1076 1266 1254 1299 litterarum
1297 1273 1441 1300 tenorem
1486 1270 1713 1310 praesentibus
1751 1280 1811 1312 pro

1077 1320 1172 1361 plene
1191 1325 1219 1352 et
1237 1320 1437 1352 sufficienter
1452 1321 1619 1364 expresso¹
1640 1327 1671 1354 et
1690 1323 1811 1356 inserto

1077 1372 1246 1410 babentes,
1266 1373 1428 1405 decretum
1451 1374 1689 1416 praeinsertum
1709 1387 1726 1407 a
1748 1387 1813 1408 iue-

1076 1431 1200 1458 morato
1227 1426 1389 1458 Alderano
1416 1427 1570 1470 episcopo
1596 1429 1755 1462 cardinali
1782 1436 1814 1463 et

1075 1483 1257 1520 protectore
1284 1478 1414 1519 editum,
1441 1485 1475 1511 ut
1508 1481 1704 1522 praefertur,
1741 1493 1813 1515 cum

1075 1530 1225 1563 omnibus
1250 1536 1281 1563 et
1305 1531 1441 1574 singulis
1465 1532 1498 1564 in
1525 1543 1562 1565 eo
1596 1535 1757 1567 contentis
1783 1541 1814 1568 et

1075 1584 1244 1627 expressis,
1271 1585 1460 1618 auctoritate
1487 1587 1673 1629 apostolica,
1701 1594 1812 1621 tenore

1074 1637 1313 1679 praesentium,
1340 1638 1558 1682 approbamus
1586 1645 1618 1672 et
1643 1640 1813 1674 confirma-

1074 1700 1156 1730 mus,
1181 1689 1310 1734 illisque
1329 1691 1526 1725 inviolabilis
1545 1693 1746 1735 apostolicae
1764 1693 1812 1726 fir-

1073 1742 1192 1775 mitatis
1229 1743 1329 1776 robur
1360 1744 1540 1784 adiicimus,
1569 1755 1604 1778 ac
1629 1756 1743 1779 omnes
1781 1752 1814 1780 et

1072 1795 1215 1837 singulos
1241 1795 1319 1828 iuris
1345 1802 1376 1829 et
1408 1796 1482 1829 sacti
1515 1798 1669 1838 desectus,
1703 1799 1728 1831 si
1756 1799 1812 1842 qui

1073 1849 1212 1892 desuper
1226 1850 1475 1892 quomodolibet
1486 1851 1729 1893 intervenerint,
1741 1863 1812 1896 sup-

1073 1903 1212 1945 plemus.
1229 1903 1458 1945 Decernentes,
1471 1905 1601 1938 easdem
1618 1912 1811 1949 praesentes

1072 1955 1194 1988 litteras
1226 1967 1358 2000 semper
1382 1957 1502 1997 firmas,
1529 1958 1649 1991 validas
1677 1964 1710 1991 et
1745 1959 1812 1992 effi·

1072 2019 1165 2041 caces
1190 2009 1330 2042 existere
1357 2016 1388 2043 et
1412 2010 1492 2050 sore,
1528 2021 1666 2055 suosque
1699 2013 1812 2054 plena-

1071 2061 1137 2093 rios
1164 2067 1196 2094 et
1218 2061 1364 2104 integros
1392 2062 1523 2096 effectus
1550 2064 1657 2096 sortiri
1676 2070 1707 2097 et.
1728 2065 1812 2097 obti-

1072 2124 1161 2154 nere,
1179 2125 1214 2146 ac
1228 2115 1299 2155 illis,
1320 2115 1358 2148 ad
1374 2126 1454 2158 quos
1467 2122 1593 2158 spectat
1611 2122 1642 2150 et
1656 2128 1716 2161 pro
1736 2123 1811 2152 tem—

1072 2178 1151 2210 pore
1175 2169 1345 2211 spectabit,
1369 2168 1401 2201 in
1420 2170 1570 2202 omnibus
1582 2177 1615 2204 et
1630 2181 1688 2214 per
1702 2171 1810 2206 omnia

1071 2221 1263 2264 plenissime
1289 2221 1470 2264 suflragari,
1498 2228 1530 2256 et
1562 2224 1600 2256 ab
1627 2224 1673 2257 eis
1699 2235 1810 2269 respe-

1072 2275 1153 2308 ctive
1178 2275 1409 2309 inviolabiliter
1433 2277 1609 2318 observari,
1639 2278 1751 2322 sicque
1775 2279 1809 2312 in

1071 2327 1257 2371 praemissis
1283 2339 1343 2372 per
1370 2338 1594 2374 quoscumque
1617 2330 1743 2365 iudices
1763 2343 1810 2366 or-

1071 2381 1214 2414 dinarios
1247 2386 1278 2414 et
1313 2382 1490 2424 delegatos,
1517 2384 1614 2416 etiam
1641 2395 1809 2419 causarum

1071 2435 1181 2479 palatii
1207 2436 1379 2479 apostolici
1412 2438 1586 2479 auditores,
1610 2439 1750 2472 iudicari
1777 2446 1808 2474 et

1072 2488 1197 2521 definiri
1224 2489 1342 2522 debere
1358 2518 1365 2530 ,
1394 2500 1429 2522 ac
1453 2491 1579 2524 irritum
1605 2498 1635 2525 et
1652 2493 1756 2533 inane,
1781 2493 1807 2526 si

1072 2552 1165 2575 secus
1191 2553 1290 2586 super
1314 2543 1364 2576 liis
1383 2554 1399 2575 a
1424 2555 1593 2587 quoquam,
1620 2546 1729 2588 quavis
1755 2557 1808 2579 au-

1108 2607 1119 2633 1
1142 2605 1213 2633 Edit.
1229 2604 1309 2632 Main.
1326 2605 1390 2641 legit
1409 2606 1550 2641 eaepressis
1567 2608 1608 2642 (n.
1626 2608 1675 2642 τ.).

1702 207 1763 240 720
1811 215 1858 241 An.
1877 215 1903 240 c.
1929 215 1996 241 1698
