2227 3225
136 235 188 263 An.
206 234 237 264 C.
258 235 324 262 ¹691

907 222 1116 257 'rs-Nocm-ms
1141 231 1185 256 xn
1208 214 1256 256 ἦ.

326 288 353 314 tc
374 284 459 322 duce,
482 293 538 324 quo
560 282 684 314 tendunt
713 291 850 323 prospere
874 282 1057 322 perveniant,

325 336 353 362 et
375 332 491 362 demum
512 333 673 362 incolumes
695 332 729 362 ad
751 331 867 371 propria
892 330 1022 360 redeant.

365 385 482 423 Adesto,
506 395 693 424 quaesumus,
717 385 846 420 Domine,
871 383 1061 422 supplicatio-

325 433 411 463 nibus
433 434 550 470 nostris,
581 437 608 463 et
640 434 715 463 viam
739 433 911 462 famulorum
946 436 1059 461 tuorum

326 481 356 511 in
378 482 480 512 salutis
501 486 566 512 tuae
589 482 778 522 prosperitate
808 481 940 519 dispone,
965 483 994 508 ut
1018 479 1062 508 in-

327 535 371 561 ter
392 540 492 561 omnes
514 532 576 562 viae
597 536 625 562 et
646 531 722 561 vitae
744 530 830 560 huius
845 529 998 558 varietates
1014 532 1061 557 tuo

326 589 441 619 semper
462 584 654 620 protegantur
674 579 793 609 auxilio.

365 632 451 670 Deus,
474 633 523 672 qui
545 632 719 663 transtulisti
748 635 844 671 patres
872 634 986 659 nostros
1009 637 1061 668 per

327 690 407 711 mare
428 681 550 712 rubrum
573 687 599 712 et
623 680 810 711 transvexisti
826 688 875 709 eos
890 688 942 718 per
957 686 1060 717 aquam

327 731 447 760 nimiam
478 730 592 761 laudem
620 731 662 760 tui
693 729 820 760 nominis
853 728 1059 761 decantantes;

327 784 355 810 te
377 780 550 820 suppliciter
571 780 762 819 deprecamur
784 782 815 808 ut
837 778 867 808 in
890 777 936 806 via
951 780 978 806 et
994 776 1061 805 navi

326 828 450 858 famulos
475 833 551 867 tuos,
567 829 693 868 repulsis
717 826 950 863 adversitatibus,
973 834 1061 855 cursu

328 877 484 917 tranquillo
500 878 545 907 vel
569 882 654 917 portu
670 886 787 916 semper
806 876 924 916 optabili
940 875 1058 906 tuearis.

328 925 380 955 Per
398 925 535 956 Clnistum
556 926 703 955 Dominum
726 930 858 955 nostrum.
882 925 980 954 Amen..

371 994 420 1018 ιιι.
447 984 560 1017 Finitis
597 984 811 1024 orationibus,
837 984 1061 1026 redemptores

328 1043 461 1081 surgant
475 1038 633 1071 dicentes:
648 1037 867 1071 Procedamus
882 1037 917 1070 in
929 1046 1016 1080 pace,
1032 1041 1063 1069 et

328 1091 445 1124 chorus
466 1091 679 1134 respondeat:
702 1091 744 1124 In
767 1091 898 1123 nomine
918 1091 1060 1129 Domini,

327 1146 444 1178 Amen.
465 1145 628 1178 Praelatus
645 1150 750 1178 autem
770 1145 867 1177 addat
883 1144 947 1177 eis:
967 1144 1005 1177 Et
1022 1145 1064 1176 sit

327 1195 413 1228 Deus
437 1196 469 1228 in
495 1196 611 1229 itinere
634 1199 746 1235 vestro,
777 1199 805 1228 et
834 1194 970 1238 anqelus
995 1196 1064 1227 eius

329 1249 497 1281 comitetur
516 1248 686 1281 vobiscum.
707 1247 772 1286 Quo
791 1248 888 1287 dicto,
910 1249 1064 1292 suscipiat

329 1311 384 1334 eos
408 1302 572 1343 praelatus
596 1301 759 1344 profunde
789 1311 903 1344 parum
929 1302 1064 1334 inclina·

328 1359 378 1387 tos
403 1354 442 1386 ad
468 1354 651 1396 amplexum
669 1359 701 1386 et,
719 1355 866 1395 osculnm
884 1354 980 1396 pacis,
1000 1354 1062 1388 illis

327 1407 396 1439 vale
428 1405 558 1446 dicens,
589 1405 675 1448 quod
706 1411 736 1438 et
766 1406 915 1439 similiter
946 1407 1064 1440 saciant

328 1469 442 1492 omnes
467 1459 599 1493 fratres:
625 1465 657 1492 et
680 1465 794 1503 postea
820 1459 982 1493 deducant
1006 1470 1062 1493 eos

328 1512 367 1545 ad
391 1512 519 1546 ianuam
537 1518 712 1546 conventus
731 1513 782 1546 vel
802 1513 958 1546 ecclesiae
978 1514 1063 1547 unde

327 1563 408 1596 viam
434 1563 603 1607 incipiant.

372 1630 414 1654 lv.
441 1620 492 1654 Sic
515 1621 624 1665 itaque
654 1621 914 1665 redemptoribus
941 1627 973 1655 et
998 1627 1063 1655 toto

327 1674 564 1718 redemptionis
581 1680 762 1708 commeatu
784 1675 934 1711 dimissis,
953 1675 1064 1718 singn-

327 1727 367 1759 lis
394 1726 508 1759 diebus
531 1727 600 1760 sine
626 1728 869 1761 intermissione
896 1739 999 1771 nsque
1024 1729 1062 1761 ad

329 1789 527 1821 regressum,
551 1780 584 1812 in
610 1780 761 1813 omnibus
798 1781 984 1824 provinciae
1010 1787 1064 1814 ant

329 1832 570 1875 provinciarum
587 1834 799 1866 conventibus
816 1834 905 1866 cuius
922 1834 968 1867 vel
988 1845 1064 1877 qna-

328 1895 399 1918 rum
423 1886 554 1919 nomine
579 1885 614 1918 fit
644 1886 836 1929 redemptio,
864 1887 1063 1921 instituenda

329 1944 361 1971 et
385 1938 532 1972 facienda
569 1945 617 1972 est
652 1945 725 1983 post
757 1941 889 1973 missam
924 1952 1064 1975 conven-

329 1992 447 2023 tualem
472 1991 660 2025 huiusmodi
685 1993 894 2036 deprecatio:

371 2052 561 2095 Antiphona
577 2052 694 2096 Aspice
710 2053 867 2094 Domine;
886 2054 1003 2088 deinde
1022 2055 1064 2088 di-

328 2110 428 2146 catur,
456 2107 601 2149 psalmus
626 2115 732 2139 xcvu:

366 2167 421 2203 Qui
442 2168 518 2206 regis
539 2168 628 2198 Israel
649 2169 785 2205 intende;
809 2169 858 2209 qui
880 2170 1000 2200 deducis
1017 2180 1063 2201 ve-

328 2217 371 2247 lut
391 2227 474 2247 ovem
497 2217 611 2257 Ioseph.

366 2270 420 2306 Qui
447 2271 529 2301 sedes
561 2280 649 2311 super
671 2270 846 2309 Cherubim,
877 2272 1061 2303 manifestare

327 2329 425 2350 coram
446 2319 596 2359 Ephraim,
618 2320 768 2350 Beniamin
791 2325 819 2350 et
839 2321 980 2351 Manasse.

366 2372 465 2403 Excita
487 2373 644 2412 potentiam
666 2377 745 2403 tuam
768 2378 796 2404 et
817 2374 894 2412 veni,
914 2378 945 2404 ut
967 2374 1061 2404 salvos

327 2421 416 2451 facias
438 2431 501 2451 nos.

365 2474 440 2505 Deus
461 2479 596 2506 converte
610 2484 662 2505 nos
680 2479 707 2506 et
723 2475 841 2506 ostende
854 2475 954 2506 faciem
973 2480 1059 2511 tuam,

327 2527 355 2553 et
375 2523 448 2553 salvi
469 2524 588 2554 erimus.

366 2571 485 2602 Domine
506 2572 580 2602 Deus
602 2573 754 2611 virtutum,
779 2584 929 2615 quousque
957 2574 1062 2604 irasce-

327 2620 367 2651 ris
390 2629 478 2659 super
500 2621 661 2652 orationem
684 2623 759 2652 servi
783 2623 834 2652 tui.

1142 280 1255 310 {libabis
1278 288 1329 310 nos
1357 288 1431 319 pane
1452 280 1657 320 lacrymarum,
1688 287 1714 312 et
1739 288 1837 322 potum

1103 329 1185 373 dabis
1207 329 1290 358 nobis
1312 329 1341 358 in
1364 329 1499 368 lacrymis
1523 330 1551 358 in
1575 333 1721 360 mensura.

1142 378 1265 407 Posuisti
1302 387 1353 407 nos
1385 378 1415 407 in
1445 378 1703 408 contradictionem
1736 381 1838 410 vicinis

1104 426 1221 463 nostris,
1262 430 1290 456 et
1314 426 1425 456 inimici
1459 427 1550 456 nostri
1583 427 1840 460 subsannaverunt

1104 484 1166 504 1108.

1143 522 1217 552 Deus
1240 522 1382 553 virtutum
1405 528 1540 553 converte
1563 533 1636 562 nos,
1665 529 1693 554 et
1720 526 1839 556 ostende

1105 572 1206 601 faciem
1229 575 1318 609 tuam,
1343 576 1371 602 et
1392 572 1464 602 salvi
1486 573 1608 603 erimus.

1143 619 1261 649 Vineam
1292 620 1327 650 de
1360 620 1481 659 AEgypto
1513 621 1699 659 transtulisti,
1728 621 1840 653 eiecisti

1104 672 1205 706 gentes
1226 674 1253 698 et
1276 669 1410 708 plantasti
1433 679 1506 699 eam.

1144 717 1204 747 Dux
1220 718 1336 748 itineris
1352 718 1429 748 suisti
1446 719 1475 749 in
1492 725 1647 760 conspectu
1664 721 1742 759 eius3
1761 721 1842 762 plan-

1104 766 1171 795 tasti
1193 766 1306 796 radices
1328 767 1401 805 eius,
1426 772 1451 797 et
1475 768 1605 807 implevit
1627 773 1746 800 terram.

1144 814 1265 853 Operuit
1298 820 1411 846 montes
1438 817 1540 846 umbra
1563 818 1643 855 eius,
1674 823 1702 848 ct
1724 819 1840 850 arbusta

1105 864 1168 893 eius
1189 864 1291 894 cedros
1309 865 1370 894 Dei.

1145 914 1278 943 Extendit
1300 914 1432 952 palmites
1454 925 1522 945 suos
1544 926 1635 956 usque
1651 917 1684 947 ad
1701 927 1791 955 mare,
1814 923 1842 948 et

1105 971 1196 1001 usque
1217 962 1253 991 ad
1276 962 1383 992 flumen
1407 964 1582 1002 propagines
1605 965 1679 995 eius.

1144 1010 1180 1040 [tt
1202 1011 1271 1050 quid
1299 1011 1470 1042 destruxisti
1499 1014 1657 1043 maceriam
1692 1015 1777 1045 eius‘?
1808 1015 1842 1046 Et

1105 1059 1283 1089 vindemiant
1305 1069 1368 1090 eam
1391 1070 1501 1097 omnes,
1526 1062 1575 1101 qui
1589 1064 1843 1102 praetergrediun-

1106 1111 1152 1137 tur
1173 1107 1271 1137 viam?

1144 1156 1353 1187 Exterminavit
1374 1166 1436 1187 eam
1459 1168 1528 1197 aper
1550 1159 1584 1189 de
1600 1160 1684 1197 silva,
1701 1165 1728 1191 et
1743 1161 1842 1200 singu-

1106 1205 1176 1235 laris
1196 1205 1274 1235 serus
1295 1206 1432 1245 depastus
1454 1212 1497 1237 est
1519 1217 1593 1237 eam.

1145 1253 1219 1283 Deus
1228 1254 1376 1289 virtutum,
1385 1259 1565 1294 convertere,
1577 1257 1689 1296 respice
1702 1258 1736 1288 (le
1747 1259 1839 1298 caelo,

1106 1306 1133 1331 et
1156 1302 1220 1332 vide
1241 1306 1270 1332 et
1290 1303 1374 1332 visita
1396 1303 1510 1333 vineam
1533 1305 1630 1334 istam.

1146 1351 1179 1381 Et
1201 1352 1308 1390 perfice
1329 1361 1404 1388 eam,
1434 1362 1520 1392 quam
1551 1354 1691 1392 plantavit
1722 1355 1841 1386 dextera

1106 1404 1174 1437 tua,
1200 1403 1228 1429 et
1249 1409 1337 1439 super
1366 1401 1457 1430 tilium
1481 1402 1607 1431 hominis
1630 1412 1715 1442 quem
1738 1405 1843 1434 confir-

1107 1449 1192 1478 masti
1214 1448 1277 1478 tibi.
1658 1487 1665 1493 ι

1145 1497 1265 1526 Incensa
1287 1497 1346 1535 igni
1369 1502 1397 1527 et
1419 1498 1555 1533 suffossa,
1579 1498 1615 1528 ab
1639 1499 1842 1540 increpatione

1106 1545 1202 1575 vultus
1225 1545 1266 1574 tui
1289 1545 1436 1584 peribunt.

1145 1595 1207 1624 Fiat
1221 1604 1323 1624 manus
1343 1599 1389 1624 tua
1406 1604 1493 1634 super
1506 1596 1598 1625 virum
1615 1597 1749 1627 dexterae
1765 1602 1840 1635 tuae,

1106 1648 1134 1673 et
1155 1652 1243 1683 super
1265 1643 1357 1673 tilium
1380 1644 1517 1683 hominis,
1546 1655 1631 1684 quem
1662 1646 1842 1677 confirmasti

1106 1692 1166 1722 tibi.

1144 1741 1178 1771 Et
1200 1750 1257 1771 non
1287 1741 1464 1772 discedimus
1486 1752 1499 1772 a
1523 1747 1565 1772 te:
1596 1743 1757 1774 vivificabis
1789 1755 1842 1777 nos

1106 1794 1135 1820 et
1156 1800 1261 1821 nomen
1283 1795 1364 1820 tunm
1387 1791 1596 1821 invocabimus.

1144 1839 1263 1869 Domine
1292 1838 1364 1868 Deus
1387 1838 1544 1876 virtutum,
1567 1845 1702 1870 converte
1724 1851 1788 1879 nos,
1812 1845 1841 1873 et

1106 1887 1225 1916 ostende
1247 1886 1349 1916 faciem
1372 1891 1451 1916 tuam
1473 1891 1501 1916 et
1518 1887 1590 1917 salvi
1609 1888 1727 1918 erimus.
1747 1888 1841 1920 Gloria

1108 1935 1195 1969 Patri,
1217 1940 1268 1965 etc.

1149 1983 1217 2022 Quo
1242 1983 1334 2016 finito
1359 1984 1517 2026 repetitur
1535 1985 1734 2028 antiphona:

1146 2036 1251 2075 Aspice
1277 2035 1396 2065 Domine
1424 2036 1459 2066 de
1491 2036 1562 2066 Sede
1592 2038 1694 2068 Sancta
1724 2041 1782 2077 tua,
1813 2044 1842 2070 et

1106 2085 1198 2123 cogita
1221 2085 1255 2114 de
1277 2084 1376 2114 nobis:
1399 2084 1507 2114 inclina
1522 2108 1529 2121 ‚
1561 2086 1634 2118 Deus
1664 2096 1760 2122 meus,
1789 2097 1840 2117 an-

1106 2143 1167 2164 rem
1196 2137 1287 2170 tuam,
1311 2137 1339 2162 et
1368 2132 1455 2169 audi3
1487 2134 1567 2172 aperi
1591 2134 1689 2164 oculos
1713 2140 1788 2171 tuos,
1811 2141 1841 2166 ct

1104 2183 1171 2212 vide
1189 2181 1405 2212 tribulationem
1424 2187 1562 2218 nostram,
1580 2183 1630 2221 qui
1653 2184 1730 2221 regis
1752 2184 1839 2215 lsrael

1104 2233 1232 2269 intende,
1269 2233 1318 2272 qui
1350 2232 1468 2262 deducis
1501 2233 1579 2262 velut
1609 2243 1691 2263 ovem
1724 2234 1837 2274 loseph.

1103 2283 1188 2320 Kyrz'e
1208 2281 1318 2317 eleison,
1343 2281 1452 2312 Christe
1479 2282 1590 2320 eleison,
1618 2282 1702 2320 Ii'yrie
1723 2283 1836 2313 eleison.

1103 2331 1185 2361 Pater
1207 2334 1306 2359 noster.

1143 2378 1176 2418 μ’.
1199 2379 1233 2408 Et
1253 2387 1290 2408 ne
1311 2387 1364 2408 nos
1379 2378 1500 2408 inducas
1522 2378 1553 2408 in
1576 2378 1777 2416 tentationem,

1142 2430 1175 2467 13¹.
1199 2428 1255 2458 Sed
1276 2428 1366 2458 libera
1388 2438 1441 2458 nos
1463 2438 1478 2458 a
1501 2428 1587 2458 malo.

1143 2476 1176 2516 y.
1201 2476 1322 2507 Oremus
1350 2486 1402 2516 pro
1432 2476 1570 2506 fratribus
1601 2477 1708 2507 nostris
1737 2477 1840 2508 absen-

1182 2525 1270 2562 tibus,

1143 2576 1175 2613 ξ’.
1198 2574 1297 2605 Salvos
1313 2575 1355 2604 sac
1371 2584 1467 2604 servos
1480 2579 1554 2613 tuos,
1572 2574 1646 2605 Deus
1664 2583 1756 2612 meus,
1773 2582 1837 2612 spe-

1182 2627 1279 2652 rantes
1301 2622 1329 2651 in
1353 2627 1392 2652 te.

1732 225 1796 258 ⁶250
1840 235 1895 262 An.
1910 234 1938 263 C.
1962 235 2026 264 test
