2254 3225
204 211 390 239 An.c.ffo0
435 203 500 236 tea

232 430 349 453 clausulae.

245 692 308 712 Fides
332 693 388 712 tran·

204 721 341 745 sumpturum.

230 1733 316 1754 Sanctio
334 1739 384 1760 poa·

205 1760 264 1780 uatis.

398 260 513 293 iisdem
539 260 668 303 poenis,
687 260 782 293 etiam
802 259 979 294 traditionis
997 259 1129 291 brachio

398 313 574 353 saeculari,
601 313 787 346 earumdem
825 318 934 345 tenore
970 321 1125 355 praesen-

399 366 479 399 tium
505 366 697 409 ampliamus
721 371 752 398 et
776 365 988 398 extendimus,

442 419 457 461 ξ
481 418 513 450 5.
538 418 609 450 Non
626 417 828 450 obstantibus
846 417 996 449 omnibus
1014 421 1045 447 et
1065 415 1129 447 sin-

399 471 482 512 gulis
507 470 583 510 illis,
602 481 682 513 quae
707 474 898 502 memoratus
923 466 1127 499 Innocentius

398 523 631 565 praedecessor
648 522 680 554 in
699 522 762 554 suis
786 520 898 553 litteris
919 518 1128 562 praeinsertis

397 575 499 608 voluit
515 585 581 607 non
599 575 743 613 obstare,
761 572 941 615 ceterisque
959 570 1128 603 contrariis

399 627 666 670 quibuscumque.

443 681 457 723 g
481 680 512 712 6.
539 680 690 712 Volumus
708 682 811 710 autem
829 676 914 719 quod
942 680 1128 717 praesentes

398 733 546 771 litterae,
573 736 741 774 postquam
771 729 809 761 ad
839 729 944 760 valvas
970 728 1127 760 ecclesiae

397 785 619 818 Lateranensis
637 794 672 816 ac
689 782 841 815 basilicae
865 780 1023 823 Principis
1052 791 1128 823 apo-

397 838 550 869 stolorum
576 837 615 869 de
639 835 734 875 Urbe,
760 844 885 866 necnon
910 833 1126 866 Cancellariae

398 888 613 932 apostolicae,
639 892 670 920 et
705 887 736 919 in
769 886 836 918 acie
869 885 979 928 Campi
1015 886 1127 918 Florae

396 951 455 984 per
486 940 623 982 aliquem
649 949 685 971 ex
709 937 824 971 nostris
860 937 1067 977 cursoribus,
1093 943 1128 971 ut

396 993 497 1026 moris
523 997 582 1031 est,
602 991 783 1035 publicatae
809 995 841 1023 et
864 990 975 1023 affixae
993 991 1124 1031 suerint,

397 1055 510 1078 omnes
535 1050 566 1077 et
590 1043 744 1085 singulos,
770 1053 849 1085 quos
874 1048 1127 1076 concernuntac

396 1101 594 1130 concernent
610 1096 643 1128 in
660 1096 812 1135 futurum,
832 1095 967 1138 perinde
988 1095 1128 1128 afficiant

397 1155 428 1182 et
451 1154 583 1187 arctent,
605 1158 640 1180 ac
657 1147 682 1180 si
703 1147 877 1190 unicuique
902 1147 1031 1181 illorum
1054 1158 1128 1191 per-

396 1201 554 1234 sonaliter
585 1201 749 1233 intimatae
781 1205 813 1233 et
843 1200 1026 1233 notificatae
1052 1201 1128 1234 suis-

396 1259 479 1293 sent,
498 1253 648 1296 quodque
673 1253 802 1286 illarum
823 1253 1042 1296 transumptis,
1063 1254 1127 1287 sive

397 1307 561 1349 exemplis,
580 1306 674 1338 etiam
693 1306 870 1348 impressis,
885 1316 981 1338 manu
995 1306 1127 1339 alicuius

395 1359 511 1392 notarii
528 1358 649 1401 publici
672 1358 862 1400 subscriptis
880 1364 911 1390 et
935 1358 1042 1400 sigillo
1060 1369 1118 1401 per

396 1422 492 1444 sonae
517 1411 548 1443 in
574 1411 729 1453 dignitate
763 1410 978 1443 ecclesiastica
1009 1412 1128 1444 consti-

395 1469 481 1496 tutae
499 1463 643 1503 munitis,
662 1463 773 1495 eadem
795 1473 926 1505 prorsus
944 1468 1007 1495 tam
1031 1464 1064 1496 in
1082 1465 1128 1496 iu-

396 1518 479 1550 dicio
500 1528 593 1560 quain
619 1522 707 1550 extra
730 1517 810 1549 illud
835 1516 956 1559 ubique
980 1518 1126 1550 locorum

395 1570 475 1603 fides
493 1571 694 1610 adhibeatur,
717 1580 799 1613 quae
817 1569 963 1612 ipsismet
979 1580 1129 1612 praesen-

395 1623 478 1656 tibus
494 1623 705 1656 adhiberetur
724 1622 751 1654 si
775 1627 927 1656 ostensae
949 1628 981 1655 et
1004 1623 1129 1656 exhibi-

396 1680 445 1708 tae
471 1676 588 1708 forent.

438 1728 453 1771 ξ
478 1729 507 1761 7.
535 1728 618 1761 Nulli
639 1729 721 1770 'ergo
747 1727 877 1761 omnino
903 1729 1070 1761 hominum
1092 1729 1128 1761 li-

395 1786 465 1813 ceat
488 1781 637 1824 paginam
660 1780 743 1813 hanc
762 1786 945 1814 nostrarum
962 1781 1129 1814 confirma-

396 1833 507 1873 tionis,
537 1833 792 1876 approbationis,
818 1833 1048 1874 innovationis,
1075 1845 1128 1867 vo-

393 1886 537 1925 luntatis,
561 1885 713 1925 mandati,
738 1886 978 1926 declarationis,
1004 1887 1125 1927 statuti,

395 1938 535 1978 decreti,
568 1938 818 1979 reservationis,
851 1939 1070 1982 ampliationis
1097 1944 1128 1972 et

396 1991 591 2024 extensionis
621 1991 820 2034 infringere,
846 1992 895 2024 vel
921 1991 950 2024 ei
973 2002 1051 2024 ausu
1082 1998 1127 2025 te-

394 2044 532 2076 merario
568 2043 749 2083 contraire;
777 2043 802 2075 si
835 2043 906 2086 quis
932 2049 1039 2077 autem
1064 2045 1126 2078 hoc

395 2102 551 2130 attentare
575 2096 844 2139 praesumpserit,
870 2097 1126 2139 indignationem

395 2149 622 2192 omnipotentis
645 2147 702 2181 Dei
730 2159 766 2181 ac
789 2149 959 2181 beatorum
985 2150 1070 2183 Petri
1095 2158 1126 2184 et

395 2202 484 2234 Pauli
502 2202 723 2244 apostolorum
740 2200 807 2233 eius
824 2211 858 2234 se
875 2202 1002 2235 noverit
1019 2202 1125 2236 incur-

395 2264 514 2286 surum.
545 2290 553 2294 ‚

438 2305 548 2338 Datum
572 2305 702 2344 Romae,
733 2305 818 2348 apud
841 2305 872 2338 S.
903 2305 1032 2339 Mariam
1056 2307 1121 2340 Ma-

395 2358 521 2397 iorem,
556 2367 639 2390 anno
675 2357 905 2391 incarnationis
942 2359 1124 2393 dominicae

394 2419 509 2450 nocxc,
525 2420 555 2443 xl
579 2410 730 2443 kalendas
755 2410 902 2451 ianuarii,
919 2412 1124 2454 pontificatus

395 2462 498 2493 nostri
522 2472 604 2494 anno
628 2472 662 2495 11.

429 2520 489 2547 Dat.
506 2521 549 2547 die
568 2520 601 2547 22
616 2521 766 2550 decembris
787 2523 865 2558 1690,
886 2522 984 2559 pontif.
1004 2533 1078 2552 anno
1094 2531 1122 2551 11.

973 213 1151 236 BULLARIL'M
1176 210 1329 234 ROMANt'M

1914 211 2093 239 m.01fflt

1457 256 1617 291 XXXVIII.

1174 326 1418 368 Confirmanlur
1433 327 1595 369 quaedam
1619 327 1743 361 decreta
1766 330 1907 372 capituli

1213 378 1377 421 yeneralis
1395 378 1530 412 Ordinis
1546 379 1718 413 Servorum
1738 381 1779 413 B.
1798 381 1842 413 M.
1868 382 1902 414 V.

1361 457 1527 484 Alexander
1545 459 1624 491 Papa
1643 460 1706 492 vu,

1287 501 1324 528 ad
1343 504 1520 536 perpetuam
1540 502 1586 529 rei
1606 504 1786 531 memoriam.

1214 571 1377 605 Militantis
1391 573 1556 606 Ecclesiae
1570 574 1720 616 regimini
1735 585 1793 617 per
1808 576 1906 608 abun-
1941 586 2061 608 Exordium·

1171 624 1313 658 dantiam
1348 625 1474 658 divinae
1509 626 1681 666 bonitatis,
1715 627 1805 661 nullo
1831 628 1906 661 licet

1170 677 1360 711 meritorum
1391 684 1575 712 nostrorum
1614 679 1782 723 suffragio,
1812 691 1906 724 prae-

1171 730 1281 772 positi,
1303 730 1367 771 illa,
1389 741 1469 774 quae
1487 742 1545 774 pro
1570 731 1655 765 felici
1679 743 1904 776 prosperoque

1172 782 1400 825 religiosorum
1428 784 1584 817 Ordinum
1620 785 1652 817 in
1684 785 1825 818 Ecclesia
1850 786 1904 819 Dei

1171 836 1224 878 pie
1249 841 1424 880 sancteque
1456 838 1675 871 institutorum
1707 848 1743 870 ac
1773 839 1905 871 uberio-

1170 898 1221 921 res
1246 888 1409 922 bonorum
1427 901 1560 933 operum
1578 892 1699 924 fructus
1719 891 1906 934 adspirante

1171 941 1303 985 superni
1329 942 1445 975 favoris
1470 943 1589 976 auxilio
1618 944 1761 987 proferre
1786 944 1906 987 iugiter

1171 995 1388 1037 satagentium
1406 996 1567 1038 gubernio
1585 1001 1616 1029 et
1631 1006 1811 1039 progressu
1835 1007 1906 1039 pro-

1171 1047 1243 1079 vide
1261 1047 1492 1091 sapienterque
1514 1048 1686 1081 constituta
1710 1054 1742 1081 et
1759 1049 1906 1081 ordinata

1171 1109 1241 1131 esse
1266 1104 1455 1140 noscuntur,
1482 1105 1517 1132 ut
1541 1100 1632 1133 firma
1655 1111 1783 1143 semper
1807 1107 1905 1144 atque

1171 1151 1321 1185 inviolata
1344 1153 1535 1195 persistant,
1560 1153 1710 1193 libenter,
1735 1164 1806 1186 curn
1831 1154 1863 1187 id
1888 1165 1907 1187 a

1171 1204 1265 1237 nobis
1288 1205 1417 1247 petitur,
1444 1206 1609 1248 apostolici
1638 1207 1822 1240 muniminis
1847 1218 1906 1241 no-

1171 1257 1226 1289 stri
1251 1258 1412 1300 praesidio
1436 1259 1690 1292 constabilimus.

1214 1311 1228 1353 §
1252 1310 1283 1343 1.
1302 1311 1424 1354 Exponi
1445 1312 1604 1355 siquidem
1621 1312 1715 1345 nobis
1736 1323 1843 1356 nuper
1858 1313 1904 1346 se·
1913 1315 2097 1362 djffisse‘ggfarffigj

1171 1362 1214 1395 cit
1238 1363 1374 1396 dilectus
1397 1363 1482 1396 silius
1506 1364 1597 1406 prior
1621 1365 1782 1406 generalis
1812 1365 1903 1398 Ordi-
1913 1369 2098 1420 Z‘gngpalf³„¹];¹c·¹¹¹g

1171 1416 1219 1449 nis
1251 1417 1386 1449 fratrum
1422 1416 1591 1450 Servorum
1626 1418 1661 1450 B.
1698 1418 1815 1450 Mariae
1840 1419 1903 1451 Yir-

1172 1468 1275 1511 ginis,
1308 1470 1394 1512 quod
1427 1470 1459 1501 in
1484 1470 1626 1512 capitulo
1651 1469 1796 1512 generali
1828 1471 1904 1503 dicti

1170 1522 1306 1562 Ordinis,
1322 1522 1407 1565 quod
1425 1522 1608 1563 novissime,
1627 1522 1777 1555 videlicet
1792 1533 1903 1556 mense

1170 1574 1264 1616 aprili
1288 1574 1434 1617 proxime
1460 1575 1655 1617 praeterito,
1680 1575 1711 1607 in
1737 1576 1797 1608 hac
1822 1577 1904 1608 alma

1172 1627 1255 1659 Urbe
1280 1628 1481 1660 celebratum
1507 1628 1577 1667 suit,
1606 1638 1665 1670 pro
1691 1627 1776 1660 felici
1801 1627 1904 1670 ipsius

1170 1679 1298 1712 Ordinis
1334 1679 1468 1722 eiusque
1512 1680 1646 1712 fratrum
1680 1680 1839 1721 regimine
1871 1685 1904 1713 et

1171 1732 1347 1766 directione
1384 1733 1469 1765 edita
1494 1738 1526 1765 et
1560 1733 1642 1765 sacta
1667 1733 1797 1765 suerunt
1821 1743 1903 1765 non-

1170 1786 1259 1818 nulla
1285 1785 1413 1818 decreta
1437 1785 1558 1818 tenoris
1584 1784 1638 1828 qui
1669 1785 1834 1828 sequitur,
1859 1784 1903 1817 vi-

1171 1838 1305 1871 delicet:

1169 1917 1283 1947 Decreta
1297 1917 1413 1956 capilnli
1425 1917 1560 1955 yeneralis
1574 1918 1696 1955 fratrum
1712 1915 1824 1946 Ordinis
1838 1915 1904 1946 Ser-

1209 1976 1303 1995 vorum
1324 1966 1360 1995 B.
1388 1966 1417 1995 V.
1442 1966 1549 1995 Mariae
1576 1965 1703 1994 celebrati
1724 1966 1753 1994 in
1774 1968 1904 1994 conventu

1207 2014 1236 2044 S.
1258 2014 1387 2044 Marcelli
1407 2014 1439 2043 de
1456 2014 1526 2043 Urbe
1541 2014 1584 2042 die
1601 2021 1660 2043 xxx
1682 2014 1783 2043 mensis
1804 2012 1904 2052 aprilis

1207 2064 1274 2093 anni
1295 2071 1402 2092 mocxc.

1206 2146 1226 2168 1.
1250 2136 1330 2172 Quod
1349 2137 1453 2166 festum
1468 2136 1582 2175 Septem
1601 2136 1736 2166 Dolorum
1752 2136 1785 2166 B.
1799 2136 1836 2165 M.
1852 2135 1899 2172 V„
1994 2144 2024 2164 oe
2044 2144 2096 2164 sosio

1168 2185 1243 2225 quod
1265 2194 1299 2214 ex
1322 2184 1504 2224 Apostolicae
1530 2183 1753 2217 Sedis,indulto
1774 2184 1902 2223 quolibet
1912 2171 2096 2219 fd'ss'ff21‚¹ir'ss¹⁰'

1167 2243 1242 2264 anno
1265 2234 1350 2263 tertia
1372 2232 1518 2263 dominica
1532 2232 1704 2271 septembris
1726 2232 1901 2270 celebratur,

1168 2283 1308 2313 habeatur
1330 2286 1476 2321 tamquam
1502 2281 1607 2310 festum
1630 2280 1789 2320 principale
1810 2282 1902 2312 nostri

1167 2331 1304 2365 Ordinis,
1331 2330 1361 2360 in
1390 2330 1472 2359 cuius
1498 2329 1636 2359 honorem
1659 2328 1777 2358 sabbato
1799 2329 1903 2359 imme-

1167 2380 1243 2410 diate
1257 2378 1439 2408 antecedenti
1455 2378 1586 2416 regulare
1602 2377 1743 2407 ieiunium
1759 2377 1794 2407 ab
1810 2378 1903 2408 omni-

1167 2428 1220 2458 bus
1242 2427 1335 2457 nostri
1357 2426 1473 2457 Ordinis
1488 2425 1626 2455 fratribus
1648 2430 1676 2455 et
1698 2425 1847 2456 sororibus
1862 2427 1900 2457 sit

1167 2475 1389 2511 observandum,
1413 2474 1452 2504 ita
1474 2477 1505 2503 ut
1527 2483 1542 2503 a
1564 2473 1644 2503 nullo
1666 2474 1818 2513 superiore
1840 2475 1899 2505 dis-

1167 2524 1282 2563 pensari
1305 2523 1395 2561 possit
1415 2526 1494 2552 extra
1516 2531 1614 2551 casum
1637 2523 1830 2552 necessitatis.

1205 2581 1235 2602 11.
1259 2572 1373 2601 Priores
1400 2575 1595 2600 conventuum
1627 2570 1775 2601 observari
1797 2576 1900 2602 curent
1934 2577 2078 2603 nomnibus,
