2227 3225
97 244 147 273 An.
163 244 192 272 C.
215 245 284 273 1700

94 817 138 831 rttin

193 1108 205 1120 μ
248 1107 278 1120 ,ις-

178 1135 194 1147 «²
206 1132 279 1148 ustilli-

183 801 185 803 .
224 790 277 803 *rto-

155 819 164 831 1·
175 814 267 831 tat-tate.

875 248 1085 273 INNOCENTIUS
1110 250 1155 273 ΧΠ
1180 251 1227 274 ΙΨ.

289 295 434 328 omnium
472 306 579 328 retum
614 295 693 328 1-1111ί
720 296 940 339 spiritualium
969 304 1031 330 tum

289 349 515 391 temporalium
561 349 796 392 cuiuscumque
841 350 1031 382 monasterii

287 408 539 444 perscrutentur
558 402 642 434 iuxta
669 404 804 435 sormam
821 403 1030 446 ‹‚lesci·iptam.

288 455 509 499 Praecipimus
528 462 633 488 tatncn
654 456 732 499 ipsis
750 456 975 488 visitatoribus
992 467 1032 488 ne

287 509 520 541 monasterium
546 509 744 542 residentiae
776 510 901 542 abbatis
938 520 1034 551 eene-

288 563 366 596 ralis
390 562 459 595 sine
494 563 640 595 eiusdem
677 563 925 606 particilmtioue
963 563 1034 595 visi-

289 622 368 654 tent,
387 627 446 649 nec
474 616 550 659 ipso·
567 617 754 649 inconsulto
773 617 935 660 quaslibet.
960 628 1034 659 pro-

288 671 431 712 mulgent
459 670 692 709 ordinationes,
711 677 766 703 aut
792 672 906 703 cellam
933 681 1034 702 secre-

289 724 360 756 tarii
387 724 522 767 praelati
550 724 676 756 abbatis
702 724 865 766 generalis
892 724 1031 756 visitent.

332 788 402 810 vui.
424 777 615 819 Superiores
635 778 756 810 locales
776 783 950 809 tem-antur
967 777 1033 809 sin-

289 831 374 871 gulis
401 831 570 863 mensibus
603 831 786 864 concedere
824 831 888 863 suis
921 842 1032 863 mona-

288 883 359 916 cbis
384 884 556 926 prandium
579 894 634 916 seu
662 894 797 916 coenam
825 884 857 916 in
884 886 957 917 aula
977 885 1034 916 bo-

288 937 421 980 spitum,
436 943 471 969 nt
490 937 729 981 aliquantisper
746 938 785 970 ab
800 939 1034 981 asperitatibus

289 991 486 1025 ieiuniorum
503 991 642 1034 aliisque
670 992 829 1034 regularis
854 993 938 1025 vitae
960 1002 1035 1024 one-

291 1044 381 1077 ribus
406 1045 614 1078 allevientur.

334 1109 376 1131 lx.
404 1098 511 1131 Abbas
537 1099 703 1140 generalis
725 1099 913 1142 impriu‘iere
942 1098 1035 1131 saciat

292 1151 355 1184 boc
380 1151 522 1184 triennio
547 1152 801 1184 constitutiones
820 1152 950 1192 revisas,
969 1158 997 1184 et
1018 1163 1035 1184 a

290 1205 434 1247 capitulo
459 1205 605 1245 generati
624 1205 834 1248 approbatas,
854 1211 885 1238 ct
907 1216 965 1248 pro
984 1215 1035 1238 ex·

292 1259 404 1301 pensis
432 1259 644 1291 committitur
669 1259 775 1291 eidem
801 1259 909 1291 abbati
935 1269 1036 1301 geue-

291 1313 350 1345 rali
376 1317 412 1345 ut
437 1315 498 1345 nna
520 1323 591 1345 cum
617 1313 812 1345 consiliariis
837 1313 903 1344 suis
931 1318 1034 1345 taxant

291 1366 499 1405 determinet,
529 1373 560 1398 et
586 1367 611 1398 si
641 1377 802 1409 expensae
829 1367 948 1399 nimiae
970 1377 1034 1399 non

291 1421 422 1459 suerint,
449 1420 546 1462 possit
573 1420 669 1452 etiam
696 1430 768 1451 cnm
793 1420 859 1452 suis
884 1421 1036 1452 consilia-

292 1473 348 1505 riis
377 1479 482 1505 taxant
515 1478 659 1505 statuere
696 1483 756 1515 pro
794 1472 899 1505 rituali
928 1479 960 1505 et
985 1484 1034 1506 re·

291 1525 376 1568 gulis
398 1525 585 1559 officialium
611 1536 684 1557 eum
715 1525 817 1558 t'orina
846 1526 1036 1559 visitationis

291 1579 519 1623 imprimendis
533 1591 563 1611 n.

334 1633 350 1677 ξ
375 1633 406 1666 ⁶2.
433 1633 511 1667 Cum
537 1638 661 1675 autem,
692 1633 775 1666 sicut
801 1633 913 1666 eadem
940 1644 1037 1677 expo·

291 1686 366 1719 sitio
390 1686 617 1729 subiungebat,
650 1686 781 1719 decreta
805 1688 949 1730 praefata
974 1687 1035 1719 rim

292 1738 558 1772 constitutionum
586 1739 708 1772 babere
727 1740 947 1783 nonpossint,
974 1740 1034 1773 nisi

292 1792 357 1826 illis
393 1792 524 1825 alterius
561 1792 704 1824 secuturi
731 1799 928 1826 memoratae
955 1793 1036 1826 Con-

292 1845 493 1887 gregationis
514 1846 648 1889 capituli
676 1847 838 1888 generalis
864 1847 1035 1880 conflrma-

293 1899 336 1931 tio
373 1899 528 1941 accedat,
561 1905 593 1931 et
624 1905 801 1942 propterea
830 1900 906 1932 dicti
936 1911 1035 1944 expo-

291 1957 406 1984 nentes
433 1952 564 1985 decreta
590 1952 793 1991 huiusmodi,
820 1964 894 1996 quo,
921 1953 1034 1986 eadem

291 2005 540 2038 confirmatione
560 2006 692 2039 minime
708 2009 887 2049 expectata,
907 2017 969 2040 non
986 2018 1036 2039 se-

290 2068 346 2091 cus
363 2069 399 2091 ac
424 2059 676 2092 constitutiones
696 2060 783 2102 ipsae
802 2060 1036 2093 iuviolabiliter

292 2113 533 2153 observentur,
567 2113 761 2156 praesertim
797 2114 873 2156 quia
906 2114 1034 2147 illorum

290 2173 458 2210 postremo
491 2167 678 2209 disponitur
714 2173 749 2199 ut.
785 2168 1036 2201 constitutiones

293 2219 458 2263 praefatae
477 2220 570 2252 novis
589 2221 671 2263 typis
689 2221 927 2264 quamprimum
947 2231 1036 2253 nian-

292 2272 361 2305 dari
387 2273 539 2310 debeant,
562 2273 760 2316 apostolicae
778 2273 1036 2307 contirn‘iationis

291 2332 425 2360 nostrae
451 2327 635 2370 patrocinio
667 2328 860 2360 communiri
894 2338 1037 2361 summo-

291 2389 370 2422 pere
395 2379 605 2413 desiderent:
627 2390 695 2421 nos,
714 2380 857 2424 ipsorum
876 2391 1038 2424 exponen-

293 2433 373 2465 tium
396 2433 481 2466 votis
505 2433 566 2466 bac
590 2433 622 2466 in
641 2444 686 2472 re,
706 2440 862 2477 qnantum
889 2445 962 2467 cum
981 2434 1038 2467 Do·

293 2487 382 2519 mino
420 2498 616 2530 possumus,
645 2488 864 2521 favorabiliter
894 2499 1037 2522 annuere

294 2540 451 2580 volentes,
478 2547 510 2574 et
534 2552 649 2574 eornm
675 2542 860 2584 singulares
880 2552 1037 2585 personas

294 2603 312 2626 a
332 2593 500 2637 quibusvis
520 2594 882 2636 excommunicationis,
901 2606 1038 2639 snspen-

330 2657 341 2684 1
365 2655 435 2683 Edit.
455 2656 534 2684 Maia.
557 2657 618 2694 legit
639 2662 701 2686 tum
723 2660 763 2694 (a.
785 2661 833 2693 1,).

1075 298 1177 331 sionis
1195 305 1226 332 ct
1239 299 1418 338 interdicti,
1436 300 1574 343 aliisque
1593 302 1822 335 ecclesiasticis

1075 352 1266 389 sententiis,
1304 353 1450 385 censuris
1481 359 1513 386 ct
1550 355 1686 395 poenis,
1712 366 1728 388 a
1755 356 1822 388 iure

1076 405 1124 436 vel
1140 404 1179 435 ab
1195 405 1338 443 bomine,
1351 406 1462 448 quavis
1478 407 1647 439 occasione
1664 410 1713 441 rel
1729 412 1825 441 cansa

1077 458 1163 496 latis,
1187 459 1211 490 si
1231 459 1348 501 quibus
1374 461 1622 502 ‹pioinodolibet
1647 461 1823 494 innodatae

1077 512 1232 549 existunt,
1253 513 1291 544 ad
1310 513 1460 545 ell'ectnm
1483 515 1706 556 praesentium
1734 515 1826 547 dnm-

1079 570 1164 597 taxat
1181 567 1462 609 consequendum,
1484 568 1598 601 barum
1618 569 1700 601 serie
1719 569 1825 601 absol-

1078 625 1191 651 ventes
1213 625 1244 652 et
1263 621 1430 653 absolutas
1451 621 1518 653 sore.
1538 627 1732 659 censentes„
1750 633 1826 666 snp—

1078 672 1311 713 plicatiouibus
1331 684 1443 705 eornm
1464 675 1595 707 nomine
1615 676 1708 707 nobis
1727 686 1826 719 super

1079 725 1142 757 boc
1179 725 1346 758 bumilitcr
1381 728 1543 770 porrectis
1581 728 1748 765 iuclinati.
1784 729 1822 761 de

1079 779 1315 811 venerabilium
1336 781 1469 812 l'ratrum
1489 787 1677 813 nostrorum
1695 781 1821 815 S.tt.E.

1079 832 1294 864 cardinalium
1321 833 1459 875 negotiis
1477 840 1506 866 et
1532 835 1825 867 consultationibus

1080 885 1313 928 cpiscoporum
1340 892 1370 917 et
1397 887 1596 929 regularium
1624 888 1826 930 praeposito-

1079 948 1147 969 rum
1166 939 1315 977 consilio,
1343 939 1472 972 decreta
1492 941 1694 983 praeinserta
1719 947 1826 974 ancto-

1079 991 1172 1024 ritate
1211 993 1410 1034 apostolica,
1440 999 1553 1026 tenore
1580 993 1823 1036 praesentium,

1079 1046 1299 1088 approbamus
1318 1051 1350 1078 et
1371 1046 1614 1087 confirm-imus,
1632 1048 1761 1091 illisque
1777 1048 1825 1080 in-

1079 1098 1243 1131 violabilis
1284 1099 1481 1142 apostolicae
1523 1100 1685 1133 firmitatis
1726 1101 1825 1134 robur

1079 1151 1261 1191 adiicimns,
1281 1163 1317 1184 ac
1335 1164 1447 1185 omues
1475 1159 1505 1185 et
1532 1154 1679 1195 singulos
1698 1155 1777 1187 iuris
1794 1160 1824 1187 et

1081 1206 1152 1237 sacti
1179 1206 1337 1244 desectus,
1365 1207 1389 1238 si
1409 1207 1462 1250 qui
1481 1208 1622 1251 desuper
1647 1209 1825 1251 quomodo—

1079 1259 1159 1292 libet
1184 1259 1434 1296 int‹;¹rvenerint,
1464 1263 1681 1304 supplemns3
1710 1262 1753 1294 ita
1779 1268 1824 1294 ta-

1079 1323 1151 1344 men
1190 1319 1225 1345 ut
1266 1313 1450 1346 huiusmodi
1488 1315 1681 1357 approbatio
1717 1325 1823 1358 neque

1080 1366 1247 1408 implicite,
1264 1377 1370 1409 neque
1390 1367 1552 1410 explicite,
1568 1369 1698 1401 extendi
1720 1369 1824 1401 valeat

1079 1420 1117 1451 ad
1144 1420 1216 1459 alia,
1244 1432 1339 1464 quam
1362 1421 1399 1453 ad
1419 1432 1454 1453 ea
1473 1432 1556 1464 quae
1576 1432 1635 1464 per
1653 1427 1823 1455 extensum

1079 1474 1230 1516 superins
1266 1475 1411 1507 exhibita
1444 1481 1472 1507 et
1507 1475 1629 1508 inserta
1662 1477 1823 1518 leguntur,

1079 1537 1115 1558 ac
1140 1528 1228 1560 salva
1256 1538 1388 1571 semper
1413 1528 1445 1560 in
1472 1528 1663 1571 praemissis
1687 1530 1826 1561 auctori-

1081 1585 1142 1612 tate
1160 1580 1432 1624 Congregationis
1459 1582 1649 1615 eorumdem
1676 1582 1825 1615 cardina—

1079 1633 1170 1667 lium.
1198 1635 1442 1675 Decernentes,
1471 1636 1601 1668 easdem
1631 1641 1825 1679 praesentes

1079 1687 1206 1720 litteras
1229 1698 1359 1731 semper
1392 1688 1521 1726 firmas,
1554 1689 1676 1722 validas
1703 1695 1736 1723 et
1760 1690 1827 1722 essi—

1079 1751 1171 1773 caccs
1197 1741 1336 1773 existere
1354 1747 1382 1773 et
1405 1742 1482 1780 sore,
1503 1752 1645 1785 suosque
1660 1743 1828 1785 plenarios

1079 1800 1111 1826 ct
1135 1795 1280 1836 integros
1307 1794 1440 1827 ellel-tus
1472 1795 1585 1828 sortiri
1612 1800 1644 1828 et
1662 1795 1827 1834 obtinere,

1078 1857 1114 1879 ac
1138 1847 1216 1886 illis,
1235 1848 1274 1880 ad
1302 1859 1384 1890 quos
1409 1854 1536 1891 spectat
1561 1854 1591 1881 et
1618 1859 1676 1892 pro
1703 1854 1827 1892 tempo-

1080 1910 1113 1931 re
1140 1901 1414 1944 quandocumque
1432 1901 1603 1944 spectabit,
1622 1901 1653 1934 in
1672 1902 1825 1934 omnibus

1079 1959 1108 1985 et
1137 1964 1196 1996 per
1221 1955 1331 1987 omnia
1364 1954 1552 1997 plenissime
1587 1954 1769 1997 sull'ragari,
1794 1962 1826 1988 et

1079 2007 1118 2039 ab
1138 2007 1183 2039 eis
1204 2007 1385 2051 respective
1400 2008 1634 2041 inviolabiliter
1648 2008 1825 2045 observari,

1079 2061 1190 2103 sicque
1215 2054 1247 2092 in
1284 2061 1471 2104 praemissis
1502 2072 1563 2104 per
1599 2073 1825 2106 quoscumque

1078 2114 1204 2146 iudices
1236 2114 1423 2147 ordinarios
1448 2120 1479 2147 et
1506 2116 1700 2158 delegatos,
1728 2116 1824 2149 etiam

1078 2178 1247 2200 cansarum
1292 2168 1403 2210 palatii
1449 2169 1620 2211 apostolici
1659 2169 1826 2202 auditores

1080 2221 1216 2254 iudicari
1243 2226 1275 2254 et
1300 2220 1427 2254 definiri
1465 2221 1585 2255 debere
1601 2249 1608 2262 ‚
1630 2233 1666 2255 ac
1698 2222 1823 2255 irritum

1080 2281 1112 2307 et
1138 2275 1246 2317 inane,
1259 2276 1284 2308 si
1306 2286 1401 2308 secus
1425 2287 1525 2320 snper
1543 2276 1593 2309 his
1612 2287 1629 2309 a
1648 2287 1824 2320 quoquam,

1079 2329 1191 2371 quavis
1209 2329 1417 2368 anctoritate,
1438 2329 1582 2362 scienter
1598 2331 1648 2363 vel
1675 2330 1825 2373 ignoran-

1080 2387 1146 2420 ter,
1171 2382 1345 2425 contigerit
1373 2383 1539 2415 attentari.

1124 2436 1138 2478 ξ
1163 2435 1196 2469 3.
1222 2436 1293 2469 Non
1326 2437 1532 2470 obstantibus
1563 2437 1761 2480 praemissis,
1787 2447 1824 2470 ac

1080 2489 1366 2523 constitutionilnis
1393 2496 1425 2524 et
1460 2490 1722 2523 ordinationibus
1747 2501 1824 2534 apo—

1080 2544 1211 2584 stolicis,
1230 2554 1358 2577 necnon
1376 2543 1644 2587 congregationis
1658 2543 1822 2578 Reforma-

1081 2603 1129 2631 tae
1155 2603 1187 2631 et
1210 2597 1339 2631 Ordinis
1365 2598 1620 2642 praedictorum,
1651 2599 1748 2631 etiam
1774 2599 1821 2630 iu-

1080 2657 1240 2692 ramento,
1267 2651 1512 2685 confirmatione
1545 2652 1736 2695 apostolica,
1771 2653 1820 2686 vel

1719 243 1784 277 9⁶25
1833 253 1882 281 An.
1899 254 1928 282 c.
1951 254 2019 282 {700

1905 2443 2018 2468 [temptatio

1834 2472 1946 2490 contrarie*
1954 2477 1995 2490 um.
