2254 3225
215 211 264 237 An.
281 210 310 237 c.
332 209 399 237 1094
445 200 509 233 620

411 264 468 297 tes,
486 268 543 290 seu
569 257 647 290 alias
674 256 711 289 ad
738 254 870 289 modum
896 258 928 288 et
953 255 1087 287 sormam
1108 255 1139 286 in

410 311 549 344 comitiis
575 309 780 354 generalibus
817 309 960 352 ipsorum
985 307 1141 340 Ordinum

410 374 466 397 seu
480 374 540 408 per
555 374 615 397 nos
638 362 796 396 etSedem
818 361 1015 405 praedictam
1036 370 1142 403 respe-

410 416 491 451 ctive
515 416 719 450 statuendum
737 420 767 449 et
783 414 984 448 statuendam
1006 413 1142 446 reduxe-

408 471 528 512 rimus,
556 476 587 505 et
610 470 775 504 reductam
800 479 869 502 esse
894 467 1086 501 voluerimus
1111 471 1143 499 et

409 516 683 563 mandaverimus,
706 533 743 555 ac
763 521 900 565 proinde
918 529 1140 564 quaecumque

410 577 548 610 antehae
571 586 631 619 pro
657 581 803 618 tempore
833 572 982 606 existenti
1013 571 1140 604 Ordinis

409 630 543 663 fratrum
558 629 716 662 Minorum
730 626 830 660 sancti
848 624 1008 659 Francisci
1027 625 1065 657 de
1083 623 1142 656 Ob-

409 682 568 715 servantia
583 686 615 714 et
627 681 888 714 Reformatorum
901 688 957 711 seu
971 676 1141 709 strictioris

410 734 631 779 observantiae
663 737 924 776 nuncupatorum
949 730 1032 773 apud
1058 739 1143 762 eam-

410 789 484 822 dem
501 788 617 821 Sedem
634 785 808 831 protectori
831 789 1071 828 procuratorem
1095 791 1143 824 gc-

409 842 552 882 neralem
563 840 799 885 provinciarum
812 833 1143 870 Res01=matorum⁴di-

410 894 451 927 cti
476 894 604 928 Ordinis
622 893 655 926 in
671 893 815 926 Romana
839 890 931 924 Curia
948 889 1142 922 residentem

410 948 450 981 de
468 947 609 980 triennio
629 946 662 979 in
681 945 856 978 triennium
883 942 1055 986 deputandi
1077 941 1143 973 sive

410 1000 623 1044 quarumdam
662 997 910 1042 apostolicarum
950 996 1143 1028 littterarum

409 1053 521 1096 vigore
539 1052 603 1085 sive
621 1051 698 1084 alias
713 1055 904 1092 competens
921 1048 1052 1080 facultas
1068 1047 1144 1079 sub-

409 1108 474 1140 lata
500 1111 530 1139 et
566 1106 722 1147 abrogata
752 1102 961 1136 remanserit:
989 1101 1065 1133 hinc
1097 1106 1144 1133 est

408 1160 495 1203 quod
512 1170 581 1200 nos,
602 1163 636 1190 ut
655 1156 877 1201 procuratoris
902 1155 1061 1197 generalis
1087 1155 1144 1186 hu-

409 1212 546 1245 iusmodi
583 1211 699 1244 electio
735 1214 820 1242 recte
857 1213 887 1240 et
921 1207 1076 1240 canonice
1111 1207 1142 1239 in

409 1270 576 1309 posterum
608 1263 684 1302 fiat,
721 1267 872 1306 quantum
905 1271 977 1293 cum
1007 1260 1143 1293 Domino

408 1327 592 1362 possumus,
607 1316 779 1360 providere
796 1314 951 1351 volentes,
969 1317 1058 1345 motu
1070 1322 1143 1355 pro-

409 1371 489 1413 prio,
508 1380 543 1403 ac
563 1380 598 1402 ex
618 1371 708 1401 certa
732 1366 865 1400 scientia
891 1371 922 1398 et
946 1367 1070 1397 matura
1091 1365 1143 1397 de-

408 1422 603 1456 liberatione
635 1420 754 1453 nostris
774 1446 781 1458 ‚
811 1419 914 1462 deque
946 1417 1142 1461 apostolicae

409 1475 578 1519 potestatis
594 1473 808 1517 plenitudiue,
827 1477 860 1504 ut
882 1476 1074 1514 procurator
1090 1481 1143 1513 ge-

409 1529 529 1562 neralis
555 1527 769 1571 supradictus,
792 1525 847 1569 qui
873 1525 911 1557 de
937 1524 1078 1557 triennio
1104 1525 1141 1557 ad

409 1581 584 1615 triennium
616 1581 654 1613 ab
687 1579 800 1613 eodem
832 1583 1034 1621 protectore,
1061 1578 1144 1610 sicut

410 1634 635 1679 praemittitur,
658 1632 804 1676 deputari
830 1632 983 1664 hactenus
1008 1641 1144 1664 consue-

409 1689 461 1728 vit,
484 1688 637 1730 deinceps
655 1686 694 1719 de
715 1685 871 1718 sexennio
896 1685 928 1716 in
953 1684 1143 1717 sexennium

409 1741 442 1773 in
476 1740 617 1783 capitulo
654 1738 797 1782 generali
835 1737 979 1770 eiusdem
1015 1736 1142 1769 Ordinis

410 1793 565 1835 eligatur,
598 1792 631 1825 in
666 1792 801 1834 eiusque
838 1790 996 1823 electione
1036 1795 1142 1823 votum

409 1847 473 1879 sive
499 1845 686 1888 suffragium
721 1845 836 1877 fratres
868 1844 994 1876 vocales
1020 1853 1144 1875 earum-

410 1901 482 1933 dem
508 1899 750 1943 provinciarum
770 1898 1028 1930 Reformatorum
1055 1896 1145 1928 sami-

408 1954 472 1987 liae
499 1953 721 1986 cismontanae
757 1950 831 1984 dicti
861 1950 989 1983 Ordinis
1021 1955 1142 1982 tantum

410 2006 531 2039 ibidem
556 2008 619 2039 una
643 2016 714 2038 eum
741 2004 889 2037 ministro
915 2002 1059 2046 generali
1084 2013 1143 2046 pro

410 2065 553 2103 tempore
578 2059 734 2092 existente
756 2057 884 2090 Ordinis
903 2056 1077 2099 supradicti
1102 2056 1146 2088 in-

412 2112 508 2144 simul
535 2112 721 2154 congregati
749 2111 890 2143 habeant
915 2115 945 2142 et
971 2110 1083 2149 serant,
1109 2119 1146 2141 ac

411 2164 531 2197 habere
558 2169 588 2197 et
618 2164 701 2196 serre
729 2163 829 2196 libere
856 2168 886 2195 et
911 2162 997 2195 licite
1021 2158 1147 2205 possint

412 2222 444 2250 et
459 2218 598 2256 valeant,
617 2222 728 2249 tenore
750 2215 970 2258 praesentium
989 2220 1145 2257 perpetuo

411 2270 581 2303 statuimus
600 2274 632 2301 et
656 2269 851 2302 ordinamus.
879 2267 969 2305 Quod
990 2268 1013 2300 si
1033 2278 1147 2311 procu—

411 2323 527 2355 ratoris
547 2321 708 2365 generalis
727 2322 771 2353 sic
792 2321 883 2353 electi
903 2321 1054 2360 officium,
1072 2326 1146 2353 ante

412 2377 575 2419 expletum
613 2375 826 2414 sexennium,
853 2384 911 2416 per
947 2385 1072 2406 cessum
1097 2375 1145 2407 vel

413 2431 581 2463 decessum
608 2429 687 2461 illud
707 2439 766 2471 pro
787 2434 931 2470 tempore
958 2428 1145 2468 obtinentis,

411 2495 466 2518 seu
491 2483 568 2516 alias
595 2481 848 2525 quomodolibet,
870 2491 983 2514 vacare
1002 2482 1147 2523 contige-

412 2537 474 2578 rit,
493 2537 533 2569 ad
551 2545 610 2568 nos
628 2545 684 2567 seu
704 2544 762 2577 pro
785 2540 929 2577 tempore
955 2534 1147 2566 existentem

448 2601 458 2626 1
482 2598 552 2626 Edit.
574 2597 651 2624 Main.
675 2596 735 2631 legit
761 2596 992 2631 Reformalztrum
1013 2597 1052 2631 (a,
1074 2596 1123 2631 T.).

969 205 1149 231 BULLARIUM
1173 205 1328 230 ROMANUM

1183 255 1360 287 Romanum
1387 253 1572 288 Pontificem
1588 264 1648 298 pro
1666 256 1848 298 opportuna
1865 255 1917 289 de-

1183 318 1280 351 super
1304 308 1488 351 provisione
1513 308 1688 342 obtinenda
1717 314 1911 342 recurratur.

1184 360 1283 393 Porro
1308 365 1342 393 ut
1365 361 1404 394 ad
1430 361 1647 404 procuratoris
1674 360 1834 404 generalis
1858 361 1915 394 hu-

1183 413 1320 446 iusmodi
1345 413 1538 446 electionem
1564 414 1650 458 iuxta
1670 415 1855 448 earumdem
1872 420 1915 448 te-

1183 475 1296 498 norem
1320 466 1538 509 praesentium
1557 466 1735 500 faciendam
1753 468 1916 511 quantoci-

1185 519 1264 559 tius,
1291 529 1408 562 nempe
1432 519 1465 551 in
1498 519 1640 562 capitulo
1671 521 1814 563 generali
1839 521 1916 554 dicti

1183 571 1311 604 Ordinis
1328 572 1529 615 propediem,
1545 572 1757 606 benedicente
1769 573 1917 616 Domino,

1184 624 1215 656 in
1237 624 1398 667 [Iispaniis
1417 625 1783 665 celeb1·ando,deveniri
1807 626 1916 669 possit,

1185 677 1324 710 officium
1348 678 1563 720 praedictum,
1586 689 1649 722 quo
1676 678 1811 712 dilectus
1836 679 1918 713 filius

1186 730 1297 762 Petrus
1323 730 1438 763 Paulus
1464 731 1503 764 de
1521 730 1625 771 Cellis,
1646 731 1744 764 frater
1767 742 1918 775 expresse

1185 783 1351 826 professus
1370 783 1556 826 provinciae
1581 783 1756 817 Thuscicae
1773 784 1919 818 eiusdem

1185 836 1323 876 Ordinis,
1351 836 1389 869 de
1418 837 1581 879 praesenti
1608 837 1766 880 fungitur,
1793 837 1918 871 tametsi

1186 889 1266 922 illud
1290 888 1402 931 vigore
1439 889 1618 922 litterarum
1642 890 1823 933 patentium
1848 890 1877 923 ei
1902 900 1919 923 a

1186 941 1361 974 venerabili
1394 941 1491 973 fratre
1523 947 1635 975 nostro
1661 943 1822 976 Alderano
1852 943 1920 986 epi-

1186 1004 1284 1038 scopo
1309 993 1449 1027 Ostiensi
1474 994 1619 1027 eiusdem
1645 994 1676 1028 S.
1696 994 1733 1027 R.
1756 995 1790 1028 E.
1818 995 1920 1028 cardi-

1186 1048 1251 1080 nali
1271 1047 1356 1091 Cyho
1381 1053 1566 1090 nuncupato
1585 1047 1714 1081 Ordinis
1735 1048 1919 1082 huiusmodi

1185 1101 1270 1144 apud
1301 1112 1360 1134 nos
1385 1106 1417 1134 et
1440 1101 1555 1134 Sedem
1590 1101 1788 1144 praedictam
1815 1106 1921 1145 prote-

1186 1159 1275 1187 ctore
1308 1154 1448 1197 desuper
1473 1155 1693 1197 expeditarum
1720 1154 1839 1188 diutius
1864 1155 1921 1188 du-

1187 1217 1257 1239 rare
1275 1207 1420 1247 deberet,
1438 1217 1539 1250 usque
1557 1207 1596 1239 ad
1618 1206 1764 1250 proxime
1778 1208 1920 1241 futurum

1186 1260 1361 1303 capitulum
1382 1260 1532 1302 generale
1559 1260 1779 1303 supradictum
1798 1260 1921 1294 dumta-

1186 1318 1237 1345 xat
1269 1313 1384 1346 durare
1422 1313 1530 1345 debet.
1557 1312 1706 1346 Ceterum
1742 1313 1802 1357 ipsi
1827 1314 1921 1348 Petro

1186 1366 1285 1398 Paulo
1301 1366 1503 1409 procuratori
1526 1366 1676 1408 generali,
1696 1377 1789 1409 quem
1806 1377 1922 1400 munus

1186 1430 1278 1451 suum
1303 1419 1444 1452 fideliter
1475 1419 1632 1452 hactenus
1658 1424 1689 1452 et
1715 1419 1923 1452 laudabiliter

1186 1473 1366 1506 exercuisse
1385 1472 1581 1515 accepimus,
1597 1478 1632 1504 ut
1649 1478 1757 1505 votum
1782 1483 1838 1505 seu
1856 1473 1922 1505 sut*—

1187 1526 1321 1569 sragium
1348 1526 1378 1558 in
1406 1526 1519 1558 eodem
1546 1525 1690 1568 proxime
1711 1526 1818 1558 futuro
1836 1525 1922 1568 capi-

1187 1581 1252 1612 tulo
1278 1578 1423 1621 generali
1456 1578 1578 1610 habere
1605 1583 1636 1610 et
1661 1578 1765 1618 serre,
1792 1588 1921 1611 necnon

1187 1631 1336 1665 omnibus
1361 1637 1393 1663 et
1417 1630 1551 1673 singulis
1582 1630 1783 1674 privilegiis,
1810 1630 1921 1673 gratiis

1187 1691 1218 1719 et
1242 1685 1385 1725 indultis,
1408 1684 1524 1727 quibus
1552 1684 1664 1716 fratres
1682 1684 1757 1716 dicti
1782 1683 1923 1725 Ordinis,

1188 1739 1240 1782 qui
1267 1738 1383 1780 integri
1410 1737 1540 1770 triennii
1570 1737 1675 1780 spatio
1700 1737 1922 1780 procuratoris

1188 1791 1349 1834 generaliS
1385 1790 1570 1823 huiusmodi
1607 1800 1742 1823 munere
1773 1790 1804 1822 in
1830 1790 1922 1823 Curia

1188 1845 1330 1888 praefata
1363 1843 1461 1877 suncti
1498 1844 1649 1884 suerunt,
1677 1848 1739 1888 tam
1766 1844 1804 1876 de
1830 1843 1921 1883 iure,

1188 1909 1246 1931 usu
1273 1902 1305 1930 et
1328 1897 1586 1937 consuetudine,
1620 1907 1714 1940 quam
1740 1897 1818 1930 alias
1845 1907 1924 1940 quo-

1188 1951 1369 1985 modolibet
1391 1956 1534 1990 utuntur,
1552 1951 1701 1983 fruuntur
1717 1956 1748 1983 et
1773 1951 1922 1994 gaudent,

1187 2016 1223 2038 ae
1247 2004 1380 2045 uti‚srui
1406 2009 1438 2036 et
1463 2004 1602 2046 gaudere
1627 2009 1763 2047 possunt
1779 2008 1811 2036 et
1831 2008 1923 2047 pote-

1187 2063 1262 2090 runt
1286 2057 1317 2089 in
1344 2057 1502 2096 futurum,
1529 2057 1597 2099 pari
1624 2056 1720 2089 modo
1746 2061 1777 2089 et
1801 2056 1922 2099 absque

1188 2111 1255 2143 ulla
1279 2120 1413 2153 prorsus
1434 2108 1618 2141 differentia
1642 2108 1699 2148 uti⁷
1720 2109 1779 2140 frui
1800 2114 1830 2141 et
1851 2119 1923 2151 gau-

1189 2164 1266 2197 dere
1290 2163 1393 2196 libere
1414 2161 1538 2205 pariter
1555 2167 1586 2194 et
1606 2161 1693 2194 licite
1708 2161 1811 2203 possit
1825 2166 1857 2193 et
1873 2172 1923 2194 va-

1189 2217 1262 2256 leat,
1277 2215 1309 2247 in
1326 2214 1475 2248 omnibus
1489 2219 1521 2246 et
1533 2224 1592 2257 per
1606 2213 1724 2253 omnia,
1738 2213 1873 2256 perinde
1887 2224 1923 2246 ac

1189 2269 1215 2301 si
1229 2267 1364 2301 munere
1380 2266 1563 2299 huiusmodi
1578 2276 1636 2309 per
1649 2266 1811 2308 integrum
1827 2266 1923 2299 trien-

1191 2322 1279 2354 nium
1295 2322 1419 2353 sunctus
1438 2319 1559 2359 suisset,
1576 2319 1690 2351 harum
1706 2318 1788 2352 serie
1806 2330 1924 2353 conce-

1191 2375 1293 2407 dimus
1311 2379 1342 2406 et
1365 2373 1583 2415 indulgemus.
1611 2372 1780 2405 Praeterea
1797 2373 1924 2416 privile-

1191 2428 1241 2470 gia
1258 2455 1265 2467 ,
1292 2425 1552 2470 praerogativas,
1579 2425 1698 2468 gratias
1735 2431 1767 2458 et
1798 2426 1923 2460 indulta

1192 2480 1379 2514 huiusmodi
1405 2480 1510 2512 eidem
1539 2479 1633 2512 Petro
1651 2479 1747 2512 Paulo
1768 2490 1924 2523 procura-

1192 2534 1250 2566 tori
1267 2533 1409 2576 generali
1425 2543 1489 2565 non
1508 2544 1543 2565 ex
1565 2533 1666 2574 gratia
1679 2534 1726 2565 vel
1746 2533 1851 2566 favore
1868 2538 1924 2566 aut

1191 2586 1359 2630 privilegio
1380 2585 1554 2628 personali,
1568 2586 1623 2618 sed
1651 2586 1767 2619 intuitu
1785 2588 1923 2621 realium

1918 207 1970 235 An.
1992 208 2020 235 C.
2038 209 2106 237 1694
