2227 3225
128 237 177 262 An.
198 235 226 262 C.
248 234 307 260 lt‘fsll

899 230 1105 253 INM‘u‘tivt‘tt'S
1131 230 1173 253 Xll
1200 231 1246 253 ΓΡ.

321 281 494 314 cessarium
521 280 671 312 duxerint
692 279 858 312 adnotare.
885 277 970 316 Quae
989 278 1057 321 qui-

321 334 394 367 dem
420 334 462 366 ita
487 333 646 366 declarari
671 331 903 376 praecipimus,
931 335 965 363 ut
990 335 1057 363 toto

321 386 419 419 corde
445 386 591 428 praelato
617 384 780 417 subiicere
813 388 941 424 curent,
977 382 1058 415 sicut

321 439 353 472 in
378 438 559 472 inventario
591 443 623 471 et
655 437 879 480 resignatione
912 437 1055 469 omnium

321 492 361 525 ad
385 503 479 524 usum
504 501 736 525 concessorum
766 491 848 523 facta
879 489 920 523 ob
945 489 1058 522 mortis

320 545 482 584 intuitum,
500 550 534 576 ut
554 544 580 577 si
605 545 660 578 illa
684 544 815 576 fratrem
842 543 951 576 subito
968 552 1060 585 prae-

321 597 474 642 occupari
506 597 684 641 contingat,
716 596 768 640 pie
803 596 946 629 munitus
979 605 1058 639 pau-

323 656 447 695 pertate
473 651 618 684 decedat.

366 716 409 738 xi.
434 705 503 738 Hoc
527 705 636 747 itaque
662 702 877 735 inventarium
901 701 948 734 sic
971 711 1059 734 accuv

323 762 391 791 rate
418 758 537 790 factum
562 756 769 789 subscribant
792 755 908 788 fratres
942 753 1003 797 ipsi
1030 759 1060 786 et

323 811 528 854 obsignatum
561 808 818 842 commendatori
850 807 995 840 tribuant
1027 812 1061 838 ut

323 863 357 896 in
381 862 546 896 communi
565 860 715 905 deposito
734 865 892 893 servetur.
919 859 1060 892 Ulterius

324 916 422 949 etiam
455 915 644 949 ordinamus
681 919 717 946 ut
749 913 864 946 fratres
897 923 961 945 non
993 918 1061 945 tan-

324 975 392 1002 tum
416 979 473 1002 sua
497 969 582 1001 bona
605 966 759 1000 utensilia
784 966 880 999 modo
910 966 995 998 dicto
1021 965 1060 997 si-

325 1029 421 1066 gnata
445 1022 508 1065 (ob
533 1021 629 1053 tinem
655 1020 789 1053 inferius
813 1019 1060 1062 exponendum)

325 1075 479 1119 praelatis
505 1080 537 1107 ct
561 1072 713 1116 religioni
738 1071 920 1111 subiiciant,
945 1072 1000 1104 sed
1021 1071 1062 1103 si-

326 1129 392 1161 mul
418 1128 464 1161 eis
490 1137 563 1160 vere
588 1132 619 1158 et
642 1125 774 1158 realiter
805 1125 1020 1163 manifestent,
1046 1135 1063 1156 a

326 1181 445 1225 quibus
469 1186 502 1213 et
526 1190 642 1213 novam
662 1179 727 1212 illis
746 1177 857 1211 utendi
878 1178 1063 1210 facultatem

327 1235 499 1278 accipiant.

370 1298 427 1321 xit.
453 1286 563 1330 Neque
589 1285 628 1318 ab
653 1285 704 1318 his
730 1284 853 1317 actibus
887 1283 1063 1326 excipimus

326 1340 442 1374 fratres
461 1345 589 1373 nostros
614 1339 653 1371 ad
686 1337 910 1381 episcopatum
945 1337 994 1369 vel
1024 1336 1063 1368 ad

327 1393 423 1427 aliam
449 1390 697 1436 quomodolibet
725 1390 916 1432 dignitatem
942 1398 1065 1421 assum-

326 1452 413 1490 ptos,
437 1445 556 1489 quibus
581 1444 731 1476 similiter
755 1442 996 1482 constituimus,
1019 1447 1064 1482 ut,

327 1498 518 1542 priusquam
542 1496 696 1530 Ordinem
715 1497 877 1535 deserant,
894 1495 998 1528 simile
1019 1495 1067 1527 in-

326 1551 510 1585 ventarium
536 1555 569 1583 et
603 1550 857 1593 resignationem
884 1549 1002 1582 faciant
1026 1548 1065 1581 de

329 1603 480 1637 omnibus
513 1613 595 1646 quae
632 1603 670 1635 ad
705 1613 796 1635 usum
831 1602 1020 1646 receperint
1048 1612 1065 1634 a

327 1657 482 1701 praelatis
507 1661 539 1690 et
563 1655 706 1689 retinent
729 1655 761 1688 in
787 1655 911 1689 effectu.
934 1655 977 1687 De
996 1656 1065 1698 qui-

328 1712 389 1744 bus
415 1710 442 1743 si
466 1709 602 1754 praelati
627 1708 833 1742 consentiant
849 1708 958 1752 aliqua
977 1714 1066 1741 extra

329 1763 482 1796 Ordinem
508 1772 563 1795 eos
594 1761 722 1794 deferre
754 1771 873 1801 secum,
906 1760 961 1794 fiat
992 1771 1064 1793 eum

328 1815 460 1859 praevia
484 1813 717 1853 declaratione,
743 1813 896 1857 pactione
928 1819 956 1846 et
984 1813 1066 1846 obli-

330 1868 458 1912 gatione
479 1866 662 1900 authentica
684 1866 919 1910 quamprimum
938 1877 975 1899 ea
995 1867 1051 1899 red

331 1921 430 1955 dendi
454 1920 516 1964 ipsi
548 1919 672 1952 Ordini.
700 1919 954 1952 Instrumentum
988 1930 1064 1953 vero

330 1974 518 2009 huiusmodi
554 1973 714 2017 pactionis
750 1973 834 2017 apud
869 1979 1065 2007 conventum

329 2027 497 2062 filiationis
529 2037 640 2060 eorum
678 2031 808 2060 maneat
844 2027 876 2059 in
916 2027 1065 2070 deposito

328 2082 581 2125 scripturarum,
621 2084 657 2113 ut
692 2085 840 2123 tempore
877 2086 1065 2124 opportuno

329 2135 447 2168 virtute
472 2135 560 2168 illius
589 2133 692 2178 possit
727 2133 810 2176 exigi
836 2134 993 2177 quidquid
1028 2145 1064 2167 ex

328 2188 504 2232 praedictis
533 2198 597 2220 non
630 2187 726 2219 suerit
751 2188 906 2220 solutum.
942 2187 1066 2220 Nihilo-

329 2240 436 2274 minus
460 2246 567 2273 tamen
592 2242 616 2274 si
642 2240 843 2283 praedictam
868 2240 1064 2273 solutionem

331 2294 369 2327 ad
396 2294 519 2327 obitum
543 2303 645 2336 usque
670 2292 866 2333 distulerint,
892 2298 924 2326 et
949 2293 1002 2325 illa
1022 2294 1068 2325 ul-

331 2351 379 2379 tra
403 2356 469 2379 non
491 2346 643 2389 expedita
666 2345 874 2385 decesserint,
907 2346 946 2378 ad
982 2345 1068 2378 bona

330 2400 512 2443 spiritualia
529 2404 560 2432 et
579 2397 732 2442 suffragia
749 2409 808 2442 pro
826 2399 891 2433 illis
912 2399 1066 2432 Ordinem

331 2463 397 2486 non
422 2453 526 2487 teneri
552 2453 768 2486 decernimus.

374 2516 442 2539 xm.
469 2505 537 2539 Non
564 2505 736 2539 dissimilia
768 2505 922 2539 fratribus
952 2516 1067 2549 aegro-

332 2558 473 2592 tantibus
504 2558 734 2602 praecipimus,
760 2559 923 2599 videlicet,
950 2564 992 2599 ut,
1020 2560 1067 2591 in-

331 2616 435 2645 stante
459 2612 645 2655 sumptione
669 2612 784 2652 viatici,
811 2613 837 2646 si
862 2624 928 2647 non
949 2614 990 2646 sit
1015 2625 1068 2657 pe-

420 2675 499 2702 Ball.
517 2675 601 2702 Rom.
621 2690 655 2695 —
679 2677 737 2703 Vol.
759 2677 816 2705 XX.

962 2676 995 2703 32

1100 277 1237 310 riculum
1258 278 1287 309 in
1307 279 1407 315 mora,
1418 277 1598 320 praefatum
1618 278 1834 310 inventarium

1100 335 1132 362 et
1163 330 1402 363 abdicationem
1440 330 1479 361 ab
1515 329 1663 362 omnibus
1699 330 1760 362 sibi
1796 331 1835 362 ad

1100 393 1191 415 usum
1227 382 1390 416 concessis
1427 387 1503 415 ante
1534 382 1684 414 viaticum
1720 383 1838 415 saciant

1100 436 1247 468 adstante
1260 435 1489 469 indeficienter
1502 435 1699 468 confessario
1713 435 1835 478 abipso

1101 489 1140 521 do
1165 489 1296 522 licentia
1324 488 1461 532 praelati
1494 488 1682 531 assignat0;
1709 488 1741 520 in
1774 489 1838 521 hoc

1101 547 1207 575 autem
1229 544 1391 585 postrema
1408 541 1612 585 paupertatis
1637 541 1836 574 alienatione

1101 595 1145 628 ita
1180 605 1214 628 se
1251 595 1428 628 destituant
1463 594 1623 627 universis
1663 594 1759 626 bonis
1797 594 1837 627 ad

1100 658 1202 689 usum,
1225 647 1320 680 etsie
1341 648 1395 680 illa
1419 647 1573 690 religiori
1599 646 1784 684 subiiciant‚
1803 652 1838 679 ut

1101 711 1193 733 veros
1224 709 1257 733 se
1290 701 1463 733 ostendant
1488 705 1646 733 amatores
1681 700 1835 742 inopiae,

1103 754 1184 786 uiliil
1209 753 1270 786 sibi
1292 753 1424 786 omnino
1450 753 1623 791 retineant,
1642 753 1686 786 nil
1708 753 1837 786 silentio

1103 812 1330 849 praetereant,
1357 805 1553 839 Ordinemve
1578 807 1680 839 latere
1705 815 1839 849 praesu-

1104 865 1209 900 mant;
1229 859 1255 893 si
1274 860 1352 902 quid
1378 859 1529 899 d‹·b0a1u‚
1548 860 1599 892 vel
1625 859 1704 903 ipsis
1722 859 1840 892 debea-

1105 918 1166 953 tur,
1206 917 1395 956 exponant;
1422 922 1462 944 ne
1499 912 1575 955 quid
1607 912 1838 955 quoquomodo

1103 966 1386 1010 praetermittant,
1415 965 1500 1008 quod
1526 965 1758 998 conscientiam
1792 975 1841 998 re-

1104 1020 1192 1062 digat
1216 1019 1248 1051 in
1274 1018 1456 1062 angustias;
1479 1028 1687 1061 summopere
1712 1018 1841 1051 tandem

1104 1077 1239 1104 caveant
1263 1082 1304 1104 ne
1330 1071 1404 1104 illos
1430 1081 1506 1114 spes
1532 1070 1642 1114 aliqua
1666 1071 1752 1104 vitae
1785 1071 1842 1104 de-

1105 1125 1211 1168 cipiat,
1234 1125 1405 1168 quominus
1425 1124 1534 1158 omnia
1560 1126 1625 1157 tota
1650 1124 1841 1157 sinceritate

1105 1177 1213 1211 cordis
1237 1177 1449 1220 adimpleant.

1147 1240 1210 1263 xlv.
1237 1230 1377 1263 Finitum
1402 1231 1511 1273 itaque
1532 1230 1747 1263 inventarium
1768 1241 1841 1264 cum

1106 1284 1307 1316 confessario
1340 1284 1569 1324 subscribant,
1597 1284 1686 1327 quod
1721 1284 1842 1318 deinde

1106 1337 1293 1369 obseratum
1324 1337 1563 1380 sigillatumque
1585 1337 1843 1370 commendatori

1106 1395 1138 1423 et
1172 1390 1379 1432 depositariis
1415 1390 1578 1428 tradatur,
1614 1389 1668 1432 qui
1692 1389 1770 1423 foris
1808 1390 1843 1423 id

1106 1442 1230 1486 pariter
1253 1442 1499 1475 subscribentes
1530 1442 1570 1475 ad
1595 1452 1765 1476 commune
1790 1443 1844 1476 de-

1107 1496 1250 1539 positum
1274 1496 1434 1535 referant,
1460 1495 1517 1528 ubi
1542 1505 1643 1538 usque
1668 1496 1708 1528 ad
1736 1495 1843 1528 fratris

1107 1549 1231 1582 obitum
1256 1549 1475 1589 custodiatur3
1495 1559 1559 1592 quo
1580 1549 1844 1592 superveniente,

1107 1614 1173 1637 non
1198 1603 1329 1646 quidem
1354 1604 1548 1642 clanculum,
1572 1603 1628 1635 sed
1654 1602 1845 1636 solemniter

1107 1658 1254 1690 volumus
1278 1656 1398 1700 aperiri
1424 1667 1440 1689 a
1464 1657 1612 1699 praelato
1642 1666 1752 1689 coram
1789 1656 1845 1689 de-

1107 1710 1269 1754 positariis
1293 1716 1324 1743 et
1347 1709 1532 1753 supradicto
1557 1710 1769 1750 confessario,
1789 1710 1844 1754 qui

1107 1774 1239 1797 omnem
1263 1763 1498 1797 reserationem
1524 1763 1593 1796 eius
1626 1763 1658 1796 in
1693 1763 1763 1807 ipso
1796 1763 1845 1796 in-

1108 1817 1253 1850 ventario
1286 1816 1431 1849 referant
1461 1821 1494 1849 et
1527 1816 1757 1856 subscribant,
1782 1827 1845 1859 quo

1108 1870 1210 1912 possit
1253 1869 1441 1902 authentice
1477 1874 1629 1902 constare
1673 1869 1712 1902 de
1748 1869 1844 1902 bonis

1107 1923 1273 1956 usualibus
1301 1922 1464 1962 defuncti,
1490 1927 1522 1954 et
1547 1922 1683 1962 debitis,
1711 1923 1736 1955 si
1762 1932 1845 1965 quae

1108 1976 1236 2015 fuerint,
1260 1981 1296 2008 ut
1320 1976 1359 2008 de
1385 1975 1527 2008 inventis
1552 1976 1638 2018 apud
1662 1975 1754 2008 illum
1773 1986 1846 2009 cum

1108 2030 1270 2074 aequitate
1297 2030 1475 2069 solvantur,
1490 2034 1522 2062 et
1540 2029 1670 2062 residua
1685 2029 1766 2062 iuste
1785 2030 1848 2062 dis·

1108 2083 1291 2116 tribuantur
1315 2083 1381 2123 eis,
1409 2083 1447 2115 ad
1480 2092 1561 2125 quos
1588 2083 1656 2115 iure
1682 2083 1847 2116 communi

1109 2142 1141 2170 et
1163 2142 1349 2169 nostrarum
1375 2136 1638 2169 constitutionum
1656 2136 1725 2169 sine
1747 2136 1846 2170 dubio

1109 2190 1307 2233 pertineant.

1154 2254 1203 2275 xv.
1230 2242 1370 2276 Proinde
1406 2242 1505 2285 igitur
1541 2242 1743 2276 declaramus
1779 2253 1847 2277 non

1109 2305 1206 2338 posse
1232 2295 1396 2327 infirmum
1423 2295 1554 2328 fratrem
1585 2295 1624 2327 ab
1656 2295 1848 2328 invaletudi-

1110 2349 1159 2382 nis
1185 2349 1279 2382 initio
1305 2349 1344 2382 de
1370 2349 1419 2388 iis,
1447 2360 1527 2392 quae
1553 2350 1591 2382 ad
1618 2360 1711 2382 usum
1735 2350 1844 2390 habet,

1110 2402 1286 2445 disponere
1311 2402 1343 2434 in
1368 2402 1562 2435 beneficium
1586 2408 1775 2442 conventus,
1794 2403 1846 2436 vel

1110 2455 1141 2487 in
1166 2455 1316 2488 manibus
1340 2455 1477 2499 praelati
1509 2455 1605 2488 etiam
1630 2455 1773 2498 magistri
1796 2466 1846 2498 ge-

1110 2508 1230 2541 neralis
1253 2509 1372 2548 locare,
1398 2518 1459 2542 nec
1483 2507 1515 2540 in
1542 2508 1684 2541 favorem
1714 2507 1844 2540 Ordinis

1109 2571 1272 2605 reponere
1291 2589 1298 2602 ‚
1329 2568 1383 2594 aut
1420 2571 1606 2601 reservare,
1633 2565 1726 2604 atque
1763 2560 1844 2592 adeo

1109 2615 1212 2649 multo
1237 2615 1343 2648 minus
1368 2614 1463 2649 alicui
1489 2624 1648 2659 personae
1684 2611 1845 2646 saeculari

1736 222 1799 253 ⁵205
1845 230 1895 258 Au.
1914 230 1941 257 C.
1962 230 2022 258 1691
