2227 3225
119 231 171 258 An.
193 232 220 260 C.
242 233 307 261 1694

172 2152 299 2178 Apprnltnllo

119 2178 188 2199 divine
205 2186 236 2199 ιιιιι
245 2182 301 2200 tera-

120 2208 181 2225 twins
205 2207 300 2231 Gregorii

119 2235 139 2252 et
151 2233 301 2253 declarationis

119 2259 172 2279 Suu
191 2266 202 2280 a
217 2259 269 2280 Iulio
283 2259 302 2281 u

120 2286 184 2307 edita.

309 282 451 315 claravit.
477 283 695 326 Hortatusque
720 283 780 316 suit
804 283 908 324 illuni,
928 285 982 328 qui
1010 286 1049 317 ad

311 334 454 368 officium
485 336 699 378 protectionis
730 336 917 370 huiusmodi
948 338 1048 381 (quod

310 392 386 421 tunc
402 399 460 431 per
481 389 602 422 obitum
622 390 727 423 bonae
745 391 921 424 memoriae
939 392 1050 424 Bessa-

309 439 410 474 rionis
436 441 581 485 episcopi
598 442 795 482 sabinensis,
814 443 888 476 dicti
909 443 1048 482 Ordinis,

311 493 386 526 dum
404 493 533 535 viveret,
550 495 755 538 protectoris,
770 496 914 539 vacabat)
930 496 1048 529 assumi

310 551 343 578 et
367 546 516 590 deputari
552 548 761 591 contigisset,
788 554 820 581 et
849 549 950 592 ipsius
983 558 1050 581 suc-

310 609 458 633 cessores
490 600 567 633 dicti
602 601 731 634 Ordinis
762 607 985 645 protectoreS,
1012 613 1047 634 ac

310 653 356 685 eis
387 652 421 685 in
452 653 570 686 virtute
607 660 737 687 sanctae
770 655 977 688 obedientiae
1003 655 1050 687 di-

310 706 421 739 stricte
445 707 678 750 praecipiendo
704 707 858 748 inhibuit,
885 719 935 748 ne,
961 714 1048 740 extra

310 758 495 802 praedictos
526 760 679 793 articulos
705 766 735 793 et
760 771 852 793 casus
877 761 909 793 in
934 763 1048 804 regula

310 812 455 856 praefata
492 818 662 846 contentos
697 819 729 846 et
764 824 963 857 expressos,
990 824 1049 847 nec

311 865 406 898 etiam
425 865 457 898 in
476 865 551 906 illis,
575 877 648 899 curn
673 877 738 900 non
763 867 931 900 universus
948 867 1046 907 Ordo,

311 918 368 951 sed
389 918 498 962 aliqua
513 919 614 962 ipsius
640 930 715 962 pars
732 920 782 953 vel
803 920 958 963 speciales
976 930 1048 963 per-

311 981 407 1005 sonae
429 979 586 1014 errarent,
609 973 755 1016 ipsorum
770 974 882 1007 fratres
900 975 1048 1018 querelas

311 1025 434 1066 audire,
456 1036 513 1058 seu
539 1026 578 1059 de
604 1027 750 1069 ipsorum
775 1028 878 1060 causis
895 1034 926 1060 et
950 1038 1049 1070 nego-

311 1077 363 1110 tiis
389 1084 499 1111 contra
524 1079 648 1112 litteras
673 1085 705 1112 et
730 1080 964 1114 declarationes
991 1081 1049 1113 hu-

311 1130 449 1163 iusmodi
485 1131 701 1164 intromittere
727 1143 760 1165 se
785 1143 917 1176 quoquo
951 1133 1048 1166 modo

311 1190 580 1227 praesumcrent;
609 1185 666 1218 sed
691 1192 854 1226 curarent,
879 1186 1050 1228 vigilarent

313 1243 344 1270 et
367 1237 587 1278 intenderent,
602 1239 648 1271 uti
674 1245 743 1272 crat
767 1250 878 1272 eorum
896 1239 1047 1279 officinm,

312 1297 344 1324 et
360 1291 517 1334 praedicti
534 1291 635 1324 sancti
656 1291 818 1325 Francisci
840 1298 870 1325 et
886 1293 1048 1335 praefatae

311 1343 403 1377 Sedis
428 1344 565 1377 intentio
598 1344 722 1385 suerat,
755 1345 862 1388 ipsum
894 1345 1048 1378 Ordinem

311 1396 344 1430 in
370 1397 503 1440 quieto,
532 1398 707 1441 tranquillo
740 1403 772 1431 et
796 1398 931 1441 pacifico
965 1405 1048 1432 statu

311 1461 504 1483 conservare
531 1456 562 1483 et
587 1462 719 1493 augere,
743 1456 775 1484 et
798 1452 837 1484 ab
858 1451 1049 1494 impugnan-

312 1503 417 1543 tibus,
451 1504 702 1537 molestantibus
729 1509 760 1537 et
784 1505 1049 1547 perturbantibus

311 1563 496 1600 protegere,
522 1557 699 1590 defendere
719 1563 750 1589 et
774 1557 869 1597 tueri,
889 1568 939 1598 ne,
958 1569 1050 1591 secus

311 1610 446 1652 agendo,
473 1609 626 1643 Ordinem
652 1611 831 1653 praefatum
856 1621 922 1643 non
947 1612 1049 1644 solum

310 1665 378 1696 no'n
400 1667 624 1706 protegerent,
655 1669 886 1696 conservarent
911 1669 942 1696 et
967 1666 1051 1698 exal-

311 1721 431 1756 tarent,
449 1722 484 1748 ut
502 1717 708 1757 tenebantur,
731 1717 798 1757 sed,
814 1717 846 1749 in
871 1717 1049 1750 animarum

311 1780 441 1802 suarum
466 1770 645 1812 perniciem
678 1776 708 1802 et
741 1770 816 1803 dicti
842 1770 971 1803 Ordinis
996 1772 1051 1804 dc-

303 1822 501 1855 'trimcntum
528 1828 558 1855 et
582 1823 781 1862 scandalum,
804 1824 1047 1866 perturbarent,

312 1875 520 1908 destruerent
536 1881 568 1908 et
592 1875 845 1916 confunderent,
866 1881 899 1908 ut
918 1876 950 1908 in
968 1877 1051 1909 eius-

312 1928 385 1961 dem
411 1928 488 1961 Sixti
514 1929 778 1971 praedecessoris
800 1939 885 1962 anno
904 1929 1051 1962 incarna-

314 1981 411 2014 tionis
438 1981 619 2014 dominicae
650 1991 824 2019 ncnrxxu,
852 1992 871 2014 v
896 1982 1050 2015 kalendas

315 2034 478 2075 februarii,
504 2035 713 2078 pontificatus
735 2045 818 2068 anno
839 2045 871 2076 11,
891 2036 1049 2079 expeditis

312 2087 429 2121 litteris
455 2088 652 2121 continetur.

358 2142 373 2185 ἓ,
397 2141 429 2174 4.
457 2140 550 2182 Quas,
585 2153 621 2174 ac
647 2142 724 2174 alias
749 2141 908 2184 praefatas
933 2152 1051 2175 memo-

313 2195 373 2227 rati
391 2194 537 2237 Gregorii
553 2195 814 2238 praedecessoris
829 2195 965 2236 litteras,
979 2196 1050 2239 piae

315 2248 492 2280 memoriae
518 2247 618 2280 lulius
643 2247 730 2290 Papa
747 2247 771 2280 II
793 2247 888 2280 etiam
914 2248 1052 2291 praede—

315 2310 424 2333 cessor
448 2305 570 2340 noster,
589 2299 645 2343 qui
670 2300 703 2332 in
728 2300 909 2333 minoribus
933 2300 1052 2333 consti-

315 2358 414 2393 tutus,
435 2352 652 2386 cardinalatUs
670 2353 795 2386 honore
814 2353 952 2395 fulgens,
976 2354 1052 2386 dicti

315 2406 442 2439 Ordinis
459 2412 627 2450 protector
651 2406 821 2449 vigintisex
843 2406 935 2439 annis
956 2412 988 2440 et
1003 2408 1053 2439 ul-

318 2464 364 2492 tra
389 2459 511 2500 suerat,
545 2460 716 2502 dictosque
748 2460 863 2492 fratres
890 2465 1052 2502 tamquam

316 2512 499 2556 peculiares
523 2513 608 2546 filios
628 2513 661 2545 in
681 2513 861 2545 visceribus
887 2513 1053 2545 charitatis

317 2575 454 2608 gerenS,
480 2566 592 2598 eadem
619 2566 790 2599 commoda
815 2572 847 2599 et
871 2566 1054 2609 tranquilli-

318 2623 416 2653 tatem
432 2619 568 2652 sinceris
586 2618 750 2653 atl'ectibus
768 2620 949 2663 exoptabat,
963 2630 1053 2663 prae-

889 237 1099 261 INNOCENTII'S

1124 236 1169 260 ΧΠ
1194 238 1241 260 1³1³.

1093 285 1143 317 via
1175 286 1344 317 ambarum
1375 286 1590 328 praefatarum
1624 287 1824 325 insertione,

1092 336 1163 369 aliis
1187 336 1254 369 suis
1278 337 1396 370 litteris
1415 337 1474 369 sub
1492 338 1600 370 datum
1619 348 1703 370 anno
1721 338 1827 371 Incar-

1091 390 1232 423 nationis
1264 390 1429 433 praefatae
1456 400 1573 430 MDVIH,
1603 391 1708 423 idibus
1739 398 1828 424 octo-

1092 442 1166 482 bris,
1191 442 1402 485 pontificatus
1428 443 1476 475 sui
1503 453 1646 484 ann01v,
1668 444 1828 486 approba-

1092 494 1187 535 barit,
1217 506 1253 527 ac
1278 496 1466 529 carumdem
1490 506 1624 529 suarum
1647 496 1825 529 litterarum

1092 549 1274 591 patrocinio
1299 549 1518 582 communivit.

1136 602 1149 644 g
1168 600 1198 633 5.
1214 601 1389 644 Cupientes
1405 602 1514 645 itaque
1531 607 1563 635 et
1579 603 1704 646 pluries
1720 602 1828 635 animo
1851 642 1853 644 Ι

1092 771 1189 800 nere,
1216 772 1250 793 ac
1277 762 1427 794 nolentes
1458 762 1609 794 salutaris
1633 761 1853 805 provisionis'

1092 814 1273 847 remedium
1298 814 1420 847 iamdiu
1451 825 1469 847 a
1493 815 1586 847 nobis
1610 815 1829 857 praemedita-

1093 871 1169 907 tum,
1187 877 1223 900 ac
1248 867 1344 900 etiam
1370 878 1387 899 a
1412 867 1657 910 quampluribus
1686 866 1828 900 diverso-

1091 930 1162 952 rum
1200 920 1354 953 Ordinum
1394 921 1601 963 regularibus
1637 920 1830 964 suppliciter

1091 973 1253 1016 petitum,
1278 973 1398 1006 diutius
1426 973 1574 1014 differre,
1602 973 1828 1016 dictorumque

1093 1025 1306 1059 Romanorum
1333 1027 1520 1060 Pontificum
1540 1027 1828 1070 praedecessorum

1092 1080 1236 1122 vestigiis
1260 1080 1479 1119 inhaerentes,
1505 1085 1593 1113 motu
1622 1079 1769 1122 propri0‚
1791 1090 1828 1111 ex

1092 1135 1178 1164 certa
1203 1132 1336 1165 scientia
1371 1138 1402 1165 et
1434 1134 1559 1165 matura
1595 1132 1828 1165 deliberatione

1092 1185 1221 1224 nostris,
1240 1185 1344 1228 deque
1361 1185 1558 1228 apostolicae
1576 1185 1747 1228 potestatis
1760 1186 1829 1228 pl'e-

1092 1238 1252 1279 nitudine,
1275 1249 1403 1271 necnon
1424 1239 1463 1271 de
1481 1240 1716 1271 nonnullorum
1733 1249 1830 1271 vene·

1093 1290 1243 1323 rabilium
1262 1290 1394 1323 fratrum
1412 1297 1597 1324 nostrorum
1615 1291 1644 1323 S.
1659 1291 1695 1323 R.
1711 1291 1746 1323 E.
1766 1301 1830 1323 car-

1094 1344 1250 1376 dinalium
1278 1350 1309 1376 et
1334 1344 1529 1377 dilectorum
1554 1344 1696 1377 filiorum
1718 1345 1831 1378 Roma-

1094 1406 1152 1429 nae
1167 1396 1278 1428 Curiae
1294 1397 1512 1439 praelatorum
1526 1397 1658 1440 pietate,
1674 1397 1829 1437 doctrina,

1093 1449 1264 1492 prudentia
1297 1455 1328 1481 et
1357 1460 1467 1482 rerum
1501 1460 1559 1482 usu
1596 1450 1830 1492 praestantium

1094 1502 1233 1535 adhunc
1248 1502 1396 1535 effectum
1411 1502 1449 1535 de
1464 1503 1616 1536 mandato
1630 1508 1741 1536 nostro
1755 1514 1831 1536 con-

1093 1561 1301 1598 gregatorum
1327 1555 1473 1595 consilio,
1494 1556 1654 1599 praefatas
1672 1567 1831 1590 memora-

1095 1614 1196 1641 torum
1222 1608 1379 1651 Gregorii,
1399 1608 1477 1641 sixti
1499 1614 1529 1641 et
1546 1609 1617 1642 Iulii
1640 1610 1831 1652 praedeces-

1093 1661 1175 1695 soris
1200 1661 1323 1694 litteras
1348 1667 1461 1694 tcnore
1487 1662 1688 1705 presentium
1714 1673 1831 1705 appro-

1093 1716 1224 1755 bamus,
1249 1715 1477 1748 confirmamus
1504 1721 1534 1748 et
1558 1716 1772 1757 innovamus,
1801 1721 1831 1748 et

1093 1769 1133 1801 ad
1154 1769 1351 1812 primaevum
1376 1774 1501 1808 statum,
1532 1769 1772 1812 pristinumque
1799 1780 1833 1801 u-

1094 1832 1165 1854 sum
1183 1821 1367 1854 reducimus
1386 1827 1418 1854 et
1434 1822 1685 1864 reintegramus,
1701 1822 1831 1865 illisque

1094 1875 1126 1907 in
1144 1874 1294 1907 omnibus
1312 1880 1344 1907 et
1368 1885 1427 1918 pcr
1453 1875 1560 1907 omnia
1586 1880 1781 1918 perpetuum
1801 1881 1832 1907 et

1093 1928 1290 1960 inviolabilis
1323 1928 1483 1960 firmitatis
1515 1928 1616 1960 robur
1651 1928 1829 1960 adiicimus.

1725 229 1788 262 507
1835 239 1885 264 An.
1906 238 1935 264 r..
1955 238 2019 264 um

1908 615 2022 637 Confirma-

1092 660 1215 687 attente
1240 654 1455 687 revolvimus-¹
1474 656 1570 688 etiam
1595 656 1627 688 in
1653 656 1714 689 hac
1737 661 1828 699 parte
1841 645 1887 688 2¹31„
1904 646 2022 663 “'⁵¹'¹¹¹¹'‘''

1092 707 1291 750 apostolicae
1317 708 1549 741 sollicitudinis
1566 708 1708 742 studium
1729 719 1830 752 appo-
1840 702 1880 767 Ξὴῗῖιι

1854 754 1871 767 [C

1917 672 2021 695 [tr.1t'lt¹t¹·

1881 696 2019 716 tl¹nnttliruut

1885 727 1897 741 u
1935 728 2022 748 proprio

1883 754 1903 768 a.

1136 1981 1150 2023 ἓ
1175 1980 1206 2013 ss.
1232 1980 1390 2023 Insuper,
1419 1986 1454 2012 ut
1478 1980 1511 2012 in
1537 1981 1686 2013 omnibus
1712 1986 1743 2013 et
1766 1981 1832 2013 sin·
1869 1991 1967 2011 Eut-nno
1990 1997 2025 2012 ea-

1842 2018 1935 2037 nnn-tem

1951 2022 2026 2038 contii·

1094 2034 1177 2076 gulis
1209 2044 1485 2076 quorumcumcple
1515 2033 1715 2075 regularium
1741 2033 2023 2091 Ordi-fflmiugssnad

1884 2078 1900 2090 ιμ
1958 2078 1977 2089 tt
1996 2078 2024 2093 [ἲς.

1094 2087 1189 2119 nibus
1216 2092 1466 2119 memoratorum
1492 2093 1711 2129 protectorum
1737 2098 1955 2121 curaeretuwnes
2005 2100 2024 2117 vt

1851 2130 1871 2140 τ’(

1872 2125 2024 2147 ›matexam-ne«

1094 2139 1283 2179 commissis,
1310 2150 1365 2171 seu
1387 2139 1543 2172 committi
1569 2140 1746 2180 consuetis,
1766 2151 2025 2176 1111a111121.,q..05011.3.

1094 2193 1273 2235 eademque
1293 2198 1323 2224 et
1342 2192 1528 2235 parisormis
1549 2192 1737 2225 huiusmodi
1756 2204 1832 2236 pro-

1095 2245 1272 2278 tectionum
1299 2245 1337 2278 sit
1363 2251 1394 2278 et
1417 2250 1578 2289 perpetuo
1611 2256 1683 2279 esse
1714 2247 1831 2279 debeat

1095 2300 1208 2341 regula
1224 2304 1255 2331 et
1272 2299 1451 2341 disciplina,
1470 2299 1579 2331 onmia
1603 2305 1635 2331 et
1660 2310 1830 2342 quaecum-

1095 2363 1165 2395 que,
1182 2358 1244 2384 tam
1258 2352 1291 2384 in
1309 2352 1529 2395 praefatorum
1542 2353 1831 2395 praedecessorum

1095 2410 1129 2437 ut
1145 2405 1329 2448 praefertur
1349 2405 1559 2445 confirmatis,
1573 2415 1670 2448 quam
1689 2405 1721 2438 in
1744 2416 1831 2449 prae-

1095 2459 1241 2491 sentibus
1266 2458 1388 2491 nostris
1421 2465 1596 2499 contenta,
1623 2459 1656 2491 in
1682 2459 1831 2492 omnibus

1096 2516 1128 2544 et
1162 2511 1297 2553 singulis
1333 2512 1399 2544 sive
1432 2511 1462 2544 S.
1491 2512 1652 2545 Francisci
1686 2512 1751 2545 sive
1778 2523 1831 2545 cu-

1095 2565 1288 2607 iuscumque
1306 2564 1437 2597 alterius
1462 2566 1594 2607 regulae
1618 2566 1669 2598 vel
1689 2564 1829 2598 instituti

1134 2628 1145 2655 1
1169 2626 1260 2655 Potius
1279 2627 1338 2663 lege
1358 2629 1527 2657 revolventes
1547 2628 1586 2663 (R.
1602 2627 1651 2663 Τ.),
