2227 3225
103 227 151 254 Λῐι.
174 227 202 253 C.
223 227 288 253 ¹303

123 707 234 729 Exordium
254 714 278 728 ‘x

95 735 219 760 perturbato
247 741 279 755 [8-

96 768 140 780 ιιιιι
164 764 218 781 »tatu
243 767 278 787 pe·

96 789 164 809 mum.

503 274 633 308 Lxxvu
659 273 716 317 (αι.
745 273 813 317 76).

291 355 456 389 Indicitur
483 354 636 387 iubileum
664 353 848 387 universale
871 364 930 397 pro
953 363 1030 397 pace

336 408 421 438 iulo-1·
443 407 609 451 principes
633 407 831 440 christianos
843 406 862 439 ¹.

466 486 664 515 Innocentius
685 486 762 520 Papa
780 485 845 520 xn,

290 540 444 568 universis
466 532 721 568 christifidelibus*
739 542 919 574 praesentes
941 539 1028 566 litte-

341 592 392 612 ras
412 585 608 619 inspecturis,
630 585 760 612 salutem
780 586 810 611 et.
829 583 1028 617 apostolicam

343 630 592 657 benedictionem.

335 699 394 733 Ubi
419 699 559 743 primum
577 699 793 732 humilitatem
818 703 963 731 nostram
988 697 1026 730 ad

289 753 432 795 supremi
450 752 648 795 apostolatus
670 751 832 794 fastigium
851 750 955 783 evexit
976 751 1029 782 Al-

291 805 441 846 tissimus,
466 815 537 838 cum
561 805 743 837 universam
763 805 860 847 plane
881 803 1028 835 christia-

289 869 362 891 nam
388 858 622 901 rempublicam
659 859 755 899 longe
791 857 921 899 lateque
958 866 1028 889 sae-

287 911 442 945 vientium
466 912 629 944 bellorum
654 910 807 953 procellis
844 909 957 952 agitari
984 908 1027 941 vi-

289 966 450 1005 deremus,
470 965 554 998 nihil
575 964 731 1008 pastorali
750 963 867 1002 officio,
886 973 949 1006 quo
968 962 1027 994 im-

287 1024 450 1052 merentes
467 1017 643 1060 sungimur,
664 1015 914 1059 antiquius'suit,
933 1025 1025 1058 quam

287 1072 468 1105 catholicos
492 1070 668 1114 principes,
695 1069 857 1102 diuturnis
883 1074 914 1102 et
939 1078 1027 1101 acer-

286 1124 429 1157 bissimis
465 1123 608 1156 dissidiis
640 1122 726 1155 inter
751 1132 785 1154 se
812 1122 1025 1161 decertantes,

287 1178 327 1211 ad
352 1178 507 1221 pristinae
531 1176 699 1210 charitatis
725 1185 912 1219 compagem
939 1186 1027 1208 revo—

287 1242 374 1265 care.
412 1230 509 1263 Cuius
546 1229 632 1263 enim
669 1230 718 1262 rel
744 1229 886 1261 ferreum
911 1232 1026 1270 pectus

287 1295 351 1318 non
377 1283 630 1317 commovissent
655 1288 702 1315 tot
726 1283 922 1325 populorum
956 1291 1027 1313 cae-

286 1338 355 1377 des,
376 1343 420 1370 tot
443 1336 573 1369 urbium
592 1335 753 1375 incendia,
773 1334 895 1368 excidia
913 1344 1018 1376 regno-

284 1390 384 1423 rum‘?
419 1389 495 1427 Quis
521 1389 559 1421 ad
587 1394 634 1421 tot
658 1393 829 1431 tantasque
854 1387 941 1420 fideli
969 1397 1026 1430 po-

284 1444 385 1486 pulo,
413 1442 535 1485 absque
561 1442 629 1474 ullo
655 1450 818 1473 sacrarum
857 1451 891 1472 ac
916 1440 1025 1483 prosa-

285 1507 396 1528 narum
411 1505 518 1528 rerum
534 1493 733 1533 discrimine,
746 1493 945 1526 calamilates
962 1503 1024 1525 uon

284 1548 537 1582 exhorruisset?
574 1548 636 1579 Aut
672 1546 835 1590 quomodo
861 1546 1024 1588 pontificia

283 1607 393 1635 nostra
419 1600 616 1641 sollicitudo,
639 1611 701 1643 qua
726 1600 763 1632 ad
792 1599 1023 1642 opponendum

283 1666 343 1688 nos
362 1658 525 1698 tamquam
544 1664 674 1686 murum
700 1663 758 1696 pro
785 1653 879 1685 domo
898 1652 953 1684 Dei
980 1652 1025 1684 iu-

283 1707 368 1750 giter
388 1713 548 1746 tenemur,
568 1706 606 1738 ad
624 1705 798 1738 innumera
818 1704 894 1737 iude
913 1709 1024 1737 exorta

283 1766 315 1793 et
332 1771 409 1793 saue
428 1759 615 1802 gravissima
633 1758 837 1792 orthodoxae
856 1758 1024 1800 religionis

284 1813 481 1845 detrimenta
506 1822 572 1844 non
591 1811 792 1843 exarsisset‘.7
812 1811 893 1843 ilinc
911 1811 1022 1843 maiori

284 1877 346 1909 qua
372 1865 536 1909 potuimus
564 1870 720 1908 paternae
752 1863 918 1896 charitatis
949 1875 1024 1896 cou-

285 1920 430 1952 tentione
447 1924 541 1962 atque
558 1921 667 1961 opera,
690 1928 754 1960 qua
772 1917 922 1960 precibus
940 1918 1022 1960 apud

284 1974 393 2012 Deum,
419 1972 511 2004 cuius
536 1971 766 2014 praestabilem
793 1980 893 2013 super
920 1970 1024 2002 homi-

283 2036 356 2059 nem
393 2025 516 2057 malitia
552 2024 730 2057 bonitatem
772 2023 920 2056 invocare
956 2033 1022 2056 non

282 2079 490 2117 cessavimus,
518 2089 582 2120 qua
607 2077 723 2110 officiis
743 2077 827 2120 apud
846 2077 1021 2120 principes,

282 2142 362 2175 quos
387 2131 426 2163 ad
457 2130 599 2163 salubria
635 2130 722 2173 pacis
758 2130 893 2162 consilia
930 2130 1022 2163 enixe

282 2184 449 2217 cohortari
491 2189 586 2226 atque
630 2183 669 2216 ad
705 2182 894 2226 praelianda
936 2183 1023 2215 bella

282 2237 410 2271 Domini
436 2237 583 2281 ipsismet
615 2237 733 2280 quibus
758 2237 844 2269 inter
864 2247 896 2270 se
923 2237 1023 2279 digla-

283 2291 412 2323 diantur
448 2291 544 2323 armis
579 2290 730 2323 adversus
760 2300 963 2323 communem
990 2297 1022 2323 et

283 2343 482 2376 teterrimum
514 2342 682 2375 christiani
717 2342 856 2375 nominis
893 2343 1020 2375 hostem

283 2396 425 2428 excitare
450 2400 546 2439 atque
571 2406 687 2438 urgere
704 2395 898 2435 curavimus,
916 2396 1022 2439 publi-

319 2485 328 2510 1
353 2483 451 2510 indixit
469 2483 621 2510 universale
637 2484 768 2511 iubileum
790 2484 869 2511 initio
893 2485 933 2511 sui
954 2493 1021 2519 pou—

282 2527 401 2554 tificatus
428 2531 514 2555 const.
542 2527 607 2554 edit.
632 2535 748 2561 mcxci,
779 2528 822 2555 die
854 2528 885 2554 12
911 2537 1020 2555 novem-

281 2571 347 2603 bris,
368 2571 464 2606 pontif.
484 2578 502 2605 1,
519 2575 546 2598 et
564 2572 661 2598 iterum
675 2581 725 2607 pro
741 2573 834 2599 eadem
851 2581 916 2608 paee
934 2577 1018 2600 coust.

281 2616 344 2643 edu.
367 2622 483 2650 nncxcx',
504 2616 547 2643 die
567 2616 583 2644 3
603 2616 766 2649 decembris,
788 2617 882 2652 pontif.
904 2625 928 2643 v.

370 2670 448 2697 Bull.
470 2671 552 2697 Rom.
574 2686 607 2690 ——-
631 2672 689 2699 rol.
711 2672 770 2698 XX.
916 2672 949 2698 :4

871 226 1077 250 txxoct-:NTH'S
1102 226 1147 250 ΣΠ
1172 228 1219 251 Pr.

1071 285 1126 307 cae
1163 274 1333 307 christiani
1372 275 1460 308 orbis
1498 285 1610 308 causae
1652 277 1808 309 lim-tenus

1071 338 1134 360 uon
1161 328 1329 368 defuimus,
1355 338 1414 360 nee
1443 328 1556 367 adesse
1583 328 1614 361 in
1640 335 1808 372 posterum

1071 380 1268 413 desinemus.
1288 380 1365 413 Cum
1384 386 1491 413 autem
1518 381 1622 414 studia
1648 381 1728 413 haee
1752 391 1809 413 no·

1071 437 1135 465 stra
1161 439 1280 476 optato,
1300 444 1397 477 quem
1423 434 1645 477 sperabamus,
1672 433 1733 466 sine
1755 434 1810 466 ad-

1071 486 1134 518 huc
1157 497 1255 519 vacua
1279 487 1455 528 videamus,
1481 497 1553 519 cum
1578 486 1742 529 Propheta
1766 487 1809 519 in-

1070 538 1248 581 gemiscere
1279 539 1528 583 compellimur:
1561 539 1809 582 Erpectavimus

1067 603 1179 636 pacem
1203 597 1231 625 e!
1251 604 1312 626 non
1339 597 1382 626 est
1404 593 1533 633 bonum,
1563 597 1685 636 tempus
1710 591 1810 625 mede-

1070 646 1121 679 lae
1152 651 1180 679 el
1211 657 1278 679 ecce
1300 645 1451 689 formido,
1480 651 1604 689 teinpus
1631 645 1809 678 curationis

1069 704 1097 732 εἰ
1125 711 1190 733 ecce
1218 701 1372 733 turbatio.
1406 700 1616 743 Quocumque
1638 699 1724 733 enim
1749 709 1808 742 pro

1069 753 1242 796 apostolici
1259 753 1402 786 muneris
1420 753 1518 786 nostri
1538 753 1648 786 debito
1667 752 1807 784 animum

1070 816 1225 850 curasque
1263 806 1492 845 convertimus,
1517 806 1560 839 ita
1594 810 1667 838 sunt
1701 804 1807 838 omnia

1070 860 1119 892 vel
1144 859 1369 903 multiplicatis
1401 859 1479 892 belli
1512 859 1657 891 cladibus
1690 857 1808 897 attrita,

1069 913 1116 945 rel
1143 913 1353 954 gliscentibus
1372 912 1404 944 in
1424 911 1491 944 dies
1510 911 1680 944 discordiis
1705 921 1808 954 prona

1069 964 1101 997 in
1120 965 1256 1005 ruinam,
1277 971 1310 997 ut
1326 966 1547 1008 spectaculum
1566 963 1670 996 oeulis
1688 962 1808 996 nostris

1070 1018 1246 1051 exhibeant
1276 1029 1408 1061 semper
1440 1017 1620 1051 luctuosius
1645 1016 1809 1049 florentis—

1070 1071 1168 1104 simae
1194 1081 1300 1114 nupcr
1324 1071 1471 1114 Europae
1500 1069 1689 1113 provinciae
1714 1070 1809 1102 mise-

1071 1137 1103 1158 re
1139 1136 1225 1158 nunc
1262 1130 1432 1167 gementes
1467 1124 1550 1156 iuter
1585 1122 1807 1166 praesentium

1068 1189 1295 1211 aerumnarum
1322 1188 1452 1210 sensum
1478 1182 1510 1210 et
1534 1182 1656 1209 metum
1688 1176 1808 1208 sutura-

1069 1242 1148 1271 rum,
1168 1237 1263 1274 atque
1281 1241 1354 1263 cum
1373 1230 1519 1262 eiusdem
1536 1228 1717 1271 Prophetae
1735 1239 1809 1261 ver-

1069 1284 1117 1316 bis
1143 1285 1335 1326 loquamur:
1363 1282 1399 1315 Si
1423 1292 1566 1325 eqressus
1590 1282 1679 1324 suero
1704 1281 1745 1313 acl
1770 1292 1807 1314 α-

1067 1347 1150 1378 qim,
1179 1346 1244 1368 cccc
1274 1335 1369 1367 occisi
1393 1334 1522 1377 qlacl1‘o;
1549 1338 1577 1367 et
1601 1335 1629 1365 si
1654 1335 1808 1366 introiero

1068 1391 1101 1421 in
1122 1389 1297 1428 civilatem,
1314 1398 1378 1420 ecce
1395 1388 1558 1419 attenuati
1574 1388 1668 1429 fante.
1689 1387 1808 1420 Verum

1068 1441 1139 1484 quis
1158 1440 1246 1473 dedit
1264 1440 1296 1472 in
1314 1440 1531 1483 direptionem
1550 1439 1644 1472 Iacob
1663 1445 1694 1471 et
1710 1439 1807 1472 lsrael

1068 1493 1268 1526 vastantibus
1285 1493 1300 1524 ‘J
1325 1492 1437 1525 Nonne
1460 1493 1616 1525 Dominus
1644 1492 1728 1535 ipse,
1756 1492 1808 1524 eui

1067 1546 1302 1591 peceavimus‘.y
1326 1546 1398 1590 lpse
1424 1546 1579 1589 prolecto,
1606 1545 1679 1588 quia
1705 1545 1809 1578 nolui-

1067 1610 1136 1632 mus
1158 1600 1189 1632 in
1215 1599 1274 1631 viis
1295 1598 1366 1631 eius
1386 1599 1560 1637 ambulare,
1580 1604 1610 1630 et
1628 1608 1693 1631 non
1720 1597 1810 1630 audi-

1066 1653 1168 1686 vimus
1204 1653 1308 1695 legem
1340 1652 1426 1692 eius,
1465 1650 1579 1684 effudit
1615 1661 1713 1694 super
1748 1659 1807 1683 nos

1066 1707 1326 1749 indignationem
1362 1704 1477 1738 suroris
1503 1705 1549 1737 sui
1575 1710 1607 1738 et
1632 1705 1713 1737 sorte
1739 1704 1808 1737 bel-

1066 1761 1143 1793 lum.
1169 1759 1367 1791 Accedamus
1397 1759 1496 1801 igitur
1521 1769 1592 1790 cum
1621 1757 1739 1790 fiducia
1768 1759 1807 1791 ad

1067 1824 1191 1846 sacram
1222 1812 1520 1845 misericordiarum
1544 1811 1672 1845 Domini
1708 1822 1808 1851 aram,

1067 1872 1108 1907 et,
1125 1866 1260 1910 expiatis
1279 1876 1336 1909 per
1351 1877 1459 1898 veram
1479 1865 1713 1909 poenitentiam
1733 1876 1808 1908 pec-

1066 1920 1154 1958 catis,
1181 1920 1354 1952 caelestem
1379 1920 1458 1952 iram
1481 1920 1618 1962 placare,
1638 1919 1807 1962 auctisque

1066 1983 1124 2015 per
1148 1972 1344 2005 ieiuniorum
1370 1973 1499 2005 labores
1527 1978 1559 2005 et
1584 1973 1808 2015 eleemosyna-

1067 2036 1134 2057 rum
1161 2025 1350 2067 largitiones
1383 2025 1503 2057 viribus
1537 2025 1699 2064 orationis,
1727 2025 1808 2058 divi-

1066 2089 1140 2111 nam
1166 2088 1261 2121 opem
1286 2078 1319 2110 in
1345 2077 1395 2110 his
1430 2079 1671 2120 urgentissimis
1700 2079 1807 2112 Eccle-

1066 2132 1134 2164 siae
1159 2143 1195 2164 ae
1228 2132 1430 2174 reipublicae
1457 2132 1702 2165 necessitatibus
1727 2143 1806 2165 una-

1065 2185 1193 2217 nimiter
1217 2184 1392 2227 implorare
1420 2185 1638 2225 connitamur,
1671 2191 1706 2218 ut
1730 2186 1807 2218 ines·

1066 2237 1171 2269 fabilis
1198 2237 1252 2270 Dei
1270 2237 1464 2280 benignitas,
1480 2237 1622 2270 cordium
1650 2239 1806 2272 contrito-

1065 2302 1133 2324 rum
1152 2292 1345 2324 holocausta
1369 2291 1402 2323 in
1420 2292 1555 2325 odorem
1574 2292 1736 2325 suavitatis
1755 2303 1805 2326 ac-

1064 2344 1195 2388 cipIens‚
1223 2344 1364 2387 quietem
1390 2345 1530 2388 populis
1554 2356 1588 2377 ae
1614 2345 1746 2388 regibus
1772 2351 1804 2379 et

1064 2398 1265 2441 principibus
1290 2399 1476 2432 christIauis
1501 2404 1621 2432 arctam
1650 2405 1682 2432 et
1707 2399 1805 2433 indis-

1063 2451 1237 2489 solubilem
1275 2451 1452 2485 animorum
1490 2452 1708 2493 concordiam,
1740 2464 1799 2496 pa-

1063 2505 1196 2547 remque
1221 2505 1400 2538 catholicae
1418 2505 1494 2538 fidei
1521 2505 1703 2538 coniunctis
1727 2506 1803 2538 viri-

1063 2558 1121 2589 bus
1140 2562 1171 2589 et
1192 2557 1336 2590 consiliis
1354 2559 1494 2591 tuendae
1521 2564 1552 2591 et
1572 2559 1800 2602 propagandae

1063 2611 1166 2643 zelum
1193 2611 1302 2654 largiri
1330 2611 1493 2654 dignetur.
1520 2611 1600 2644 Ecce
1633 2622 1718 2644 nunc
1747 2612 1802 2645 do-

1707 219 1771 251 585
1817 229 1864 256 Αῃ.
1887 229 1915 254 C.
1935 227 2001 256 ¹693
