2227 3225
914 237 1009 262 mnsx
1035 238 1138 263 nauum
1683 227 1744 261 971

345 290 419 324 olim
444 288 646 323 suadentibus
670 289 787 330 causis,
813 296 940 334 recepto
964 291 1077 335 pretio,
1095 289 1223 323 concedi
1249 299 1450 330 consuevere,
1476 289 1519 322 uti
1544 295 1660 331 narrat,
1684 289 1749 322 473
1775 290 1791 323 b

346 343 529 377 eorumdem
549 342 755 382 venalitatem,
774 342 896 375 reddito
916 343 1101 376 officialibus
1120 342 1220 386 pretio
1239 341 1277 374 ab
1297 341 1405 374 iisdem
1427 342 1538 383 soluto,
1561 348 1645 374 motu
1663 343 1793 385 proprio

346 396 481 429 abolevit
505 396 702 429 Innocentius
730 396 791 436 XII,
823 396 919 435 1'b2'tl.;
945 395 1101 429 dictorum
1126 396 1338 428 emolumenta
1362 395 1466 428 omnia
1500 395 1612 427 iterum
1645 396 1794 428 Gamerae

346 449 532 493 adscripsit,
553 449 617 482 474
646 460 682 489 (13
708 449 811 482 oslicia
836 449 985 482 vacaliilia
1010 453 1039 482 et
1070 450 1137 482 loca
1168 449 1319 482 Montium
1352 449 1509 481 Ilomanac
1538 448 1650 481 Curiae
1683 454 1715 480 ut
1740 459 1795 491 per

348 503 595 547 assumptionem
621 503 658 535 ad
680 503 905 537 cardinalatum
932 513 994 537 non
1021 508 1174 543 vacarent,
1200 503 1317 542 statuit,
1347 502 1411 535 502
1436 502 1452 534 Ι)
1478 506 1506 535 ct
1531 513 1591 546 seq.

259 555 412 600 Oppidum
434 556 471 588 de
497 556 628 589 Nanltim
656 556 890 589 Machaoneusis
905 556 1056 590 dioecesis
1082 557 1111 589 in
1138 568 1235 600 regno
1261 557 1418 595 Sinarum,
1439 566 1454 588 a
1480 555 1562 588 dicta
1581 555 1716 588 dioecesi
1735 556 1795 587 Ma—

347 610 515 643 chaonensi
541 609 800 643 dismembratum
817 638 824 651 ‚
850 610 881 642 in
914 610 1070 643 civitatem
1106 611 1204 643 erexit
1236 610 1411 643 Alexander
1437 609 1524 649 VIII,
1550 609 1591 641 53
1618 610 1635 641 b
1660 612 1689 642 ct
1713 619 1796 652 seq,

350 663 423 696 item
450 662 602 707 oppidum
635 663 673 696 dc
699 664 805 696 Pekim
831 663 970 696 eiusdem
997 664 1148 697 dioecesis
1173 664 1283 697 eodem
1318 669 1408 707 pacto
1442 663 1472 695 in
1498 663 1654 696 civitatem
1680 662 1798 705 pariter

349 717 457 759 erexit,
482 719 523 752 57
549 718 582 758 b;
609 717 681 751 item
707 717 866 750 Alcsiense
891 716 1112 749 Nemausensis
1134 716 1287 750 dioecesis
1305 716 1337 748 in
1363 716 1447 759 regis
1472 715 1643 749 Galliarum
1669 714 1798 755 ditione,

351 782 367 804 a
392 771 474 805 dicta
500 771 635 804 dioecesi
661 771 864 804 Nemausensi
890 770 1160 810 dismembratum,
1188 770 1218 802 in
1243 770 1399 803 civitatem
1425 769 1533 809 crexit,
1552 768 1616 801 024
1633 780 1652 801 ιι
1672 773 1701 801 ct
1718 778 1799 811 scq.;

351 825 424 858 item
458 825 603 858 Blesense
633 824 833 858 Carnotensis
867 824 1029 865 dioecesis,
1056 824 1086 857 in
1112 824 1251 857 eiusdem
1279 824 1362 867 regis
1387 823 1525 862 ditione,
1551 822 1684 855 civitatis
1711 822 1800 854 titulo

351 877 520 918 decoravit,
546 877 608 910 792
633 878 649 909 l)
675 884 705 910 et
730 888 793 921 seq.

263 929 394 964 Ordines
419 931 498 964 sacri
523 937 610 964 extra
636 936 776 975 tempora
802 931 991 974 suscipiendi
1025 931 1154 964 facultas
1189 932 1303 976 quilius
1338 931 1558 971 concedenda,
1589 930 1702 974 quihus
1729 940 1802 962 vero

351 984 543 1028 deneganda,
569 985 641 1017 item
668 995 726 1028 pro
751 984 865 1028 quibus
890 984 1000 1017 diebus
1025 991 1054 1018 et
1078 996 1138 1029 qua
1163 985 1200 1018 de
1229 987 1324 1018 causa
1350 990 1379 1018 et
1404 985 1564 1029 quomodo
1590 983 1802 1022 concedenda,

354 1038 542 1082 praescribit
555 1038 715 1071 decretum
735 1037 993 1080 Congregationis
1012 1038 1211 1082 particularis
1231 1038 1452 1071 confirmatum
1472 1038 1510 1070 ab
1536 1037 1718 1070 Innocentio
1742 1037 1803 1075 XII,

354 1090 418 1125 586
443 1092 474 1132 b,
508 1091 591 1125 circa
615 1091 829 1124 ordinationes
855 1091 1030 1125 alienorum
1055 1092 1252 1125 subditorum
1282 1092 1431 1124 nonnulla
1467 1090 1669 1134 praescripsit
1695 1095 1724 1122 ct
1750 1089 1804 1122 de-

355 1145 485 1178 claravit
509 1144 602 1186 idem,
620 1144 684 1178 662
708 1156 728 1178 α
750 1151 779 1178 et
798 1156 870 1188 seq.;
896 1145 1023 1178 ordines
1048 1156 1165 1188 sacros,
1186 1155 1249 1179 non
1267 1145 1396 1178 servatis
1415 1144 1597 1184 interstitiis,
1615 1142 1806 1186 suscipiendi

356 1198 534 1232 facultatem
559 1197 693 1241 collegio
718 1197 883 1231 Scotorum
911 1197 1132 1231 Parisiensium
1159 1198 1324 1240 concessit,
1343 1197 1407 1231 726
1432 1199 1465 1238 b,
1491 1197 1617 1231 ordines
1642 1207 1748 1229 sacros
1769 1195 1807 1228 ad

356 1252 481 1285 titulum
505 1251 766 1295 Congregatiouis
791 1251 982 1295 suscipiendi
1007 1251 1185 1285 facultatem
1213 1251 1336 1286 clericis
1361 1250 1620 1295 Congregationis
1642 1249 1807 1283 Doctrinae

356 1306 552 1341 Christianae
576 1305 722 1346 indulsit,
747 1305 810 1340 882
835 1316 854 1338 a
879 1311 908 1338 et
933 1305 957 1339 b,

1031 1414 1053 1447 P

268 1519 465 1565 Pamphilius
489 1519 656 1554 cardinalis
680 1519 849 1565 deputatur
873 1519 905 1553 in
929 1525 1144 1564 protectorem
1176 1525 1206 1554 et
1230 1519 1541 1565 superintendentem
1573 1525 1684 1564 portus
1709 1520 1809 1562 Antii,

359 1571 426 1606 934
448 1573 465 1606 b
486 1578 517 1606 et
540 1584 604 1617 seq.

270 1625 402 1660 Parmae
424 1626 530 1669 duces,
555 1626 626 1660 vide
649 1626 795 1670 Magister
820 1637 953 1670 magnus
979 1628 1108 1661 militiae
1134 1633 1280 1662 aureatae
1305 1628 1592 1662 Constantinianae.

271 1679 430 1713 Parochos
454 1680 553 1713 teneri
579 1690 638 1723 pro
661 1680 861 1724 parochianis
887 1681 918 1713 in
938 1681 1048 1715 diebus
1069 1682 1154 1715 festis
1175 1682 1366 1715 sacrificium
1387 1683 1557 1726 applicare,
1576 1682 1714 1716 decrevit
1732 1683 1812 1717 Con-

362 1734 505 1777 gregatio
530 1733 670 1775 Concilii,
695 1734 784 1767 cuius
808 1734 968 1768 decretum
995 1735 1211 1776 confirmatur,
1237 1735 1301 1768 873
1326 1748 1347 1770 a
1372 1740 1401 1769 et
1425 1747 1486 1780 seq.

273 1787 455 1822 Paschalem
482 1787 596 1832 Baylon
622 1787 680 1831 (S.)
706 1787 890 1821 Sanctorum
917 1788 988 1821 albo
1014 1789 1052 1821 ab
1077 1789 1256 1823 Alexandro
1288 1790 1352 1822 VIII
1376 1790 1472 1822 fuisse
1497 1789 1690 1834 adscriptum
1717 1790 1812 1822 refer-

363 1847 423 1881 tur,
457 1840 520 1874 206
545 1852 580 1881 ‹13
606 1841 745 1874 eiusdem
772 1842 864 1874 vitam
888 1842 991 1885 primo
1016 1842 1224 1887 descriptam,
1251 1854 1387 1887 suaeque
1413 1843 1561 1876 insertam
1589 1843 1812 1883 constitutioni,

363 1901 490 1928 enarrat
514 1895 714 1929 Innocentius
738 1896 811 1936 XII,
837 1895 900 1930 206
925 1897 940 1929 b
972 1902 999 1929 et
1025 1908 1104 1940 seq,
1136 1897 1288 1940 praedicti
1314 1897 1466 1929 miracula
1496 1897 1668 1937 nonnulla,
1699 1897 1813 1940 quibus

364 1955 487 1983 mature
511 1950 676 1990 discussis,
699 1960 717 1983 a
742 1950 836 1983 Paulo
862 1951 884 1982 V
909 1950 1084 1984 declaratus
1108 1951 1165 1984 fuit
1190 1951 1302 1984 Beatus
1320 1962 1391 1983 cum
1413 1951 1516 1984 officio
1534 1957 1563 1983 et
1583 1951 1688 1990 missa,
1707 1950 1812 1991 refert,

363 2002 428 2036 210
443 2003 479 2043 b,
505 2003 645 2036 eiusdem
663 2003 942 2044 canonizationem,
961 2009 1032 2048 post
1056 2004 1220 2048 probatam
1243 2005 1404 2037 veritatem
1425 2004 1560 2037 duorum
1585 2003 1813 2037 miraculorum

365 2062 437 2100 post
459 2055 722 2089 beatificationem
748 2062 953 2100 patratorum,
971 2057 1009 2089 ab
1035 2057 1210 2090 Alexandro
1232 2057 1294 2090 VIII
1320 2057 1528 2097 celebratam,
1553 2058 1735 2101 promulgat
1766 2057 1815 2090 ln·

366 2110 529 2143 nocentius
549 2110 612 2151 XII,
639 2109 702 2143 2113
725 2121 764 2151 α;
791 2111 820 2143 in
845 2111 996 2154 praedicti
1021 2111 1099 2144 festo
1123 2111 1349 2154 indulgentiam
1374 2117 1492 2155 septem
1518 2122 1672 2144 annorum
1693 2116 1723 2143 ct
1747 2109 1817 2143 toti·

367 2162 438 2196 dem
456 2163 729 2208 quadragenarum
750 2165 788 2197 ab
806 2165 915 2198 eodem
934 2165 1109 2198 Alexandro
1124 2175 1316 2205 concessam,
1334 2165 1453 2208 pariter
1470 2165 1690 2209 promulgarit,
1708 2164 1771 2198 *2213
1790 2164 1814 2196 b.

278 2215 445 2261 Pauperes,
470 2218 542 2257 vide
566 2217 718 2262 Hospitia.

276 2270 359 2306 Petri
385 2271 542 2304 Paschasii
567 2271 626 2315 (B.)
652 2272 798 2316 martyris
824 2278 854 2305 et
878 2272 1017 2316 episcopi
1043 2272 1239 2312 Giennensis,
1265 2271 1390 2305 Ordinis
1414 2271 1524 2304 Beatae
1546 2272 1660 2305 Mariae
1685 2271 1723 2304 de
1742 2272 1817 2304 Mer-

367 2325 443 2358 cede
467 2325 694 2369 redemptionis
720 2326 928 2369 capdvorum,
953 2326 1090 2359 officium
1117 2332 1146 2359 et
1173 2325 1299 2358 missam
1325 2331 1354 2358 et
1372 2325 1533 2358 decretum
1559 2325 1816 2368 Congregationis

368 2378 496 2412 Rituum
522 2378 720 2412 confirmavit
744 2379 893 2421 Pontifex,
921 2378 984 2413 756
1009 2380 1025 2411 b
1051 2384 1080 2413 et
1103 2390 1166 2422 seq.

281 2430 532 2466 Poenitentiaria.
558 2432 791 2466 Poenitentiarii
827 2433 956 2466 maioris
980 2433 1073 2466 officii
1099 2432 1268 2466 auctoritas
1293 2432 1462 2466 reformata
1486 2433 1543 2465 fuit
1577 2443 1594 2465 a
1620 2432 1673 2465 Pio
1695 2431 1752 2471 lv,
1785 2438 1819 2465 ut

370 2486 476 2529 legere
499 2491 546 2519 est
569 2486 649 2530 apud
674 2486 889 2520 Innocentium
908 2486 971 2526 XII,
996 2486 1055 2519 451
1077 2497 1114 2526 [13
1140 2486 1281 2519 eiusdem
1306 2487 1475 2519 auctoritas
1497 2486 1609 2526 omnis,
1628 2488 1662 2518 ea
1688 2487 1818 2528 excepta

373 2539 531 2573 minorum
556 2540 881 2584 poenitentiariorum,
906 2545 1052 2573 revocata
1076 2540 1132 2573 fuit
1156 2549 1173 2572 a
1198 2540 1251 2573 Pio
1276 2540 1309 2582 V,
1334 2539 1379 2572 uti
1396 2545 1511 2581 narrat,
1531 2538 1589 2573 451
1619 2551 1637 2572 α
1665 2540 1697 2577 b,
1724 2538 1818 2571 officii

373 2591 633 2628 Poenitentiariae
657 2605 737 2628 nova
761 2594 861 2628 forma
886 2594 943 2627 fuit
968 2594 1107 2627 instituta
1131 2594 1170 2627 ab
1196 2593 1306 2627 eodem
1332 2593 1386 2626 Pio
1411 2593 1444 2633 V,
1481 2598 1514 2625 ut
1545 2598 1590 2625 est
1622 2592 1705 2636 apud
1737 2601 1820 2624 eum<

373 2645 468 2691 dem,
506 2646 565 2682 451
605 2649 621 2683 b
653 2654 682 2683 et
706 2660 776 2693 sets,
814 2647 954 2684 eiusdem
981 2648 1148 2684 auctoritas
1181 2647 1338 2683 multoties
1374 2646 1562 2692 amplificata
1597 2646 1653 2681 t'uit
1685 2655 1702 2679 a
1730 2644 1819 2681 dietis

623 2752 636 2763 ο
