2254 3225
226 266 274 294 Λιι.
292 266 321 292 c.
348 264 410 291 μω
459 253 521 286 776

299 1172 412 1195 nemra-nio

230 1204 309 1221 contr-tt
318 1205 390 1218 torum.

418 321 477 355 pro
509 315 654 353 tempore
686 306 953 352 quandocumque
986 303 1152 348 spectabit,

418 363 652 397 inviolabiliter
677 367 708 394 et
732 361 922 393 inconcusse
960 356 1150 397 observari,

420 418 531 461 sicque
558 421 588 450 et
612 426 677 448 non
703 414 796 447 aliter
827 413 860 446 in
885 410 1071 456 praemissis
1096 419 1154 453 per

420 479 642 514 quoscumque
666 467 789 500 iudices
807 464 990 499 ordinarios
1015 468 1045 495 et
1070 462 1154 495 dole-

421 528 518 567 gatos,
541 522 637 555 etiam
663 530 831 553 causarum
850 517 961 562 palatii
987 514 1153 560 apostolici

421 576 593 615 auditores,
620 584 656 606 ac
681 570 711 606 Sl
731 573 769 605 R.
788 571 823 604 E.
843 570 1034 609 cardinales,
1058 567 1153 600 etiam

422 630 461 663 de
489 631 591 663 latere
623 629 746 669 legatos
778 630 810 657 et
833 621 1038 667 Apostolicae
1063 620 1154 653 Sedis

421 682 564 721 nuntios,
599 680 718 713 aliosve
754 676 916 722 quoslibet
951 683 1177 718 quacumque*

421 732 679 779 praeeminentia
700 738 731 765 et
748 725 909 775 potestate
928 729 1098 771 fungentes
1125 731 1156 759 et

422 789 604 827 suneturos,
623 786 748 819 sublata
773 784 817 817 eis
839 788 870 817 et
888 792 998 816 eorum
1023 780 1156 814 cuilibet

422 842 533 886 quavis
559 841 652 874 aliter
675 837 841 872 iudicandi
866 840 896 870 et
920 833 1154 877 interpretandi

423 895 574 928 facultate
599 899 630 926 et
655 891 859 930 auctoritate,
885 887 1020 921 iudicari
1047 891 1077 919 et
1102 886 1156 918 de-

421 947 506 980 finiri
532 947 664 986 debere,
700 955 735 977 ac
770 943 897 976 irritum
933 946 965 974 et
1000 939 1106 979 inane,
1129 938 1154 970 si

422 1011 514 1034 secus
535 1010 633 1043 super
658 999 709 1031 his
735 1008 752 1030 a
776 1006 950 1040 quoquam,
970 993 1081 1038 quavis
1106 1003 1156 1025 an·

421 1055 577 1093 ctoritate,
604 1052 745 1085 scienter
767 1051 815 1084 vel
840 1049 1038 1092 ignoranter,
1057 1047 1156 1080 eonti-

422 1108 506 1151 gerit
526 1105 688 1139 attentari.

466 1161 481 1203 ξ
506 1160 537 1192 4.
564 1159 634 1193 Non
659 1156 859 1191 obstantibus
883 1155 1081 1199 praemissis,
1106 1165 1154 1194 ac,

424 1219 582 1258 quatenus
598 1222 681 1256 opus
699 1211 749 1251 sit,
767 1211 879 1244 nostra
891 1215 922 1242 et
938 1207 1155 1242 Cancellariae

423 1267 630 1310 Apostotieae
648 1265 759 1308 reg-uta
784 1264 823 1297 de
841 1264 910 1296 iure
929 1262 1073 1306 quaesito
1090 1272 1154 1294 non

425 1320 579 1360 tollendo,
599 1318 734 1361 aliisque
751 1316 1033 1350 constitutionibus
1053 1320 1083 1348 et
1109 1325 1158 1348 or-

425 1372 645 1406 dinationibus
671 1369 868 1414 apostolicis,
887 1379 1013 1402 necnon
1031 1368 1158 1412 provin-

423 1426 545 1460 ciarum
563 1452 570 1466 ‚
597 1424 751 1458 Ordinum
769 1450 776 1463 ,
803 1422 1093 1465 congregationum
1129 1428 1160 1455 et

423 1478 647 1513 institutorum
676 1476 928 1520 praedictorum,
955 1485 1067 1509 eornm
1091 1485 1160 1508 mo-

424 1531 651 1571 nasteriorum,
688 1534 912 1569 conventuum,
945 1528 1159 1571 collegiorum

425 1591 458 1621 et
482 1586 652 1619 domorum
676 1582 887 1626 regularium,
904 1582 1012 1616 aliisve
1031 1582 1160 1626 quibus-

423 1639 482 1680 vis,
499 1639 594 1672 etiam
611 1637 803 1676 iuramento,
820 1634 1067 1669 confirmatione
1087 1645 1160 1678 apo-

425 1693 550 1733 stolica,
575 1696 628 1724 aut
652 1689 763 1734 quavis
787 1688 937 1722 firmitate
970 1688 1033 1722 alia
1069 1689 1162 1722 robo-

426 1746 512 1787 ratis,
535 1744 660 1778 statutis
686 1750 718 1776 et
741 1741 1038 1782 consistetndinibus
1065 1742 1162 1786 privi-

426 1799 520 1842 legiis
546 1807 687 1842 quoque,
714 1796 849 1829 indultis
876 1800 907 1828 et
939 1795 1054 1828 litteris
1085 1806 1162 1838 apo-

427 1851 549 1886 stolicis
593 1850 652 1882 sub
688 1848 947 1892 quibuscumque
989 1847 1161 1881 verborum

428 1905 598 1939 tenoribus
622 1907 653 1936 et
677 1902 804 1942 formis,
837 1911 873 1934 ac
898 1911 967 1934 cum
989 1901 1161 1944 quibusvis,

428 1958 524 1992 etiarn
540 1955 821 1999 derogatoriarum
836 1953 1063 1996 derogatoriis,
1079 1954 1164 1987 aliis-

428 2021 490 2056 que
518 2009 776 2048 efficacioribus,
810 2006 1034 2040 efficacissimis
1059 2017 1094 2039 ac
1119 2007 1165 2039 in-

429 2063 534 2097 solitis
551 2061 704 2096 clausulis
723 2066 754 2093 et
778 2059 929 2099 decretis,
950 2058 1044 2092 etiam
1066 2065 1164 2101 motu,

429 2116 564 2150 scientia
589 2120 621 2148 et
644 2113 816 2158 potcstatis
848 2112 1050 2156 plenitudine
1085 2112 1167 2156 pari-

429 2173 498 2212 bus,
513 2175 545 2204 et
558 2169 635 2203 alias
654 2167 900 2212 quomodolibet
917 2166 948 2199 in
966 2166 1166 2199 contrarium

430 2223 683 2268 praemissorum
709 2220 876 2260 concessis,
899 2231 933 2253 ac
951 2220 1073 2263 pluries
1092 2230 1167 2253 con-

431 2277 577 2316 firmatis,
595 2274 784 2319 approbatis
803 2279 834 2307 et
851 2273 1023 2313 innovatis;
1051 2273 1167 2316 quibus

432 2329 584 2364 omnibus
603 2333 634 2361 et
650 2327 795 2369 singulis,
811 2325 933 2358 etiamsi
956 2336 1014 2368 pro
1039 2325 1167 2358 illorum

433 2381 603 2417 sufficienti
636 2379 844 2422 derogatione
877 2378 915 2411 de
946 2378 1009 2411 illis
1041 2388 1168 2411 eorum-

434 2448 496 2482 que
528 2434 602 2469 totis
629 2433 794 2467 tenoribus
820 2431 983 2475 specialis,
1007 2431 1168 2474 specifica,

435 2499 587 2533 expressa
611 2492 643 2521 et
675 2484 851 2523 individua,
880 2494 915 2516 ac
940 2483 979 2516 de
1004 2483 1102 2516 verbo
1129 2483 1168 2515 ad

434 2543 657 2581 rerburmnon
678 2543 783 2571 autem
809 2547 867 2580 per
891 2537 1050 2569 clausulas
1074 2546 1170 2578 gene-

437 2598 518 2629 rales
554 2594 638 2627 idem
675 2592 889 2634 importantes
904 2616 911 2627 ,
951 2589 1074 2622 mentio
1111 2599 1168 2622 seu

995 254 1172 280 nt'tALAntt'it
1198 253 1350 277 noit.tNt'tt

1937 252 1984 276 Αιι,
2005 252 2031 279 (ἶ,
2053 252 2113 279 ΜὈῗ

1195 313 1257 346 qua
1291 302 1354 335 alia
1383 301 1541 345 exquisita
1578 301 1679 334 forma
1711 301 1749 333 ad
1776 301 1836 334 ltoc
1862 311 1926 332 ser-

1194 355 1296 388 vanda
1321 356 1421 396 soret,
1455 359 1584 388 tenores
1617 354 1802 387 huiusmodi
1828 364 1923 397 prae-

1196 409 1340 441 sentibus
1376 419 1434 452 pro
1470 409 1566 451 plene
1592 413 1623 441 et
1647 407 1845 440 sufficienter
1874 418 1927 440 ex-

1196 461 1315 504 pressis
1341 472 1376 494 ac
1402 462 1440 494 de
1465 461 1566 493 verbo
1591 460 1630 493 ad
1648 461 1782 493 verbum
1799 459 1928 493 insertis

1196 514 1367 554 habentes,
1384 514 1449 548 illis
1475 514 1553 547 alias
1574 513 1605 546 in
1631 524 1690 546 sno
1715 513 1833 546 robore
1857 523 1930 556 per-

1197 567 1369 608 mansuris,
1407 567 1447 599 ad
1483 566 1734 610 praemissorum
1767 564 1929 606 effectum,

1199 620 1258 652 liae
1275 619 1343 652 vice
1362 620 1537 660 dumtaxat,
1551 619 1736 663 specialiter
1754 624 1786 651 et
1802 629 1929 663 expres-

1197 683 1232 706 se
1251 673 1464 716 derogamus3
1479 672 1661 716 ceterisque
1678 671 1848 706 contrariis
1865 671 1931 716 qui-

1197 725 1410 769 buscumque.

1241 779 1310 823 ἐῢ.
1347 779 1501 812 Volumus
1537 782 1644 811 autem
1681 782 1717 810 ut
1747 777 1931 811 earumdem

1197 832 1414 877 praesentium
1439 832 1618 865 litterarum
1642 831 1862 875 transumptis,
1875 841 1931 864 seu

1198 886 1366 930 exempliS,
1391 885 1484 918 etiam
1510 885 1688 929 impressis,
1714 895 1810 918 manu
1835 884 1933 918 alicu-

1198 940 1245 973 ins
1272 938 1388 972 notarii
1415 938 1536 982 publici
1554 937 1761 982 subscriptis,
1782 937 1931 979 etsigillo

1197 1003 1354 1037 personae
1380 992 1412 1025 in
1437 991 1659 1025 ecelesiastica
1683 991 1840 1033 dignitate
1859 1001 1933 1024 con-

1197 1047 1325 1080 stitutae
1350 1045 1490 1085 munitis,
1515 1044 1627 1077 eadem
1651 1053 1785 1087 prorsus
1804 1043 1881 1076 tides
1899 1044 1932 1078 in

1198 1100 1318 1133 iudicio
1336 1103 1367 1132 et
1384 1103 1472 1132 extra
1491 1096 1571 1131 illud
1589 1097 1759 1136 habeatur,
1779 1106 1859 1140 quae
1877 1097 1934 1129 lia-

1198 1153 1329 1186 beretur
1353 1151 1431 1195 ipsis
1456 1149 1683 1194 praesentibus
1708 1149 1732 1182 si
1759 1149 1864 1182 forent
1882 1159 1934 1182 ex-

1199 1205 1322 1238 hibitae
1346 1205 1396 1237 vel
1423 1209 1584 1237 ostensae.

1242 1259 1355 1291 Datum
1385 1257 1504 1290 Romae
1520 1283 1527 1296 ,
1552 1255 1635 1300 apud
1661 1255 1692 1289 S.
1719 1255 1849 1288 Mariam
1873 1255 1936 1288 Ma-

1200 1312 1302 1345 iorem
1328 1311 1387 1343 sub
1412 1310 1533 1343 annulo
1550 1309 1734 1350 piscatoris,
1755 1308 1805 1341 die
1825 1319 1870 1342 x11
1891 1309 1936 1341 itt-

1202 1364 1304 1398 nuarii
1330 1373 1499 1403 nmxcvn,
1525 1362 1730 1407 pontificatus
1756 1361 1856 1395 nostri
1882 1372 1937 1394 an-

1202 1429 1242 1452 no
1267 1429 1309 1452 vi.

1238 1480 1296 1508 Dat.
1313 1480 1355 1507 die
1374 1479 1404 1507 12
1420 1478 1534 1506 ianuarii
1554 1478 1632 1512 1697,
1653 1477 1746 1514 pontif.
1765 1483 1836 1505 anno
1856 1484 1901 1505 vu.

1993 791 2054 810 futes
2069 792 2123 811 tran-

1942 820 2077 843 sumptorum.

1506 1620 1630 1655 CXLIV.

1204 1703 1413 1746 Praecipilur
1456 1701 1697 1744 archiepiscopo
1741 1700 1904 1734 Goamnsi
1929 1727 1937 1739 ,

1248 1767 1284 1789 (tc
1309 1756 1464 1800 episcopis
1488 1754 1732 1797 Meliaporensi,
1761 1753 1943 1795 Cranyano·

1249 1809 1335 1842 relisi
1359 1813 1387 1841 et
1413 1807 1598 1841 Coccinensi
1626 1811 1662 1839 ut
1686 1806 1848 1839 observent
1875 1804 1944 1838 Cle-

1249 1861 1366 1894 menlis
1391 1861 1420 1894 X
1445 1859 1708 1893 constitutionem
1734 1859 1820 1891 circa
1843 1858 1943 1890 iuris-

1250 1914 1423 1948 dictionem
1462 1912 1659 1945 vicariorum
1693 1911 1944 1955 apostolicorum

1250 1968 1284 2000 in
1310 1966 1441 2001 Oriente
1457 1966 1477 1999 ¹.

1385 2046 1582 2074 Innocentius
1603 2046 1683 2079 Papa
1704 2046 1767 2077 XII,

1348 2091 1385 2118 ad
1404 2091 1535 2118 futuram
1550 2090 1594 2117 rei
1621 2090 1802 2117 memoriam.

1253 2163 1268 2207 g
1285 2162 1315 2195 1.
1335 2161 1420 2202 Cum,
1439 2161 1521 2194 sicut
1537 2161 1733 2204 accepimus,
1753 2160 1826 2194 lieet
1843 2161 1946 2194 felicis
1984 2173 1996 2191 ‚t
2009 2171 2139 2192 etenimex

1209 2215 1442 2249 recordationis
1453 2214 1600 2248 Clemens
1618 2214 1704 2257 Papa
1717 2213 1742 2246 X
1756 2214 1946 2256 praedeces·
1957 2198 2139 2253 lt'sssltsffl'sslllf‘fflss

1211 2280 1264 2302 sor
1288 2273 1400 2301 noster
1423 2278 1482 2311 per
1507 2267 1662 2311 quasdam
1696 2277 1768 2299 suas
1793 2265 1823 2298 in
1850 2251 2140 2306 simili'0¹32ss2‘311‚¹22‘'02]{¹122

1211 2323 1312 2356 forma
1344 2321 1453 2354 Brevis
1478 2320 1622 2361 litteras,
1648 2330 1784 2363 quarum
1816 2319 1945 2352 initium
1957 2303 2139 2359 l-'issssss-'f'ss'ssfi‘mllss

1250 2386 1258 2411 t
1281 2382 1371 2410 Simile
1393 2385 1570 2417 praeceptum
1595 2381 1697 2408 sactum
1721 2380 1772 2407 suit
1797 2380 1946 2417 archiepis·
1956 2357 2125 2376 munte-nimiu...

1211 2435 1278 2463 copo
1299 2426 1444 2461 Goanensi,
1457 2426 1581 2460 aliisque,
1598 2429 1683 2452 const.
1701 2424 1745 2452 ed.
1761 2432 1886 2460 uncxcvr,
1903 2425 1947 2453 die

1210 2472 1245 2499 22
1263 2471 1392 2502 octobris,
1413 2469 1509 2506 pontif.
1527 2476 1566 2503 ης
1583 2469 1616 2496 de
1635 2468 1819 2496 iurisdictione
1836 2470 1949 2498 ricario-

1211 2524 1272 2543 rum
1292 2515 1354 2542 vide
1374 2518 1461 2542 const.
1483 2514 1527 2541 ed.
1549 2519 1680 2546 mmxcvr,
1702 2513 1745 2540 die
1764 2514 1797 2539 23
1813 2514 1947 2548 -octobris,

1213 2561 1307 2596 pontif.
1320 2567 1344 2587 vt
1356 2570 1362 2594 3
1379 2560 1449 2587 etde
1461 2559 1592 2586 electione
1605 2558 1766 2586 vicariorum
1775 2559 1948 2587 foraneorum

1213 2606 1239 2631 in
1260 2605 1382 2631 America
1398 2604 1457 2632 vide
1473 2607 1557 2631 const.
1574 2602 1617 2630 ed.
1629 2609 1771 2636 moexcvttl,
1787 2603 1830 2631 die
1844 2603 1860 2631 3
1874 2604 1946 2639 maii,

438 2647 568 2693 quaevis
589 2645 651 2682 alia
677 2643 841 2689 expressio
861 2641 1017 2682 habenda,
1038 2646 1092 2674 aut
1116 2641 1170 2675 ali·
1213 2649 1308 2686 pontis.
1331 2655 1376 2676 vn.
