2227 3225
162 242 211 267 An.
226 242 255 267 C.
280 241 345 268 ¹693

174 1939 295 1963 clausulae.

926 242 1135 266 INNOCENTIUS
1161 243 1204 266 ΧΠ
1227 244 1275 266 Pr.

353 295 468 329 terrae,
505 290 628 333 oppidi,
666 292 714 324 vel
750 291 811 324 loci
837 291 876 323 ab
911 289 1088 323 Ordinariis

352 343 496 375 locorum
508 343 687 386 respective
707 343 949 386 designandam,
964 343 996 375 in
1015 343 1090 375 dua-

350 395 411 427 bus
447 395 612 428 dumtaxat
654 396 728 429 anni
767 396 993 429 festivitatibus
1032 406 1089 439 per

352 448 482 481 eosdem
507 449 696 483 Ordinarios
714 451 812 483 semel
828 456 949 483 tantum
967 450 1089 493 pariter

351 501 390 533 ad
429 501 458 534 id
486 502 731 545 designandis,-
753 514 769 535 a
799 503 911 546 primis
943 501 1087 545 vesperis

350 563 452 597 usque
479 555 518 588 ad
540 566 687 588 occasum
708 556 783 589 solis
803 555 1008 589 festivitatum
1029 555 1087 587 hu-

350 606 607 648 iusmodi,annis
631 608 775 651 singulis,
802 609 917 642 devote
943 609 1088 641 visitave-

350 660 428 700 rint,
455 666 487 693 et
511 661 553 693 ibi
580 672 638 704 pro
663 662 750 694 felici
776 661 820 704 pii
845 661 951 704 operis
977 661 1088 693 liuius-

350 714 437 747 modi
475 725 652 758 progressu
691 720 721 748 et
757 715 993 758 propagatione
1009 741 1016 754 ,
1050 725 1086 747 ae

349 777 410 810 pro
431 767 682 801 christianorum
701 767 884 811 principum
903 767 1085 807 concordia,

350 820 524 854 haeresum
551 821 780 864 extimatione,
812 826 942 854 sanctae
974 820 1085 852 matris

348 872 511 907 Ecclesiae
537 874 731 907 exaltatione
757 874 826 917 pias
845 874 884 907 ad
902 873 1001 906 Deum
1018 884 1087 916 pre-

348 936 402 958 ces
417 925 599 966 effuderint,
616 927 725 960 itidem
743 927 922 970 plenariam
940 926 1086 960 omnium

348 985 555 1022 peccatorum
580 991 711 1013 suorum
737 980 974 1023 indulgentiam
993 987 1023 1013 et
1040 991 1086 1013 re-

349 1033 536 1066 missionem
552 1034 809 1067 misericorditer
822 1034 854 1066 in
866 1034 1001 1068 Domino
1016 1045 1086 1067 con·

348 1085 504 1119 cedimus.
540 1087 674 1120 Demum
712 1087 834 1120 eisdem
870 1087 1086 1131 hospitiorum

349 1144 381 1171 et
397 1140 689 1183 congregationum
708 1141 893 1174 huiusmodi
912 1141 1083 1184 deputatis,

348 1192 504 1225 ministris
540 1200 571 1226 et
606 1193 798 1226 officialibus
828 1193 1086 1237 quibuscumque

348 1246 576 1288 praesentibus
609 1252 640 1279 et
664 1246 794 1287 futuris,
819 1246 1085 1290 quotiescumque

348 1299 577 1341 congressibus
597 1310 658 1343 pro
675 1300 795 1333 salubri
814 1300 957 1343 ipsorum
975 1301 1087 1344 hospi-

348 1351 469 1385 tiorum
494 1353 683 1393 directione,
709 1364 765 1386 seu
799 1353 877 1396 ipsis
909 1364 1086 1395 congrega-

347 1404 491 1438 tionibus
517 1406 605 1439 iuxta
627 1417 736 1439 earum
770 1406 953 1439 institutum
981 1407 1085 1439 ubivis

346 1458 502 1491 faciendis
542 1459 725 1502 respective
766 1459 992 1499 interfuerint,
1032 1465 1085 1492 aut

346 1512 577 1555 quodcumque
614 1512 703 1545 aliud
740 1511 868 1555 pietatis
904 1512 952 1544 vel
978 1512 1086 1544 chari-
1105 1514 1107 1526 ”

347 1563 421 1596 tatis
457 1575 538 1607 opus
575 1564 615 1597 ad
647 1575 738 1596 suum
773 1564 910 1607 quisque
945 1564 1084 1597 officium

344 1616 514 1659 pertinens
534 1617 730 1660 peregerint,
745 1628 803 1660 pro
822 1616 969 1660 quolibet
986 1627 1085 1660 opere

345 1668 547 1709 huiusmodi,
574 1669 740 1711 sexaginta
765 1668 833 1702 dies
859 1669 898 1702 de
931 1669 1085 1702 iniunctis

346 1721 392 1754 eis
417 1732 474 1755 seu
492 1722 572 1755 alitis
592 1722 842 1765 quomodolibet
869 1722 986 1755 debitis
1007 1733 1086 1766 poe-

345 1775 491 1808 nitentiis
526 1775 558 1808 in
598 1776 699 1809 forma
734 1776 896 1809 Ecclesiae
931 1778 1106 1810 consueta¹

345 1829 538 1861 relaxamus.
559 1829 785 1862 Praesentibus
810 1829 976 1872 perpetuis
1003 1830 1086 1863 futu-

346 1881 389 1914 ris
415 1882 618 1925 temporibus
642 1882 802 1916 valituris.

389 1935 404 1978 ἓ
435 1934 467 1968 3.
498 1934 653 1968 Volumus
685 1941 793 1968 autem
828 1941 863 1968 ut
897 1936 1084 1970 earumdem

345 1987 567 2031 praesentium
584 1987 762 2021 litterarum
791 1989 1012 2032 transumptis,
1030 2000 1085 2022 seu

346 2041 510 2084 exemplis,
530 2041 626 2074 etiam
645 2041 821 2085 impressis,
837 2053 935 2075 manu
948 2042 1085 2076 alicuius

344 2094 461 2127 notarii
480 2094 603 2137 publici
624 2095 829 2138 subscriptis,
843 2102 874 2128 et
887 2095 995 2139 sigillo
1013 2107 1087 2140 per-

344 2157 444 2180 sonae
465 2147 499 2180 in
526 2147 749 2181 ecclesiastica
778 2149 935 2191 dignitate
965 2150 1086 2182 consti-

345 2205 433 2234 tutae
451 2201 597 2242 munitis,
620 2202 734 2234 eadem
757 2212 893 2245 prorsus
913 2203 992 2236 fides
1014 2204 1086 2236 ubi-

345 2263 409 2296 que
433 2254 582 2287 locorum
609 2254 780 2295 habeatur,
804 2266 885 2298 quae
907 2256 1086 2290 haberetur

344 2305 425 2349 ipsis
442 2303 672 2350 praesentibus
688 2307 713 2340 si
731 2307 839 2341 forent
855 2308 1019 2342 exhibitae
1033 2310 1083 2343 vel

345 2365 511 2393 ostensae.

388 2411 503 2445 Datum
527 2412 647 2446 Romae
663 2441 669 2453 ,
687 2414 771 2457 apud
789 2413 820 2447 S.
843 2414 970 2447 Mariam
987 2415 1085 2448 Maio—

345 2475 423 2504 rem,
439 2466 498 2498 sub
516 2467 636 2500 annulo
660 2466 844 2508 piscatoris,
864 2468 914 2500 die
938 2478 1016 2501 xvul
1035 2468 1083 2501 de-

346 2517 485 2551 cembris
503 2529 658 2560 uncxctn,
677 2520 882 2564 pontificatus
903 2521 1007 2554 nostri
1029 2532 1084 2554 an·

346 2579 388 2602 no
406 2579 455 2602 111.

381 2631 439 2659 Dat.
456 2632 499 2660 die
516 2632 548 2660 28
565 2633 714 2663 decembris
734 2636 809 2672 2003,
825 2636 924 2672 pontif.
942 2645 1011 2666 anno
1026 2643 1064 2665 111.

1439 291 1556 324 Lxxx.

1132 369 1325 403 Conceditur
1348 369 1560 412 indulyenlia
1582 370 1735 412 plenaria
1760 381 1868 413 perpe-

1176 426 1233 454 tua
1256 423 1396 465 acyrotis
1421 423 1456 455 in
1487 423 1645 466 hospitali
1667 423 1722 456 SS.
1758 424 1869 456 Salva-

1176 477 1254 508 toris
1278 475 1321 508 acl
1344 476 1465 509 Sancta
1485 476 1678 509 Sanctorum
1698 475 1735 509 de
1758 476 1864 509 Urbe¹.

1311 555 1505 583 Innocentius
1526 556 1605 589 Papa
1624 556 1690 589 ΧΠ,

1245 600 1280 628 ad
1303 603 1481 635 perpetuam
1503 600 1549 628 rei
1569 600 1752 628 memoriam.

1174 671 1215 703 Ex
1234 671 1370 704 iniuncti
1388 671 1481 704 nobis
1502 671 1654 705 divinitus
1671 670 1867 704 sacrosancti

1129 777 1200 817 luti,
1226 783 1380 821 quantum
1405 788 1477 810 eum
1511 778 1648 812 Domino
1684 788 1865 822 possumus,

1129 832 1299 864 consulere
1325 831 1503 875 cupientes,
1529 832 1680 864 omnibus
1705 838 1738 864 et
1761 832 1868 874 singu-

1129 885 1168 917 lis
1194 885 1361 928 utriusque
1397 895 1492 917 sexus
1526 885 1790 918 christifidelibus
1815 895 1867 918 ae-

1130 939 1228 981 grotis
1268 938 1301 970 in
1338 938 1490 981 hospitali
1527 938 1580 971 SS.
1618 938 1789 971 Salvatoris
1828 939 1867 971 ad

1128 992 1243 1025 Sancta
1268 992 1459 1024 Sanctorum
1481 991 1520 1024 de
1538 991 1623 1025 Urbe
1641 1002 1699 1035 pro
1719 997 1866 1035 tempore

1129 1045 1352 1085 morientibus,
1366 1044 1397 1076 in
1413 1044 1644 1088 cuiuscumque
1660 1055 1769 1078 eorum
1787 1055 1868 1077 mor-

1131 1098 1168 1130 tis
1193 1098 1340 1137 articulo,
1367 1098 1393 1129 si
1419 1108 1492 1130 vere
1517 1098 1722 1141 poenitentes
1747 1104 1778 1131 et
1795 1109 1868 1131 con-

1130 1151 1216 1191 fessi,
1234 1161 1269 1183 ac
1293 1148 1382 1183 sacra
1407 1151 1637 1184 communione
1663 1151 1785 1191 refecti,
1808 1152 1867 1191 vel,

1130 1209 1286 1247 quatenus
1312 1203 1343 1236 id
1369 1204 1475 1236 facere
1501 1203 1716 1246 nequiverint,
1753 1204 1868 1236 saltem

1107 1256 1260 1289 ·contriti
1285 1266 1405 1289 nomen
1431 1256 1498 1289 lesu
1530 1266 1598 1297 ore,
1626 1256 1651 1289 si
1688 1257 1866 1299 potuerint,

1129 1309 1179 1342 sin
1211 1309 1318 1342 minus
1354 1309 1450 1342 corde
1484 1309 1599 1342 devote
1636 1309 1866 1349 invocaverint,

1129 1363 1306 1405 plenariam
1331 1362 1475 1396 omnium
1497 1368 1706 1405 peecatorum
1731 1373 1866 1395 suorum

1128 1416 1364 1458 indulgentiam
1405 1422 1436 1448 et.
1475 1416 1702 1449 remissionem
1742 1417 1868 1449 miseri-

1106 1501 1107 1506 ,
1128 1469 1270 1502 corditer
1289 1469 1322 1501 in
1340 1469 1477 1502 Domino
1497 1469 1717 1502 concedimus.
1740 1469 1773 1502 In
1795 1480 1869 1502 con-

1129 1523 1262 1555 trarium
1300 1522 1518 1563 facientibus,
1558 1533 1623 1556 non
1663 1523 1868 1556 obstantibus

1128 1575 1397 1618 quibuscumque.
1434 1576 1664 1609 Praesentibus
1698 1576 1866 1619 perpetuis

1127 1627 1241 1661 futuris
1267 1628 1471 1672 temporibus
1495 1629 1653 1662 valituris.

1170 1681 1284 1714 Datum
1309 1682 1451 1722 Romae,
1476 1682 1563 1725 apud
1590 1682 1621 1715 S.
1648 1681 1778 1716 Mariani
1804 1682 1868 1715 Ma—

1126 1734 1249 1774 iorem,
1277 1734 1337 1767 sub
1377 1735 1499 1767 annulo
1532 1735 1730 1775 piscatoris,
1767 1735 1819 1768 die
1848 1745 1865 1768 v

1126 1787 1265 1820 ianuarii
1282 1796 1434 1827 iiocxcw,
1456 1787 1666 1831 pontificatus
1685 1788 1792 1821 nostri
1809 1799 1865 1822 an-

1127 1850 1169 1873 no
1193 1850 1242 1874 111.

1162 1893 1222 1921 Dat.
1244 1892 1288 1921 dte
1307 1894 1324 1921 5
1343 1893 1459 1921 ianuarii
1480 1894 1565 1929 1694,
1586 1894 1683 1930 pontif.
1704 1903 1775 1923 anno
1791 1901 1827 1923 tu.

1126 2096 1328 2130 Eaeimuntur
1361 2097 1505 2140 praelati
1539 2099 1635 2141 reym’
1665 2097 1822 2142 Neapolis
1845 2110 1864 2133 a

1170 2152 1242 2183 iure
1270 2151 1421 2184 Gamerae
1444 2151 1649 2194 Apostolicae
1673 2154 1865 2196 assequendi

1169 2203 1276 2246 spolia
1314 2207 1342 2236 et
1376 2203 1500 2246 fructus
1538 2215 1674 2237 suarum
1710 2206 1861 2239 ecclesia«

1170 2267 1259 2297 rimi,
1284 2257 1318 2289 in
1334 2257 1453 2290 harum
1470 2262 1573 2291 [anien
1591 2258 1772 2292 utilitatem
1793 2270 1864 2293 con-

1169 2309 1353 2344 vertenda⁹.

1163 2417 1172 2442 1
1195 2415 1314 2443 Similem
1333 2416 1530 2451 indulgentiam
1550 2417 1611 2444 vide
1629 2417 1656 2444 in
1673 2417 1862 2446 constitutione

1125 2460 1316 2495 praecedenti;
1337 2464 1363 2488 et
1383 2461 1465 2488 aliam
1485 2470 1534 2496 pro
1554 2462 1683 2496 hospitali
1710 2462 1801 2497 oppidi
1828 2462 1861 2489 de

1126 2504 1153 2530 S.
1181 2504 1282 2531 Claudii
1307 2505 1467 2532 Parisiensis
1491 2505 1625 2532 dioecesis
1650 2506 1678 2533 in
1706 2510 1790 2533 const.
1816 2506 1859 2533 ed.

1125 2554 1249 2582 uncxcw,
1270 2549 1315 2576 die
1335 2550 1369 2576 20
1388 2550 1456 2583 iulii,
1479 2550 1574 2584 pontif.
1595 2558 1632 2577 iv.

1160 2595 1175 2618 2
1200 2592 1254 2619 Hac
1283 2593 1316 2620 de
1345 2602 1375 2620 re
1403 2594 1495 2628 plures
1523 2594 1669 2622 laudantur
1697 2594 1860 2622 Pontificum

1125 2638 1330 2667 constitutiones
1344 2639 1415 2666 infra
1431 2639 1458 2674 gg*
1474 2641 1489 2666 t}
1510 2644 1536 2667 et
1556 2640 1587 2674 7;
1609 2644 1635 2667 et
1650 2640 1677 2666 in
1694 2639 1774 2667 huius
1786 2640 1859 2668 Pon-

1756 235 1819 268 589
1866 245 1916 271 An.
1937 244 1955 268 t:
1991 247 1996 267 t
2022 245 2056 270 ot

1905 674 2016 696 Concessio
2028 677 2060 696 iti-

1880 703 1926 721 ctae
1953 703 2060 726 intlutgvn·

1129 726 1330 766 apostolatus
1353 724 1450 758 officii
1476 725 1586 758 debito
1617 725 1795 758 animarum
1820 735 1868 757 sa·
1879 729 1920 748 ΗΜ
1938 730 1955 748 s„
1969 733 2060 750 arn-utu

1878 759 1958 776 mortis.
