2227 3225
90 200 159 256 ΔΑΒ,
180 227 209 254 C.
228 225 297 252 1689

137 707 251 729 Concessio
264 713 294 728 in-

111 735 231 761 dulgentiae
249 736 294 761 pte-

110 767 192 784 uariat.

297 273 395 307 corda
419 277 529 305 nostra
552 279 798 314 praeparemus.
819 269 904 301 llaec
930 274 1037 300 autem

298 332 332 359 ut
352 326 541 359 ferventiori
567 324 677 357 studio
703 322 911 364 uberiorique
937 322 1039 353 fructu

299 379 388 418 liant,
412 378 582 422 antiquum
607 377 826 410 Romanorum
849 374 1041 408 Pontificum

300 432 593 477 praedecessorum
617 434 806 463 nostrorum
838 438 963 461 morem
993 438 1042 459 se-

300 486 383 527 cuti,
407 485 573 518 Ecclesiae
599 484 789 521 thesauros,
816 491 955 525 quorum
981 480 1044 514 dis-

301 538 529 583 pensationem
554 536 650 570 nobis
681 535 822 567 credidit
846 534 1042 572 Altissimus,

302 592 429 636 aperire
450 596 483 625 et
506 589 632 624 liberali
658 598 756 621 manu
774 597 911 630 erogare
937 587 1045 619 decre-

302 645 418 678 vimus.

348 699 363 742 §
387 698 419 731 ’1.
446 697 557 740 Itaque
582 696 622 729 de
648 693 882 738 omnipotentis
907 693 963 726 Dei
988 693 1046 725 mi-

306 751 486 786 sericordia
510 762 547 784 ac
571 750 745 782 beatorum
781 747 867 780 Petri
893 753 926 779 ct
957 747 1045 779 Pauli

304 804 526 848 apostolorum
548 802 618 836 eius
642 800 833 834 auctoritate
864 799 988 838 contisi,
1010 810 1046 831 ex

305 858 361 891 illa
392 856 516 900 ligandi
552 861 649 898 atque
685 853 832 887 solvendi
868 858 1047 896 potestate,

306 921 403 955 quam
419 909 515 943 nobis
532 908 687 942 Dominus
713 907 788 940 licet
811 905 954 948 indignis
974 914 1050 937 con-

307 964 392 1004 tulit,
411 962 571 996 universis
597 967 629 994 et
653 960 788 1003 singulis
812 959 982 1001 utriusque
1000 968 1050 990 se-

309 1028 367 1050 xus
392 1015 663 1050 christifidelibus
681 1014 713 1046 in
732 1014 816 1046 alma
833 1013 920 1045 Urbe
940 1013 1050 1045 nostra

310 1070 521 1114 degentibus,
561 1068 616 1112 qni
656 1066 793 1100 solemni
832 1064 1048 1109 processioni,

312 1134 406 1168 quam
431 1125 495 1155 una
519 1132 555 1155 ex
582 1120 669 1154 seriis
694 1120 861 1163 proximae
877 1118 1052 1151 hebdoma-

313 1178 385 1216 dae,
418 1186 500 1219 quae
537 1175 598 1208 erit
632 1174 776 1207 secunda
812 1172 987 1209 Adventus,
1012 1171 1051 1202 ab

314 1230 451 1263 ecclesia
475 1229 507 1262 S.
527 1228 643 1261 Mariae
663 1227 860 1269 Angelorum
880 1225 913 1257 in
930 1224 1052 1257 Termis

314 1283 353 1315 ad
377 1282 547 1315 basilicam
571 1280 719 1313 eiusdem
743 1279 774 1312 S.
793 1279 910 1311 Mariae
927 1276 1054 1310 Maioris

314 1340 534 1378 nuncupatam
559 1334 599 1366 de
624 1333 738 1366 eadem
765 1331 868 1370 Urbe,
894 1333 959 1363 una
983 1339 1053 1361 cum

313 1387 555 1422 venerabilibus
580 1385 732 1418 fratribus
758 1384 878 1417 nostris
909 1383 940 1416 S.
961 1383 998 1415 R.
1017 1382 1051 1414 E.

315 1440 547 1479 cardinalibus,
573 1448 703 1471 necnon
730 1436 938 1480 patriarchis,
956 1435 1057 1467 archi.

317 1494 480 1538 episcopis
506 1498 538 1526 et
561 1491 732 1535 episcopis,
759 1501 839 1534 quos
864 1490 896 1522 in
914 1489 1056 1522 Romana

317 1547 412 1581 Curia
427 1546 540 1580 adesse
557 1545 742 1587 contigerit,
756 1555 791 1577 ac
804 1543 1056 1577 christianorum

318 1610 432 1643 regum
468 1604 501 1632 et
534 1598 720 1642 principum
754 1597 938 1631 oratoribus
972 1596 1056 1639 apud

318 1663 379 1686 nos
397 1652 624 1688 existentibus.
643 1651 796 1695 praelatis
816 1660 945 1694 quoque
963 1655 995 1683 et
1011 1649 1058 1683 os-

318 1705 476 1739 ficialibus
501 1704 647 1738 eiusdem
672 1703 801 1743 Curiae,
837 1704 1057 1745 universoque

320 1760 410 1792 clero
436 1763 468 1791 et
495 1759 629 1801 populo,
660 1757 875 1790 benedicente
900 1756 1055 1795 Domino,

321 1822 465 1854 agemus,
491 1811 606 1844 devote
631 1810 848 1849 interfuerint,
871 1811 922 1843 vel
952 1810 983 1843 S.
1011 1811 1059 1842 Io-

323 1865 416 1897 annis
448 1863 482 1896 in
517 1863 696 1902 Laterano,
730 1862 888 1905 Principis
923 1863 1059 1905 Aposto-

322 1920 440 1958 lorum,
470 1922 502 1951 et
532 1917 564 1950 S.
590 1917 708 1949 Mariae
733 1916 858 1949 Maioris
884 1917 1057 1955 ecclesias,

322 1983 380 2005 seu
404 1971 564 2009 basilicas,
589 1972 640 2004 vel
662 1980 774 2003 earum
798 1970 951 2013 aliquam,
975 1970 1060 2002 intra

323 2025 464 2068 spatium
499 2024 642 2056 eiusdem
681 2024 730 2055 vel
769 2023 915 2066 proxime
951 2023 1061 2055 subse-

324 2077 452 2120 quentis
477 2077 703 2109 hebdomadae
724 2077 838 2108 saltem
864 2077 963 2108 semel
989 2075 1061 2108 visi-

325 2130 471 2169 taverint,
504 2130 614 2173 ibique
650 2140 710 2172 per
745 2129 874 2172 aliquod
907 2130 1062 2172 temporis

324 2183 460 2225 spatium
485 2182 614 2221 devote,
638 2188 672 2213 ut
695 2191 803 2225 supra,
828 2182 929 2214 Deum
953 2192 1062 2215 orave-

323 2237 399 2275 rint,
424 2246 460 2268 ac
483 2237 597 2279 quarta
615 2240 646 2268 et
664 2237 752 2268 sexta
771 2235 849 2267 scria
869 2246 905 2268 ae
927 2236 1061 2268 sabbato

325 2289 458 2323 alterius
488 2298 523 2321 ex
553 2288 707 2331 praefatis
744 2287 958 2321 hebdomadis
983 2288 1063 2321 ieiu-

325 2342 481 2382 naverint,
507 2347 549 2381 et,
575 2346 706 2385 peccata
731 2352 787 2374 sua
811 2341 962 2381 concessi,
989 2352 1061 2374 san-

325 2394 504 2428 ctissimum
525 2393 748 2427 Eucharistiae
768 2399 1005 2427 sacramentum
1029 2394 1061 2426 in

326 2447 488 2481 dominica
517 2446 568 2480 die
600 2446 787 2479 immediate
817 2446 984 2489 sequenti,
1012 2448 1061 2479 vel

326 2501 388 2534 alia
406 2500 458 2534 die
478 2501 563 2533 intra
580 2501 725 2533 eamdem
744 2500 991 2539 hebdomadam,
1013 2510 1063 2533 re-

907 219 1090 243 MENANDER
1118 219 1173 242 vm
1197 220 1246 243 PP-

1083 272 1175 308 geret
1200 266 1335 304 devotio,
1354 267 1576 308 erogaverint3
1602 267 1717 299 ceteris
1744 277 1817 298 vcro

1083 325 1172 352 extra
1189 319 1307 352 Urbem
1334 319 1531 361 pi‘aedictam
1558 319 1678 361 ubique
1699 320 1819 360 dcgcn-

1085 373 1180 412 tibus,
1204 373 1257 416 qui
1283 372 1436 405 ecclesias
1467 373 1506 404 ab
1531 372 1708 405 Ordinariis
1733 373 1821 404 loco-

1085 437 1163 465 rum,
1189 427 1239 459 vel
1266 436 1379 459 corum
1397 425 1525 458 vicariis
1546 435 1602 457 seu
1621 424 1822 463 officialibus,

1086 485 1139 512 aut
1164 480 1203 512 de
1229 490 1343 512 corum
1370 479 1544 517 mandato,
1571 483 1618 517 ct,
1642 478 1721 521 ipsis
1746 477 1824 509 deti-

1087 534 1267 573 cicntibus,
1293 544 1351 576 per
1385 543 1439 565 eos
1464 532 1519 576 qui
1554 532 1597 564 ibi
1623 542 1730 564 curam
1756 531 1824 563 aiii-

1086 598 1211 620 marum
1243 591 1404 624 exercent,
1438 591 1612 628 postquam
1644 585 1682 617 ad
1715 596 1825 616 corum

1088 640 1234 673 notitiam
1259 640 1318 672 hac
1346 645 1476 672 nostrae
1503 638 1725 681 pervenerint,
1746 637 1828 669 desi-

1090 694 1247 736 gnandas,
1267 693 1316 725 vcl
1335 691 1545 725 ecclesiarum
1565 690 1747 723 huiusmodi
1774 691 1830 722 ali-

1090 757 1196 789 quam,
1213 746 1318 788 spatio
1334 746 1470 778 duarum
1485 744 1634 776 similiter
1652 743 1830 776 hebdoma-

1091 800 1202 832 darum
1221 809 1237 831 a
1258 797 1481 841 publicatione
1507 796 1755 837 designationis,
1782 797 1830 828 rcl

1091 863 1151 895 per
1175 851 1362 885 Ordinarios
1392 851 1441 883 vcl
1471 860 1583 882 cortun
1614 849 1748 881 vicarios
1773 858 1831 881 scu

1093 905 1258 943 officiales,
1275 904 1323 936 vel
1342 903 1434 943 alios,
1453 907 1488 933 ut
1506 902 1700 944 praefertur,
1719 901 1833 933 sacien-

1093 959 1162 997 dae,
1186 958 1445 995 decursurarum,
1462 956 1576 988 saltem
1601 956 1700 987 scmcl
1725 955 1834 987 visita-

1093 1012 1208 1051 verint,
1235 1009 1358 1052 ibique,
1392 1013 1427 1040 ut
1457 1018 1565 1051 supra,
1598 1007 1773 1047 oraverint,
1797 1018 1834 1040 ac

1094 1066 1207 1108 quarta
1231 1069 1263 1097 et
1280 1064 1369 1097 sexta
1388 1062 1467 1095 seria
1485 1072 1520 1094 ac
1537 1061 1670 1094 sabbato
1700 1061 1834 1094 alterius

1095 1129 1132 1151 ex
1157 1115 1372 1150 hebdomadis
1397 1114 1583 1148 huiusmodi
1608 1114 1833 1153 ieiunaverint,

1095 1172 1284 1214 pariterque
1309 1174 1443 1212 peccata
1475 1179 1533 1201 sua
1564 1167 1717 1206 confessi,
1743 1177 1778 1199 ac
1801 1167 1834 1199 in

1098 1224 1149 1257 die
1185 1222 1345 1256 dominica
1382 1221 1566 1254 immediate
1596 1220 1759 1263 sequenti,
1785 1221 1835 1252 vel

1097 1277 1160 1309 alia
1192 1276 1242 1308 dic
1281 1276 1366 1308 intra
1398 1274 1545 1307 eamdem
1577 1273 1835 1312 hebdomadam,

1098 1329 1301 1362 sanctissima
1325 1327 1551 1360 communione
1576 1327 1687 1359 resecti
1706 1326 1836 1365 suerint,

1099 1388 1131 1416 et
1148 1382 1345 1425 pauperibus
1371 1381 1511 1423 aliquam
1537 1381 1787 1423 eleemosynam,
1804 1385 1839 1411 ut

1099 1434 1325 1479 praemittitur,
1362 1433 1577 1475 erogaverint,
1613 1432 1836 1475 plenissimam

1099 1489 1245 1522 omnium
1270 1491 1479 1530 peccatorum
1504 1495 1636 1518 suorum
1665 1485 1839 1527 indulgen-

1101 1543 1176 1574 tiam
1202 1546 1234 1574 et
1257 1539 1494 1578 remissionem,
1521 1538 1603 1571 sicut
1627 1538 1659 1570 in
1685 1548 1769 1570 anno
1795 1537 1841 1568 iu-

1100 1594 1196 1628 bilaei
1219 1593 1424 1626 visitantibus
1450 1597 1554 1624 certas
1580 1590 1732 1624 ecclesias
1756 1591 1841 1623 intra

1102 1653 1133 1682 et
1148 1653 1237 1681 extra
1255 1646 1373 1679 Urbem
1390 1645 1589 1688 praedictam
1607 1644 1743 1677 concedi
1765 1654 1840 1676 con-

1101 1701 1212 1740 suevit,
1239 1706 1353 1732 tenore
1378 1697 1599 1742 praesentium
1628 1696 1838 1730 concedimus

1102 1759 1134 1788 et
1159 1753 1348 1796 elargimur.

1146 1808 1162 1851 ἓ
1185 1807 1216 1839 02.
1236 1806 1430 1848 Navigantes
1456 1815 1531 1838 vero
1557 1809 1589 1837 et
1613 1803 1674 1836 iter
1697 1808 1840 1847 agentes,

1102 1913 1296 1957 receperint,
1317 1912 1548 1956 suprascriptis
1577 1911 1724 1954 peractis,
1743 1916 1776 1943 et
1798 1922 1844 1943 νι-

1103 1968 1196 2000 sitata
1210 1966 1348 2000 ecclesia
1366 1964 1558 2003 cathedrali,
1577 1964 1626 1996 vel
1644 1964 1770 2003 maiori,
1789 1970 1843 1996 aut

1104 2020 1283 2064 parochiali
1302 2019 1364 2052 loci
1381 2029 1493 2052 eorum
1511 2017 1677 2057 domicilii,
1696 2018 1843 2051 eamdem

1105 2073 1338 2116 indulgentiam
1352 2072 1506 2115 consequi
1522 2071 1645 2114 possint
1661 2077 1691 2103 et
1703 2072 1842 2111 valeant·,

1105 2126 1310 2169 regularibus
1345 2130 1452 2157 autem
1493 2123 1642 2167 personis
1677 2123 1845 2167 utriusque

1106 2190 1208 2219 sexus,
1236 2179 1331 2211 etiarn
1357 2178 1388 2210 in
1415 2176 1564 2210 claustris
1598 2181 1758 2220 perpetuo
1792 2177 1846 2210 de-

1106 2233 1258 2276 gentibus
1274 2260 1281 2272 ,
1306 2241 1433 2264 necnon
1467 2230 1538 2263 aliis
1565 2230 1844 2273 quibuscumque,

1108 2292 1169 2318 tam
1194 2285 1284 2319 laicis
1310 2294 1405 2328 qnam
1424 2282 1847 2321 ecclesiasticissaeculari-

1106 2340 1164 2372 bus
1196 2339 1246 2372 vel
1277 2337 1496 2380 regularibus,
1528 2335 1625 2368 etiam
1651 2335 1683 2367 in
1716 2345 1844 2368 carcerc

1106 2399 1158 2426 aut
1192 2392 1378 2436 captivitate
1410 2390 1631 2428 existentibus,
1659 2389 1707 2421 vel
1738 2389 1844 2431 aliqua

1105 2445 1252 2488 corporis
1272 2444 1458 2477 infirmitate
1476 2453 1531 2475 seu
1554 2443 1616 2475 alio
1640 2452 1843 2484 quocumque

1106 2498 1338 2541 impedimento
1359 2496 1506 2534 detentis,
1525 2495 1578 2538 qui
1597 2504 1693 2537 supra
1718 2504 1844 2536 expres-

326 2559 476 2586 verenter
500 2554 706 2597 sumpserint,
725 2564 762 2586 ac
785 2554 984 2596 pauperibus
1006 2554 1062 2586 ali·
1106 2562 1139 2584 sa
1165 2552 1213 2584 vel
1238 2560 1351 2583 eornm
1378 2549 1485 2592 aliqua
1519 2552 1686 2591 praestare
1722 2546 1839 2589 nequi-

326 2617 424 2650 quam
436 2606 981 2651 eleemosynam,proutunicuique
994 2616 1063 2649 sug·
1106 2605 1219 2644 verint,
1245 2609 1279 2636 ut
1304 2603 1358 2636 illa
1382 2601 1596 2636 confessarius
1629 2610 1666 2633 ex
1694 2599 1755 2632 ian]
1788 2609 1843 2642 ap-

434 2669 513 2697 Bull.
531 2670 610 2699 Rom.
627 2686 661 2690 —
680 2671 739 2698 Vol.
758 2671 816 2698 XX.
960 2671 978 2697 Q

1760 209 1779 239 0
1827 218 1874 243 An.
1896 217 1923 243 C.
1942 217 2008 243 ‘lsi-‘9

1892 1811 1920 1831 De
1935 1811 2034 1832 naz-tenn-

1309 1860 1315 1865 .
1758 1858 1763 1863 ,
1789 1858 1794 1863 ,
1814 1857 1819 1862 ,
1853 1840 1908 1858 tilius
1923 1841 1942 1858 et
1958 1839 1998 1857 iter
2013 1845 2034 1857 a·

1102 1867 1148 1902 ut,
1171 1871 1241 1894 cum
1266 1870 1408 1903 primum
1435 1860 1474 1892 ad
1500 1870 1557 1891 sua
1582 1868 1653 1891 sese
1679 1859 2035 1891 domiciliacommentam<

1820 1911 1825 1916 ,
1854 1892 1966 1917 impeditis.
