2227 3225
129 278 180 304 An.
197 276 226 304 C.
249 276 316 304 1691

169 705 230 726 fiili-³
254 707 312 727 tran-

128 736 264 758 Sut'tp'orum.

157 1179 243 1200 Sanctio
264 1185 314 1206 poc·

133 1207 192 1227 aaliz.

909 275 1117 300 INNOCENTIUS
1141 275 1186 298 ΧΠ
1210 275 1257 298 rP.

324 325 379 365 sis,
406 324 546 364 insertis,
572 324 707 358 servatis
734 328 766 357 et
790 323 982 367 specificatis
1000 334 1062 356 res-

323 378 447 421 pective
466 378 633 417 habentes,
651 378 715 411 illis
730 378 807 411 alias
821 377 853 410 in
868 388 926 410 suo
943 378 1060 410 robore

322 431 552 473 permansuris,
570 430 609 463 ad
634 430 886 474 praemissorum
904 429 1061 469 ellectum,

322 483 434 516 harum
461 483 554 523 serie,
570 483 756 526 specialiter
780 489 811 517 et
836 493 985 526 expresse
1007 483 1062 515 de—

321 546 484 578 rogamus,
500 543 531 569 et
555 529 747 578 derogatum
772 547 843 569 esse
867 537 1012 569 volumus
1030 539 1062 567 ct

321 590 524 629 mandamus;
545 589 727 633 ceterisque
745 589 916 622 contrariis
933 588 1062 631 quibus-

323 652 472 685 cumque.

367 695 381 738 ἓ
406 695 458 728 19.
486 695 638 728 Volumus
664 698 772 728 autem
805 700 841 727 ut
873 693 1061 728 earumdem

321 748 544 791 praesentium
566 748 748 781 litterarum
766 747 988 791 transumptis,
1004 757 1062 779 seu

322 801 490 844 exemptis,
516 801 613 834 etiam
638 801 816 844 impressis,
840 811 938 833 manu
964 800 1063 833 alicu-

321 854 370 887 ius
395 854 514 887 notarii
539 854 660 897 publici
682 854 883 897 subscriptis,
903 858 935 886 et
955 853 1062 896 sigillo

322 918 484 950 personae
508 907 541 939 in
567 907 787 940 ecclesiastica
813 907 970 949 dignitate
988 917 1063 940 con-

323 962 454 993 stitutae
474 961 616 1001 muniti-s,
642 961 754 994 eadem
769 971 904 1004 prorsus
928 960 1007 993 tides
1031 960 1063 992 in

322 1014 443 1047 iudicio
478 1020 509 1047 et
544 1019 633 1047 extra
663 1014 743 1047 illud
772 1014 942 1054 habeatur,
981 1023 1063 1056 quae

322 1067 498 1101 haberetur
514 1068 745 1111 praesentibus
772 1067 797 1101 si
821 1068 930 1101 forent
944 1066 1066 1100 exhibi-

324 1126 374 1153 tae
390 1122 440 1154 vel
461 1126 624 1154 ostensae.

369 1172 464 1214 [5⁶20.
497 1173 584 1206 Nulli
615 1184 692 1216 ergo
729 1174 861 1207 omnino
898 1173 1065 1207 hominum

326 1227 422 1259 liceat
445 1227 596 1270 paginam
624 1227 709 1260 hanc
732 1233 915 1260 nostrarum
948 1237 1065 1269 appro-

326 1280 486 1319 bationis,
519 1279 798 1319 confirmationis,
823 1279 1063 1319 innovationis,

326 1332 538 1371 reductionis,
565 1332 847 1375 reintegrationis,
874 1332 1062 1371 sanctionis,

325 1386 561 1425 mandatorum,
594 1385 837 1429 prohibitionis,
865 1386 986 1425 statuti,
1012 1385 1065 1418 de-

326 1443 508 1477 cretorum,
547 1439 812 1480 derogationum,
846 1439 1063 1477 voluntatum,

325 1490 582 1533 ademptionum,
606 1490 857 1530 restitutionum,
884 1490 1084 1530 concessio-t

324 1553 413 1583 num,
440 1544 723 1584 consolidationis,
750 1545 953 1584 annexionis,
971 1539 1084 1577 unio-¹

324 1596 384 1637 nis,
400 1596 604 1636 hortationis
622 1597 868 1637 obsecrationis,
887 1596 1064 1640 praecepti,

325 1650 560 1690 renovationis,
586 1651 831 1690 annullationts,
858 1650 1062 1689 cassationis,

325 1702 538 1742 irritationis,
565 1703 816 1743 declarationis,
842 1703 1041 1736 onerationis
1056 1729 1063 1741 ,

328 1756 561 1790 moderationis
573 1761 605 1789 et
618 1757 856 1789 reformationis
871 1757 1061 1799 infringere,

329 1811 378 1842 vel
397 1810 424 1842 ei
443 1820 522 1842 ausu
543 1810 717 1842 temerario
735 1810 911 1842 contraire:
938 1810 964 1841 si
990 1809 1062 1852 quis

332 1867 440 1895 autern
465 1862 526 1894 hoc
550 1867 707 1894 attentare
734 1861 1000 1904 praesumpserit,
1018 1861 1065 1892 in-
1085 1883 1086 1887 ,

333 1915 557 1958 dignationem
583 1914 812 1957 omnipotentis
833 1914 887 1946 Dei
906 1925 941 1946 ac
958 1914 1066 1946 beato-

333 1979 406 2002 rum
427 1969 512 2002 Petri
538 1974 569 2002 et
586 1969 676 2001 Pauli
702 1968 922 2011 apostolorum
940 1967 1007 2000 eius
1033 1977 1067 1999 se

334 2021 463 2055 noverit
487 2022 701 2055 incursurum.

379 2075 491 2108 Datum
518 2075 650 2114 Romae,
677 2074 761 2117 apud
787 2073 816 2106 S.
845 2073 975 2106 Mariam
1000 2072 1087 2115 illa-3

337 2127 461 2167 iorem,
497 2138 582 2160 anno
617 2126 853 2159 Incarnationis
889 2121 1087 2158 dominicae*

336 2190 500 2221 nncxeiv,
526 2190 577 2213 xiv
603 2180 758 2212 kalendas
783 2178 910 2217 martii,
935 2169 1087 2221 pontiti-¹

338 2238 426 2266 catus
452 2233 556 2266 nostri
582 2243 666 2265 anno
691 2242 740 2266 111.

374 2295 432 2323 Dat.
450 2296 494 2322 die
510 2295 542 2323 16
556 2295 686 2322 februarii
704 2295 781 2327 1694,
798 2294 895 2330 pontif.
913 2301 984 2320 anno
1000 2299 1037 2319 111.

618 2497 778 2532 LXXXIII.

331 2603 554 2646 Assiynanlur
575 2604 697 2647 puellis
723 2603 960 2637 Conservatorii
978 2602 1069 2635 Diri-

376 2668 435 2689 mcv
460 2657 687 2690 Ptovsdcnliae
712 2658 749 2690 de
776 2657 854 2690 Urbe
875 2657 977 2689 decem
998 2656 1069 2689 suls·
1089 2669 1092 2699 2

1739 264 1802 295 Γῆ]

1146 323 1232 355 sidia
1258 321 1383 354 dotalia
1409 332 1446 353 ex
1471 321 1659 364 quilutxdunz
1676 322 1840 352 archican-

1146 374 1409 419 fruternilalibus
1431 379 1460 407 ει
1484 372 1836 417 confrulerm'tatibus¹.

1285 464 1483 492 Innocentius
1504 464 1582 497 Papa
1601 463 1663 494 xu,

1222 510 1259 537 ad
1279 513 1453 544 perpetuam
1472 509 1517 536 rei
1538 508 1719 536 memoriam.

1147 591 1161 634 g
1179 590 1210 623 1.
1231 589 1317 629 Cum,
1344 589 1427 622 sicut
1453 588 1652 631 acecpimus,
1669 587 1841 620 Conserva-
1867 603 1945 648 1:111:ss
1963 602 2031 621 imm

1877 635 1934 648 *¹¹'ll'fl
1947 635 2006 648 mut).

1105 645 1187 677 torio
1206 639 1338 676 Divinae
1356 642 1579 676 Providentiae
1597 646 1782 684 nuncupato
1800 641 1839 674 de
1852 636 1872 649 ³³
1897 643 1906 654 ⁰

1104 697 1188 730 Urbe
1205 698 1340 730 multum
1354 697 1526 729 levamenti
1542 701 1773 739 proventurum
1789 695 1837 733 sit,

1104 750 1128 782 si
1143 750 1268 783 dilectis
1283 750 1314 782 in
1329 749 1458 783 Christo
1473 749 1598 782 filiabus
1614 749 1645 780 in
1661 748 1739 781 illud
1755 758 1841 780 nunc

1104 803 1243 846 receptis
1258 830 1265 842 ,
1303 813 1339 835 ac
1374 813 1433 846 pro
1465 807 1611 845 tempore
1644 801 1841 844 recipiendis

1104 856 1304 899 pauperibus
1329 855 1457 899 puellis,
1474 855 1598 898 aliquot
1622 854 1766 887 subsidia
1787 854 1843 887 do-

1106 909 1190 949 talia,
1218 920 1253 942 ex
1274 909 1337 941 illis
1357 919 1439 951 quae
1456 920 1473 941 a
1491 907 1656 941 nonnullis
1674 907 1843 940 archicon-

1105 962 1359 995 fraternitatibus
1377 972 1413 994 ac
1430 961 1748 994 confraternitatibus
1765 960 1845 992 eius-

1106 1016 1179 1048 dem
1205 1015 1299 1047 Urbis
1324 1014 1472 1047 distribui
1491 1015 1607 1049 solent.
1625 1013 1718 1046 annis
1736 1013 1843 1054 singu-

1106 1068 1144 1101 lis
1170 1068 1394 1110 assignentur:
1413 1078 1480 1105 nos,
1504 1066 1748 1099 considerantes
1765 1076 1844 1098 sum-

1053 1140 1056 1142 *
1107 1131 1241 1164 mopere
1268 1121 1382 1153 decere
1414 1120 1540 1163 puellas
1566 1119 1728 1162 praefatas
1745 1145 1752 1158 ,
1779 1129 1844 1161 quo

1107 1174 1231 1206 facilius
1264 1173 1358 1205 statui
1397 1183 1456 1205 suo
1490 1173 1662 1204 consulere
1698 1172 1842 1207 valeant,

1107 1227 1294 1259 huiusmodi
1327 1225 1480 1258 subsidiis
1517 1225 1679 1263 adiuvari,
1705 1224 1844 1267 illasque

1107 1279 1304 1322 specialibus
1330 1278 1489 1310 favoribus
1516 1282 1546 1309 et
1564 1277 1673 1318 gratiis
1691 1287 1842 1319 proseqzr

1107 1333 1262 1370 volentes,
1291 1337 1322 1364 et
1346 1341 1456 1363 earum
1483 1331 1666 1372 singulares
1688 1339 1843 1373 personas

1106 1397 1123 1418 a
1149 1385 1315 1428 quibusvis
1333 1383 1691 1423 excommunicationis,
1711 1393 1847 1425 suspen-

1105 1439 1205 1471 sionis
1223 1443 1252 1471 et
1267 1437 1443 1477 interdicti,
1461 1436 1597 1479 aliisque
1616 1435 1844 1469 ecclesiasticis

1105 1491 1293 1530 sententiis,
1331 1490 1475 1523 censuris
1506 1495 1537 1522 et
1574 1489 1709 1532 poeniS,
1735 1499 1752 1521 a
1776 1488 1845 1520 iure

1104 1544 1154 1576 vel
1168 1544 1207 1576 ab
1221 1543 1364 1582 homine,
1377 1542 1486 1585 quavis
1503 1542 1670 1574 occasione
1686 1541 1736 1573 vel
1751 1543 1846 1573 causa

1105 1597 1191 1636 latis,
1215 1597 1239 1628 si
1258 1596 1374 1638 quibus
1399 1595 1645 1638 quomodolibet
1669 1594 1844 1626 innodatae

1106 1650 1260 1689 existunt,
1280 1649 1318 1681 ad
1337 1649 1486 1681 effectum
1507 1648 1730 1690 praesentium
1758 1647 1848 1679 dum-

1108 1708 1193 1735 taxat
1210 1702 1488 1745 consequendum.
1511 1701 1624 1733 harum
1643 1702 1723 1733 serie
1742 1701 1848 1732 absol-

1085 1773 1086 1781 κ
1106 1762 1219 1789 ventes
1242 1761 1272 1788 et
1292 1757 1457 1788 absolutas
1477 1755 1544 1787 fore
1564 1759 1756 1792 censentes,
1774 1764 1848 1786 nec-

1106 1819 1170 1841 non
1186 1819 1462 1851 quorumcumque
1488 1812 1756 1839 testamentorum
1772 1807 1848 1839 alia-

1107 1872 1244 1904 rumque
1282 1861 1378 1894 etiam
1418 1861 1602 1894 ultimarum
1643 1861 1846 1892 voluntatum

1108 1920 1204 1957 atque
1221 1915 1469 1957 dispositionum
1485 1920 1622 1952 tenores,
1636 1918 1667 1945 et
1680 1913 1740 1945 alia
1755 1921 1848 1954 quae-

1108 1977 1245 2009 cumque
1272 1969 1367 1999 etiam
1387 1965 1572 2009 specificam
1596 1971 1627 1997 et
1647 1965 1845 1997 individuam

1108 2019 1307 2052 mentionem
1323 2025 1354 2051 et
1371 2019 1612 2061 expressionem
1635 2018 1846 2060 requirentia,

1108 2072 1336 2115 praesentibus
1368 2083 1427 2115 pro
1461 2073 1557 2114 plene
1589 2078 1621 2104 ct
1651 2071 1848 2103 sufficienter

1109 2125 1269 2168 expressis
1310 2130 1342 2157 ct
1378 2124 1508 2156 insertis
1545 2123 1720 2163 habentes,
1756 2127 1847 2155 motu

1108 2177 1255 2220 proprio,
1284 2188 1320 2209 ac
1345 2188 1381 2210 ex
1407 2179 1494 2209 certa
1517 2177 1652 2209 scientia
1668 2182 1697 2208 et
1722 2177 1847 2208 maun-a

1109 2231 1342 2263 deliberatione
1367 2230 1497 2269 nostris,
1524 2230 1628 2272 deque
1650 2228 1847 2272 apostolicae

1108 2283 1278 2327 potestatis
1304 2282 1521 2326 plenitudine,
1546 2288 1580 2314 ut
1604 2282 1642 2314 de
1668 2287 1775 2314 cetero
1794 2291 1848 2314 an-

1109 2336 1158 2368 nis
1185 2336 1320 2378 singulis
1345 2336 1458 2368 decem
1483 2335 1627 2367 subsidia
1653 2335 1782 2374 dotalia,
1809 2344 1846 2366 ex

1108 2388 1148 2421 iis
1189 2399 1271 2432 quae
1310 2399 1369 2432 per
1410 2388 1787 2421 arcliiconfraternitates
1816 2393 1848 2419 et

1110 2441 1394 2474 confraternitates
1415 2441 1630 2484 infrascriptis
1648 2441 1765 2483 puellis
1783 2450 1848 2472 ma-

1109 2495 1245 2527 ritandis
1269 2496 1317 2527 vel
1344 2494 1579 2528 monachandis
1605 2494 1844 2536 dispensantur,

1110 2550 1173 2580 una
1197 2558 1266 2580 cum
1292 2547 1398 2591 pretio
1423 2548 1519 2580 vestis
1548 2547 1594 2580 eis
1619 2547 1687 2580 dari
1712 2546 1844 2583 solitae,

1145 2619 1157 2645 1
1181 2619 1280 2645 Similis
1300 2619 1447 2652 assignatio
1469 2620 1496 2644 tit
1512 2617 1607 2653 puellis
1623 2617 1730 2651 hospitii
1747 2623 1848 2649 paupe-

1110 2672 1168 2691 rum
1181 2663 1358 2690 invalidorum
1374 2663 1406 2689 de
1424 2663 1492 2690 Urbe
1505 2662 1695 2688 constitutione
1712 2660 1846 2694 sequenti.

1849 273 1896 298 An.
1919 271 1945 298 C.
1965 272 2029 298 terit
