2254 3225
202 230 250 255 An.
275 228 301 254 e.
323 229 386 255 een
433 220 497 253 590

228 449 261 469 Ex*
273 447 347 468 otium.

227 1135 307 1155 minan
321 1136 382 1155 liuius

199 1165 363 1183 eonstitulwnis.

569 278 767 307 Innocentius
787 279 961 314 Episcopus,

587 331 693 351 servus
708 331 862 351 servorum
875 324 937 357 Dei,

510 369 546 395 ad
561 371 737 402 perpetuam
755 368 801 396 rei
820 368 1003 396 memoriam.

437 438 640 473 Inscrutabili
676 445 828 473 aeternae
864 439 1043 483 sapientiae
1079 449 1129 471 ar-

393 501 475 524 cano
499 492 642 525 universi
660 493 748 526 orbis
772 493 930 533 ecclesiis,
951 491 1074 525 meritis
1090 491 1130 524 li-

394 550 446 577 eet
459 545 646 589 imparibus,
664 546 896 589 praesidentes,
913 545 1019 587 vigilis
1038 555 1128 577 more

393 599 544 640 pastoris,
570 598 603 630 in
629 608 739 631 omnes
763 598 830 640 agri
848 596 1001 630 dominici
1018 602 1128 639 partes

394 650 511 683 mentis
527 656 655 683 nostrae
673 651 785 683 oculos
803 650 1127 689 ci1·cumserimus,ut,

395 703 553 746 quidquid
579 703 764 736 earumdem
801 702 1023 742 ecclesiarum,
1057 702 1128 735 illa-

394 765 530 799 rumque
554 755 733 788 antistitum
758 755 864 795 statui,
890 754 1012 795 decori,
1044 765 1125 787 com—

394 809 507 849 modis,
523 808 750 851 tranquillitati
764 813 795 841 et
810 807 995 840 necessitati
1012 817 1128 840 conve·

393 862 462 894 nire
484 872 663 901 censemus,
683 861 721 894 ad
744 861 899 893 maiorem
918 860 972 894 Dei
991 861 1127 903 gloriam

393 913 540 946 sollicitis
569 919 601 946 et
624 912 779 946 beneficis
802 913 916 946 studiis
941 924 1128 956 promovea-

392 977 471 1007 mus,
496 972 603 1010 prout,
630 977 755 1007 rerum,
782 966 927 999 locorum
952 972 984 999 et
1007 971 1128 1009 tempo-

392 1029 463 1052 rum
487 1020 738 1052 circumstantiis
764 1024 887 1052 attente
908 1020 1070 1062 pensatis,
1094 1019 1127 1052 in

392 1073 526 1105 Domino
544 1073 758 1116 conspicimus
772 1073 946 1105 salubriter
959 1074 1123 1117 expedire.

436 1125 505 1168 gi.
541 1125 633 1165 Hinc,
660 1125 736 1157 dum
775 1126 814 1158 ad
851 1125 942 1167 regni
976 1125 1128 1169 Neapolis

392 1179 663 1221 metropolitanas
689 1184 720 1211 et
743 1179 822 1211 alias
848 1179 1052 1212 cathedrales
1077 1191 1129 1213 ee-

392 1231 516 1271 clesias,
542 1235 577 1263 ut
600 1230 778 1275 plurimum
802 1230 916 1274 inopes
934 1237 966 1264 et
986 1232 1126 1275 exiguas,

391 1290 504 1327 utpote
529 1284 614 1317 inter
639 1294 673 1317 se
698 1285 791 1317 valde
816 1285 1015 1328 propinquas
1039 1291 1072 1318 et
1088 1287 1128 1319 ad

390 1348 543 1380 magnum
558 1348 729 1370 numerum
747 1342 877 1370 centum
896 1338 1025 1380 triginta
1042 1339 1129 1382 quin-

391 1401 463 1434 que,
479 1390 728 1434 comprehensis
745 1390 881 1423 invicem
895 1391 1002 1432 unitis,
1021 1402 1131 1425 ascen-

391 1444 526 1485 dentes,
554 1449 632 1487 quot
656 1444 688 1476 in
713 1443 861 1486 pluribus
886 1455 923 1477 ac
948 1445 1043 1477 etiam
1065 1456 1130 1478 ma-

391 1496 514 1530 ioribus
540 1497 649 1539 regnis
675 1502 706 1530 et
722 1497 872 1530 dominiis
889 1508 955 1530 non
976 1499 1129 1539 existunt,

391 1549 612 1583 convertimus
637 1555 766 1583 nostrae
792 1550 1065 1584 considerationis
1086 1552 1129 1584 in-

393 1603 518 1642 tuitum,
545 1613 612 1636 non
636 1602 704 1635 sine
730 1603 816 1645 gravi
842 1603 940 1636 animi
976 1615 1127 1638 moerore

391 1655 637 1699 perpendimus,
665 1657 841 1699 plerasque
867 1667 977 1690 earum
1003 1658 1129 1691 archie-

391 1708 576 1751 piscopales
612 1713 644 1741 et
668 1708 884 1752 episcopales,
917 1720 1047 1743 necnon
1072 1710 1130 1743 ali-

392 1772 533 1805 quorum
558 1763 742 1805 praesulum
768 1762 976 1804 inferiorum,
1002 1774 1058 1796 seu
1083 1763 1131 1796 di-

392 1815 550 1858 gnitatum
575 1815 664 1858 quasi
693 1815 914 1859 episcopalem
937 1816 1131 1850 iurisdictio-

391 1879 466 1901 nem
491 1878 549 1901 seu
573 1868 816 1901 ordinariorum
837 1869 908 1902 iura
926 1870 1127 1912 habentium,

391 1931 532 1962 mensas,
560 1922 602 1955 ob
628 1922 814 1955 dioecesum
842 1923 1020 1966 angustias,
1043 1924 1130 1957 inco-

391 1975 494 2007 larum
521 1980 553 2007 et
577 1975 793 2017 agricolarum
820 1975 1050 2016 deficientiam,
1069 1983 1131 2010 ter-

392 2033 598 2061 raemotuum
624 2028 858 2071 frequentiam,
883 2030 1025 2073 aliasque
1051 2036 1131 2063 tem-

392 2090 507 2122 porum
533 2080 678 2120 iniurias,
704 2080 870 2123 dignitatis
895 2082 1059 2124 splendori
1077 2093 1132 2116 ne-

393 2133 543 2166 cessariis
560 2143 615 2166 seu
634 2134 785 2176 congruis
803 2144 912 2166 carere
939 2135 1130 2175 redditibus,

393 2185 549 2228 istosque,
564 2192 713 2229 respectu
738 2186 920 2230 aliquarum
946 2198 1130 2220 mensarum

393 2238 590 2279 huiusmodi,
607 2238 655 2270 vix
674 2239 712 2271 ad
730 2249 870 2272 annuam
888 2250 1046 2272 summam
1062 2251 1132 2273 scu-

394 2297 500 2325 torum
526 2292 748 2332 ducentorum,
772 2294 820 2326 vel
838 2293 932 2325 aliam
952 2294 1051 2336 paulo
1071 2304 1132 2326 rna-

393 2345 508 2386 iorem,
522 2345 696 2378 ascendere
707 2372 714 2386 ,
737 2350 769 2378 et
784 2351 957 2388 propterea
972 2347 1131 2389 praefatas

394 2397 673 2441 metropolitanas,
699 2403 730 2430 et
754 2398 832 2430 alias
850 2399 1064 2439 cathedrales,
1083 2410 1134 2432 ce-

397 2456 547 2494 terasque
573 2450 732 2483 dictorum
758 2451 977 2493 praelatorum
1002 2452 1134 2485 iuferio-

394 2531 473 2558 titicis
498 2530 606 2557 constit.
637 2529 701 2557 edit.
723 2536 851 2563 nocxcur,
872 2531 915 2557 die
944 2531 975 2558 15
1002 2532 1133 2565 octobris7

396 2580 470 2611 pont,
491 2582 529 2607 ιιι,
550 2579 715 2602 revocantur
735 2575 882 2610 peculiaria
901 2575 1004 2603 indulta
1020 2576 1134 2603 testandi

397 2620 546 2648 cardinalib
561 2628 592 2653 is,
615 2620 726 2654 alii>que
749 2619 861 2646 ⁴oncedi
882 2620 968 2647 solita.

968 230 1146 255 BULLARIUM
1169 230 1323 255 ROMANL'M

1168 289 1240 311 rum
1265 278 1416 312 ecclesias
1440 278 1506 319 illa,
1530 288 1625 321 quam
1642 278 1699 311 Dei
1719 277 1833 311 domus
1851 287 1901 310 ex-

1168 336 1330 374 posceret,
1349 331 1516 364 maiestate
1534 337 1565 364 et
1577 331 1716 373 eleganti
1729 332 1899 369 structura,

1169 393 1297 416 necnon
1333 384 1462 417 decenti
1485 384 1689 427 supellectile
1719 385 1819 424 sacra,
1844 393 1900 415 ne-

1170 436 1385 479 cessariisque
1423 436 1684 479 reparationibus
1725 436 1897 478 indigere,

1170 488 1393 521 ministrorum
1436 499 1564 531 quoque
1606 489 1902 522 ecclesiasticorum

1169 541 1396 574 sufficientiam
1421 547 1454 574 et
1478 541 1698 582 idoneitatem,
1724 542 1765 574 ob
1791 541 1902 574 huius-

1170 594 1256 626 modi
1281 595 1329 627 vel
1355 594 1496 637 inopiam
1522 595 1571 627 vel
1593 593 1825 637 opulentiam⁴,
1845 595 1902 627 de-

1170 646 1317 687 siderari,
1342 647 1459 690 piaque
1485 658 1584 690 opera
1608 648 1687 680 inibi
1713 648 1745 680 in
1766 647 1834 680 dies
1853 648 1904 680 de-

1169 711 1315 733 crescere
1331 700 1493 734 ctalicubi
1511 700 1680 734 defecisse.
1699 700 1789 733 Unde
1807 700 1903 734 etiam

1170 765 1265 787 aures
1298 754 1469 796 benignius
1508 760 1539 786 et
1570 754 1725 787 attentius
1756 754 1905 797 porrexi-

1170 818 1240 840 mus
1276 808 1490 850 querimoniis
1530 818 1636 850 nuper
1671 808 1710 840 ad
1747 818 1804 840 nos
1843 818 1902 851 pro

1170 866 1262 903 parte
1287 861 1521 893 venerabilium
1555 861 1685 893 fratrum
1718 866 1905 894 nostrorum

1171 913 1490 956 archiepiscoporum
1516 919 1547 945 et
1572 914 1798 956 episcoporum
1824 914 1905 946 eius-

1171 965 1243 998 dem
1267 966 1360 1008 regui
1386 965 1522 999 delatis‘2
1539 979 1555 998 a
1577 965 1755 1009 spoliorum
1776 967 1907 999 subcol-

1171 1019 1358 1058 lectoribus,
1384 1019 1499 1062 quibus
1533 1019 1661 1052 tametsi
1696 1029 1755 1062 per
1786 1029 1906 1062 oppor-

1171 1078 1264 1105 tunas
1301 1072 1391 1105 Sedis
1429 1072 1633 1115 Apostolicae
1670 1073 1802 1115 eiusque
1835 1072 1905 1105 offi-

1171 1125 1298 1158 cialium
1317 1125 1519 1168 provisiones
1535 1125 1610 1157 satis
1624 1125 1812 1158 mandatum
1831 1125 1906 1158 suis-

1170 1189 1203 1211 se
1227 1183 1393 1219 noscatur,
1417 1184 1463 1219 ut,
1489 1178 1667 1211 viventibus
1702 1178 1906 1221 praesulibus

1170 1231 1379 1272 huiusmodi,
1407 1241 1424 1263 a
1458 1232 1617 1264 bonorum
1657 1241 1694 1264 ex
1725 1231 1907 1264 redditibus

1171 1295 1302 1317 suarum
1341 1284 1550 1318 ecclesiarum
1594 1289 1627 1317 et
1668 1286 1769 1318 multo
1805 1285 1906 1327 magis

1171 1337 1301 1370 aliunde
1337 1348 1396 1381 per
1429 1348 1485 1371 eos
1521 1337 1755 1380 acquisitorum
1791 1348 1908 1381 seque-

1171 1391 1344 1430 stratione,
1380 1390 1587 1433 possessione
1626 1396 1657 1423 et
1692 1391 1907 1434 occupatione

1171 1453 1306 1486 prorsus
1332 1443 1545 1483 abstinerent,
1571 1443 1784 1476 nihilominus
1806 1444 1906 1487 aliqui

1172 1507 1209 1529 ex
1234 1496 1349 1529 iisdem
1380 1496 1685 1537 subcollectoribus‚
1720 1496 1785 1529 suis
1810 1497 1908 1530 sacul-

1172 1549 1289 1582 tatibus
1322 1550 1501 1589 abutentes,
1538 1560 1597 1582 nec
1632 1559 1767 1593 poenaS,
1793 1550 1909 1592 quibus

1171 1603 1204 1635 in
1239 1607 1489 1644 trangressores,
1527 1608 1563 1635 ut
1596 1613 1655 1645 par
1692 1608 1749 1643 est,
1786 1603 1909 1636 iustitia

1171 1655 1345 1695 mediante,
1386 1655 1599 1688 animadverti
1635 1666 1701 1688 non
1726 1655 1786 1688 suit
1813 1666 1908 1698 prae·

1172 1709 1366 1748 termissum,
1393 1708 1653 1748 reformidantes,
1676 1709 1832 1752 quinimo,
1852 1709 1908 1742 ubi

1172 1761 1273 1804 magis
1297 1762 1557 1794 commiseranda
1583 1763 1697 1794 suisset
1719 1761 1832 1804 inopia
1860 1763 1909 1795 vel

1173 1814 1328 1857 angustia,
1342 1814 1509 1847 molestias
1522 1820 1553 1846 et
1564 1814 1703 1856 rigorem
1717 1814 1798 1847 lucri
1809 1815 1911 1857 gratia

1172 1867 1433 1910 multiplicantes,
1461 1867 1804 1910 subsequestrationis,
1826 1877 1912 1900 asse-

1173 1920 1362 1961 curationis,
1381 1921 1429 1953 vel
1444 1920 1506 1953 alio
1523 1925 1692 1963 praetextu
1710 1920 1910 1961 huiusmodi,

1173 1974 1452 2017 archiepiscopos,
1488 1974 1661 2017 episcopos
1694 1979 1726 2007 et
1750 1974 1912 2017 praelatos

1173 2027 1343 2061 inferiores
1368 2027 1572 2069 aegritudine
1596 2038 1728 2070 pressos
1753 2033 1783 2060 et
1803 2027 1835 2059 in
1861 2038 1913 2060 ex-

1174 2081 1285 2114 tremis
1311 2080 1406 2113 etiam
1432 2080 1620 2113 laborantes
1647 2080 1828 2120 commodo,
1851 2090 1912 2112 usu

1174 2139 1206 2167 et
1240 2133 1448 2177 possessione
1492 2133 1652 2166 bonorum
1692 2134 1912 2176 praefatorum

1173 2187 1223 2220 vel
1247 2187 1432 2229 aliquorum
1458 2197 1495 2218 ex
1520 2186 1585 2219 illis
1613 2186 1749 2229 privare,
1776 2197 1834 2219 seu
1853 2186 1911 2220 ali-

1175 2245 1224 2272 ter
1248 2239 1336 2282 ipsos
1361 2239 1506 2282 ipsisque
1543 2239 1761 2272 inservientes
1787 2244 1912 2282 pertur-

1174 2293 1250 2325 bare
1275 2292 1564 2335 praesumpserint.

1218 2343 1288 2387 §a
1326 2343 1499 2387 Cupientes
1539 2348 1711 2387 propterea
1750 2342 1933 2389 eiusmodi„

1175 2397 1270 2430 malis
1295 2402 1514 2440 opportunum
1539 2398 1696 2430 adhibere
1722 2397 1899 2430 remedium

1213 2489 1224 2514 1
1247 2487 1347 2514 Forsan
1372 2487 1557 2521 anqnsliam,
1579 2486 1621 2512 vel
1650 2494 1706 2512 non
1734 2481 1909 2521 opulentiam

1176 2531 1321 2566 legendum
1336 2531 1375 2565 (n.
1391 2530 1439 2564 τ.).

1212 2576 1228 2601 ⁹2
1248 2575 1311 2601 lleic
1332 2575 1419 2609 aliqua
1440 2574 1614 2608 exciderunt,
1637 2582 1677 2600 ex.
1699 2583 1724 2608 g.
1746 2582 1833 2609 super
1852 2582 1909 2602 mo-

1180 2620 1267 2648 lestiis
1289 2620 1358 2654 ipsis
1380 2619 1469 2647 illati<
1489 2625 1524 2654 tu.
1549 2620 1597 2653 T.J.

1907 229 1944 255 An
1973 229 2000 253 Γ..
2024 230 2031 251 t
2056 229 2090 253 Oli

1961 2338 2069 2362 Exewpim
2091 2344 2103 2358 ιι

1937 2366 2036 2384 taedii-,tis
2055 2372 2104 2384 siu-

1922 2392 1955 2412 ltis
1979 2394 2034 2411 motu
2057 2397 2104 2417 pro-

1903 2423 1910 2437 5
1921 2419 1967 2444 pitu
1982 2419 2044 2438 [acta.
