2227 3225
76 242 126 270 An.
139 240 169 268 G.
193 239 260 267 ¹695

856 230 1064 263 tNNerN'rltts
1088 230 1132 254 ΧΠ
1156 231 1204 255 ΡΡ.

270 287 494 324 declaramus,
540 293 576 316 ae
614 283 646 315 in
687 280 838 314 omnibus
875 286 906 312 et
944 290 1004 322 per

270 340 379 374 omnia
403 336 571 381 perpetuis
597 335 710 367 tuturis
736 333 938 376 temporibus
956 332 1004 364 in-

269 390 461 425 violabiliter
486 395 518 422 et
542 388 732 420 inconcusse
758 384 923 419 observari
950 395 1005 417 vo-

270 446 373 478 lumus
397 448 428 475 ct
452 441 656 474 mandamus.

314 497 328 539 g
349 496 381 529 3.
408 496 580 528 Praeterea
605 493 643 526 ad
668 493 871 536 praeclarum
896 490 1006 523 buius-

197 570 224 587 ,ψ
234 539 259 592 aff
271 549 357 583 modi
379 549 566 591 signaturae
585 546 727 579 iustitiae
744 545 924 578 vetantium
943 544 1007 576 col-

79 621 116 639 bus
132 620 187 638 mutu
198 593 260 642 11³3:

79 651 123 671 prio
139 645 203 664 sacta.

272 603 401 645 legium,
426 612 554 635 necnon
579 601 617 634 ad
643 599 816 633 laudabilia
836 597 1006 641 probitatis

273 662 305 689 et
331 656 484 688 virtutum
510 655 701 688 dilectorum
719 652 858 685 tiliorum
886 651 1008 683 moder-

272 719 389 742 norum
412 708 590 742 vetantium
616 705 803 739 huiusmodi
821 705 932 737 merita
956 714 1008 745 pa-

273 768 384 795 ternae
411 761 590 803 dirigentes
615 758 886 793 considerationis
912 756 1007 789 intui·

273 820 364 855 tum,
391 825 425 848 ae
460 814 601 856 benigne
634 813 875 857 perpendentes
907 821 1008 854 quan-

274 874 340 901 tum
373 868 500 902 decoris
534 878 570 900 ex
596 867 743 910 praefato
774 865 912 908 collegio
948 865 1008 897 uo-

271 932 386 955 manae
426 921 557 961 Curiae,
600 925 824 964 quantumque
860 918 1008 951 utilitatis

272 986 310 1008 ex
335 974 450 1008 sedulo
476 975 607 1007 illorum
632 974 744 1006 labore
780 972 919 1005 iustitiae
955 972 1009 1004 ad-

271 1027 501 1061 ministrationi
526 1027 702 1070 proveniat,
722 1036 843 1069 eosque
869 1025 1008 1069 proinde

272 1092 308 1114 ac
322 1081 451 1114 illorum
470 1090 684 1120 successores,
700 1085 736 1112 ut
753 1080 891 1112 alacrius
902 1079 1007 1119 tidem,

272 1145 417 1177 operam,
449 1133 641 1166 iudustriam
674 1140 706 1166 et
738 1133 943 1166 sedulitatem
975 1132 1009 1165 in

273 1187 352 1220 tanti
392 1187 536 1219 muueris
568 1187 723 1220 exercitio
755 1186 911 1219 adbibere
944 1192 1010 1218 stu-

273 1241 390 1278 deant,
422 1240 529 1283 aliqua
568 1239 699 1271 maioris
740 1238 1008 1271 honorificentiae

273 1293 459 1326 accessione
495 1293 661 1331 decorare,
696 1291 929 1335 ampliorisque
968 1291 1031 1323 sa-.

274 1356 350 1378 vore
370 1346 492 1388 gratiae
510 1345 663 1388 prosequi
681 1345 839 1383 volentes,
859 1344 907 1377 et¹
930 1344 1010 1386 ipso-

274 1408 343 1430 rum
370 1398 597 1431 modernorum
623 1397 801 1430 volantium
827 1396 1008 1438 singulares

272 1461 430 1493 personas
451 1461 467 1482 a
485 1449 649 1493 quibusvis
668 1449 1009 1482 excommunicationis

272 1502 495 1546 suspensionis
522 1508 553 1535 et
577 1502 755 1542 interdicti,
790 1502 926 1545 aliisque
959 1513 1010 1535 ec·

272 1555 460 1589 clesiasticis
486 1555 664 1595 sententiis,
692 1555 842 1588 censuris
868 1560 900 1588 et
932 1565 1010 1598 poe-

273 1662 362 1696 510110
388 1663 438 1695 vel
464 1664 557 1694 causa
582 1662 665 1702 latis,
685 1661 710 1693 si
737 1661 854 1704 quibus
880 1671 1011 1704 quomo-

274 1716 396 1749 dolibet
421 1716 597 1748 innodatae
624 1714 772 1754 existunt,
799 1716 837 1748 ad
863 1714 1010 1748 etl‘ectum

275 1768 492 1811 praesentium
524 1769 685 1800 dumtaxat
718 1768 1008 1811 consequendum,

275 1928 399 1960 ratione
433 1933 463 1959 et
494 1927 664 1970 potestatis
695 1927 898 1970 plenitudine
924 1928 1011 1960 simi-

276 1981 371 2020 libus,
405 1980 557 2023 praefatis
589 1981 756 2013 modernis
786 1986 817 2013 et
847 1991 906 2024 pro
934 1986 1012 2014 tem-

275 2044 354 2077 pore
386 2039 545 2077 perpctuo
580 2033 792 2066 existentibus
827 2034 1011 2076 signaturae

276 2087 416 2120 iustitiae
452 2086 647 2127 vetantibus,
687 2092 723 2119 ut
758 2088 797 2120 de
834 2093 942 2121 cetero
978 2088 1011 2120 in

275 2140 434 2179 omnibus,
455 2139 591 2182 singulis
612 2145 644 2173 et
661 2141 920 2184 quilmscumque
939 2151 1013 2174 eon-

276 2192 530 2235 gregationibus,
557 2193 772 2233 sessionibus,
794 2190 1032 2236 processioni-¹

275 2246 344 2286 bus,
370 2245 508 2288 pompis,
538 2246 683 2278 consiliis
719 2251 751 2278 et
782 2229 1033 2298 stinetioiiibiis,=

1683 230 1740 263 711

1045 278 1121 311 dere
1146 284 1178 312 et
1203 289 1401 323 comparere,
1428 292 1554 315 necnon
1576 294 1693 328 cappas
1720 299 1782 320 ma—

1046 343 1134 374 gnas,
1155 333 1272 376 quibus
1292 333 1388 366 iidem
1410 341 1555 368 volantes
1577 337 1609 369 in
1631 341 1782 382 cappella

1045 388 1155 418 nostra
1180 391 1326 427 utuntur,
1353 387 1503 420 similiter
1520 390 1650 431 quando
1672 401 1782 424 causa-

1046 448 1115 471 rum
1136 440 1430 481 commissionilnis,
1450 441 1589 484 aliisque
1608 444 1784 476 resolutio-

1047 491 1143 524 nibus
1168 492 1200 524 in
1225 492 1411 535 signaturae
1435 494 1576 527 iustitiae
1606 506 1785 537 congressu

1047 545 1261 587 collegialiter
1285 547 1449 587 assistunt,
1475 548 1571 580 etiam
1599 549 1727 582 deferre
1753 555 1786 581 et

1048 603 1174 640 gestare
1210 599 1312 632 libere
1338 605 1367 633 et
1392 600 1479 633 licite
1510 601 1637 643 possint
1669 608 1700 634 et
1733 612 1785 634 va-

1048 652 1155 690 leant,
1183 652 1371 684 earumdem
1412 658 1525 686 tenore
1561 655 1784 696 praesentium

1047 709 1207 746 perpetuo
1233 705 1439 738 concedimus
1465 711 1497 738 et
1518 706 1737 749 indulgemus.

1092 757 1106 799 ἓ
1127 756 1158 789 li.
1182 757 1411 798 Decerneutes,
1436 759 1565 792 easdem
1594 764 1784 802 praesentes

1049 809 1182 849 litteras,
1209 810 1305 843 etiam
1332 822 1369 843 ex
1396 821 1434 844 eo
1463 812 1549 855 quod
1576 813 1699 856 antiqui
1730 824 1784 846 seu

1051 869 1124 895 tunc
1142 863 1314 896 existentes
1334 870 1482 897 votantes
1502 865 1649 906 veteris¹,
1668 876 1733 905 seu,
1753 872 1788 898 ut

1049 916 1253 959 praefertur,
1289 922 1365 950 tune
1401 918 1570 961 suppressi
1601 919 1786 961 signaturae

1049 969 1188 1003 iustitiae
1213 971 1391 1004 vetantium
1416 972 1558 1015 collegii,
1586 983 1622 1005 ac
1642 973 1695 1006 alii
1722 973 1787 1016 qui-

1050 1035 1202 1067 cumque,
1232 1025 1327 1057 etiam
1352 1025 1484 1068 speciali
1517 1027 1592 1058 nota
1616 1025 1717 1068 digni,
1755 1027 1787 1059 in

1050 1077 1235 1120 praemissis
1261 1078 1508 1120 quomodolibet
1543 1078 1592 1111 ius
1622 1080 1671 1112 vel
1704 1079 1788 1112 inte-

1050 1141 1136 1163 resse
1162 1131 1318 1164 babentes
1342 1142 1398 1164 seu
1426 1132 1546 1165 babere
1571 1133 1788 1176 praetenden-

1051 1189 1105 1224 tes,
1124 1184 1239 1217 iisdcm
1258 1185 1447 1228 praemissis
1466 1196 1531 1218 non
1552 1187 1787 1227 consenserint,

1050 1243 1104 1269 aut
1128 1238 1232 1270 vocati
1258 1248 1315 1270 seu
1342 1238 1442 1271 auditi
1466 1249 1531 1271 non
1556 1239 1686 1279 suerint,
1713 1239 1789 1272 alizi-

1051 1300 1111 1333 que
1137 1291 1249 1333 quavis
1284 1291 1322 1323 de
1348 1293 1443 1323 causa
1474 1293 1678 1334 quantumvis
1707 1293 1788 1336 legi-

1051 1345 1125 1376 tima
1152 1349 1183 1376 et
1215 1344 1362 1384 iuridica,
1399 1345 1438 1377 de
1470 1346 1537 1378 ullo
1567 1346 1787 1389 subreptionis

1050 1398 1099 1429 vel
1125 1397 1328 1439 obreptionis
1354 1407 1411 1429 seu
1438 1397 1594 1431 nullitatis
1617 1398 1712 1439 vitio,
1736 1405 1789 1431 aut

1051 1449 1243 1482 intentionis
1268 1454 1399 1482 nostrae
1415 1476 1422 1490 ,
1447 1451 1495 1483 vel
1528 1450 1685 1484 interesse
1723 1452 1788 1484 ba—

1051 1502 1198 1534 bentium
1217 1504 1406 1541 consensus,
1424 1502 1555 1546 alioque
1581 1514 1787 1548 quocumque

1029 1565 1031 1600 ξ
1052 1556 1188 1597 defectu,
1213 1556 1329 1595 notari,
1356 1556 1538 1599 impugnari
1557 1557 1721 1599 redargui,
1741 1569 1789 1591 re-

273 1610 334 1649 nis,
351 1620 368 1642 a
393 1609 461 1642 iure
480 1611 529 1642 vel
556 1609 594 1641 ab
620 1609 761 1648 bomine,
779 1609 892 1651 quavis
918 1619 1011 1642 occa·
1029 1614 1030 1618 ’

1053 1609 1190 1650 tractari,
1216 1609 1247 1641 in
1268 1610 1316 1641 ius
1343 1610 1391 1642 vel
1417 1610 1674 1642 controversiam
1698 1621 1789 1644 revo-

1052 1663 1137 1703 cari,
1181 1662 1219 1694 ad
1257 1662 1413 1695 terminos
1450 1663 1530 1695 iuris
1566 1664 1692 1703 reduci,
1730 1675 1789 1697 seu

1052 1716 1207 1748 adversus
1232 1715 1304 1748 illas
1330 1716 1522 1758 aperitionis
1548 1717 1623 1756 oris,
1658 1717 1789 1750 restitu-

1029 1780 1031 1814 3
1053 1769 1149 1802 tionis
1166 1769 1197 1801 in
1218 1769 1390 1811 integrum,
1411 1770 1538 1803 aliudve
1556 1771 1789 1814 quodcumque

276 1823 388 1854 barum
425 1821 508 1853 serie
545 1821 748 1854 absolventes
780 1827 812 1853 et
847 1819 1030 1854 absolutas
1052 1822 1144 1862 iuris,
1165 1822 1237 1854 sacti
1255 1823 1305 1855 vel
1331 1823 1454 1865 gratiae
1479 1824 1659 1857 remedium
1686 1825 1791 1858 inten-

275 1876 344 1907 forc
381 1880 561 1914 censentes,
587 1880 689 1913 motu,
722 1875 870 1914 seientia,
890 1870 1031 1915 delibo-'2
1052 1875 1112 1907 tari
1148 1876 1198 1908 vel
1240 1875 1406 1918 impetrari
1447 1876 1634 1910 nullatenus
1669 1888 1787 1921 posse,

1030 1928 1224 1971 {minusque
1250 1929 1310 1961 sub
1336 1929 1490 1962 similium
1510 1931 1559 1963 vel
1585 1930 1789 1964 dissimilium

1052 1981 1226 2023 gratiarum
1259 1982 1551 2021 moderationibus,
1589 1984 1790 2018 limitationi-

1053 2034 1125 2073 bus,
1162 2034 1422 2067 revocationibus
1460 2041 1491 2068 et
1529 2037 1789 2080 quibuscumque

1053 2086 1123 2119 aliis
1139 2086 1309 2119 contrariis
1328 2087 1604 2130 dispositionibus,
1623 2099 1682 2132 per
1699 2100 1790 2133 quos-

1053 2150 1192 2182 cumque
1211 2139 1373 2172 Romanos
1391 2140 1566 2174 Pontifices
1583 2152 1788 2176 successores

1054 2197 1182 2225 nostros
1218 2198 1250 2225 et
1288 2193 1403 2226 Sedent
1439 2195 1662 2236 praedictam,
1692 2196 1789 2230 etiam

1054 2251 1151 2284 1110111,
1169 2245 1303 2278 scientia
1327 2249 1358 2279 et
1383 2246 1617 2282 deliberatione
1643 2255 1674 2282 et
1698 2255 1791 2294 pote·

277 2298 432 2341 negociis,
459 2298 643 2341 ceterisque
669 2300 791 2332 actibus
819 2301 956 2343 publicis
982 2307 1013 2335 et
1032 2305 1034 2338 l
1055 2299 1145 2331 statis
1163 2298 1364 2342 plenitudine
1383 2300 1524 2342 paribus,
1547 2312 1583 2334 ae
1600 2303 1695 2336 etiam
1713 2315 1790 2338 con-

277 2352 422 2393 privatis,
450 2358 523 2391 etc„
549 2363 660 2385 eoram
686 2353 779 2386 nobis
799 2359 829 2386 et
853 2364 913 2397 pro
936 2361 1013 2387 tem—

279 2509 421 2552 praesata
444 2509 587 2542 Romana
620 2509 715 2544 Curia
740 2512 846 2553 palam
885 2513 1012 2545 deferre

1031 2344 1257 2408 ssistorialiter
1289 2358 1321 2385 et
1350 2353 1428 2386 alias
1453 2356 1703 2396 quomodolibet
1730 2368 1789 2401 pro

278 2414 357 2446 pore
382 2404 594 2437 existentibus
624 2405 776 2438 Romanis
804 2406 1034 2447 Pontificibus

279 2457 517 2489 successoribus
564 2458 683 2490 nostris
730 2459 933 2492 rocchettum
982 2452 1034 2493 in*

1055 2412 1200 2448 tempore
1216 2406 1306 2438 sactis
1321 2411 1351 2439 et
1365 2406 1528 2448 faciendis
1543 2411 1790 2453 comprehendi,

1055 2460 1110 2491 sed
1141 2469 1273 2502 semper
1303 2459 1342 2491 ab
1368 2459 1432 2492 illis
1457 2467 1619 2505 exceptas,
1645 2468 1684 2504 et,
1711 2475 1792 2507 quo-

1057 2512 1116 2544 ties
1146 2512 1220 2544 illae
1253 2513 1469 2553 emanabant,
1496 2514 1591 2548 toties
1616 2515 1650 2548 in
1683 2517 1791 2560 pristi-

279 2567 310 2594 et
334 2566 473 2603 gestare,
497 2562 620 2605 illoque
644 2563 746 2595 induti
773 2563 902 2606 publice
928 2565 1015 2597 ince-
1057 2576 1132 2597 num
1158 2570 1189 2597 et
1212 2565 1443 2598 validissimum
1469 2571 1584 2600 statum
1609 2570 1788 2611 restitutas,

314 2624 325 2650 1
349 2621 415 2649 ltlale
431 2621 497 2649 edit.
514 2623 596 2650 Main.
612 2624 677 2658 legit
691 2627 720 2652 ιιι
736 2633 784 2660 pro
800 2628 826 2654 el
842 2632 878 2659 111.
895 2626 944 2662 1.),

1094 2628 1103 2653 1
1129 2625 1197 2652 Ε1111.
1219 2626 1289 2653 Main
1321 2626 1386 2662 legit
1407 2629 1492 2656 veleri
1511 2635 1548 2664 (R.
1572 2631 1622 2660 T.)-

1791 239 1839 266 Αη.
1856 240 1884 267 C.
1908 242 1974 268 10³5

1822 777 1940 801 cumuiao.
