2227 3225
162 242 213 263 An.
234 233 343 262 &169¹

941 228 1151 253 INNOCENTlUS
1175 228 1217 252 ΧΠ
1242 229 1290 251 ΡΡ.

395 282 462 320 Ego,
485 281 647 310 auctoritate
662 279 774 310 Domini
790 280 877 309 nostri
895 278 955 308 lesa
980 277 1094 313 Clu-isti,

355 335 382 360 et
409 329 591 369 apostolorum
619 328 698 358 Petri
728 332 752 357 et
785 327 885 364 Pauli,
916 332 939 355 et
972 326 1042 355 mihi
1064 325 1096 353 ab

358 378 460 409 Ordine
481 381 631 412 commissa,
664 378 696 407 do
727 378 775 408 tibi
808 377 929 406 habitum
954 375 1095 413 rcligyionis

356 432 478 462 nostrae,
505 432 618 467 propter
647 427 811 456 devotionem
849 435 932 464 qaam
959 426 1032 461 gaoris
1063 423 1097 452 cut

356 478 570 506 sacratissimam
601 481 627 505 et
662 474 868 511 immaculatam
901 473 1018 504 Matrem
1047 472 1097 502 Dei

356 525 487 562 Mariam,
500 530 526 554 et
539 524 670 556 Ordinem
680 525 739 554 eius
753 533 801 553 suo
817 524 924 552 nornine
938 522 1094 561 fundatam,

356 583 419 604 cum
441 583 491 612 quo
513 575 542 604 in
561 573 703 612 praesenti
721 573 840 611 gratiam
861 571 982 610 Spiritus
1003 570 1098 600 Sancti

357 623 475 661 adipisci
496 622 596 656 valeas,
621 627 645 652 et
667 623 698 651 in
720 623 815 661 futuro
847 619 954 650 saeculo
979 618 1097 657 yloriam

357 675 510 709 aeternam,
524 681 592 710 quac
604 671 763 710 praemium
776 675 814 699 cst
831 669 985 698 electorum.
1002 667 1034 697 In
1052 677 1097 696 no-

358 720 431 748 mine
448 719 550 753 Patris,
562 723 586 748 el
605 719 683 757 Filii,
697 723 722 748 et
739 717 862 758 Spiritus
874 717 978 747 Sancti.
996 715 1094 745 Amen.

403 773 517 805 Postea
548 773 672 805 dicatur
697 772 836 816 hymnus
868 769 943 803 l'cni
968 770 1098 803 Creator

358 825 514 869 Spiritus,
542 826 620 868 (vid.
644 825 786 858 distinct.
815 834 856 864 lv,
881 834 952 866 cap.
979 822 1035 865 iv).

426 900 432 907 .
457 877 562 907 Emitte
584 877 726 916 Spiritum
750 881 844 915 tuum,
861 880 889 906 et
906 875 1096 911 creabuntur,

427 949 433 956 .
458 926 490 956 Et
512 926 670 957 renovabis
693 926 796 955 faciem
820 930 925 955 terrae.

427 998 433 1005 .
457 975 575 1005 Salvum
598 976 643 1005 sac
666 984 782 1005 servum
807 979 899 1011 tuum,

427 1047 432 1053 .
456 1023 531 1053 Deus
552 1033 645 1060 meus⁷
667 1028 831 1063 sperantem
853 1023 882 1052 in
906 1026 945 1052 te.

429 1096 434 1101 .
459 1073 598 1102 Dominus
622 1072 783 1102 vobiscum.

428 1143 434 1150 .
458 1121 491 1150 Et
513 1130 578 1150 cum
601 1121 707 1160 spiritu
731 1125 790 1150 tuo.

667 1170 794 1201 Oremus.

400 1220 518 1258 Adesto,
535 1220 667 1257 Domine,
690 1217 954 1258 supplicationibus
977 1217 1096 1255 nostris,

361 1274 393 1298 ut
415 1269 493 1298 hunc
516 1269 656 1298 famulum
679 1273 759 1298 tuum
780 1268 835 1307 (ch
851 1267 987 1297 famulam
1004 1267 1097 1304 tuam)

360 1317 466 1354 bene†
481 1317 578 1347 dicere
610 1317 741 1355 digneris
756 1341 763 1353 ,
787 1317 834 1346 cui
865 1317 895 1346 in
929 1321 976 1345 tuo
999 1320 1098 1344 sancto

360 1365 482 1395 Nomine
504 1365 638 1395 habitum
667 1374 766 1394 sacrae
800 1365 951 1402 religionis
982 1368 1098 1393 nostrae

360 1414 550 1453 imponimus,
581 1423 667 1453 quem
698 1423 730 1443 ex
756 1414 910 1443 devotione
932 1413 1012 1452 cupit
1035 1421 1099 1452 por-

361 1467 423 1492 tare
444 1462 513 1492 dum
535 1463 624 1492 vitam
646 1462 763 1491 duxerit
787 1462 814 1491 in
834 1461 981 1497 humanis,
1005 1465 1047 1499 ut,
1071 1465 1098 1491 te

361 1511 517 1549 largiente,
537 1515 564 1540 et
587 1511 708 1540 devotus
733 1510 790 1549 (ret
813 1510 927 1549 devota)
950 1510 978 1539 in
1001 1509 1100 1539 Eccle-

360 1559 405 1589 sia
428 1559 596 1598 persistere,
620 1563 646 1589 et
670 1560 757 1589 vitam
782 1559 932 1598 percipere
954 1562 1100 1588 mercatur

361 1612 521 1638 aeternam.
541 1608 595 1638 Per
611 1608 761 1638 Christum
778 1608 931 1638 Dominum
954 1612 1097 1638 nostrum.

359 1657 465 1687 Amen.

405 1717 441 1740 11.
468 1706 499 1739 Si
526 1706 597 1750 quis
622 1717 698 1740 vero
728 1707 892 1740 desiderat
917 1707 1100 1739 fraternita-

361 1764 425 1792 tem
451 1764 610 1799 nostram,
650 1765 681 1792 et
715 1759 945 1792 beneficiorum
971 1759 1100 1792 Ordinis

361 1811 466 1845 nostri
492 1811 683 1855 participem
709 1811 792 1851 sieri,
819 1812 1100 1846 constituatursse-

360 1865 408 1897 xis
434 1864 574 1907 genibus
600 1870 673 1897 ante
700 1865 892 1907 praelatum,
925 1865 979 1907 qui
1011 1871 1100 1898 stans

362 1917 470 1950 dicat:
496 1917 549 1950 Aa
575 1921 602 1949 te
628 1917 742 1957 tei-ari,
768 1921 824 1949 etc.
855 1916 969 1950 Gloria
992 1918 1099 1959 Patri,

361 1975 418 2003 etc.
445 1976 479 2002 ut
504 1970 537 2002 in
558 1970 701 2002 distinct.
731 1980 779 2007 iu,
804 1981 875 2013 cap.
896 1981 954 2009 xv,
981 1971 1099 2004 deiude

360 2024 464 2066 Knrie
480 2023 607 2063 eleison,
628 2023 753 2057 Christe
768 2024 896 2063 eleison,
910 2025 1014 2067 Kyrie
1031 2025 1101 2058 elei-

361 2087 430 2122 son?
458 2078 560 2110 Pater
583 2081 713 2117 noster.,
743 2083 805 2110 etc.

403 2130 436 2170 ᾖ.
461 2130 495 2159 Et
516 2139 553 2159 ne
575 2139 627 2160 nos
650 2130 767 2160 inducat
789 2131 819 2160 in
842 2131 1046 2168 tentationem,

401 2186 435 2218 Β.
459 2179 515 2208 Sed
538 2178 630 2208 libera
653 2188 705 2208 uos
727 2188 742 2208 a
766 2179 854 2209 malo.

403 2226 436 2265 ᾖ.
459 2226 577 2256 Salvum
599 2227 644 2256 sac
666 2235 781 2257 servum
807 2232 900 2266 tuum,

402 2277 436 2315 ¹2³-
459 2275 534 2305 Deus
555 2284 647 2313 meus,
672 2281 835 2315 sperantem
857 2277 887 2306 iu
910 2281 948 2307 te.

403 2323 436 2363 ᾖ.
454 2323 595 2354 Dominus
617 2324 780 2354 vobiscum.

402 2374 434 2411 ξ’.
457 2373 490 2402 Et
512 2382 578 2402 cum
595 2373 702 2412 spiritu
721 2378 781 2404 tuo.

672 2421 796 2452 Oramus.

403 2470 580 2510 Praetende,
594 2471 725 2509 Domine,
750 2470 856 2501 famulo
873 2476 921 2501 tuo
937 2471 993 2510 (rel
1008 2471 1099 2501 samu-

363 2518 408 2548 lae
430 2519 518 2558 tuae)
550 2520 697 2550 dexteram
731 2520 863 2550 caelestis
885 2521 998 2558 auxilii,
1020 2525 1051 2550 ut
1075 2526 1099 2550 tc

364 2571 423 2597 toto
435 2569 521 2598 eorde
536 2569 698 2608 perquirat,
715 2574 754 2605 et,
771 2569 848 2608 quod
863 2569 949 2607 digne
963 2569 1098 2608 postulat,

365 2621 548 2652 assequatur.
572 2617 628 2646 Per
650 2618 814 2653 Christum,
838 2621 893 2647 etc.

1177 276 1212 305 Et
1233 286 1278 315 ego
1300 276 1461 306 anctoritate
1476 276 1587 306 Domini
1603 279 1688 307 nostri
1712 278 1770 306 lesu
1795 279 1876 308 Chri-

1138 326 1191 359 sti,
1215 330 1241 354 εἰ
1272 325 1456 364 apostolorum
1485 325 1562 354 Petri
1592 330 1616 355 et
1645 325 1745 360 Pauli,
1774 332 1799 356 et
1829 337 1877 365 po-

1138 379 1232 403 testate
1263 375 1332 404 milti
1371 375 1402 403 ab
1436 374 1539 404 Ordine
1569 376 1735 413 commissa,
1765 376 1796 404 do
1829 376 1877 403 tibi

1136 423 1376 461 participationem
1417 424 1447 452 in
1479 423 1601 452 omnibus
1640 433 1708 462 quae
1745 423 1877 452 Dominus

1138 471 1242 500 (lederit
1263 472 1326 510 fieri
1346 481 1397 510 per
1418 473 1522 510 fratres
1544 475 1657 505 nostros,
1674 473 1728 500 sive
1743 472 1798 500 sint
1812 474 1877 500 mis-

1138 530 1192 553 sae,
1227 520 1372 557 orationes,
1407 521 1523 556 wirinto,
1557 520 1677 558 viyiliae,
1701 520 1875 558 disciplinae,

1137 568 1367 606 praedicationes,
1400 568 1442 598 vcl
1470 568 1521 597 elii
1551 568 1664 602 labores,
1689 569 1807 597 inarime
1835 578 1878 598 re-

1138 617 1302 654 demptionis
1324 617 1504 655 captivor‹1m‚
1535 617 1570 645 ad
1591 626 1671 655 quarn
1693 622 1784 646 noster
1806 616 1878 646 Ora'o

1138 664 1244 694 dicatus
1267 669 1315 702 est,
1348 666 1403 695 sive
1434 665 1492 694 alia
1524 675 1707 704 quaecamque
1739 665 1818 701 bona,
1845 666 1880 694 ad

1139 723 1207 751 quae
1229 714 1319 743 onmia
1341 718 1366 742 et
1387 714 1496 752 singula
1518 718 1543 742 te
1573 715 1687 752 recipio.
1721 714 1751 743 ln
1770 715 1878 743 nomine

1140 763 1242 800 Patris,
1266 767 1290 792 et
1313 762 1391 797 Filii,
1415 767 1439 792 et
1461 762 1583 802 Spiritus
1605 762 1713 793 Sancti.
1737 763 1836 792 Amen.

1183 811 1301 844 Similis
1323 812 1424 844 forma
1442 811 1473 843 in
1491 811 1728 851 benedicendo,
1749 811 1879 844 traden-

1140 865 1246 907 doque
1265 864 1378 897 habitu
1404 865 1582 898 confratres
1600 863 1670 897 fieri
1695 864 1879 897 volentibus

1141 917 1344 951 observetur.

1341 981 1522 1004 Dts'rINCTIO
1548 980 1677 1008 QUINTA.

1173 1023 1211 1053 De
1233 1024 1323 1063 culpis
1345 1028 1369 1054 et
1391 1023 1653 1062 transgressionibus
1676 1023 1787 1061 regular
1802 1023 1849 1052 bus

1372 1082 1519 1111 earumque
1538 1073 1645 1111 poenis.

1185 1125 1273 1158 Sicut
1292 1126 1446 1158 Dominus
1472 1126 1576 1168 primo
1607 1125 1766 1168 plantavit
1789 1135 1880 1168 para-

1141 1179 1256 1220 disum,
1283 1179 1400 1212 deinde
1426 1190 1502 1212 vero
1528 1179 1694 1212 hominem
1714 1189 1732 1211 a
1749 1189 1782 1211 se
1808 1189 1882 1211 con-

1142 1233 1243 1264 ditum
1281 1233 1313 1264 in
1350 1243 1389 1265 eo
1425 1232 1533 1275 posuit
1569 1232 1623 1275 qui
1661 1237 1814 1275 operaret
1849 1238 1881 1264 et

1141 1285 1321 1318 custodiret
1339 1286 1444 1325 illum,
1467 1291 1498 1318 et
1513 1285 1607 1318 tertio
1627 1285 1755 1318 tandem
1773 1287 1881 1328 poena

1141 1338 1254 1370 mortis
1281 1338 1460 1376 deterruit,
1492 1338 1518 1370 si
1545 1339 1649 1380 legem
1685 1338 1745 1371 sibi
1783 1339 1881 1370 latam

1141 1391 1315 1433 frangeret,
1341 1401 1400 1423 nec
1426 1391 1513 1423 iuxta
1539 1391 1599 1423 loci
1626 1392 1882 1424 sanctitudinem

1140 1445 1286 1476 viveret:
1314 1444 1357 1477 ita
1382 1455 1441 1477 nos
1463 1444 1587 1486 pariter
1604 1445 1642 1476 ab
1661 1444 1753 1476 initio
1772 1445 1802 1476 in
1822 1446 1884 1487 pri-

1142 1496 1200 1529 mis
1246 1497 1349 1529 tribus
1394 1496 1659 1529 distinctionibus
1694 1497 1880 1539 paradisum

1142 1549 1314 1591 religionis
1339 1556 1467 1582 nostrae
1494 1549 1524 1582 in
1552 1552 1618 1582 tota
1644 1550 1825 1582 substantia
1851 1556 1882 1580 et

1142 1601 1330 1644 integritate
1350 1601 1563 1644 plantavimus
1581 1628 1588 1642 ,
1615 1602 1647 1634 in
1674 1604 1788 1644 quarta
1805 1612 1881 1634 vero

1143 1654 1258 1687 fratres
1285 1655 1454 1698 posuimus
1488 1654 1541 1697 qui
1568 1660 1750 1697 operentur
1775 1660 1807 1687 et
1828 1665 1882 1687 cu-

1143 1708 1286 1741 stodiant
1317 1708 1524 1750 disciplinam
1552 1708 1634 1747 eius,
1654 1718 1738 1740 nune
1765 1714 1879 1747 autem,

1143 1772 1216 1793 cum
1253 1761 1291 1793 ad
1329 1762 1474 1804 quintam
1511 1761 1706 1801 accedimus,
1735 1772 1805 1794 eam
1842 1762 1881 1793 de

1143 1814 1454 1856 transgressionibus
1490 1820 1521 1847 et
1547 1815 1661 1857 poenis
1703 1825 1805 1857 usque
1842 1815 1881 1846 ad

1143 1867 1274 1900 exilium
1311 1873 1342 1900 et
1373 1868 1538 1910 repulsam
1575 1868 1614 1900 ab
1640 1867 1702 1899 boc
1728 1867 1879 1910 paradiso

1142 1920 1349 1953 instituimus

1186 1985 1208 2006 1.
1232 1974 1349 2007 Audito
1368 1974 1422 2006 hic
1448 1974 1578 2007 nomine
1604 1975 1730 2017 culpae,
1749 1981 1882 2007 caveant
1915 1981 2031 2028 ὓιῑιιςυιτι
2047 2015 2050 2018 ψ

1144 2027 1267 2066 [ι’-31193,
1289 2037 1329 2060 ue
1350 2038 1410 2070 per
1427 2027 1507 2060 illud
1529 2029 1656 2070 culpam
1677 2028 1805 2060 essenti
1800 2029 1899 2060 ilem
1894 2035 1948 2055 ιιιι
1949 2015 2026 2071 *liful
2053 2013 2063 2052 i

1144 2086 1215 2112 aut·
1212 2080 1385 2122 stheologic
1380 2091 1428 2112 un
1443 2091 1576 2123 sempel
1590 2081 1787 2123 intellioant,
1799 2068 2013 2123 quaeiuei'einfflc-
2003 2067 2074 2080 mm·

1143 2133 1326 2165 mortaliter
1343 2139 1399 2165 aut
1416 2133 1586 2166 venialiter
1606 2134 1736 2174 laedat;
1762 2145 1837 2166 non
1842 2145 1882 2166 en

1145 2187 1231 2219 enim
1257 2187 1373 2229 culpae
1397 2186 1429 2218 in
1456 2186 1630 2229 praesenti,
1649 2186 1674 2219 si
1694 2187 1883 2219 considere-

1144 2245 1196 2271 tur
1220 2245 1255 2271 ut
1280 2250 1361 2282 pura
1381 2240 1598 2282 transgressio
1624 2240 1780 2283 simplicis
1806 2250 1883 2272 con-

1144 2292 1318 2325 stitutionis
1347 2298 1402 2326 ant
1432 2294 1576 2335 regulae,
1602 2294 1707 2326 solum
1732 2293 1883 2336 usurpari

1145 2346 1244 2378 debet
1266 2356 1326 2389 pro
1353 2347 1448 2389 eulpa
1468 2346 1577 2388 legali,
1604 2352 1763 2389 quatenus
1784 2347 1884 2390 respi-

1145 2399 1187 2431 cit
1212 2409 1350 2442 poenam
1375 2399 1468 2442 legis,
1491 2399 1542 2432 cui
1568 2410 1627 2432 nos
1648 2410 1761 2441 omnes
1785 2400 1882 2432 etiam

1144 2454 1213 2486 sine
1246 2455 1322 2486 vera
1353 2455 1448 2496 culpa
1483 2454 1684 2487 subiicimur.
1712 2454 1780 2486 Atia
1805 2465 1882 2487 vero

1145 2508 1327 2549 transgredi
1353 2518 1537 2550 possumus,
1565 2519 1647 2550 quae
1682 2518 1718 2540 ev
1751 2508 1883 2550 qualita-

1146 2560 1228 2593 tibus
1250 2562 1300 2594 vel
1317 2561 1451 2594 materia
1469 2562 1508 2595 ad
1527 2563 1653 2604 culpam
1673 2561 1881 2594 essentialem

1145 2614 1344 2656 pertineant.

1776 220 1839 253 999
1884 230 1933 255 An.
1955 229 1984 256 c.
2001 230 2064 256 1691
