2254 3225
221 228 266 249 Aa.
285 224 312 248 α,
337 222 402 248 169⁴.)
450 212 513 245 448

247 653 368 675 clausulas.

253 1445 408 1465 Contrariorum

227 1472 344 1497 derogabo.

901 168 936 175 -μ

411 269 542 313 gatione
579 268 803 307 cardinalium,
838 266 1005 300 decretum
1040 264 1153 298 itidem

411 323 663 367 praeinsertum,
679 321 873 354 auctoritate
899 318 1086 363 apostolica,
1109 322 1154 350 te-

411 386 493 409 nore
518 374 751 419 praesentium,
777 373 998 416 approbamus
1023 376 1054 404 et
1079 380 1154 402 con-

412 429 593 469 firmamus,
630 427 762 471 illisque
800 424 999 459 inviolabilis
1024 426 1154 466 aposto-

413 482 494 515 licae
530 480 688 514 firmitatis
724 479 826 513 robur
854 477 1041 516 adiit-imus,
1067 475 1155 507 salva

413 541 521 569 tamen
546 543 677 577 semper
702 532 734 564 in
752 528 940 575 praemissis
961 527 1153 561 auctoritate

413 586 681 630 Congregationis
707 585 868 618 dictorum
894 580 1122 614 cardinalium.

458 642 473 684 g
496 640 527 674 3.
555 640 786 676 Dec-ementes,
808 635 939 668 easdem
962 637 1155 676 praesentes

414 695 539 728 litteras
571 701 699 734 semper
723 689 852 728 firmas,
878 687 1001 720 validas
1026 690 1058 718 et
1094 684 1157 717 effi-

415 757 506 780 caces
540 745 678 778 existere
703 747 735 775 et
769 742 848 781 sore,
877 749 1018 782 suosque
1042 739 1156 781 plena-

414 801 481 833 rios
506 803 537 832 et
560 798 704 839 integros
730 793 862 828 effectus
889 792 1001 826 sortiri
1027 796 1059 824 et
1076 790 1156 823 obti-

416 864 517 894 nere,
544 862 580 885 ac
605 851 687 891 illiS,
712 850 753 883 ad
779 858 860 892 quos
893 850 1018 890 spectat
1042 849 1072 877 et
1097 854 1155 887 pro

415 914 562 951 tempore
588 904 861 949 quandocumque
893 898 1061 943 spectabit,
1087 899 1157 941 ple-

415 960 549 994 nissime
575 955 758 999 suffragari,
784 959 816 988 et
842 954 880 987 ab
906 952 952 985 eis
977 951 1156 994 respective

415 1011 648 1047 inviolabiliter
672 1006 857 1046 observari,
879 1005 990 1048 sicque
1015 1004 1048 1036 in
1065 1014 1157 1047 prae-

415 1066 524 1100 missis
548 1075 606 1108 per
631 1070 857 1107 quoscumque
882 1057 1005 1091 iudices
1029 1057 1158 1089 ordina-

416 1119 485 1152 rios
523 1123 554 1151 et
579 1117 758 1158 delegatOS,
785 1112 883 1146 etiam
908 1119 1078 1143 causarum
1102 1119 1158 1152 pa-

415 1171 484 1206 latii
510 1168 681 1213 apostolici
699 1166 874 1204 auditores,
899 1162 1033 1196 iudicari
1054 1166 1086 1194 et
1106 1162 1159 1195 de—

416 1223 502 1258 finiri
527 1223 666 1262 debere,
702 1230 739 1253 ac
770 1218 897 1251 irritum
933 1220 965 1249 et
989 1215 1103 1255 inane,
1131 1214 1156 1247 si

417 1286 512 1310 secus
539 1272 703 1318 superbis
728 1282 746 1304 a
771 1278 943 1314 quoquam,
969 1267 1082 1311 quavis
1103 1277 1158 1299 au-

419 1329 579 1367 ctoritate,
604 1327 747 1360 scienter
762 1325 812 1358 vel
832 1323 1036 1366 ignoranter,
1058 1319 1159 1354 conti-

420 1382 503 1425 gerit
527 1379 691 1415 attentari.

464 1436 479 1479 ξ
503 1434 535 1467 4.
560 1433 631 1467 Non
648 1430 853 1465 obstantibus
871 1427 1157 1462 constitutionibus

422 1495 453 1522 et
477 1485 737 1521 ordinationibus
762 1482 966 1527 apostolicis,
993 1493 1047 1521 ac,
1074 1491 1155 1524 qua-

422 1546 516 1574 tenus
541 1549 622 1583 opus
647 1538 698 1578 sit,
719 1536 862 1575 Ordinis,
888 1532 1157 1577 Congregationis

420 1594 530 1627 Italiae
544 1598 576 1626 et
593 1590 779 1635 provinciae
797 1589 1049 1632 praedictorum,
1063 1586 1158 1620 etiam

421 1647 615 1684 iuramento,
632 1642 878 1677 confirmatione
899 1640 1085 1685 apostolica,
1107 1641 1158 1673 vel

422 1699 534 1743 quavis
558 1697 710 1730 firmitate
735 1695 795 1728 alia
825 1694 1000 1733 roboratis,
1031 1693 1158 1725 statutis

423 1758 455 1786 et
478 1749 783 1788 consuetudinibus,
809 1746 989 1791 privilegiis
1019 1755 1158 1788 quoque,

423 1804 557 1838 indultis
589 1809 621 1836 et
655 1801 773 1836 litteris
807 1799 995 1843 apostolicis
1026 1798 1058 1831 in
1084 1808 1160 1831 con-

425 1858 556 1891 trarium
566 1855 817 1900 praemissorum
828 1852 1073 1896 quomodolibet
1087 1861 1161 1883 con-

424 1910 541 1949 cessis,
566 1907 761 1942 conflrmatis
786 1911 818 1939 et
842 1904 1017 1945 innovatis;
1044 1904 1160 1947 quibus

425 1963 575 1997 omnibus
611 1966 642 1994 et
679 1959 835 2003 singulis,
865 1958 995 1991 illorum
1030 1962 1159 1990 tenores

425 2015 647 2061 praesentibus
681 2024 741 2057 pro
773 2013 869 2056 plene
906 2016 937 2044 et
967 2009 1162 2043 sufficienter

426 2069 588 2114 expressis
612 2073 643 2101 et
660 2066 790 2100 insertis
811 2065 982 2105 habentes,
1001 2063 1066 2097 illis
1083 2064 1160 2096 alias

426 2124 459 2156 in
494 2133 552 2155 suo
586 2122 704 2154 robore
738 2118 973 2163 permansuris,
1000 2117 1039 2149 ad
1068 2127 1161 2160 prae-

426 2176 602 2209 missorum
628 2173 785 2212 effectum,
805 2172 866 2204 hac
891 2171 958 2204 vice
985 2171 1158 2210 dumtaxat,

428 2228 614 2273 specialiter
637 2231 669 2260 et
696 2235 849 2268 expresse
874 2224 1088 2266 derogamus;
1115 2233 1163 2256 ce-

429 2282 569 2325 teriSque
593 2278 764 2313 contrariis
790 2277 1058 2320 quibuscumque.

471 2335 589 2368 Datum
606 2333 738 2371 Romae,
754 2331 840 2374 apud
860 2330 892 2363 S.
918 2330 1050 2363 Mariam
1074 2329 1165 2362 Maio-

429 2399 510 2428 rem,
523 2387 581 2420 sub
598 2386 718 2419 annulo
733 2384 919 2423 Piscatoris,
938 2383 990 2416 die
1006 2394 1063 2416 xxx
1083 2383 1164 2416 iunii

429 2438 788 2484 nncxc11‚pontisscatus
801 2437 902 2470 nostri
916 2447 1001 2469 anno
1013 2447 1034 2470 1.

466 2503 526 2531 Dat.
549 2501 594 2530 die
613 2501 648 2530 30
666 2499 734 2528 iunii
756 2499 834 2533 1692,
855 2497 954 2534 pontis.
976 2506 1048 2526 anno
1062 2504 1081 2526 1.

994 217 1113 240 numm:
1120 216 1127 238 l
1134 216 1172 238 ml
1200 214 1352 239 iltJJtlANUM

1523 261 1616 296 XXX.

1196 334 1367 367 Decretum
1398 334 1614 377 particularis
1650 332 1932 373 Conqreqaliom's,

1239 397 1303 430 quo
1328 386 1495 419 abolentur
1518 397 1626 419 omnes
1651 385 1773 417 iudices
1791 385 1936 427 pur-ticu-

1242 439 1336 477 lares,
1364 442 1393 470 el
1417 438 1601 470 tribunatia
1628 437 1722 470 Urbis
1746 440 1936 470 revocantur

1239 490 1283 523 ad
1307 491 1358 522 ius
1383 490 1543 522 comune¹.

1379 568 1577 596 Innocentius
1597 568 1677 602 Papa
1695 568 1758 601 XII.

1339 616 1374 642 ad
1394 615 1528 641 futuram
1546 614 1591 640 rei
1610 613 1791 640 memoriam.

1240 686 1255 729 ἓ
1272 686 1303 719 1.
1324 686 1370 719 Ad
1389 685 1544 719 radicitus
1557 685 1812 719 submovendum
1830 685 1936 729 quoti-

1197 740 1310 773 dianos
1329 739 1589 773 iurisdictionum
1607 739 1775 772 conflictus
1801 744 1833 772 et
1859 738 1934 772 into-

1198 793 1351 826 lerabiles
1381 792 1509 832 abusus,
1536 792 1590 835 qui
1618 792 1651 825 in
1669 792 1815 826 Romana
1842 792 1936 826 Curia

1198 857 1235 880 ex
1271 846 1476 879 multitudine
1512 846 1653 878 iudicum
1690 845 1935 889 particularium

1199 900 1415 933 exercentium
1434 910 1468 932 ex
1489 899 1659 943 privilegio
1673 900 1862 944 privativam
1878 910 1935 933 scu

1198 952 1425 985 cumulativam
1450 952 1720 992 iurisdictionem,
1735 952 1832 985 nimis
1858 952 1936 985 irre-

1198 1011 1342 1049 pserunt,
1358 1005 1573 1048 Congregatio
1594 1005 1811 1048 particularis,
1830 1015 1847 1037 a
1863 1015 1936 1038 san-

1199 1058 1344 1091 ctissimo
1376 1058 1508 1091 domino
1535 1063 1645 1091 nostro
1669 1057 1860 1091 Innocentio
1891 1058 1937 1091 di-

1199 1111 1273 1143 vina
1306 1110 1512 1154 providentia
1546 1110 1632 1153 Papa
1666 1110 1719 1143 Xll
1749 1110 1937 1154 specialiter

1200 1163 1248 1205 (ut
1265 1163 1361 1206 infra)
1379 1163 1539 1206 deputata,
1559 1162 1686 1196 censuit
1708 1164 1833 1196 nullum
1847 1163 1936 1196 aliud

1199 1216 1301 1258 magis
1326 1215 1508 1260 proprium,
1534 1216 1649 1249 iustius
1687 1221 1718 1249 et
1753 1216 1860 1259 aptius
1884 1226 1935 1249 re-

1200 1269 1343 1301 medium
1361 1269 1428 1302 dari
1442 1279 1537 1312 posse
1548 1269 1623 1301 huic
1636 1269 1826 1311 gravissimo
1840 1269 1934 1309 malo,

1200 1332 1258 1364 per
1281 1321 1368 1365 quod
1402 1321 1581 1355 iurisdictio
1605 1322 1747 1355 iudicum
1779 1326 1812 1354 et
1835 1321 1937 1354 tribu-

1199 1374 1320 1407 nalium
1344 1374 1588 1407 ordinariorum
1624 1374 1662 1407 ad
1699 1374 1839 1407 nihilum
1869 1374 1936 1407 sere

1199 1428 1329 1461 redacta
1352 1427 1525 1471 reperitur,
1550 1438 1645 1471 quam
1670 1427 1833 1460 mediante
1854 1428 1938 1460 nova

1200 1481 1429 1513 constitutione
1440 1479 1451 1497 ²
1464 1490 1522 1523 per
1542 1480 1749 1513 Sanctitatcm
1763 1491 1851 1513 suam
1865 1490 1938 1524 pro-

1200 1533 1374 1576 mulganda
1405 1532 1534 1576 penitus
1567 1533 1681 1566 tollere
1715 1538 1746 1565 et
1777 1532 1937 1574 abrogare

1200 1596 1312 1619 omnes
1347 1585 1530 1629 praedictas
1567 1585 1764 1618 iudicaturas
1798 1584 1938 1629 particu-

1201 1640 1282 1672 lares
1307 1639 1415 1681 vigore
1433 1638 1677 1681 privilegiorum
1695 1638 1851 1671 haetenus
1868 1648 1938 1671 ere-

1201 1698 1267 1725 ctas
1292 1696 1324 1725 et
1348 1692 1544 1731 constitutas,
1571 1697 1602 1724 et
1624 1691 1763 1735 proinde
1789 1692 1829 1724 ad
1854 1692 1938 1724 viam

1201 1745 1278 1777 iuris
1303 1745 1458 1777 reducere
1479 1743 1588 1777 omnia
1605 1749 1636 1776 et
1653 1743 1782 1786 singula
1802 1744 1935 1783 indulta,

1202 1799 1367 1831 facultates
1392 1803 1423 1831 et
1448 1797 1618 1841 privilegia
1640 1797 1782 1839 eligendi
1811 1807 1867 1830 seu
1886 1797 1939 1830 de-

1202 1851 1337 1894 putandi
1362 1856 1425 1883 tam
1458 1850 1490 1882 in
1522 1850 1627 1893 prima
1656 1860 1753 1892 quam
1789 1849 1821 1882 in
1855 1851 1938 1883 ulte-

1203 1905 1343 1937 rioribus
1367 1903 1529 1936 instantiis
1553 1913 1666 1936 omnes
1692 1902 1873 1946 praedictos
1895 1903 1939 1935 iu-

1203 1958 1290 1991 dices
1326 1957 1538 2001 particulares
1576 1965 1778 1999 quocumque
1805 1955 1938 1988 nomine

1202 2016 1405 2055 nuncupatos
1423 2019 1575 2043 concessa
1592 2019 1652 2052 per
1667 2009 1938 2052 praedecessores

1203 2065 1364 2097 Romanos
1408 2062 1580 2096 Pontifices
1629 2061 1938 2104 congregationibus

1203 2117 1297 2150 etiam
1318 2116 1349 2149 S.
1376 2114 1414 2148 R.
1440 2115 1475 2147 E.
1502 2114 1723 2154 cardinalium,
1741 2113 1887 2147 ecelesiis
1908 2117 1940 2146 ct

1202 2169 1346 2203 basilicis
1371 2168 1466 2202 etiam
1492 2167 1762 2211 patriarchalibus
1778 2193 1787 2208 ,
1812 2167 1940 2200 univer-

1203 2223 1363 2263 sitatibus,
1401 2220 1619 2260 monasteriiS,
1646 2219 1811 2262 collegiiS,
1843 2220 1939 2252 etiam

1204 2276 1264 2309 sub
1284 2276 1361 2308 cura
1385 2278 1418 2307 et
1441 2272 1719 2307 administratione
1743 2277 1871 2316 patrum
1890 2272 1942 2306 So-

1241 2382 1250 2408 1
1274 2380 1303 2408 In
1318 2379 1468 2407 innocentii
1486 2378 1522 2406 Xl
1543 2378 1681 2406 constitut.
1696 2377 1761 2406 edit.
1781 2384 1941 2414 lunctxxxix,

1206 2426 1249 2454 die
1267 2425 1302 2452 28
1321 2425 1397 2459 iunii,
1417 2423 1509 2459 pontif.
1528 2429 1586 2456 xm,
1602 2426 1672 2450 extat
1685 2423 1841 2450 reformatio
1856 2423 1943 2450 tribu-

1207 2471 1310 2498 nalium
1321 2480 1328 2504 3
1340 2473 1368 2497 et
1381 2470 1407 2497 in
1420 2469 1501 2496 huius
1514 2468 1650 2496 Pontificis
1665 2471 1749 2495 const.
1766 2468 1808 2495 ed.
1825 2474 1942 2503 nncxcn,

1208 2515 1251 2542 die
1270 2521 1323 2542 xvn
1341 2513 1513 2550 septembris,
1534 2512 1629 2548 pontif.
1649 2519 1681 2547 11,
1701 2512 1837 2540 revocatio
1855 2512 1944 2539 tribu-

1208 2560 1308 2587 nalium
1328 2559 1541 2595 particularium.

1244 2604 1260 2631 2
1280 2603 1350 2631 Edit.
1371 2602 1453 2630 Main.
1473 2603 1539 2639 legit
1561 2602 1790 2638 Covtyi-eyatione
1809 2604 1845 2636 (R.
1866 2601 1915 2639 T.)-

1936 213 1987 237 An.
2003 212 2030 238 C.
2056 211 2104 238 ¹09

1971 698 2052 718 Comae
2076 698 2120 718 dzct

1945 724 1991 745 deci
1998 728 2034 746 en.
