2254 3225
215 188 396 216 An.C.1692
441 182 506 217 488
919 226 931 233 ,
960 180 1159 232 Γ,Βυιιᾼιῂωι

245 250 397 271 inconcinna
453 240 467 283 ἓ
493 240 522 273 ΞΖ.
551 239 627 274 Cum
652 247 768 284 autem,
794 242 877 277 sicut
902 243 1016 279 eadem
1041 254 1141 288 expo-

216 278 295 329 }Ji'i'tsss.
324 277 397 298 ‘mm
409 293 484 326 sitio
509 294 748 339 subiungebat,
775 297 837 330 iam
864 308 949 330 nunc
980 307 1141 340 personae

409 345 604 388 huiusmodi,
619 350 774 383 unionem
798 350 932 394 spiritus
957 350 990 382 in
1014 349 1141 383 vinculo

409 399 497 442 pacis
522 411 650 435 servare
675 402 850 445 cupientes,
866 408 929 435 tam
946 402 1050 435 eidem
1076 412 1144 435 mo-

410 452 514 486 derno
540 464 635 497 quam
665 455 732 488 eius
764 466 822 498 pro
846 460 993 498 tempore
1017 465 1143 488 succes-

411 506 537 539 soribus
564 507 717 540 ministris
747 508 955 550 generalibus
983 507 1060 541 dicti
1087 508 1143 541 Or-

412 557 496 591 dinis
526 560 680 592 canonice
710 560 868 603 eligendis
897 560 1038 593 debitam
1067 561 1143 594 obe-

412 611 574 651 dientiam,
602 611 687 644 iuxta
711 613 960 655 apostolicarum
986 619 1018 646 et
1041 613 1142 656 ipsius

411 661 540 696 Ordinis
578 665 845 699 constitutionum
881 666 1140 709 praescriptum,

412 722 587 759 praestare,
603 718 787 762 dictumque
805 719 979 762 capitulum
993 720 1142 762 generale

411 780 469 812 pro
494 770 555 803 rite
582 775 613 804 et
637 771 792 805 canonice
823 772 986 805 celebrato
1019 772 1141 804 habere

411 827 542 864 paratae
572 823 655 864 sint;
683 824 827 867 quinimo
858 824 920 868 ipsi
945 830 1142 868 exponentes

412 877 596 909 earumdem
618 887 828 920 personarum
844 878 975 911 nomine
993 878 1143 911 obedien-
1162 889 1163 903 i

412 927 487 961 tiam
508 929 693 963 huiusmodi
711 930 774 963 iam
791 931 1023 974 praestiterint,
1043 941 1142 974 seque

411 982 632 1024 supradictum
675 984 851 1027 capitulum
894 985 1045 1025 generale
1084 993 1142 1026 pro
1162 995 1163 1004 ¹

412 1033 474 1066 rite
499 1039 532 1067 et
557 1036 711 1069 canonice
743 1037 909 1069 celebrato
943 1035 1064 1068 habere
1089 1036 1143 1068 de-

413 1087 617 1128 claraverint3
637 1099 747 1121 verum
761 1089 937 1132 praemissa
954 1094 1050 1131 atque
1068 1088 1142 1121 inde

412 1146 555 1183 sequuta,
575 1152 639 1185 quo
661 1142 815 1175 dictarum
835 1141 1074 1185 provinciarum
1095 1151 1143 1174 re-

412 1193 547 1235 ligiosae
585 1195 810 1238 tranquillitati
845 1196 942 1238 plene
978 1195 1163 1238 provisum.

413 1246 472 1285 sit,
501 1247 716 1289 apostolicum
741 1251 895 1290 paternae
921 1247 1142 1290 providentiae

412 1303 539 1332 nostrae
551 1299 747 1342 praesidium
760 1306 948 1343 exposcant:
964 1300 1057 1333 nobis
1069 1309 1143 1342 pro-

412 1356 524 1394 pterea
566 1358 765 1395 exponentes
800 1353 936 1396 praefati
975 1353 1143 1386 humiliter

411 1405 588 1449 supplicari
607 1407 752 1439 fecerunt
776 1412 811 1438 ut
831 1407 862 1438 in
883 1407 1065 1450 praemissis
1085 1418 1142 1450 op-

411 1464 549 1501 portune
567 1459 740 1502 providere
767 1465 797 1492 et
816 1466 850 1492 ut
867 1460 949 1492 infra
973 1461 1140 1502 indulgere

411 1513 450 1545 de
488 1512 689 1555 benignitate
718 1513 893 1556 apostoliea
918 1513 1138 1556 dignaremur.

219 1568 398 1618 (dssffissffgggccffi
453 1565 468 1608 g
492 1565 521 1599 3.
547 1565 609 1598 Nos
634 1565 744 1607 igitur,
766 1566 821 1609 qui
846 1565 998 1599 Ordinem
1022 1567 1141 1609 praesa-

218 1622 301 1645 ΜΝ.
326 1623 475 1650 ²b1atatuni
507 1618 539 1650 in
574 1617 748 1650 visceribus
781 1619 921 1660 gerimus
946 1619 1111 1652 charitatis
1130 1647 1137 1660 ,

216 1650 303 1673 *ungulis
315 1653 399 1677 religio-

218 1682 398 1728 aiendipiffcquiiif
411 1670 707 1714 perturbationibus
739 1676 771 1704 et
798 1671 1030 1711 incommodis,
1058 1683 1138 1715 quae

217 1733 244 1752 te.
410 1725 659 1768 praemissorum
696 1724 864 1757 occasione
897 1725 928 1756 in
962 1726 1030 1758 dies
1062 1713 1162 1759 oriri!

410 1783 554 1821 possent,
580 1784 703 1810 mature
729 1788 911 1818 occurrere,
928 1784 960 1811 et
984 1782 1160 1831 opp01*tu-;

408 1842 484 1864 num
520 1831 581 1863 iam
618 1831 736 1863 exortis
773 1831 951 1863 remedium
983 1833 1159 1866 adliibore'

408 1884 586 1926 cupientes,
613 1883 766 1926 ipsosque
791 1890 989 1926 exponentes
1007 1890 1037 1917 et
1057 1886 1137 1918 alios

407 1936 628 1979 infrascriptos
663 1936 739 1969 dicti
775 1936 902 1969 Ordinis
936 1938 1137 1980 professores

406 1989 554 2032 specialis
575 1989 682 2022 favore
708 1990 827 2031 gratiae
852 1991 1007 2033 prosequi
1032 1993 1137 2025 volen-

408 2048 462 2082 tes,
482 2047 512 2074 et
532 2052 643 2074 eorum
662 2041 841 2083 singulares
858 2053 1015 2085 personas
1032 2055 1048 2075 a
1069 2045 1137 2087 qui-

406 2094 514 2127 busvis
539 2094 888 2134 exeommunicationis,
913 2097 1135 2138 suspensionis

407 2154 437 2181 et
462 2147 634 2187 interdicti,
655 2147 790 2190 aliisque
816 2148 1042 2182 ecelesiasticis
1063 2161 1136 2182 sen-

408 2200 539 2239 tentiis,
567 2200 710 2233 censuris
732 2205 763 2233 et
789 2202 902 2244 poenis
918 2228 925 2238 ‚
953 2213 969 2234 a
994 2202 1063 2235 iure
1087 2205 1135 2237 vol

405 2253 444 2285 ab
469 2253 610 2291 homine,
637 2252 746 2295 quavis
772 2253 939 2286 occasione
968 2255 1014 2286 vel
1042 2258 1157 2302 eausak

405 2305 490 2345 latiS,
508 2306 533 2337 si
559 2305 674 2348 quibus
699 2306 943 2347 quomodolibet
964 2307 1134 2341 innodatae

404 2359 556 2397 existunt,
574 2359 612 2390 ad
638 2358 782 2390 ellectum
801 2360 1021 2400 praesentium
1047 2361 1136 2393 dum·
1155 2362 1156 2369 ¹

404 2417 488 2444 taxat
512 2411 799 2453 consequendum,
827 2412 939 2444 harum
972 2414 1055 2445 serie
1081 2414 1156 2459 ali-J

403 2467 566 2498 solventes
603 2470 634 2496 et
659 2465 823 2497 absolutas
850 2467 917 2497 t'ore
944 2473 1132 2507 eeiisentes3
1154 2496 1156 2505 ,

404 2527 530 2550 necnon
563 2527 678 2549 causae
712 2523 742 2549 et
771 2519 1010 2550 controversiae
1037 2517 1156 2562 super‘

403 2569 611 2604 alteritatirae
630 2570 791 2613 praefatae
813 2576 930 2602 statum
956 2577 987 2603 et
1008 2572 1132 2613 merita,

1183 179 1337 220 nonixun
1364 230 1368 233 -
1751 230 1756 235 ⁴
1912 197 2107 232 ,An.c.1e92

1184 243 1380 287 nominaque
1405 247 1437 277 et
1460 244 1662 288 cognomina,
1686 254 1721 278 ac
1746 243 1915 289 qualitates

1184 296 1329 330 iudicum
1361 302 1393 331 et
1425 297 1675 341 collitigantium
1700 309 1756 332 seu
1782 304 1916 332 conten-

1184 349 1329 383 dentium
1351 360 1629 394 quorumcumque
1650 356 1681 384 et
1705 352 1767 384 alia
1792 351 1915 395 quaeli-

1183 401 1261 443 bet,
1299 403 1395 436 etiam
1430 403 1615 447 specificam
1650 409 1682 436 et
1715 404 1915 439 individuam

1184 457 1383 490 mentionem
1397 462 1428 489 et
1443 456 1685 499 expressionem
1703 458 1914 500 requirentia,

1183 510 1408 553 praesentibus
1441 520 1500 552 pro
1532 511 1630 553 plene
1657 515 1689 543 et
1713 511 1914 544 sufficienter

1162 562 1347 609 {expressis
1372 562 1547 602 habentes,
1574 562 1759 596 huiusmodi
1784 564 1911 607 suppli-

1184 614 1365 647 cationibus
1400 614 1569 656 inclinati,
1607 625 1644 648 ac
1678 616 1786 649 audita
1816 627 1916 660 super

1183 667 1369 710 praemissis
1387 667 1578 702 dilectorum
1596 668 1737 702 filiorum
1762 679 1915 713 procura-

1185 720 1262 753 toris
1287 720 1451 763 generalis
1484 731 1520 753 ac
1547 721 1686 754 aliorum
1711 723 1915 765 superiorum

1186 773 1350 816 utriusque
1378 773 1518 806 familiae
1554 774 1631 807 dicti
1656 774 1783 808 Ordinis
1801 801 1808 815 ,
1833 785 1914 818 quos

1185 825 1324 869 desuper
1343 826 1522 860 audiendos
1548 827 1704 868 duximus,
1736 827 1915 869 relatione,

1184 889 1312 911 causam
1345 885 1376 912 et
1407 880 1660 913 controversiam
1693 881 1855 923 praefatas
1880 881 1913 914 in

1184 936 1267 963 statu
1286 936 1317 964 et
1334 932 1487 972 terminis,
1510 932 1541 965 in
1560 933 1676 976 quibus
1695 934 1734 966 de
1750 934 1914 977 praesenti

1184 985 1432 1026 quomodolibet
1454 985 1673 1028 reperiuntur,
1698 991 1762 1020 tam
1785 997 1803 1019 a
1828 987 1914 1020 dicto

1184 1036 1323 1078 capitulo
1350 1037 1493 1079 generali
1519 1048 1615 1081 quam
1632 1039 1671 1071 ab
1696 1038 1760 1072 illis
1787 1039 1917 1082 quibus-

1162 1118 1163 1124 ,
1184 1098 1321 1131 cumque
1340 1089 1499 1122 iudicibus
1517 1095 1549 1122 et
1569 1090 1783 1124 tribunalibus
1800 1091 1840 1124 ad
1858 1100 1915 1125 nos

1184 1145 1216 1172 et
1239 1140 1354 1174 Sedem
1380 1142 1608 1185 Apostolicam,
1633 1148 1730 1186 prout
1753 1143 1830 1176 iuris
1848 1144 1917 1177 sue-

1184 1194 1233 1233 rit,
1261 1194 1490 1235 terminandas,
1514 1195 1704 1228 auctoritate
1728 1197 1914 1240 apostolica,

1185 1252 1296 1280 tenore
1321 1249 1552 1291 praesentium,
1579 1260 1760 1283 avocamus.

1227 1301 1241 1343 g
1265 1301 1296 1334 li.
1323 1302 1433 1342 Porro,
1451 1312 1522 1335 cum
1538 1303 1638 1336 iidem
1652 1310 1852 1346 exponentes
1870 1305 1916 1338 di·
1950 1342 1953 1345 ,
1978 1316 2106 1339 nost—ivam

1183 1359 1304 1387 ctarum
1329 1356 1568 1398 provinciarum
1589 1357 1721 1390 nomine
1745 1357 1842 1391 etiam
1871 1343 2105 1395 in-32'³3¹03515'“3'05

1184 1409 1327 1441 stiterint
1356 1415 1391 1441 ut
1415 1415 1564 1452 quartum
1592 1410 1794 1443 definitorem
1820 1421 1914 1453 gene·
1925 1397 2105 1444 33¹1¹1'⁰Jli20'{3'0⁰.⁰‘

1185 1463 1284 1494 ralem
1316 1472 1353 1495 ex
1384 1462 1535 1494 fratribus
1566 1463 1759 1496 Recollectis
1783 1464 1914 1507 provin-

1182 1515 1303 1546 ciarum
1338 1513 1525 1547 huiusmodi
1557 1515 1677 1548 addere
1703 1521 1736 1548 et
1758 1516 1912 1559 deputare

1183 1569 1348 1607 vellemus,
1374 1568 1469 1600 nobis
1493 1567 1644 1600 similiter
1668 1573 1700 1600 et
1723 1568 1797 1601 Sedi
1818 1580 1911 1612 prae-

1182 1620 1285 1653 dictae
1315 1621 1497 1653 sacultatem
1528 1620 1689 1653 statuendi
1726 1621 1787 1654 hac
1811 1622 1845 1654 in
1877 1633 1911 1656 re

1181 1674 1338 1717 quidquid
1364 1674 1395 1705 in
1422 1673 1557 1706 Domino
1575 1674 1726 1716 expedire
1751 1677 1913 1710 censueri-

1182 1738 1250 1759 mus
1277 1728 1390 1760 harum
1416 1726 1498 1759 serie
1524 1736 1747 1767 reservamus,
1774 1738 1810 1761 ac
1834 1739 1911 1772 pro-

1181 1781 1255 1813 inde
1288 1780 1437 1812 omnibus
1471 1785 1502 1812 et
1532 1779 1667 1821 singulis
1701 1780 1843 1814 nationis
1880 1788 1912 1816 et

1179 1832 1305 1865 Ordinis
1338 1831 1579 1874 praedictorum
1604 1831 1824 1874 superioribus
1850 1834 1911 1868 sra-

1181 1885 1284 1918 tribus
1310 1890 1340 1917 et
1364 1885 1531 1927 personis,
1558 1895 1598 1917 ne
1626 1890 1688 1917 tam
1713 1886 1910 1922 coniunctim

1180 1950 1273 1982 quam
1299 1938 1421 1970 divisim
1448 1938 1480 1970 in
1506 1938 1693 1981 praemissis
1723 1940 1772 1972 vel
1799 1950 1910 1975 eorum

1178 1993 1286 2035 aliquo
1319 1991 1441 2024 directe
1472 1992 1521 2024 vel
1551 1991 1708 2024 indirecte
1744 1997 1798 2025 aut
1829 1994 1908 2028 alias

1179 2044 1425 2088 quomodolibet
1443 2044 1618 2087 quidquam
1632 2044 1784 2078 innovare
1801 2048 1851 2079 vel
1869 2053 1910 2080 at·

1156 2115 1158 2132 i
1181 2103 1301 2130 tentare
1323 2097 1463 2129 audeant
1487 2098 1597 2140 quovis
1622 2098 1716 2130 niodo
1742 2109 1799 2131 seu
1816 2110 1909 2142 prae-

1179 2158 1326 2187 sumant,
1352 2150 1495 2182 districte
1532 2150 1742 2190 inhibemus,
1779 2152 1908 2195 illisque

1179 2203 1392 2246 praecipimus
1412 2209 1443 2235 et
1462 2203 1652 2235 mandamus
1681 2209 1715 2235 ut
1740 2214 1757 2236 a
1781 2205 1909 2247 quibus-

1179 2257 1222 2288 vis
1253 2255 1417 2288 attentatis
1453 2265 1507 2288 seu
1537 2255 1695 2288 innovatis
1723 2256 1909 2291 huiusmodi

1179 2309 1342 2342 humiliter
1367 2309 1559 2348 abstineant,
1587 2308 1691 2341 donec
1716 2320 1733 2341 a
1758 2312 1909 2352 suprema

1179 2363 1288 2393 nostra
1313 2366 1344 2393 et
1368 2361 1512 2393 eiusdem
1542 2360 1634 2392 Sedis
1660 2361 1823 2404 aequitate
1851 2363 1908 2396 lia-

1178 2415 1272 2447 beant
1298 2414 1437 2446 iustitiae
1463 2414 1750 2456 complementum.

1221 2470 1234 2511 ,ξ
1253 2468 1282 2499 5.
1304 2468 1484 2507 Praeterea,
1499 2472 1532 2499 ut
1546 2467 1584 2499 de
1600 2473 1708 2500 cetero
1723 2467 1777 2501 ad'
1794 2480 1908 2502 munus
1919 2478 1959 2522 due}
1971 2477 2100 2522 5:3231·2;333

1177 2521 1301 2563 agentis
1327 2531 1382 2553 seu
1404 2520 1610 2563 negotiorum
1636 2522 1787 2562 gestoris‚
1812 2519 2092 2566 quemtiwns{miluum

1214 2584 1223 2608 1
1248 2582 1396 2619 Praeposit.
1414 2582 1450 2608 ad
1470 2589 1519 2608 nos
1534 2581 1656 2608 addimus
1675 2584 1712 2617 (n.
1728 2584 1777 2619 T.).
