2254 3225
190 175 233 201 ln.
256 176 283 201 C.
306 175 373 201 ism

217 2284 337 2304 Clausulam

419 165 482 197 51th

376 224 499 256 rationo
526 223 654 262 nostris,
673 222 779 266 deque
800 222 997 266 apostolicae
1018 226 1111 265 pote·

376 275 466 309 statis
490 276 707 320 plenitudine,
730 276 820 308 nulla
845 275 883 308 de
909 279 1018 308 cetero
1043 273 1110 307 offi-

376 329 425 362 cia
449 334 480 362 et
503 330 572 362 loca
598 329 753 362 montium
768 327 924 361 vacabilia
948 327 1110 360 Romanae

376 382 511 422 Curiae,
537 387 601 414 tam
626 382 782 415 hactenus
820 385 926 414 erecta
957 390 1054 423 quam
1077 379 1110 412 in

376 439 542 478 posterum
568 435 675 467 forsan
694 433 859 475 erigenda,
880 432 1110 474 cuiuscumque

378 487 510 530 speciei,
528 493 673 526 naturae,
692 486 856 529 qualitatis
873 490 904 518 et
924 484 1112 527 quantitatis

378 540 565 579 existentia,
588 545 619 572 et
643 549 850 582 quocumque
875 537 1006 569 nomine
1031 546 1113 568 nun-

378 599 503 636 cupata,
521 592 642 626 etiamsi
661 591 856 634 praelatitia,
878 595 931 622 aut
948 588 1025 621 alias
1042 599 1114 631 spe-

378 646 468 678 cifica
491 651 523 678 et
545 644 708 677 individua
734 643 902 676 mentione
928 646 959 673 et
983 651 1114 684 expres-

377 698 468 731 sione
494 698 591 739 digna
615 696 701 735 sint,
728 705 786 738 per
810 693 1052 738 promotionem
1076 694 1114 726 de

378 750 529 793 personis
555 749 610 782 illa
634 748 849 781 obtinentium
874 747 913 779 ad
938 746 1116 779 cardinala-

379 808 430 835 tus
449 803 609 834 honorem
628 812 644 834 a
662 801 754 833 nobis
783 811 839 833 seu
864 799 1016 832 Romanis
1034 798 1116 831 Pon-

380 855 519 888 tificibus
545 854 788 887 successoribus
820 853 939 885 nostris
973 852 1117 895 quando-

380 918 518 950 cumque
544 907 724 940 faciendam
749 916 872 945 vacare,
891 905 947 937 sed
966 915 1014 944 ea,
1037 904 1118 937 sicut

378 960 607 1004 praemittitur,
633 960 816 992 obtinentes
832 985 839 999 ,
870 958 893 990 si
920 958 1025 990 officia
1049 957 1118 1001 qui-

380 1014 453 1046 dem
479 1018 511 1045 et
536 1014 607 1046 loca
632 1011 817 1044 huiusmodi
843 1011 919 1043 talia
944 1011 1008 1043 sint
1035 1021 1117 1053 quae

379 1076 438 1108 per
462 1066 644 1098 cardinales
671 1064 811 1097 obtineri
838 1068 1021 1106 nequeant,
1048 1063 1115 1104 illa,

379 1125 415 1151 ut
433 1118 536 1161 prius,
558 1118 720 1150 dimittere
747 1123 777 1149 et
801 1116 979 1158 resignare,
999 1116 1023 1148 si
1041 1127 1117 1149 vero

381 1171 457 1203 talia
483 1171 547 1203 sint
571 1181 654 1213 quae
685 1180 743 1212 per
775 1169 954 1202 cardinales
979 1169 1117 1202 obtineri

380 1223 516 1265 possint,
536 1223 591 1255 illa
608 1225 671 1255 unzi
686 1233 756 1254 eum
776 1223 887 1254 eadem
902 1222 1118 1254 cardinalatus

381 1275 547 1318 dignitate,
566 1280 600 1307 ut
625 1276 723 1318 prius,
745 1275 897 1313 retinere,
921 1285 954 1306 ac
969 1274 1118 1308 omnibus

382 1334 413 1361 et
438 1329 572 1369 siugulis
604 1328 859 1371 praerogativis,
891 1327 1118 1370 praeeminen-

383 1382 446 1421 tiis,
471 1382 684 1419 facultatibus,
703 1381 894 1420 bonoribus,
919 1381 1120 1413 emolumen-

383 1435 433 1473 tis,
450 1435 630 1477 ceterisque
651 1434 773 1466 iuribus
791 1434 894 1466 solitis
913 1438 943 1465 et
959 1434 1119 1466 consuetis

382 1488 428 1519 eis
453 1488 578 1519 rationo
604 1487 790 1519 eorumdem
817 1486 995 1518 officiorum
1020 1492 1050 1518 et
1074 1488 1120 1519 lo-

382 1551 492 1572 corum
520 1539 766 1582 quomodolibet
801 1538 1062 1581 competentibus
1088 1544 1120 1571 et

383 1593 606 1635 competituris
631 1592 686 1631 uti,
706 1591 766 1623 frui
785 1597 815 1624 et
831 1592 983 1633 gaudere,
997 1592 1118 1634 absque

383 1645 444 1677 alia
462 1647 542 1677 nora
558 1644 791 1683 declaratione,
817 1644 954 1683 indulto,
979 1654 1035 1677 seu
1062 1645 1121 1677 dis-

384 1697 545 1740 positione
571 1699 680 1729 nostra
709 1703 764 1730 aut
792 1697 979 1729 eorumdem
1006 1698 1120 1730 Roma-

383 1760 499 1782 norum
526 1749 713 1782 Pontificum
741 1759 967 1782 successorum
992 1755 1121 1783 nostro-

385 1814 457 1835 rum
485 1803 627 1845 desuper
652 1803 805 1842 facienda,
827 1813 931 1845 neque
953 1803 1048 1845 ipsos,
1067 1809 1121 1836 aut

385 1857 424 1888 ab
440 1856 486 1888 eis
504 1866 629 1888 causam
644 1851 800 1888 babentes
816 1866 1045 1899 quoscun‘ique,
1061 1867 1120 1899 pro

386 1910 509 1949 officiis,
528 1910 607 1943 locis
632 1910 814 1953 praedictis,
835 1920 1011 1953 eorumque
1036 1921 1122 1944 emo—

386 1963 540 1995 lumentis
566 1964 728 2006 perceptis
747 1963 828 1996 etin
853 1963 992 1995 futurum
1019 1964 1122 2006 perci-

385 2016 524 2059 piendis,
551 2027 567 2048 a
585 2016 716 2049 Camera
733 2018 842 2048 nostra
859 2016 1044 2059 Apostolica
1064 2028 1119 2050 seu

385 2069 498 2112 quovis
523 2069 586 2102 alio
609 2069 771 2102 molestari
799 2070 912 2112 quovis
938 2071 1046 2102 colore
1067 2077 1121 2103 aut

384 2123 479 2154 causa
504 2122 571 2154 ullo
602 2132 743 2165 unquam
776 2127 922 2165 tempore
947 2133 1042 2166 posse
1067 2129 1121 2156 aut

386 2175 530 2211 debere,
556 2179 669 2207 tenore
708 2175 926 2218 praesentium
958 2181 1119 2219 perpetuo

383 2227 552 2259 statuimus
578 2232 609 2259 et
633 2227 832 2260 ordinamus.

428 2280 443 2322 ἕ
468 2279 500 2312 3.
527 2279 753 2318 Decernentes,
777 2281 906 2313 easdem
931 2286 1119 2324 praesentes

383 2331 520 2370 litteras,
537 2337 568 2364 et
588 2332 619 2364 in
638 2332 683 2365 eis
701 2338 853 2365 contenta
879 2344 1116 2378 quaecumque,

383 2385 479 2418 etiam
505 2395 542 2418 ex
569 2395 608 2417 eo
638 2386 723 2428 quod
751 2386 942 2429 quicumque
968 2387 1000 2419 in
1024 2398 1118 2430 prae-

383 2437 490 2470 missis
526 2437 575 2469 ius
611 2439 661 2470 vel
702 2437 858 2470 interesse
894 2438 1118 2482 principaliter

383 2491 433 2522 vel
469 2490 663 2523 secundario
700 2496 731 2522 ct
764 2491 842 2523 alias
875 2492 986 2534 quovis
1019 2493 1116 2525 modo

385 2543 553 2583 habentes,
565 2554 619 2576 seu
636 2544 757 2576 babere
772 2544 1119 2588 quomodolibctprae-

955 173 1133 198 BULLARIUM
1158 172 1311 196 Romnum

1153 221 1333 261 tendenteS,
1348 221 1385 254 ad
1410 220 1465 254 illa
1489 221 1602 261 vocati,
1621 220 1706 253 citati
1726 225 1757 253 et
1774 220 1884 259 auditi,

1153 284 1210 307 seu
1226 284 1350 314 causae,
1369 279 1506 317 propter
1526 285 1604 317 quas
1622 273 1712 317 ipsae
1737 282 1886 316 praesen-

1154 331 1201 360 tes
1227 328 1428 368 emanarint,
1455 328 1623 368 adductae,
1649 326 1829 360 verificatae
1854 330 1886 358 et

1153 379 1341 413 iustificatae
1366 390 1431 412 non
1456 381 1582 419 suerint,
1601 384 1656 412 aut
1672 390 1707 412 ex
1733 378 1793 410 alia
1813 388 1887 421 qua-

1154 442 1291 474 cumque
1310 433 1513 475 quantumvis
1532 433 1625 471 iusta,
1643 431 1778 464 iuridica
1795 435 1825 463 et
1842 440 1888 462 ra-

1155 483 1312 523 tionabili,
1326 494 1362 515 ac
1379 484 1473 516 etiam
1495 484 1560 523 tali,
1578 494 1660 526 quae
1680 484 1718 515 ad
1737 482 1885 515 effectum

1154 535 1326 568 validitatis
1355 536 1604 578 praemissorum
1629 534 1810 568 necessario
1835 545 1888 567 ex-

1155 589 1327 631 primenda
1341 589 1434 628 toret,
1452 591 1556 629 causa,
1572 589 1752 629 occasione,
1771 589 1886 628 colore,

1156 641 1298 684 ingenio,
1326 646 1493 684 praetextu
1520 647 1551 674 et
1574 642 1702 685 capite,
1736 642 1831 676 etiam
1856 641 1889 674 in

1157 705 1295 737 corpore
1320 695 1399 726 iuris
1425 696 1557 734 clauso,
1590 695 1686 727 etiam
1722 695 1864 727 enormis
1880 721 1888 735 ,

1157 747 1400 780 enormissimae
1431 752 1463 779 et
1487 747 1592 780 totalis
1616 747 1779 786 laesionis,
1800 748 1890 780 nullo

1158 810 1300 843 unquam
1333 805 1480 842 tempore
1518 800 1556 832 de
1593 800 1811 843 subreptionis
1840 801 1890 833 vel

1158 852 1360 896 obreptionis
1386 858 1439 884 aut
1464 853 1621 885 nullitatis
1646 853 1734 893 vitio,
1762 863 1818 885 sen
1844 853 1892 886 in-

1159 906 1312 939 tentionis
1328 911 1455 938 nostrae
1474 911 1506 938 et
1525 906 1685 939 interesse
1699 906 1891 939 habentium

1159 960 1354 998 consensus,
1381 959 1483 991 aliove
1520 959 1667 1002 quolibet
1696 959 1791 992 etiam
1827 970 1893 992 ma-

1158 1012 1255 1051 ximo,
1272 1012 1437 1045 essentiali
1458 1023 1493 1045 ac
1517 1012 1693 1054 incogitato
1716 1017 1747 1045 et
1763 1013 1894 1046 inexco-

1160 1065 1284 1108 gitabili
1308 1064 1434 1097 defectu
1458 1065 1574 1105 notari,
1596 1065 1790 1108 impugnari,
1812 1065 1895 1099 inva-

1159 1119 1263 1158 lidari,
1283 1118 1455 1157 annullari,
1481 1118 1659 1155 retractari,
1684 1119 1837 1157 rescindi,
1861 1119 1895 1151 in

1160 1171 1416 1205 controversiam
1441 1171 1561 1210 vocari,
1592 1176 1646 1203 aut
1671 1171 1709 1203 ad
1736 1172 1894 1204 terminos

1160 1225 1239 1257 iuris
1253 1223 1373 1263 reduci,
1391 1234 1447 1256 seu
1465 1224 1617 1256 adversus
1632 1224 1686 1256 illa
1707 1224 1895 1267 aperitionis

1161 1277 1238 1317 oris,
1265 1276 1478 1309 restitutionis
1503 1276 1535 1308 in
1560 1276 1741 1318 integrum,
1768 1276 1896 1310 aliudve

1161 1331 1391 1374 quodcumque
1417 1329 1505 1369 iuris,
1527 1330 1601 1362 tacti
1625 1331 1674 1363 vel
1700 1331 1821 1372 gratiae
1845 1334 1897 1364 re-

1161 1383 1300 1416 medium
1326 1382 1480 1415 intentari
1501 1383 1549 1415 vel
1576 1382 1752 1425 impetrari,
1770 1388 1823 1415 aut
1844 1384 1897 1416 im-

1161 1440 1299 1479 petrato,
1318 1445 1373 1468 seu
1400 1434 1494 1468 etiam
1520 1440 1617 1475 motu,
1637 1435 1772 1468 scientia
1794 1441 1823 1469 et
1843 1447 1898 1479 poe

1163 1489 1288 1520 testatis
1327 1487 1533 1530 plenitudine
1573 1488 1704 1530 paribus
1729 1499 1895 1528 concesso,

1162 1541 1347 1584 quempiam
1383 1541 1415 1572 in
1451 1540 1572 1573 iudicio
1607 1542 1657 1573 vel
1693 1546 1781 1573 extra
1816 1541 1895 1574 illud

1161 1594 1208 1626 uti
1233 1604 1289 1625 seu
1315 1603 1348 1625 se
1367 1593 1475 1625 iuvare
1494 1602 1599 1635 posse,
1619 1593 1673 1626 sed
1692 1593 1778 1636 ipsas
1804 1604 1898 1636 prae-

1162 1650 1270 1678 sentes
1294 1645 1419 1678 litteras
1436 1645 1518 1677 etin
1543 1645 1588 1677 eis
1613 1650 1763 1678 contenta
1788 1645 1898 1678 huius-

1162 1698 1247 1730 modi
1273 1707 1401 1740 semper
1425 1702 1456 1729 et
1479 1703 1640 1740 perpetuo
1665 1697 1766 1738 firma,
1793 1698 1898 1731 valida

1163 1756 1194 1784 et
1210 1751 1349 1783 efficacia
1373 1751 1511 1783 existere
1532 1755 1563 1783 et
1580 1751 1658 1791 sore,
1677 1761 1816 1793 suosque
1833 1752 1898 1794 ple-

1163 1804 1271 1836 narios
1288 1809 1320 1836 et
1339 1804 1484 1846 integros
1510 1803 1640 1836 effectus
1661 1804 1768 1836 sortiri
1790 1809 1822 1836 et
1841 1805 1898 1837 ob-

1163 1856 1276 1897 tinere,
1301 1867 1338 1889 ac
1357 1856 1430 1896 illis,
1457 1856 1505 1888 ad*
1521 1867 1600 1898 quos
1625 1861 1751 1899 spectat
1775 1862 1805 1889 et
1836 1867 1896 1900 pro

1164 1914 1308 1952 tempore
1347 1909 1618 1952 quandocumque
1658 1909 1837 1952 spectabit,
1863 1910 1895 1942 in

1163 1963 1313 1995 omnibus
1339 1966 1370 1994 et.
1394 1971 1452 2004 per
1480 1963 1588 1994 omnia
1620 1962 1809 2004 plenissime
1833 1963 1897 1995 sus-

1163 2015 1290 2058 sragari,
1306 2019 1336 2048 et
1352 2015 1390 2047 ab
1408 2015 1454 2047 eis
1471 2016 1647 2058 respective
1664 2015 1896 2049 inviolabiliter

1163 2074 1195 2101 et
1218 2069 1411 2101 inconcusse
1436 2068 1610 2107 observari,
1637 2069 1748 2110 sicque
1775 2073 1806 2101 et
1829 2079 1895 2102 non

1162 2122 1254 2154 aliter
1274 2122 1307 2153 in
1332 2120 1514 2163 praemissis
1533 2121 1682 2153 omnibus
1703 2127 1735 2153 et
1758 2120 1893 2163 singulis

1162 2174 1308 2213 censeri,
1333 2178 1429 2216 atque
1455 2173 1497 2205 ita
1521 2184 1579 2215 per
1604 2184 1820 2216 quoscumque
1851 2174 1895 2206 iu·

1162 2227 1250 2259 dices
1291 2225 1474 2258 ordinarios
1510 2231 1541 2258 et
1574 2226 1737 2267 delegatos
1753 2253 1760 2266 ,
1797 2226 1894 2259 etiam

1161 2289 1329 2312 causarum
1354 2278 1462 2321 palatii
1484 2279 1650 2321 apostolici
1667 2279 1839 2319 auditores,
1857 2290 1895 2313 ac

1161 2333 1305 2366 eiusdem
1330 2332 1360 2364 S.
1390 2332 1426 2364 R.
1449 2331 1483 2363 E.
1504 2331 1729 2372 camerarium,
1756 2337 1788 2364 et
1812 2333 1893 2366 alios

1160 2386 1354 2425 cardinales,
1381 2385 1475 2417 etiam
1501 2385 1540 2417 de
1566 2386 1666 2417 latere
1692 2386 1826 2427 legatos,
1846 2386 1894 2418 di-

1160 2445 1294 2482 ctaeque
1320 2438 1469 2471 Gamerae
1495 2438 1717 2480 praesidentes
1743 2439 1890 2480 clericos,

1161 2497 1190 2524 et
1208 2492 1290 2525 alios
1316 2491 1467 2524 officiales
1494 2496 1525 2523 et
1548 2491 1726 2529 ministros,
1754 2496 1894 2525 ceteros-

1161 2555 1222 2590 que
1248 2544 1412 2588 quoslibet
1435 2543 1542 2587 (plavis
1567 2544 1757 2577 auctoritate
1782 2550 1813 2578 et
1835 2555 1893 2589 po·

1893 173 1940 200 An.
1961 173 1990 200 C.
2010 174 2075 201 ¹693
