2227 3225
936 210 1144 235 tNNOCENTtUS
1169 210 1212 234 xii
1235 211 1282 234 pr.
1760 201 1823 234 679
1869 208 1918 236 An.
1934 207 1963 236 c.
1988 207 2053 234 1595

1125 258 1246 300 gationi
1280 259 1414 290 fratrum
1446 258 1718 291 Discalceatorum
1746 259 1861 301 Ilispa-

1124 310 1198 343 niae
1223 310 1405 343 facultatem
1431 310 1572 352 eligendi
1605 311 1665 342 sibi
1691 321 1861 344 conserva-

1126 368 1236 403 torem,
1258 365 1385 396 servata
1406 363 1508 396 formai
1526 363 1767 395 constitutionis
1785 363 1861 396 dicti

1125 415 1273 458 Gregorii
1305 414 1589 459 praedecessoris,
1616 415 1808 448 auctoritate
1829 426 1862 448 a·

1124 469 1299 512 postoliea,
1320 474 1434 502 tenore
1459 468 1694 511 praesentium,
1711 468 1863 501 concedi-

1123 532 1194 554 mus
1213 527 1245 555 et
1262 522 1482 565 impartimur:
1500 522 1584 554 salva
1603 526 1709 553 tamen
1731 531 1864 563 semper

1123 574 1156 607 in
1182 575 1368 618 praemissis
1389 574 1578 607 auctoritate
1597 572 1862 616 Congregationis

154 207 204 236 An.
226 208 256 237 C.
280 211 347 239 ¹695

345 264 380 292 ut
403 260 609 303 praefertur,
634 261 747 294 eodem
772 261 841 292 iure
872 260 918 292 uti
950 269 1083 292 conces-

345 323 415 345 sum
443 313 511 352 fuit,
537 312 730 354 religionem
755 312 934 353 constituit,
963 316 994 344 et
1019 321 1084 343 am-

344 365 520 408 plissimam
545 365 792 408 privilegiorum
817 364 1083 398 communicatio-

343 428 418 451 nem
443 418 506 450 sibi
530 429 548 451 a
575 418 648 461 piae
669 418 844 452 memoriae
870 417 1000 451 Urbano
1026 416 1084 449 Pa-

344 481 385 514 pa
408 471 482 512 vtlt,
515 472 767 514 praedecessore
803 472 925 515 pariter
949 475 1081 510 nostro,

343 535 430 558 anno
450 535 611 558 iincxxxiv
629 525 763 558 concedi
785 525 936 564 obtinuit,
956 534 1084 567 compe·
1102 554 1104 565 ,

344 582 413 611 tere
437 577 593 618 videatur,
619 588 737 621 nempe
764 583 826 611 tam
851 588 888 610 ex
909 576 1082 620 privilegio

343 630 404 663 sibi
430 631 574 674 proprio,
589 641 686 674 quain
704 630 812 673 vigore
831 630 976 663 eiusdem
994 639 1083 662 com-
1101 648 1105 660 0
1124 629 1431 662 secundodictorum
1456 627 1685 661 cardinalium.

342 684 590 725 niunicationis;
617 684 845 724 nihilominus,
866 695 906 717 ne
928 685 1011 717 ullus
1036 673 1104 719 reni
1166 682 1234 725 gli.
1261 683 1490 722 Decementes,
1517 682 1646 715 easdem
1672 686 1862 724 praesentes

341 737 508 780 linquatur
522 737 561 770 de
581 738 650 770 iure
670 737 855 770 huiusmodi
871 735 1080 780 disputandi¹
1102 728 1103 740 ¹
1122 735 1247 768 litteras
1270 745 1402 777 semper
1426 734 1546 775 firmas,
1565 734 1687 767 validas
1708 740 1740 767 et
1757 735 1864 768 effica-

342 790 444 830 locus,
469 800 532 823 nec
555 790 647 829 illud,
673 791 803 833 quando
824 801 858 823 se
876 789 972 823 oil'ert
990 800 1082 822 occa·
1101 780 1103 785 i
1123 798 1176 821 ces
1193 788 1332 821 existere
1348 794 1379 820 et
1393 788 1474 829 sore,
1494 797 1635 831 suosque
1652 787 1815 830 plenarios
1833 793 1866 820 et

341 842 389 876 sio
403 853 441 876 co
462 843 585 884 utendi,
607 843 640 875 in
657 843 913 876 controversiam
937 842 1080 875 revocari
1102 846 1103 867 l
1123 841 1267 884 integros
1289 840 1421 874 effectus
1449 841 1561 874 sortiri
1587 846 1620 874 et
1643 840 1802 879 obtinere,
1828 851 1865 874 ac

1101 872 1104 907 1

341 895 519 939 contingat,
546 895 797 939 incidenterque
819 896 960 939 desuper
977 905 1082 928 acces·
1122 895 1209 937 illis,
1239 896 1279 929 ad
1311 906 1392 939 quos
1423 900 1550 938 spectat
1575 899 1607 928 et
1632 905 1690 938 pro
1717 900 1863 938 tempore

1896 692 2016 716 Ctaueutao.

341 948 449 982 seriae
475 948 728 992 disceptationes
755 948 945 992 principalis
964 958 1081 981 causae

341 1001 542 1035 decisionem
556 1002 748 1045 impediant,
766 1002 869 1035 dietus
883 1001 994 1035 I‘etrus
1009 1011 1083 1044 pro-

341 1060 474 1088 curator
491 1055 655 1098 generalis
678 1055 738 1098 ipsi
763 1055 1011 1097 Congregationi
1028 1054 1083 1087 Ili-

341 1108 473 1151 spaniae
497 1108 680 1141 facultatem
707 1108 847 1151 eligendi
873 1109 934 1141 sibi
959 1108 1082 1141 iudices

342 1167 594 1201 conservatores,
609 1167 671 1194 tam
682 1172 742 1204 pro
752 1161 966 1194 conventibus
981 1161 1081 1205 ipsius

342 1214 624 1258 Congregationis,
652 1225 748 1258 quam
774 1225 833 1258 pro
858 1215 952 1248 bonis
971 1215 1003 1247 in
1028 1225 1080 1248 re-

342 1267 564 1311 demptionem
594 1268 792 1311 captivorum
824 1268 1052 1311 impendendis
1070 1295 1078 1309 ,

341 1326 543 1364 competere,
570 1323 698 1353 servata
718 1326 826 1353 tamen
844 1321 946 1353 forma
964 1321 1080 1354 consti-

340 1374 501 1407 tutionum
536 1373 651 1406 similis
685 1372 882 1406 inemoriae²
907 1373 1101 1418 Clementis,

339 1426 445 1469 Papae
470 1426 534 1459 YIII
560 1430 593 1459 et
617 1425 764 1468 Gregorii
789 1426 893 1469 Papae
920 1427 970 1458 XV
987 1437 1080 1470 prae-

339 1480 544 1512 decessorum
568 1479 692 1522 pariter
709 1484 917 1519 nostrorum,
939 1490 957 1512 a
985 1479 1078 1513 nobis

1123 948 1290 991 spectabit,
1309 948 1341 982 in
1366 948 1516 982 omnibus
1541 953 1571 981 et
1588 958 1646 990 per
1671 949 1780 980 omnia
1797 949 1864 991 ple-

1122 1002 1257 1034 nissime
1273 1002 1457 1044 suffragari,
1484 1001 1594 1044 sicque
1619 1001 1652 1033 in
1670 1001 1862 1044 praemissis

1123 1065 1183 1098 per
1208 1065 1431 1098 quoscumque
1464 1054 1588 1087 iudices
1622 1053 1805 1087 ordinarios
1831 1059 1864 1087 et

1124 1108 1303 1151 delegatos,
1331 1108 1427 1142 etiam
1449 1119 1621 1141 causarum
1648 1108 1761 1151 palatii
1786 1119 1864 1151 apo-

1123 1161 1229 1193 stolici
1255 1160 1430 1200 auditores,
1448 1160 1585 1194 iudicari
1606 1165 1638 1193 et
1655 1160 1783 1193 deliniri
1808 1161 1863 1194 de-

1122 1214 1210 1254 bere,
1224 1225 1261 1246 ac
1285 1214 1413 1246 irritum
1431 1219 1463 1246 et
1480 1214 1585 1253 inane,
1605 1213 1629 1245 si
1648 1224 1742 1246 secus
1762 1224 1862 1257 super

1123 1267 1173 1300 his
1211 1278 1228 1300 a
1262 1277 1426 1310 quoquam
1443 1294 1450 1307 ‚
1497 1266 1608 1309 quavis
1647 1267 1860 1307 auctoritate,

1121 1320 1263 1353 scienter
1288 1320 1337 1353 vel
1370 1319 1579 1362 ignoranter,
1611 1319 1785 1361 contigerit
1816 1325 1863 1352 at-

1123 1372 1254 1405 tentari.

1165 1426 1179 1468 g
1205 1425 1235 1458 5.
1262 1425 1333 1458 Non
1351 1424 1555 1458 obstantibus
1577 1424 1861 1458 constitutionibus

1121 1484 1151 1511 et
1176 1478 1437 1511 ordinationibus
1459 1477 1659 1521 apostolicis,
1676 1478 1859 1522 ceterisque

1120 1532 1291 1565 contrariis
1316 1531 1587 1575 quilniscumque.

1897 1431 2053 1453 Contrariorum

1871 1458 1990 1483 derogatio.

339 1532 497 1566 declarari
522 1531 695 1575 plurimum
722 1532 902 1565 desideret:

190 1594 328 1641 deff-neusin
383 1587 398 1630 ἓ
422 1586 453 1620 3.
481 1585 568 1627 Nos,
597 1585 700 1629 ipsius
734 1586 821 1619 Petri
854 1587 1077 1630 procuratoris

144 1627 328 1694 ’ὲῖζῖῗὲιῗῖυῧοὲῗῇηῖ
339 1639 501 1683 generalis
520 1639 602 1673 votis
620 1639 680 1672 hac
704 1639 737 1672 in
759 1650 803 1679 re,
831 1646 986 1683 quantum
1005 1650 1075 1673 cum

146 1676 476 1726 i‘i'r'ssill'iissnxvsnomino
511 1703 709 1736 possumus,
754 1693 975 1726 favorabiliter
1013 1704 1073 1726 an-

1910 1590 1972 1610 fidu<
1997 1594 2052 1613 tuan·

1869 1621 2005 1643 sumptorum.

1162 1585 1219 1628 gs).
1233 1584 1385 1617 Volumus
1400 1588 1507 1617 autem
1520 1589 1553 1616 ut
1566 1583 1753 1617 earumdem
1768 1595 1860 1628 prae-

1117 1638 1259 1672 sentium
1298 1637 1482 1671 litterarum
1526 1637 1740 1681 transumptis
1758 1665 1765 1678 ,
1802 1648 1860 1671 seu

1118 1691 1286 1735 exemplis,
1305 1692 1402 1724 etiam
1415 1691 1593 1734 impressis,
1609 1701 1706 1724 manu
1720 1692 1858 1725 alicuius

339 1756 440 1779 nuere
471 1747 644 1786 volentes,
677 1756 817 1789 eumque
857 1757 874 1779 a
911 1746 1076 1789 quibusvis

339 1798 708 1839 excommunicationis,
731 1799 956 1842 suspensionis
977 1805 1009 1832 et
1033 1801 1076 1832 in-

339 1851 490 1891 terdicti,
521 1851 659 1894 aliisque
690 1852 917 1884 ecclesiasticis
946 1858 1077 1885 senten-

339 1904 404 1945 tiis,
422 1904 570 1937 censuris
596 1909 628 1936 et
663 1905 798 1947 poenis,
822 1915 839 1937 a
858 1905 928 1937 iure
960 1907 1011 1938 vel
1036 1906 1075 1938 ab

338 1957 488 1997 homine,
509 1956 621 2000 quavis
647 1956 818 1990 occasione
843 1958 892 1990 vel
914 1961 1009 1991 causti
1032 1959 1076 1991 la-

338 2011 378 2043 tis
393 2037 401 2051 ‚
435 2010 460 2043 si
481 2010 600 2053 quibus
631 2011 879 2054 quomodolibet
902 2011 1076 2045 innodatus

337 2063 459 2103 existit,
478 2063 517 2095 ad
535 2062 684 2096 effectum
709 2064 935 2107 praesentium
952 2065 1076 2098 dumta-

336 2121 389 2147 xat
409 2116 692 2158 consequendum,
720 2113 835 2148 barum
860 2117 945 2150 serie
971 2118 1076 2151 absol-

335 2174 451 2201 ventes
464 2169 692 2201 etabsolutuin
708 2169 775 2202 sore
802 2176 985 2211 censentes,
1007 2182 1076 2215 sup-

334 2221 570 2265 plicationibus
601 2221 669 2254 eius
700 2222 832 2255 nomine
857 2223 953 2256 nobis
979 2235 1076 2267 super

334 2274 400 2308 hoc
424 2274 591 2307 humiliter
606 2275 767 2318 porrectis
787 2275 943 2315 inclinati,
966 2277 1004 2310 de
1024 2288 1076 2310 ve-

334 2326 534 2360 nerabilium
567 2327 705 2361 fratrum
746 2334 934 2361 nostrorum
970 2329 1074 2363 dictae

334 2379 367 2413 S.
386 2379 423 2413 R.
442 2379 477 2413 E.
505 2380 719 2414 cardinalium
736 2381 878 2425 negotiis
900 2387 931 2415 et
948 2384 1076 2415 consul-

335 2432 503 2466 tatonibus
543 2433 772 2478 episcoporum
809 2440 841 2467 et
879 2435 1073 2477 regularium

335 2486 601 2529 praepositorum
626 2487 775 2528 consilio,
804 2487 910 2520 eidem
936 2487 1075 2531 Congre-

372 2555 386 2582 1
407 2554 479 2582 Edit.
499 2555 578 2584 Main.
600 2556 664 2592 legit
683 2557 844 2593 deputandi
861 2560 899 2593 (R.
919 2559 970 2592 Τ.).

372 2598 389 2626 2
408 2599 468 2627 Vox
488 2602 645 2630 memoriae
665 2610 714 2630 nos
733 2602 858 2629 addimus
877 2607 914 2637 (a.
935 2604 984 2638 r).

1117 1745 1235 1778 notarii
1252 1744 1378 1789 publici
1395 1745 1598 1788 subscriptis,
1611 1750 1643 1778 et
1662 1745 1770 1788 sigillo
1788 1756 1860 1788 per-

1117 1808 1217 1831 sonae
1238 1798 1272 1831 in
1289 1799 1509 1832 ecclesiastica
1526 1798 1685 1841 dignitate
1701 1799 1859 1831 constitu-

1116 1857 1167 1885 tae
1188 1851 1331 1891 munitis,
1354 1852 1469 1885 eadem
1487 1862 1623 1895 prorsus
1642 1852 1721 1885 tides
1737 1852 1859 1895 ubique

1119 1912 1182 1938 tam
1202 1906 1236 1938 in
1260 1905 1381 1939 iudicio
1403 1916 1499 1949 quam
1525 1911 1616 1938 extra
1637 1905 1717 1939 illud
1738 1906 1859 1939 habea-

1118 1965 1181 1999 tur,
1201 1969 1283 2002 quae
1309 1959 1486 1991 haberetur
1510 1958 1590 2002 ipsis
1616 1960 1856 2002 praesentibus,

1118 2012 1144 2045 si
1162 2013 1271 2045 forent
1295 2012 1460 2045 exhibitae
1482 2012 1531 2044 vel
1558 2017 1723 2044 ostensae.

1160 2065 1276 2097 Datum
1300 2064 1432 2103 Romae,
1464 2064 1550 2107 apud
1576 2064 1608 2096 S.
1639 2064 1770 2097 Mariam
1796 2065 1860 2098 Ma-

1117 2118 1239 2157 iorem,
1264 2117 1323 2149 sub
1349 2117 1470 2150 annulo
1497 2117 1689 2157 piscatoris,
1713 2117 1765 2151 die
1778 2128 1858 2152 xxm

1118 2171 1230 2214 aprilis
1254 2179 1399 2210 iiocxcv,
1426 2168 1638 2212 pontificatus
1669 2171 1773 2204 nostri
1801 2181 1858 2204 an-

1117 2234 1159 2257 no
1181 2234 1223 2257 iv.

1151 2286 1213 2313 Dat.
1229 2284 1272 2312 die
1287 2284 1321 2313 23
1341 2284 1433 2320 aprilis
1455 2284 1533 2318 1695,
1550 2285 1650 2320 pontif.
1670 2293 1741 2313 anno
1756 2292 1793 2313 tv.

1453 2416 1512 2450 CV.

1114 2488 1299 2532 E1·1'9mzlur
1318 2488 1400 2521 (luae
1426 2488 1615 2532 provinciae
1639 2488 1855 2524 Lombardiae

1159 2548 1186 2574 et
1220 2542 1367 2575 Romana
1408 2542 1544 2585 fratrum
1580 2542 1852 2575 Praeclz'catorzcm

1161 2594 1194 2627 in
1221 2594 1302 2627 duas
1320 2595 1588 2639 Ct·nyi·eyali0nes
1606 2595 1638 2630 S.
1658 2596 1799 2630 Sabinae
1823 2600 1851 2630 et
