2227 3225
110 253 160 282 An.
176 250 206 281 C.
227 251 291 280 ¹691

155 946 226 967 Gne?
240 944 275 966 w.

150 972 180 994 Do
203 975 252 992 voto
274 977 305 992 re-

124 998 259 1026 demptionis.

291 1113 299 1119 ,
320 1093 468 1128 adhibuit
497 1094 582 1126 circa
617 1093 877 1137 redemptionem
912 1091 1054 1135 captivo-

879 250 1087 275 INNOCENTIL'S
1111 249 1154 272 xu
1179 249 1226 273 Pr.

309 311 369 335 nec
393 301 521 344 impura
551 302 713 343 poemata,
739 309 799 333 nee
833 299 965 332 libellos
1002 299 1041 331 dc

307 355 404 388 rebus
429 353 606 393 amatoriis,
621 354 671 386 vel
696 353 751 396 qui
770 351 982 395 petulantiam
1000 361 1044 384 re-

307 411 444 446 sonent,
468 416 672 450 quacumque
697 405 823 438 ratione
847 408 1042 447 componat,

308 459 402 502 legat,
437 463 563 499 cantet,
590 468 695 502 neque
719 457 804 501 apud
829 467 864 489 se
889 456 1044 495 retineat,

309 512 368 545 sub
381 514 491 556 poena
504 512 660 555 gravioris
678 511 802 555 culpam
820 509 928 543 verbis
949 509 1044 542 etiam

310 565 457 605 lubricis,
474 565 671 609 aequivocis,
697 569 752 598 aut
766 563 947 597 vanissimis
964 573 1047 595 ama-

310 618 433 651 siorum
458 617 586 651 sabellis
617 627 712 650 nemo
745 622 866 655 utatur,
903 615 1046 658 alioquin

312 679 329 701 a
353 671 501 713 praelato
519 669 672 713 puniatur
695 679 730 702 ex
749 668 885 707 merito,
914 667 1048 700 semina·
1067 658 1071 695 i

313 733 385 756 rum
415 722 550 766 insuper
581 722 747 766 tripudia,
772 721 868 754 ludos
891 720 1049 758 scenicos,

313 775 442 819 aliaque
467 775 579 809 festiva
603 780 635 808 et
659 774 767 808 inania
786 772 905 807 saeculi
924 778 1051 816 specta-

313 829 386 862 cula
414 829 503 862 velut
527 827 699 873 Babylonis
731 828 819 862 idola
847 826 1050 861 severissime

315 882 409 916 vitari
434 881 664 926 praecipimus.

360 945 382 968 ι.
408 934 513 978 Super
544 935 607 968 tria
637 934 805 978 praedicta
835 938 907 967 vota
942 942 1052 966 essen-

318 987 414 1028 tialia,
445 998 526 1031 quae
552 986 703 1021 omnibus
738 985 951 1029 religionibus
979 989 1053 1017 sunt

319 1040 511 1080 eommunia,
542 1046 690 1084 quartum
724 1039 786 1073 sibi
820 1039 905 1072 Ordo
939 1043 1054 1071 noster

321 1159 400 1189 rum,
425 1147 454 1180 vi
478 1148 568 1181 cuius
604 1147 649 1180 sic
681 1147 719 1180 ad
749 1147 927 1180 animarum
964 1146 1055 1178 lucra

322 1206 355 1233 et
377 1200 562 1234 libertatem
591 1200 795 1244 spiritualem
825 1204 923 1232 totam
948 1197 1056 1240 dirigit

322 1253 584 1297 redemptionem
605 1253 808 1292 sensibilem,
833 1257 877 1291 ut,
896 1262 956 1295 pro
973 1251 1057 1284 redi-

322 1306 448 1339 mendis
471 1305 642 1339 animabus
667 1317 683 1338 a
708 1305 863 1349 periculis
895 1304 1059 1346 abnegan-

323 1358 381 1391 dae
395 1358 472 1391 sidei
489 1363 521 1391 et
534 1358 741 1391 damnatione
758 1358 924 1401 perpetua,
942 1366 1056 1389 omues

322 1421 396 1444 suos
423 1411 537 1445 fratres
559 1411 704 1451 vinculis,
723 1409 876 1454 sanguini
893 1410 942 1443 vel
961 1408 1058 1441 etiam

323 1464 421 1497 morti
445 1463 609 1497 subiiciat.

368 1528 403 1552 11.
430 1517 492 1551 Sed
526 1517 603 1562 quia
639 1517 719 1551 haec
755 1517 883 1551 Ordinis
919 1519 1058 1552 charitas

324 1571 398 1615 plus
422 1571 547 1615 indiget
572 1570 774 1614 expositione
800 1582 896 1615 quam
924 1571 1060 1614 legibus,

326 1625 446 1658 idcireo
483 1635 523 1658 ne
556 1625 656 1658 lateat
692 1624 808 1657 fratres
833 1625 921 1668 quod
947 1625 1060 1668 qualc-

326 1688 389 1721 que
421 1678 463 1711 sit
498 1677 685 1711 huiusmodi
722 1682 854 1718 votum,
881 1677 962 1710 illud
988 1687 1059 1710 esse

326 1732 525 1765 declaramus
541 1730 790 1775 promissionem
814 1731 987 1775 quamdam
1009 1741 1062 1763 vo-

326 1783 499 1818 luntariam
524 1789 555 1817 et
582 1784 765 1817 absolutam
795 1783 979 1817 redimendi
1011 1794 1061 1817 ca-

326 1836 429 1879 ptivos
461 1847 478 1870 a
508 1836 646 1870 vinculis
679 1837 796 1870 mentis
827 1842 857 1870 et
889 1837 1059 1880 corporis,

327 1893 390 1923 tam
415 1899 496 1923 auro
522 1890 571 1923 vel
596 1895 742 1932 argento,
769 1900 863 1933 quam
889 1890 937 1922 sui
963 1890 1061 1923 tradi·

328 1942 415 1975 tione
440 1942 474 1975 in
498 1942 624 1985 pignus,
650 1943 676 1975 si
702 1952 834 1975 neeesse
860 1942 975 1982 suerit,
1002 1953 1061 1985 pro

327 1996 428 2029 salute
463 1995 641 2029 animarum
677 2001 709 2029 et
743 1995 816 2029 fidei
851 1995 1062 2039 abnegandae

327 2047 493 2092 periculis.

371 2112 420 2136 111.
446 2101 491 2134 Ex
516 2101 577 2135 hac
602 2111 681 2145 ergo
707 2102 931 2137 declaratione
956 2103 1063 2146 primo

328 2151 544 2195 intelligimus
576 2162 690 2186 omnes
713 2153 831 2186 fratres
862 2159 990 2186 nostros
1022 2154 1065 2186 ita

328 2205 546 2249 redemptioni
577 2205 723 2239 fidelium
759 2205 957 2249 captivorum
993 2217 1064 2239 esse

329 2259 488 2302 alligatos,
514 2263 548 2291 ut
572 2269 638 2292 non
674 2260 782 2293 solum
813 2259 851 2292 ad
888 2269 958 2292 eam
984 2269 1061 2292 exe-

330 2312 493 2356 quendam
529 2312 562 2345 in
586 2311 699 2345 effectu
733 2311 872 2346 debeant
897 2323 967 2345 esse
995 2322 1066 2355 per-

329 2370 430 2409 petuo
454 2366 604 2409 dispositi
629 2365 655 2398 si
680 2365 719 2399 ab
740 2365 859 2399 Ordine
884 2366 1064 2405 mittantur,

330 2418 386 2452 sed
411 2419 508 2452 etiam
533 2419 573 2452 ad
597 2419 798 2461 colligendas
829 2419 1066 2462 eleemosynas,

332 2477 387 2505 aut
410 2482 634 2516 quaecumque
658 2472 721 2506 alia
746 2472 889 2515 gerenda
914 2473 958 2514 (si
978 2472 1015 2504 ad
1034 2471 1066 2504 id

331 2535 349 2558 a
373 2525 525 2569 praelatis
549 2526 741 2569 eligantur),
767 2526 838 2559 sine
864 2525 982 2569 quibus
1017 2536 1067 2557 re-

332 2578 527 2621 demptionis
552 2584 641 2612 actus
666 2579 705 2612 ad
730 2578 880 2612 effectum
906 2578 979 2611 duci
1002 2588 1066 2610 non

319 2631 456 2688 gessit,
483 2631 536 2675 qui
563 2632 650 2666 enim
674 2631 729 2664 fini
754 2642 787 2665 se
806 2631 937 2675 obligat,
962 2631 1068 2663 media

1085 298 1209 340 pariter
1245 295 1428 329 necessaria
1457 295 1586 337 cogitur
1617 294 1817 336 adimplere:

1086 350 1189 382 sciant
1208 353 1325 385 autem,
1343 353 1376 379 ut
1398 347 1431 379 in
1457 346 1507 379 liis
1533 346 1673 379 debeant
1690 356 1726 378 ex
1750 350 1819 378 toto

1087 403 1192 445 rigore
1210 400 1364 445 praelatis
1381 400 1620 441 obtemperare,
1642 398 1728 430 haud
1749 397 1820 430 istis

1087 465 1258 489 necessum
1282 463 1351 486 esse
1377 458 1412 485 ut
1429 452 1557 485 formali
1575 456 1705 483 utantur
1730 460 1823 493 prae-

1088 514 1195 551 cepto,
1223 507 1279 541 sed
1305 505 1424 539 suflicit
1448 505 1585 548 simplex
1611 510 1641 537 et
1666 514 1746 547 pura
1770 514 1824 536 vo-

1088 561 1221 594 luntatis
1258 558 1447 602 expressio,
1481 568 1552 590 cum
1590 558 1622 590 in
1654 557 1824 590 materiam

1089 614 1210 646 ineidat
1226 613 1288 646 iam
1307 612 1436 645 aliunde
1454 610 1577 644 ratione
1603 610 1699 643 huius
1719 609 1825 653 quarti

1089 667 1154 700 voti
1179 666 1392 708 obligantem.

1135 730 1176 753 tv.
1192 719 1399 752 Declaramus
1420 717 1553 760 insuper
1574 716 1635 748 hoc
1650 721 1758 749 votum
1777 726 1827 749 es·
1838 715 1847 721 ’“

1092 772 1228 805 seutiale
1245 797 1253 810 ,
1287 770 1361 814 quia
1385 775 1532 802 nostrum
1565 768 1716 802 Ordinem
1744 769 1828 802 inse-

1091 826 1283 870 parabiliter
1307 825 1338 857 in
1363 827 1419 857 sua
1449 824 1558 868 speeie
1587 829 1619 856 et
1650 824 1829 856 substantia

1093 878 1262 913 constituit
1281 888 1316 911 ex
1343 878 1371 910 vi
1401 876 1584 920 primaevae
1607 876 1827 915 institutionis,

1094 942 1188 974 quam
1213 936 1344 964 sanetus
1371 930 1554 973 patriarcha
1577 934 1689 962 noster
1716 929 1829 962 Pe¹rus

1093 984 1245 1017 Nolascus
1263 984 1324 1016 voti
1348 983 1578 1026 obligationem
1597 982 1765 1015 continere
1782 992 1830 1015 vo-

1094 1037 1154 1070 luit
1177 1041 1209 1070 et
1234 1036 1410 1079 expressit,
1438 1046 1453 1068 a
1480 1039 1614 1078 totoque
1639 1034 1758 1067 Ordine
1783 1035 1831 1067 sic

1095 1089 1245 1133 intelligi,
1265 1089 1344 1122 sicut
1369 1088 1412 1121 ita
1428 1094 1587 1132 perpetuo
1605 1088 1738 1131 professi
1757 1093 1832 1120 sunt

1096 1148 1202 1187 patres
1227 1142 1329 1174 nostri
1355 1146 1388 1174 et
1411 1151 1509 1184 opere
1535 1141 1793 1184 compleverunt.

1142 1206 1170 1228 v.
1197 1195 1261 1228 Nec
1287 1201 1401 1238 putare
1416 1195 1538 1228 debent
1553 1194 1605 1227 illa
1621 1194 1718 1226 verba
1735 1194 1763 1227 si
1783 1203 1833 1226 ne·

1097 1259 1177 1283 cesse
1200 1248 1301 1291 fuerit
1325 1247 1388 1280 voti
1423 1247 1562 1280 absoluti
1595 1247 1734 1289 rigorem
1762 1257 1834 1279 eva-

1098 1312 1206 1341 cuare,
1229 1306 1280 1334 aut
1300 1300 1439 1343 aliquam
1464 1299 1606 1343 speciem
1631 1300 1694 1332 voti
1721 1299 1835 1333 condi-

1099 1354 1212 1388 tionali
1247 1353 1469 1392 constituere,
1501 1363 1564 1395 quo
1601 1352 1732 1396 aliquod
1770 1353 1834 1386 illis

1099 1408 1296 1452 praebeatur
1327 1404 1494 1448 effugium.
1521 1405 1581 1437 Per
1606 1405 1661 1438 illa
1685 1405 1770 1438 enim
1796 1406 1836 1437 si-

1099 1467 1153 1494 cut
1176 1460 1323 1494 absolute
1354 1468 1505 1492 vovemus
1537 1458 1719 1490 institutum
1744 1458 1833 1491 redi-

1101 1515 1227 1554 mendi,
1254 1518 1285 1548 et
1309 1522 1422 1546 omncs
1447 1512 1516 1545 eius
1541 1517 1628 1544 actus
1653 1511 1837 1544 necessario

1100 1567 1288 1611 suppositos
1314 1571 1388 1598 ante
1420 1564 1470 1597 sui
1504 1564 1709 1597 traditionem
1735 1563 1766 1596 in
1791 1563 1840 1607 pi-

1102 1631 1202 1664 gnus,
1227 1620 1271 1652 ita
1295 1618 1421 1663 pariter
1445 1618 1593 1650 absolute
1619 1616 1839 1660 promittimus

1102 1674 1134 1706 in
1160 1672 1352 1716 obsequium
1369 1670 1443 1703 fidei
1466 1670 1593 1702 tradere
1619 1669 1840 1712 nosmetipsos

1102 1737 1160 1771 pro
1178 1725 1312 1769 captivis
1331 1724 1363 1756 in
1380 1724 1450 1757 eius
1469 1723 1677 1766 abnegandae
1696 1723 1840 1766 periculo

1102 1779 1295 1813 constitutis.
1323 1778 1369 1810 Ad
1395 1777 1457 1810 lioc
1489 1777 1610 1819 quippe
1637 1776 1840 1820 implendum

1103 1835 1191 1868 nulla
1208 1838 1256 1865 est
1272 1831 1464 1874 interposita
1482 1830 1639 1869 conditio,
1657 1840 1752 1873 quam
1768 1840 1842 1873 pos-

1102 1887 1143 1920 sit
1167 1890 1339 1929 expectare
1364 1890 1494 1924 votum,
1520 1883 1577 1916 sed
1614 1889 1662 1916 est
1693 1883 1840 1926 protinus

1103 1939 1342 1982 exequendum,
1364 1937 1561 1980 ubicumque
1587 1936 1790 1979 periclitatur
1807 1935 1843 1967 fi-

1104 1993 1173 2033 des,
1196 1998 1228 2025 et
1252 1993 1363 2024 nostra
1387 1991 1492 2023 solum
1520 1989 1690 2022 traditione
1715 1989 1844 2022 redimi·

1105 2052 1169 2078 tur.
1197 2045 1287 2078 Unde
1313 2044 1430 2076 fratres
1462 2043 1626 2086 praedicta
1651 2042 1751 2074 verba
1775 2051 1841 2074 non

1104 2105 1138 2133 ut
1162 2098 1385 2132 conditionem
1410 2096 1581 2139 accipiant,
1600 2096 1657 2128 sed
1678 2096 1784 2138 potius
1808 2101 1844 2128 ut

1105 2152 1348 2196 expressionem
1384 2156 1416 2183 et
1448 2149 1723 2188 declarationem,
1754 2148 1844 2191 quod

1106 2215 1222 2248 nempe
1255 2209 1364 2237 votum
1390 2202 1537 2242 Ordinis,
1564 2207 1694 2244 praeter
1719 2201 1845 2234 redem-

1106 2259 1252 2302 ptionem
1286 2257 1468 2290 absolutam
1492 2255 1714 2298 captivorum,
1741 2254 1846 2287 tendit

1106 2311 1244 2346 ulterius
1269 2310 1366 2343 etiam
1397 2309 1547 2342 absolute
1580 2308 1618 2341 ad
1644 2318 1713 2340 eam
1738 2308 1846 2353 perse—

1107 2365 1283 2399 ctissimam
1302 2363 1515 2402 charitatem,
1535 2366 1571 2394 ut
1592 2362 1706 2395 fratres
1731 2361 1845 2401 nostri,

1108 2429 1166 2462 per
1184 2417 1234 2451 sui
1253 2416 1468 2454 traditionem,
1490 2414 1586 2448 tidem
1606 2420 1637 2448 et
1657 2414 1779 2447 animas
1796 2425 1847 2447 re-

1109 2471 1232 2506 dimant
1250 2481 1267 2503 a
1284 2469 1478 2503 necessitate
1504 2473 1537 2502 et
1560 2468 1718 2512 periculo,
1738 2472 1770 2500 et
1786 2468 1848 2500 lioc

1109 2534 1239 2568 semper
1263 2528 1296 2556 et
1318 2522 1441 2566 ubique
1474 2521 1542 2556 sine
1572 2522 1637 2554 ulla
1662 2520 1847 2554 conditione

1110 2575 1316 2621 proficiant'.

1147 2640 1159 2666 1
1180 2637 1295 2666 Videtur
1314 2637 1457 2674 legendum
1474 2636 1631 2673 perficiant
1649 2637 1687 2670 (n.
1709 2635 1757 2670 r).

1719 236 1783 270 ‘267
1829 246 1877 272 An.
1893 245 1922 272 c.
1942 244 2008 272 ieet
