2254 3225
256 287 298 312 An
331 286 358 311 c,
379 284 446 312 ¹699
492 275 556 309 888

450 333 558 368 Sixtus
582 334 667 378 Papa
690 335 713 367 V
734 336 970 379 praedecessor
995 340 1115 376 noster,
1133 346 1192 379 per

451 389 606 431 quasdam
643 399 717 422 suas
754 389 814 421 sub
852 389 986 432 plumbo
1026 389 1191 432 expeditas

450 441 587 482 litteras,
603 441 688 475 inter
708 442 779 482 alia,
797 442 882 474 dicto
898 442 1037 484 collegio
1056 443 1128 484 (pro
1147 443 1191 474 se-

451 494 505 528 lici
532 500 642 534 statu,
664 495 825 537 regimine
850 500 880 527 et
905 495 1065 536 gubernio
1091 495 1191 537 ipsius

451 548 594 590 collegii,
628 548 782 590 illiusque
816 558 1051 590 personarum,
1081 558 1189 580 rerum

453 606 483 633 et
501 600 673 641 bonorum,
690 606 752 632 tam
768 599 984 642 spiritualium
999 610 1095 642 quam
1116 605 1191 632 tem-

451 654 632 697 poralium,
659 664 787 686 necnon
820 663 918 695 super
950 653 1189 692 electionibus,

451 706 672 750 qualitatibus,
699 706 865 745 oneribus,
893 705 1031 738 servitiis
1051 711 1081 737 et
1099 705 1190 737 mini·

452 758 561 791 steriis
599 758 746 801 magistri
784 759 948 801 capellae,
983 758 1189 800 aliorumque

451 811 636 844 officialium
664 817 695 844 et
719 811 944 843 ministrorum
962 821 1022 854 pro
1041 816 1189 853 tempore

451 864 659 897 existentium
681 865 826 897 eiusdem
847 864 993 906 collegii)
1016 874 1190 906 quaecum-

452 927 514 960 que
540 922 666 956 statuta,
694 916 917 949 ordinationes
934 921 965 948 et
984 917 1125 955 decreta,
1146 926 1191 948 sa-

452 970 514 1003 cris
532 970 714 1003 canonibus
734 975 765 1003 et
783 969 916 1002 Concilii
936 969 1115 1002 Tridentini
1137 969 1191 1002 de-

451 1024 548 1057 cretis
572 1034 637 1056 non
664 1023 838 1063 contraria,
859 1023 1033 1063 condendi,
1055 1028 1086 1055 et
1113 1033 1190 1056 con-

451 1075 537 1116 dita,
564 1076 690 1119 quoties
715 1087 774 1119 pro
800 1076 932 1108 illorum
965 1087 1000 1109 ac
1026 1086 1134 1109 rerum
1160 1081 1190 1109 et

453 1134 634 1172 temporum
657 1130 811 1173 qualitate
836 1130 886 1162 vel
911 1130 988 1162 alias
1015 1130 1191 1172 expediens

450 1182 554 1215 visum
568 1183 693 1222 suisset,
710 1183 867 1223 mutandi,
885 1183 1078 1226 corrigendi,
1091 1184 1191 1216 resor-

448 1235 569 1277 mandi,
588 1236 756 1276 alterandi,
776 1236 978 1276 moderandi,
998 1237 1029 1269 in
1048 1241 1115 1270 toto
1141 1239 1190 1270 vel

449 1288 482 1321 in
515 1294 608 1332 parte
644 1290 840 1329 revocandi,
865 1301 901 1322 ae
937 1290 1000 1323 alia
1036 1291 1074 1323 de
1108 1301 1190 1324 novo

450 1341 579 1381 edendi,
599 1352 701 1386 eaque
727 1342 844 1383 omnia,
864 1343 1039 1376 dummodo
1066 1350 1191 1386 aposto—

450 1395 511 1428 lica
528 1396 579 1428 vel
605 1397 719 1428 saltem
746 1396 876 1438 collegii
902 1396 1088 1429 huiusmodi
1115 1408 1190 1440 pro-

451 1447 584 1480 tectoris
601 1458 661 1490 pro
685 1454 831 1491 tempore
857 1448 1025 1481 existentis
1051 1450 1190 1482 auetori-

452 1506 515 1534 tate
540 1500 721 1544 approbata
745 1501 891 1541 fuissent,
909 1502 948 1534 ab
970 1502 1131 1543 omnibus,
1151 1504 1190 1536 ad

451 1565 533 1597 quos
554 1560 628 1587 tunc
649 1555 816 1598 spectabat
831 1561 862 1587 et
876 1566 936 1598 pro
956 1561 1102 1599 tempore
1120 1568 1191 1599 spe-

451 1612 579 1648 ctasset,
605 1607 666 1640 sub
687 1608 803 1651 poenis
828 1608 1027 1651 pecuniariis
1054 1609 1189 1642 arbitrio

452 1661 597 1693 eiusdem
623 1661 754 1703 collegii
789 1661 976 1704 infligendis
1001 1668 1031 1694 et
1056 1662 1103 1695 illi
1136 1673 1191 1706 ap-

451 1713 802 1756 plicandiS,0bservari
828 1714 976 1754 faciendi,
1003 1715 1189 1748 facultatem

451 1766 615 1799 concessit
632 1771 664 1799 et
682 1767 836 1810 elargitus
854 1767 922 1807 suit,
941 1774 972 1801 et
990 1768 1078 1809 alias,
1093 1774 1191 1812 prout

452 1819 483 1852 in
502 1820 656 1863 praefatis
673 1819 751 1853 Sixti
778 1820 1041 1863 praedecessoris
1060 1822 1188 1862 litteris,

452 1884 587 1917 quarum
606 1879 752 1907 tenorem
773 1875 999 1917 praesentibus
1016 1886 1075 1918 pro
1093 1877 1189 1919 plene

452 1931 484 1959 et
509 1926 708 1959 sufficienter
733 1938 886 1970 expresso
898 1926 915 1968 ¹,
936 1928 1068 1961 uberius
1089 1929 1192 1962 conti-

451 1984 557 2013 netur.
577 1979 734 2018 Quocirca
752 1981 873 2013 dietum
892 1981 1066 2024 collegium
1080 1981 1189 2024 vigore

451 2033 612 2067 facultatis
634 2034 820 2067 huiusmodi
836 2035 929 2077 plura
947 2035 1088 2075 decreta,
1108 2046 1190 2078 quae

454 2091 583 2126 tamen,
610 2087 686 2130 quia
722 2088 890 2130 praedicta
925 2089 1104 2131 apostolica
1141 2089 1190 2122 vel

453 2139 529 2173 dicti
559 2140 752 2183 protectoris
787 2141 977 2174 auctoritate
1013 2142 1192 2185 approbata

453 2192 586 2226 minime
613 2193 750 2234 fuerant,
768 2204 843 2227 suos
868 2194 1034 2237 plenarios
1060 2200 1092 2228 et
1116 2195 1191 2228 iute-

453 2256 528 2289 gros
548 2245 679 2279 effectus
704 2257 869 2290 nunquam
895 2248 1119 2289 obtinuerunt,
1141 2260 1193 2282 va-

454 2298 510 2331 riis
529 2299 730 2342 temporibus
749 2300 860 2340 edidit,
878 2301 1018 2340 mutavit,
1043 2302 1190 2342 correxit,

454 2362 490 2385 ac
503 2352 684 2395 respective
704 2352 900 2386 reformavit.
920 2353 1097 2388 Novissime
1116 2366 1192 2388 vero

454 2405 600 2438 eiusdem
625 2405 754 2447 collegii
781 2405 870 2438 iussu
895 2408 1055 2440 nonnulla
1076 2418 1112 2440 ex
1140 2408 1193 2441 de-

454 2458 550 2491 cretis
583 2458 776 2501 supradictis
813 2459 914 2501 magis
947 2461 1130 2494 necessaria
1163 2467 1195 2494 et

455 2516 640 2555 opportuna
667 2522 702 2544 ex
730 2512 926 2544 authenticis
952 2512 1082 2546 illorum
1100 2514 1192 2547 libris

454 2570 486 2598 et
508 2565 656 2607 registris
684 2570 855 2609 excerpta,
882 2565 1011 2609 illisque
1037 2568 1100 2600 alia
1125 2577 1194 2601 se).-

456 2616 559 2651 decim
585 2617 714 2650 decreta
739 2628 795 2650 seu
829 2617 936 2661 capita
966 2629 1122 2653 novarum
1147 2631 1195 2654 re-

492 2680 503 2707 1
525 2679 607 2708 Deest
625 2679 728 2709 haberi
748 2680 879 2708 volumus
899 2682 936 2717 (a.
953 2682 1000 2715 τ.).

1034 286 1214 311 Bt‘LLAlumt
1238 287 1388 312 nomam

1977 286 2027 315 Αη.
2045 287 2072 312 C.
2093 286 2162 315 1699

1234 336 1380 377 gularum
1397 363 1404 377 ,
1429 322 1630 381 ptineiatoi·is
1667 337 1807 370 officium
1837 347 1971 370 concer-

1234 389 1355 429 nentia,
1376 390 1414 423 de
1441 401 1525 423 novo
1545 391 1694 423 adiuncta
1719 391 1869 429 suerunt;
1889 400 1969 433 quae

1234 442 1265 474 in
1293 454 1391 476 unum
1417 445 1562 484 collecta,
1589 451 1619 477 et
1643 455 1660 477 a
1686 445 1803 477 dilecto
1830 443 1896 477 [1110
1914 454 1971 476 no-

1234 500 1301 527 stro
1327 495 1501 528 Francisco
1527 496 1558 528 S.
1590 496 1628 529 R.
1655 496 1688 528 E.
1715 496 1871 529 cardinali
1900 496 1971 529 Mai-

1235 547 1387 580 dalchino
1413 554 1610 591 nuncupato,
1632 549 1789 582 moderno
1815 550 1971 592 praedicti

1234 599 1363 641 collegii
1390 606 1587 642 protectore,
1615 601 1809 644 quibusdam
1838 603 1971 635 sublatis

1233 657 1265 684 et
1289 653 1470 695 respective
1503 653 1619 686 additis
1635 681 1642 694 ‚
1670 654 1774 686 revisa
1799 659 1829 687 et
1854 666 1972 698 appro-

1234 704 1318 744 bata,
1346 710 1376 737 et
1403 710 1465 737 tam
1491 706 1530 738 ab
1555 706 1628 748 ipso
1654 706 1810 739 cardinali
1841 712 1872 740 et
1899 718 1972 750 pro-

1235 762 1355 790 tectore
1374 768 1469 800 quam
1494 758 1533 790 ab
1549 758 1694 792 eiusdem
1711 759 1841 802 collegii
1862 765 1972 793 canto-

1233 810 1343 850 ribus,
1370 811 1423 854 qui
1441 821 1511 844 sese
1538 812 1576 844 ad
1602 822 1712 844 eorum
1731 812 1970 846 observantiam

1233 863 1418 897 iuramento
1432 865 1684 907 adstrinxerunt,
1704 866 1885 910 subscripta
1899 872 1970 899 sunt

1235 917 1356 950 tenoris
1381 917 1436 961 qui
1462 918 1626 961 sequitur,
1654 918 1822 952 videlicet:

1233 996 1324 1027 Scelta
1345 998 1388 1027 dez·
1410 998 1512 1027 decreti
1526 999 1606 1036 degni
1621 999 1649 1027 di
1667 999 1789 1037 maggior
1810 1008 1972 1028 osservanza
2010 1021 2098 1040 „mela
2111 1019 2166 1040 resu-

1270 1056 1323 1085 per
1346 1046 1366 1076 il
1388 1047 1571 1085 reyolameulo
1599 1047 1643 1076 det
1671 1047 1782 1085 collegio
1803 1048 1847 1077 dci
1867 1049 1972 1077 cantori
1984 1049 2064 1068 ruuiur.

1273 1095 1346 1125 della
1368 1096 1493 1135 cappella
1512 1097 1665 1135 pontificio.

1274 1162 1392 1192 Avendo
1415 1162 1462 1192 noi
1486 1162 1641 1192 Benedetto
1663 1163 1819 1193 Ceccarelli
1846 1168 1973 1193 maestro

1234 1211 1262 1240 di
1285 1211 1428 1250 cappella,
1452 1211 1597 1251 Giuseppe
1619 1212 1746 1250 Vecchi,
1771 1211 1881 1242 Giovan
1909 1213 1974 1242 Bat-

1235 1260 1301 1289 tista
1334 1260 1481 1290 Giannelli
1514 1261 1719 1299 camerlengo,
1749 1261 1876 1291 Raffaele
1908 1262 1975 1292 Raf-

1234 1310 1329 1347 saelli,
1354 1309 1500 1348 Giuseppe
1530 1309 1686 1340 Ceccarelli
1701 1334 1708 1348 ,
1732 1310 1848 1340 Andrea
1870 1310 1973 1340 Adaini

1235 1362 1403 1398 puntatore,
1421 1359 1556 1388 d'ordine
1579 1358 1624 1388 del
1647 1359 1771 1397 collegio
1793 1360 1839 1389 dei
1861 1359 1973 1397 signori

1234 1408 1346 1438 cantori
1369 1408 1444 1437 della
1467 1408 1599 1447 cappella
1630 1408 1804 1447 pontificia,
1834 1408 1916 1438 scelti
1939 1409 1974 1439 ed

1234 1457 1308 1486 uniti
1331 1457 1341 1486 i
1363 1457 1477 1486 decreti
1493 1457 1520 1486 di
1538 1466 1602 1486 esso
1625 1457 1713 1495 degni
1735 1457 1763 1487 di
1779 1458 1911 1496 maggior
1929 1467 1974 1488 os-

1233 1514 1381 1542 servanza,
1406 1515 1459 1535 con
1483 1505 1674 1543 aggiungervi
1698 1506 1795 1536 alcuni
1817 1507 1906 1536 nuovi
1929 1516 1976 1537 re-

1233 1553 1389 1592 gulamenti
1424 1562 1475 1592 per
1502 1553 1521 1582 il
1545 1558 1721 1592 puntatore,
1746 1555 1774 1583 in
1798 1554 1876 1584 virtu
1898 1555 1973 1584 della

1232 1602 1311 1632 Bolla
1334 1602 1409 1631 della
1430 1606 1512 1631 santa
1532 1602 1668 1631 memoria
1686 1602 1714 1632 di
1727 1601 1802 1632 Siste
1818 1602 1851 1639 V,
1869 1603 1921 1632 che
1937 1603 1973 1632 da

1233 1651 1268 1680 ad
1288 1660 1352 1681 esso
1374 1650 1495 1688 collegio
1518 1650 1623 1680 facolta
1646 1651 1674 1680 di
1697 1656 1810 1681 mutare
1825 1675 1832 1689 ,
1852 1652 1975 1690 aggiun-

1233 1710 1300 1739 gere
1319 1710 1334 1730 e
1351 1700 1509 1729 diininuire
1531 1700 1561 1729 in
1586 1704 1661 1729 tutto
1677 1709 1693 1729 0
1710 1700 1737 1729 in
1755 1704 1836 1739 parte
1853 1700 1861 1729 i
1877 1700 1974 1730 mede-

1233 1749 1300 1778 simi
1322 1749 1443 1785 decreti,
1470 1757 1485 1777 e
1507 1748 1588 1777 farne
1610 1748 1676 1777 altri
1700 1748 1728 1777 di
1757 1757 1864 1786 nuovo,
1890 1757 1904 1777 e
1928 1748 1975 1778 dal

1233 1797 1312 1826 detto
1328 1797 1450 1835 collegio
1473 1806 1487 1826 a
1510 1796 1559 1826 noi
1582 1796 1767 1835 compartita,
1795 1806 1844 1826 ora
1867 1797 1920 1827 che
1938 1807 1975 1827 ne

1234 1846 1369 1875 veniamo
1392 1846 1446 1875 alla
1470 1845 1691 1885 pubblicazione
1714 1845 1759 1875 del
1783 1850 1919 1884 presente
1941 1846 1976 1876 li-

1234 1893 1285 1923 bro
1304 1894 1328 1923 si
1351 1894 1453 1923 ordina
1469 1903 1483 1923 a
1501 1894 1696 1923 ciasclieduno
1708 1893 1738 1923 in
1755 1903 1841 1924 nome
1856 1894 1884 1924 di
1901 1898 1974 1924 tutto

1233 1943 1254 1972 il
1270 1942 1405 1981 collegio,
1428 1943 1482 1972 che
1504 1952 1519 1972 a
1541 1943 1590 1972 noi
1612 1942 1739 1972 concede
1761 1942 1817 1972 tale
1836 1943 1973 1981 autorita,

1234 1992 1430 2022 l’osservanza
1453 1991 1501 2020 dei
1524 1991 1747 2030 sopraccennati
1769 1991 1878 2021 decreti
1900 1995 1974 2022 sotto

1234 2042 1260 2071 le
1283 2051 1356 2080 pene
1379 2041 1408 2071 in
1432 2041 1488 2071 essi
1511 2040 1648 2070 stabilite.

1274 2091 1325 2120 Die
1346 2098 1414 2119 xvnl
1436 2090 1561 2119 ianuarii
1582 2098 1713 2119 iuanvn.
1744 2088 1917 2119 Franciscus
1939 2089 1975 2120 de
2011 2104 2026 2125 1.
2038 2104 2068 2125 ne
2079 2107 2168 2130 puncia-

1234 2138 1379 2169 Montalvo
1402 2146 1517 2167 censor.
1533 2154 1573 2159 —
1588 2137 1695 2167 Eodem
1711 2137 1757 2167 die
1777 2137 1831 2167 fuit
1853 2147 1973 2176 congre·
1984 2131 2169 2183 ἑᾟξέῑζζὲῗῇξξ

1235 2187 1312 2226 gatio
1336 2191 1401 2226 post
1432 2186 1604 2226 prandium,
1629 2190 1656 2215 et
1685 2195 1786 2216 omnes
1814 2186 1848 2216 de
1877 2190 1973 2216 cetero
1985 2184 2039 2205 ‘¹²³⁵-

1235 2236 1437 2273 decreverunt,
1455 2234 1530 2274 quod
1547 2239 1700 2273 punctator
1715 2234 1818 2263 debeat
1834 2238 1974 2273 punctam

1235 2294 1336 2314 omnes
1352 2293 1410 2314 non
1433 2287 1584 2313 cantantes
1606 2286 1634 2312 et
1656 2282 1852 2321 garrulanteS,
1869 2286 1897 2312 et
1915 2292 1974 2312 non

1235 2335 1443 2364 interessentes
1465 2333 1496 2362 in
1519 2341 1571 2361 suo
1593 2332 1657 2361 loco
1671 2355 1679 2370 ,
1703 2336 1732 2361 et
1754 2331 1974 2362 deambulantes

1235 2383 1358 2413 durante
1380 2383 1487 2420 officio,
1511 2382 1579 2412 dum
1602 2381 1686 2411 modo
1708 2385 1853 2411 cantatur.

1275 2432 1326 2462 Die
1339 2441 1377 2461 vn
1399 2432 1538 2471 februarii
1557 2439 1679 2461 iuanlx.
1703 2430 1825 2460 Ioannes
1841 2429 1975 2470 Aloysius
2011 2445 2035 2467 n.
2048 2445 2078 2466 ne
2088 2445 2167 2466 aba„

1236 2481 1271 2511 de
1287 2481 1438 2520 Episcopis
1454 2489 1569 2510 censor.
1586 2496 1625 2501 -—
1640 2479 1710 2508 Item
1727 2479 1911 2517 congregatis
1926 2478 1977 2509 do·
1986 2472 2171 2520 324⁹0mffi¹s¹r¹¹³¹²3f¹⁵·

1236 2530 1324 2560 minis
1347 2529 1516 2559 cantoribus
1534 2528 1564 2558 in
1587 2528 1700 2567 capella
1718 2527 1851 2566 Paulina,
1866 2528 1919 2558 suit
1931 2537 1976 2558 re-

1236 2580 1364 2609 solutum
1387 2578 1494 2615 denuo,
1517 2581 1549 2607 ut
1570 2576 1671 2615 abbas,
1695 2586 1747 2616 pro
1770 2581 1901 2617 tempore
1916 2577 1976 2607 exi-

1237 2632 1328 2666 stens,
1355 2627 1457 2658 debeat
1479 2626 1609 2657 dividere
1631 2626 1707 2656 inter
1729 2630 1864 2656 cantores
1887 2625 1976 2665 parti-

1236 2677 1378 2717 cipantes,
1402 2685 1461 2708 non
1483 2675 1578 2707 solum
1600 2679 1714 2716 partem
1736 2675 1900 2706 venientem
1921 2683 1974 2714 pro
