2227 3225
118 245 166 271 An.
183 243 211 272 C.
234 243 301 270 1698

902 236 1112 260 ixl-{OCENTIL'S

312 302 383 324 rum
397 290 429 323 S.
446 289 483 321 R.
502 289 538 321 E.
561 286 773 320 cardinalium
800 296 834 317 ac
861 286 1051 317 dilectorum

313 345 455 378 tiliorum
482 342 648 374 Romanae
684 339 797 372 Curiae
833 338 1073 381 praelatorum;

311 407 408 439 super
433 396 545 428 eadem
564 392 733 436 disciplina
760 391 901 434 regulari
928 389 1051 433 speeia-
1072 384 1073 392 ¹

310 451 386 483 liter
404 448 688 492 deputaverimus;
707 447 841 489 ipsaque
868 446 1052 486 (long-*rega-

312 503 354 536 tio
376 503 422 535 sic
447 502 601 545 deputata
625 501 902 543 plura‘liacteuus
929 504 961 531 et
987 498 1052 540 qui-
1073 500 1075 523 Ι

311 557 384 590 dem
416 555 509 588 valde
544 555 635 588 utilia
659 559 754 597 atque
781 558 966 596 opportuna
993 551 1053 583 hac

311 609 344 641 in
363 619 397 641 re
416 609 548 641 decreta
567 606 726 645 ediderit,
747 616 870 644 verum,
890 604 970 637 sicut
988 614 1051 636 non

311 662 382 695 sine
408 661 495 704 gravi
522 661 620 693 animi
654 660 753 692 nostri
789 658 937 691 molestia
964 667 1054 690 acce-

311 715 440 759 pimus,
471 714 597 747 tametsi
632 713 837 746 decretorum
865 710 1051 743 huiusmodi

312 768 522 801 observantia
555 768 587 799 in
624 766 790 810 plerisque
821 764 1052 806 religiosorum

312 823 455 854 virorum
496 821 703 853 monasteriis
741 829 797 851 seu
838 817 1052 850 conventibus

311 884 471 918 prospere
496 879 528 907 et
553 873 692 906 feliciter
726 871 913 904 introducta
938 870 1053 908 suerit,

312 933 410 971 atque
435 927 551 960 exinde
578 926 658 959 inibi
678 925 816 958 ulterior
838 924 868 956 in
895 924 963 956 dies
990 924 1054 955 ele-

312 981 354 1014 cti
381 987 567 1013 sanctorum
594 990 731 1022 operum
759 979 908 1012 frumenti
940 979 1052 1012 messis

312 1034 529 1068 benedicente
554 1033 690 1066 Domino
717 1039 868 1076 exurgat,
894 1043 958 1065 non
986 1043 1054 1065 eos-

314 1089 386 1121 dem
414 1093 520 1120 tamen
546 1087 623 1120 alibi
655 1088 792 1119 caeleste
824 1087 910 1119 idem
943 1096 1053 1119 semen

314 1141 428 1175 all'erat
442 1142 581 1181 sructus3
598 1152 704 1184 neque
723 1141 810 1173 enim
833 1139 977 1179 cessavit,
994 1149 1053 1172 nec

315 1196 422 1228 adhuc
448 1200 552 1228 cessat
579 1194 710 1227 humani
738 1193 867 1236 generis
893 1193 996 1226 hostis
1022 1193 1053 1225 in

314 1259 390 1292 agro
405 1248 529 1282 Domini
551 1247 812 1291 superseminare
827 1246 957 1286 zizania,
973 1258 1054 1290 quae

313 1302 557 1347 patrisfamilias
583 1307 760 1335 sementem
782 1301 957 1333 sull'ocant:
979 1301 1054 1333 hinc

315 1361 364 1389 cst
390 1356 476 1399 quod
506 1366 575 1394 neS,
609 1353 795 1398 prophetici
826 1354 913 1386 illius
940 1353 1055 1386 moniti

314 1420 490 1444 memores:
517 1409 643 1447 Clama,
667 1418 706 1440 ne
731 1418 837 1446 cesses,
858 1407 956 1450 quasi
981 1406 1056 1439 tuba

314 1464 424 1496 esculea
446 1473 552 1495 vocem
579 1466 680 1501 luam,
708 1466 743 1493 ut
768 1466 921 1493 constans
947 1460 1056 1492 enixa—

315 1527 377 1560 que
418 1516 567 1549 voluntas
612 1520 721 1547 nostra
762 1513 929 1556 inceptum
973 1523 1055 1556 opus

314 1569 502 1603 huiusmodi
539 1567 699 1612 peculiari
725 1567 832 1600 studio
865 1569 1054 1610 summaque

314 1624 414 1657 animi
451 1622 662 1656 contentione
699 1621 922 1664 prosequendi
954 1620 1055 1663 magis

315 1689 351 1711 ac
372 1677 476 1720 magis
498 1676 649 1709 omnibus
667 1676 864 1714 innotescat,
884 1674 1056 1717 omnisque

317 1730 618 1773 transgressoribus
644 1740 726 1761 vano
754 1729 902 1771 salsoque
935 1727 1056 1760 silentii

316 1784 420 1817 nostri
445 1788 616 1827 praetextu
635 1792 705 1815 sese
732 1782 905 1815 excusandi
928 1781 1056 1814 occasio

316 1837 445 1881 penitus
470 1836 686 1880 praecidatur,
712 1841 800 1868 motu
839 1835 983 1878 proprio,
1022 1846 1057 1867 ac

318 1903 354 1924 ex
377 1894 464 1925 certa
477 1890 612 1923 scientia
633 1895 664 1922 et
679 1891 802 1921 matura
821 1888 1057 1922 deliberatione

316 1944 447 1984 nostris,
467 1944 570 1986 deque
590 1942 788 1986 apostolicae
806 1942 974 1984 potestatis
995 1942 1060 1984 ple—

317 1998 484 2038 nitudine,
524 1997 722 2040 praedictam
764 1996 1057 2038 Congregationem

317 2051 531 2084 cardinalium
557 2056 588 2083 et
618 2050 842 2092 praelatorum
878 2059 976 2092 super
1014 2048 1060 2081 di-

317 2104 454 2148 sciplina
478 2103 620 2146 regulari
652 2114 668 2135 a
695 2103 788 2135 nohis
821 2108 855 2135 ut
879 2103 1060 2145 praefertur

318 2159 562 2202 deputatorum,
589 2168 625 2190 ac
650 2158 683 2190 in
709 2158 850 2189 futurum
878 2162 941 2188 tam
966 2167 983 2188 a
1004 2167 1060 2189 no-

320 2212 371 2245 bis
396 2222 493 2255 quam
519 2222 536 2244 a
561 2210 806 2243 suecessoribus
842 2210 962 2242 nostris
999 2209 1061 2242 Ro-

318 2265 422 2298 manis
461 2264 671 2298 Pontificibus
712 2264 985 2307 deputandorum,
1018 2269 1061 2295 te·

319 2329 400 2352 nore
426 2318 648 2362 praesentium
668 2323 826 2360 perpetuo
844 2317 1061 2360 a1‘1probamus

320 2377 353 2405 et
376 2372 615 2410 confirmamus,
651 2371 764 2413 illique
797 2370 993 2402 inviolabilis
1032 2375 1062 2403 et

320 2425 554 2468 irrefragabilis
576 2424 750 2468 apostolici
775 2423 963 2456 muniminis
989 2424 1062 2463 vim,

321 2479 421 2512 robur
439 2484 470 2512 et
488 2478 687 2522 praesidium
707 2478 931 2520 adiungimus3
959 2483 990 2509 et
1016 2477 1064 2509 ni-

323 2531 500 2564 hilominus
517 2532 664 2564 eamdem
685 2530 982 2573 Congregationem
1000 2540 1064 2562 car-

323 2585 481 2618 dinalium
510 2590 543 2618 et
572 2586 794 2628 praelatorum
832 2594 931 2627 snper
967 2583 1065 2616 disci-

322 2638 411 2684 plina
428 2638 569 2679 regulari
587 2638 702 2678 denuo,
721 2643 885 2682 quatenus
907 2648 989 2681 opus
1011 2637 1062 2678 sit,

432 2700 512 2729 Bull.
532 2700 618 2729 Rom.
638 2717 672 2722 —
696 2701 755 2731 Vol.
776 2701 837 2731 XX.
984 2700 1034 2728 104

1137 236 1180 259 ,ω
1205 236 1252 258 rr.
1736 222 1800 255 825>

1096 283 1194 315 etiam
1216 285 1373 325 perpetuo
1401 280 1556 323 erigimus
1578 285 1608 312 et
1624 280 1834 313 instituimus.

1096 336 1200 378 lpsius
1224 341 1331 367 autem
1358 333 1626 375 [long-*legationis
1647 346 1663 365 a
1682 334 1774 366 nobis
1792 333 1838 365 sic

1097 387 1306 421 confirmatae
1332 398 1387 419 seu
1415 387 1454 419 de
1479 397 1562 418 noro
1588 392 1715 419 erectae
1741 387 1838 419 sacul-

1098 449 1179 476 tatcs
1203 442 1267 474 sint
1292 447 1322 474 et
1348 451 1418 473 esse
1452 441 1614 478 debeant,
1648 440 1732 472 intra
1757 439 1837 472 fines

1098 496 1205 529 ltaliae
1241 502 1271 528 ct
1296 495 1474 527 insularum
1502 492 1728 530 adiacentium,
1757 493 1839 525 desi-

1096 549 1218 592 gnandi
1244 558 1280 580 ac
1298 546 1475 591 deputandi
1495 557 1554 589 pro
1580 545 1789 578 novitiatibus
1807 551 1839 578 et

1097 601 1308 646 professoriis
1338 600 1550 634 conventibus
1564 599 1590 638 ¹,
1620 598 1836 637 monasteria,

1098 655 1237 697 collegia
1251 665 1289 687 ac
1307 655 1421 687 domos
1433 662 1715 697 quorumcumque
1727 662 1840 685 mona-

1098 710 1232 742 chorum
1260 713 1291 740 et
1315 707 1512 749 regularium
1534 706 1675 738 virorum
1701 704 1839 737 cuiusvis

1098 761 1239 800 Ordinis,
1278 759 1562 802 congregationis,
1600 757 1768 791 societatis
1809 763 1839 790 et

1100 814 1247 853 instituti,
1276 819 1338 846 tam
1362 812 1615 845 Mendicantium
1650 821 1745 854 quam
1772 821 1839 843 non

1098 867 1359 905 Mendicantium,
1387 865 1483 898 etiam
1510 864 1695 896 necessario
1733 863 1840 906 expri-

1098 918 1326 958 mendorum&
1344 928 1471 951 necnon
1490 917 1663 950 novitiatus
1679 916 1841 959 etproscs-

1099 974 1184 1007 soria
1211 972 1396 1005 huiusmodi
1423 971 1581 1011 mutandi,
1611 969 1839 1008 transferendi,

1075 1033 1077 1040 '
1098 1025 1321 1069 suspendendi
1337 1030 1367 1058 et
1381 1023 1618 1067 supprimendi,
1636 1027 1732 1065 prout
1757 1021 1842 1054 utili-

1099 1084 1147 1111 tas
1166 1085 1197 1111 et
1214 1077 1391 1110 necessitas
1403 1075 1617 1120 postulaverit
1631 1086 1667 1107 ac
1686 1074 1838 1116 exegerit;

1100 1132 1197 1164 dandi
1212 1131 1361 1164 licentias
1380 1129 1606 1173 superioribus
1624 1127 1838 1170 regularibus,

1099 1185 1137 1218 ad
1158 1196 1239 1228 quos
1257 1185 1410 1228 pertinet,
1430 1182 1613 1226 recipiendi
1631 1182 1665 1213 in
1683 1180 1842 1214 novitiati-

1099 1244 1160 1275 bus
1175 1243 1220 1275 sic
1237 1241 1398 1285 deputatis
1417 1239 1556 1273 novitios
1578 1238 1617 1271 ad
1643 1237 1789 1270 habitum
1810 1241 1842 1269 et.

1099 1297 1356 1341 professionem·⁷
1377 1296 1510 1328 decreta
1528 1300 1593 1326 tum
1617 1292 1718 1325 felicis
1736 1301 1842 1324 recor-

1100 1350 1240 1384 dationis
1274 1348 1448 1383 Clementis
1474 1348 1579 1390 Papae
1605 1345 1668 1378 Yttl
1706 1344 1843 1388 praede-

1100 1404 1238 1438 cessoris
1263 1403 1368 1436 nostri
1393 1412 1493 1445 super
1519 1397 1771 1433 reformatione³
1795 1408 1843 1430 re-

1100 1458 1277 1501 gularium,
1304 1468 1340 1490 ac
1364 1455 1558 1500 praesertim
1584 1464 1620 1487 ea
1646 1463 1728 1496 quae
1754 1452 1843 1484 insti-

1101 1511 1260 1544 tutionem
1298 1515 1328 1542 et
1365 1508 1594 1542 educationem
1638 1505 1841 1539 novitiorum

1100 1569 1311 1602 concernunt,
1338 1569 1403 1595 tum
1429 1562 1468 1594 al)
1490 1561 1559 1604 ipsa
1580 1558 1841 1602 Congregatione

1099 1629 1197 1662 super
1222 1617 1394 1660 disciplina
1420 1613 1560 1657 regulari
1592 1613 1644 1646 die
1668 1621 1746 1645 xv1n
1771 1610 1842 1644 iulii

1099 1682 1227 1707 Mocxcv
1252 1671 1341 1703 iussu
1372 1674 1481 1702 nostro
1514 1667 1601 1700 edita
1634 1665 1841 1709 exequendi3

1101 1735 1324 1769 quascumque
1360 1723 1437 1756 inde
1468 1725 1676 1763 emergentes
1710 1724 1842 1751 contro-

1100 1779 1220 1812 versias
1248 1776 1432 1816 decidendi,
1459 1773 1666 1818 potissimum
1693 1782 1771 1805 vero
1791 1783 1843 1804 ex-

1102 1839 1193 1867 actae
1236 1833 1319 1865 vitae
1368 1828 1552 1863 communis
1602 1826 1843 1861 observantiam

1101 1886 1333 1931 promovendi,
1368 1890 1486 1927 atque,
1515 1882 1554 1915 ad
1580 1882 1668 1914 hunc
1693 1879 1842 1913 effectum

1103 1942 1276 1981 dumtaxat,
1293 1948 1394 1971 novas
1414 1945 1696 1980 quorumcumque
1709 1943 1844 1966 conven-

1103 2001 1203 2033 tuum,
1240 1991 1523 2031 monasteriorum,
1561 1988 1774 2030 collegiorum
1812 1991 1845 2019 et

1103 2049 1277 2081 domorum
1310 2043 1502 2078 huiusmodi
1528 2041 1737 2074 fundationes
1772 2040 1846 2073 dili-

1102 2107 1215 2143 genter
1241 2098 1456 2137 examinandi,
1490 2107 1530 2130 ne
1554 2097 1621 2129 ulla
1650 2095 1776 2128 scilicet
1810 2094 1844 2127 in

1103 2160 1269 2198 posterum
1287 2152 1516 2194 religiosorum
1533 2150 1677 2182 virorum
1695 2149 1766 2181 loca
1779 2148 1845 2180 fun-

1104 2208 1186 2247 dari,
1213 2207 1305 2249 erigi,
1342 2211 1397 2238 aut
1433 2204 1548 2248 quovis
1586 2203 1683 2235 modo
1719 2201 1845 2234 institui

1104 2262 1280 2304 contingat,
1316 2259 1378 2292 nisi
1411 2259 1443 2291 in
1477 2257 1596 2301 quibus
1630 2256 1746 2289 eadem
1781 2256 1847 2288 vita

1104 2315 1308 2354 communis,
1334 2313 1423 2346 iuxta
1462 2310 1748 2344 ultimodictorum
1783 2309 1843 2342 de-

1104 2376 1270 2402 cretorum
1312 2366 1573 2410 praescriptum,
1611 2369 1772 2407 perpetuo
1814 2367 1846 2395 et

1106 2427 1216 2456 exacte
1239 2420 1360 2454 servari
1385 2420 1505 2459 valeat;
1532 2418 1640 2451 onmia
1665 2417 1793 2450 demum
1816 2421 1848 2448 et

1106 2477 1235 2518 singula
1261 2473 1413 2513 faciendi,
1432 2471 1614 2511 ordinandi,
1637 2469 1845 2509 decernendi,

1143 2558 1152 2583 1
1178 2555 1277 2582 Forsan
1299 2555 1451 2581 conventus
1470 2554 1508 2581 (n.
1524 2552 1572 2580 TA.

1141 2601 1157 2628 2
1177 2600 1249 2627 Edit.
1270 2599 1353 2626 Main.
1374 2597 1438 2632 legit
1458 2595 1646 2630 exprimendi
1667 2595 1705 2629 (a.
1725 2595 1776 2629 T.).

1141 2647 1158 2673 3
1175 2644 1247 2672 Edit.
1267 2643 1351 2671 Maia.
1373 2642 1439 2678 legit
1458 2640 1698 2676 reformationem
1716 2640 1755 2674 (a.
1777 2638 1828 2675 T.).

1845 231 1894 257 An.
1916 230 1944 258 C.
1962 230 2030 259 1698
