2254 3225
200 201 250 228 Λιι.
268 200 286 223 (1
321 198 381 223 ttissl

432 188 495 221 2248
972 193 1147 218 neemiam

391 253 531 289 namque
551 245 583 278 in
602 253 660 278 suo
677 248 850 283 conventu,
867 241 1074 286 provincialis
1094 241 1126 273 in

391 301 448 331 sua
471 297 649 342 provincia,
676 302 707 329 et
731 296 882 339 magister
905 294 1069 339 generalis
1094 294 1126 326 in

393 356 462 384 toto
487 351 627 391 Ordine,
654 360 743 382 suam
779 349 914 392 quisque
946 346 1126 390 respective
1147 337 1149 354 ²

391 405 575 437 lacultatem
600 403 747 446 possidet
770 411 867 444 super
890 400 1049 442 regimine
1066 399 1127 430 hu-

391 457 541 497 iusmodi,
564 456 608 489 ita
632 461 737 488 tamen
762 459 797 486 ut
820 453 973 495 magister
1005 451 1127 494 praeci·
1146 438 1150 472 i

390 519 487 553 puam
505 514 536 542 et
553 518 735 552 supremam
754 511 945 550 potestatem
970 504 1128 544 obtineat,

392 562 441 595 cui
467 567 553 596 totus
584 561 732 594 subditur
759 559 845 592 Ordo
871 559 901 590 in
928 557 1128 600 redemptio-

391 615 484 648 nibus
509 614 720 659 exequendis

435 679 482 703 111.
510 669 591 702 Hinc
614 678 692 710 ergo
725 671 836 698 nostra
859 664 1057 698 Discalceata
1083 663 1127 696 sa-

391 721 490 762 milia,
513 722 544 754 in
560 721 596 754 iis
615 730 697 764 quae
716 719 755 752 ad
773 718 1030 761 redemptionem
1054 727 1127 760 eap-

391 775 527 808 tivorum
552 774 700 813 attinent,
717 772 832 804 virtute
850 769 1044 804 concordiae
1062 770 1128 813 qui-

392 828 525 860 busdam
562 827 646 859 inter
671 830 840 867 utramque
865 823 1017 856 familiam
1041 822 1127 865 capi-

392 882 467 913 tulis
492 879 664 917 stabilitae,
690 888 748 921 per
772 875 962 918 Gregorium
988 875 1026 907 XI
1051 885 1147 908 eon-¹

1172 192 1323 216 nonanta

1169 239 1292 273 diarum
1322 240 1474 274 collectas
1505 237 1625 272 dehere
1657 246 1786 282 semper
1813 237 1900 271 iuxta

1168 294 1333 338 antiquam
1357 294 1487 327 Ordinis
1515 291 1780 326 constitutionem
1804 291 1901 325 bullis

1167 346 1350 389 apostolicis
1364 346 1586 380 confirmatam
1604 344 1761 378 Castellae
1777 345 1901 378 Vanda-

1147 427 1148 435 ,
1168 399 1296 443 liaeque
1312 399 1487 443 provinciis
1512 397 1680 441 applicari,
1698 401 1731 431 ut
1746 399 1808 430 una
1828 407 1898 430 cum

1167 462 1277 485 earnm
1303 452 1515 496 eleemosynis
1540 450 1671 484 nomine
1697 450 1745 483 sui
1770 456 1801 483 ct
1824 460 1900 494 pro-

1167 506 1515 539 vinciarumlndiarum
1530 505 1561 537 in
1572 504 1730 537 Castellae
1741 503 1901 536 etVanda-

1168 559 1228 593 liae
1250 559 1530 603 redemptionibus
1547 557 1783 601 impendantur.
1799 556 1900 597 Unde,

1167 613 1225 645 sub
1239 617 1414 656 praecepto
1424 616 1454 644 et
1467 609 1902 652 exconmiunicationeprae-

1168 665 1249 705 fatis,
1274 665 1359 698 dicto
1392 664 1549 706 magistro
1573 662 1722 696 similiter
1745 662 1902 706 prohibe-

1167 729 1254 757 mus,
1278 728 1318 750 ne
1345 717 1416 751 illas
1443 717 1475 749 in
1500 715 1743 759 redemptiones
1767 715 1901 747 aliarum

1167 770 1408 814 provinciarum
1445 769 1593 813 quolibet
1636 779 1672 801 ex
1715 767 1902 811 praemissis

1167 824 1269 856 aliove
1295 833 1497 867 quocumque
1523 821 1584 854 tine
1609 821 1779 855 distrahat.

1212 887 1233 910 1.
1261 877 1302 909 Ex⁷
1322 877 1436 910 merito
1456 874 1594 908 instituti
1612 884 1678 907 non
1703 878 1825 907 tantum
1844 884 1902 907 nos

1906 190 1955 216 Aa,
1974 190 2000 215 C.
2027 191 2087 218 itiffl

1950 888 2019 908 tlwri-
2035 887 2059 909 11.

391 934 547 972 fll'fflsslssfz
565 938 596 965 ὒῑ
619 942 679 975 pel·
702 931 863 963 Urbanum
887 929 950 961 Vlll
976 934 1008 962 et
1032 929 1126 961 Iuno-
1145 922 1148 941 '
1168 940 1226 973 per
1250 930 1358 962 omnia
1376 929 1408 961 in
1426 928 1568 972 captivos
1588 926 1783 960 ell'undimnr
1798 937 1901 969 usquc
1913 915 2096 961 h1›1'1'‹fi⁴n.s.'1”'''”2·'‡⁸-

391 986 533 1020 centium
553 986 576 1018 X
594 985 786 1024 declaratae,
804 983 947 1026 magistri
966 983 1126 1025 generalis

1167 984 1206 1017 ad
1221 994 1333 1016 eorum
1351 993 1520 1016 aerumnas
1532 987 1564 1014 et
1580 981 1797 1025 captivitatem
1810 980 1903 1012 subs·
1913 966 2097 1014 ff‘e‘ffll'.¹1'‚?‚2¹31t-le

392 1039 562 1072 directioni
589 1044 620 1071 et
644 1037 857 1070 iurisdictioni
882 1036 1065 1069 subiicitur.

1912 1020 2025 1040 lectoriae,-
2042 1021 2096 1040 ulee-

1146 1063 1147 1072 ,
1169 1036 1358 1076 tinendam,
1383 1036 1439 1068 sed
1465 1041 1495 1067 et
1520 1035 1742 1077 eleemosynas
1773 1043 1831 1076 pro
1857 1032 2053 1075 ip-m0„‚-„af..m.

436 1103 477 1125 iv.
505 1092 596 1124 Unde
627 1090 764 1123 firmiter
797 1089 989 1127 statuimus,
1020 1094 1053 1119 ut
1087 1081 1147 1120 ad³

391 1146 495 1178 solum
527 1143 715 1187 magiStrum
752 1143 936 1185 generalem
967 1132 1148 1186 pertineat*¹

390 1197 631 1240 redemptiones
657 1196 778 1239 ubique
805 1195 966 1227 faciendas
992 1195 1128 1227 instrue-

392 1261 435 1291 re,
455 1256 486 1284 et
510 1255 634 1294 tempus
652 1260 761 1283 earum
776 1249 808 1281 in
830 1248 980 1291 capitulis
1001 1246 1130 1291 provin-

392 1304 527 1338 cialibus
554 1304 767 1346 designatum,
792 1306 888 1346 prout
912 1301 1013 1343 magis
1037 1311 1129 1344 expe-

393 1359 494 1399 dient,
511 1367 687 1401 prorogare
713 1362 767 1389 aut
795 1355 1001 1394 contrahere,
1019 1360 1050 1387 et
1073 1366 1128 1397 pa-
1148 1347 1151 1399 ξ

393 1411 473 1444 riter
497 1410 536 1443 ad
557 1410 645 1452 quod
667 1418 813 1451 regnum,
836 1407 997 1441 civitatem
1016 1408 1063 1439 vel
1078 1418 1129 1450 op·
1150 1404 1151 1443 J

393 1463 503 1507 pidum
529 1463 705 1495 mittendae
731 1461 794 1494 sint
819 1461 1026 1494 constituere.
1149 1449 1150 1454 ¹

439 1527 466 1549 v.
494 1516 635 1549 Muneris
660 1519 705 1548 est
731 1514 887 1554 eiusdem,
911 1510 1152 1557 quotiescum-l

396 1580 457 1613 qne
482 1569 669 1612 redemptor
701 1573 753 1600 aut
784 1568 1009 1611 redemptores
1034 1578 1050 1599 a
1075 1567 1130 1600 de-

395 1623 539 1657 linitorio
574 1621 705 1665 capituli
737 1620 946 1665 provincialis
971 1619 1153 1662 designati*

397 1675 507 1719 quavis
524 1677 620 1708 causa
642 1675 690 1707 vel
708 1674 835 1707 ratione
861 1674 1058 1712 defecerint,
1078 1683 1131 1705 eos

396 1740 456 1772 per
487 1740 520 1762 se
552 1730 656 1762 solum
690 1734 779 1761 extra
811 1728 983 1771 capitulum
1010 1727 1133 1759 noviter

397 1782 575 1815 instituere.
596 1782 661 1814 Hac
686 1782 800 1814 eadem
825 1781 976 1813 facultate
995 1779 1133 1822 gaudeat.
1152 1802 1154 1828 ,ἢ

397 1845 473 1877 erga
497 1839 725 1877 procuratores
743 1834 911 1875 generales
936 1832 1133 1875 redemptio-
1153 1836 1155 1878 2

398 1887 447 1920 uis
475 1892 538 1920 tam
563 1896 621 1929 pro
647 1890 712 1919 toto
737 1885 856 1918 Ordine
882 1896 976 1928 quam
1002 1884 1154 1928 proriu-l

399 1940 455 1973 ciis
473 1940 506 1972 in
519 1939 668 1983 capitulis
684 1938 939 1982 provincialibus
956 1939 1088 1977 electos,
1106 1937 1132 1969 si
1152 1928 1154 1938 Α

399 2003 454 2026 eos
474 1998 563 2025 extra
580 1992 756 2035 capitulum
774 1992 885 2024 deesse
904 1991 1087 2034 contigerit.

443 2056 483 2079 vi.
503 2045 614 2078 Eidem
632 2050 737 2077 tamen
753 2044 956 2077 strictissime
975 2044 1135 2089 praecipi-

400 2109 480 2138 mus,
497 2098 554 2131 sub
577 2100 684 2141 poena
705 2097 1045 2131 excommunicationis
1068 2108 1135 2130 ma-
1153 2124 1156 2142 ἱ

400 2152 480 2184 ioris
504 2152 586 2184 latae
611 2150 808 2189 sententiae,
834 2155 869 2183 ut
893 2151 981 2183 nulla
1007 2150 1133 2183 ratione
1153 2144 1156 2172 l

399 2205 449 2237 vel
473 2208 641 2247 praetextu
674 2204 847 2236 transferre
873 2203 966 2236 liceat
994 2203 1134 2236 eleemo-

401 2267 496 2301 synas
513 2256 608 2289 unius
628 2257 811 2300 provinciae
834 2258 865 2290 in
887 2258 993 2297 aliam,
1011 2257 1076 2289 sive
1096 2257 1134 2290 ad

402 2309 629 2342 redimendum
653 2310 795 2353 captivos
822 2309 907 2343 illius
932 2316 984 2343 aut
1010 2309 1136 2343 uberio-

403 2373 470 2397 rem
495 2364 527 2396 in
545 2365 581 2397 ea
599 2364 858 2407 redemptionem
883 2364 1050 2407 agendam,
1071 2364 1137 2397 sive

403 2416 442 2449 ad
467 2417 744 2460 repignorandum
768 2421 823 2449 aut
847 2417 957 2450 debita
981 2417 1014 2449 in
1031 2417 1159 2460 aliqua¹

403 2470 628 2513 redemptione
643 2475 807 2502 contracta
823 2470 1025 2503 solvendum.

446 2532 502 2555 vn.
523 2522 626 2566 Super
650 2523 713 2556 hoc
739 2527 846 2556 autem
867 2522 1067 2556 declaramus
1094 2533 1139 2555 ca-

403 2575 563 2621 ptivorum
591 2576 810 2621 eleemosynas
836 2576 867 2608 in
891 2576 1065 2621 proriiiciis
1091 2576 1162 2619 in-2

1167 1089 1212 1122 sis
1249 1089 1453 1122 emendicare
1489 1087 1698 1131 profitemur,
1734 1085 1819 1118 sacti*
1844 1095 1902 1128 pro

1168 1142 1364 1186 pauperibus
1389 1141 1582 1184 indigentes,
1600 1145 1635 1173 ut
1655 1139 1698 1173 ait
1712 1139 1900 1183 Apostolus.

1168 1196 1250 1229 llinc
1282 1207 1360 1238 crgo
1392 1194 1550 1228 universis
1580 1194 1733 1226 fratribus
1758 1192 1903 1226 declara-

1170 1260 1238 1282 mus
1264 1248 1453 1282 huiusmodi
1471 1247 1636 1281 laboribus
1661 1257 1698 1279 ex
1724 1246 1840 1279 eodem
1857 1244 1906 1277 in-

1171 1303 1281 1336 stituto
1315 1308 1346 1335 et
1377 1307 1449 1335 voto
1486 1301 1575 1345 ipsos
1608 1300 1677 1333 sore
1707 1308 1838 1342 semper
1873 1302 1906 1331 et

1171 1356 1289 1399 ubique
1316 1355 1490 1388 subiectos.

1214 1420 1247 1442 11.
1274 1409 1336 1442 Sed
1355 1413 1390 1441 ut
1414 1406 1598 1451 praedictae
1617 1407 1855 1448 eleemosynae,
1874 1408 1908 1437 et

1149 1457 1150 1503 J
1172 1462 1256 1494 bona
1279 1460 1386 1494 omnia
1418 1460 1458 1492 ad
1489 1459 1747 1502 redemptionem
1773 1467 1907 1500 quomo-

1171 1515 1349 1557 documque
1374 1512 1573 1556 spectantia,
1597 1512 1684 1544 nulla
1714 1510 1840 1542 ratione
1864 1509 1909 1541 ia-

1171 1574 1293 1601 cturam
1319 1567 1477 1606 subeant,
1503 1565 1535 1597 in
1567 1564 1713 1608 qualibet
1743 1561 1907 1606 provincia

1173 1621 1214 1654 sit
1244 1624 1435 1664 procurator
1471 1617 1632 1661 generalis
1667 1627 1684 1649 a
1720 1615 1907 1649 definitorio

1173 1675 1257 1707 intra
1281 1673 1481 1717 provinciale
1506 1670 1685 1714 capitulum
1711 1669 1905 1711 eligendus,

1173 1728 1263 1759 cuius
1290 1727 1330 1759 sit
1354 1736 1412 1769 pro
1443 1724 1562 1756 viribus
1598 1733 1710 1756 causas
1746 1722 1907 1754 honorum

1174 1778 1405 1822 redemptionis
1424 1777 1456 1810 in
1477 1776 1622 1820 quolibet
1646 1779 1760 1808 senatu
1784 1775 1834 1808 vel
1854 1773 1909 1806 tri-

1174 1832 1283 1865 bunali
1309 1840 1478 1874 peragere.

1218 1895 1265 1917 111.
1292 1884 1326 1916 In
1348 1882 1495 1926 quolibet
1519 1882 1595 1915 item
1629 1885 1786 1913 conventu
1811 1878 1909 1912 alium

1174 1938 1348 1981 specialem
1365 1940 1607 1980 procuratorem
1625 1938 1802 1968 conventus
1819 1932 1910 1966 insti-

1153 2028 1155 2039 Α
1177 1996 1262 2031 tuat,
1288 1991 1326 2023 ad
1359 1999 1454 2033 quem
1479 1988 1642 2031 pertineat
1665 1986 1816 2019 universa
1847 1996 1908 2030 pro

1175 2055 1232 2077 suo
1258 2048 1418 2077 conventu
1442 2040 1675 2084 redemptionis
1698 2040 1786 2072 bona
1817 2049 1909 2082 prae-

1175 2097 1236 2130 fixa
1260 2096 1434 2139 diligenter
1458 2104 1660 2138 comparare,
1681 2097 1777 2136 atque
1802 2090 1911 2125 reddi-

1177 2157 1226 2183 tus
1251 2160 1386 2189 annuos,
1413 2149 1527 2191 legata,
1553 2146 1734 2186 cessiones,
1760 2155 1811 2178 res
1835 2155 1911 2189 per-

1177 2204 1267 2244 ditas,
1294 2203 1390 2245 vulgo
1415 2205 1641 2241 monslrencos,
1660 2199 1801 2242 exigere,
1821 2199 1910 2232 lites—

1177 2268 1240 2301 que
1266 2257 1304 2290 de
1330 2256 1394 2289 illis
1420 2255 1564 2288 modeste
1590 2258 1621 2287 et
1644 2253 1780 2286 viriliter
1803 2263 1912 2296 prose-

1178 2310 1232 2353 qui
1250 2336 1257 2350 ,
1283 2319 1318 2342 ac
1350 2314 1457 2342 cetera
1483 2307 1591 2341 omnia
1615 2307 1803 2350 persolvere
1828 2306 1913 2339 cirea

1178 2363 1342 2408 praedicta
1366 2363 1461 2402 bona,
1481 2371 1562 2404 quae
1582 2360 1648 2393 iure
1668 2360 1707 2394 ad
1728 2369 1822 2393 suum
1841 2369 1914 2394 eon·

1180 2422 1309 2451 ventum
1335 2415 1529 2460 pertineant.

1224 2481 1267 2503 lv.
1294 2468 1559 2502 Procuratoribus
1577 2473 1685 2500 autem
1704 2467 1913 2510 generalibus

1182 2530 1212 2556 et
1237 2521 1488 2566 particularibus
1520 2521 1721 2554 strictissime
1754 2520 1914 2564 praecipi-

1183 2586 1263 2616 mus,
1289 2575 1346 2609 sub
1372 2576 1476 2619 poena
1502 2573 1691 2618 privationis
1718 2583 1848 2607 suorum
1874 2573 1916 2606 ot*-
