2227 3225
141 224 193 253 Au.
208 223 239 253 C.
260 222 328 251 ¹696

166 863 324 885 conii-arterium

139 890 258 917 dun-gano.

171 1813 282 1833 narratum
295 1813 325 1834 di·

145 1842 192 1859 ctae
207 1840 327 1865 congrega-

144 1867 206 1885 tionis
222 1872 259 1891 pro
282 1866 327 1886 offi-

144 1897 178 1911 cio
187 1895 206 1912 et
216 1897 279 1912 missa
289 1892 327 1912 suh

144 1921 184 1939 ritu
194 1918 328 1944 semiduplici

144 1945 179 1964 die
191 1951 222 1964 ιιι
237 1948 328 1970 septem-

145 1972 189 1990 bris
199 1977 244 1990 cum
256 1977 327 1991 asseu—

143 2002 168 2018 su
183 1997 319 2018 sanctissimi.

333 275 365 305 et
388 271 533 314 integros
557 268 688 302 effectus
708 267 822 301 'sortiri
849 270 881 300 et
906 266 1064 306 obtinere,

332 334 369 358 ac
385 324 458 365 illis,
482 323 521 356 ad
539 333 621 366 quos
646 327 769 365 spectat
786 326 817 354 et
834 330 895 364 pro
920 325 1066 362 tempore

332 376 606 420 quandocumque
644 374 815 418 spectabit,
849 374 881 406 in
917 371 1066 406 omnibus

333 434 365 462 et
398 439 458 472 per
500 428 608 462 omnia
643 427 835 471 plenissime
874 425 1064 468 suffragari,

333 483 444 526 sicque
481 482 514 515 in
538 481 725 526 praemissis
760 491 821 525 per
846 489 1067 524 quoscumque

333 535 456 569 iudices
479 535 663 569 ordinarios
698 541 729 568 et
754 534 946 576 delegatos,
971 532 1067 566 etiam

333 598 502 622 causarum
538 588 648 632 palatii
679 587 852 631 apostolici
877 587 1065 627 auditores,

333 641 471 675 iudicari
495 646 527 675 et
552 641 680 674 deliniri
705 641 844 681 debere,
879 650 915 673 ac
943 639 1067 672 irritum

335 699 366 728 et
389 694 498 735 inane,
515 695 542 728 si
556 704 650 728 secus
665 704 764 737 super
781 693 832 726 liis
858 704 875 726 a
893 703 1068 736 quoquam,

334 747 446 791 quavis
471 747 673 788 auctoritate,
691 746 830 779 scienter
847 746 896 778 vel
922 745 1070 788 ignoran-

334 805 393 840 ter,
417 800 590 843 contigerit
614 799 778 833 attentari.

377 853 392 896 g
416 852 447 884 4.
469 852 538 885 Non
557 852 762 885 obstantibus
781 850 1068 884 constitutionibus

335 911 367 939 et
390 905 650 939 ordinationibus
669 904 868 949 apostolicis,
888 904 1069 948 ceterisque

334 959 504 992 contrariis
530 959 802 1002 quibuscumque.

378 1013 492 1046 Datum
517 1013 636 1046 Romae
663 1012 747 1056 apud
769 1012 800 1045 S.
820 1012 951 1044 Mariam
975 1011 1071 1044 Maio-

333 1076 414 1106 rem,
437 1066 498 1099 sub
523 1067 644 1099 annulo
669 1065 860 1105 Piscatoris,
879 1064 929 1098 die
947 1074 1007 1097 xxx
1024 1064 1071 1096 iu-

334 1118 394 1152 nii*
419 1128 571 1159 ›inexcvn
588 1118 794 1162 pontificatus
816 1118 917 1151 nostri
934 1128 1019 1151 anno
1038 1127 1068 1150 v.

369 1180 430 1208 Dat.
450 1181 494 1208 (110
514 1181 547 1209 30
567 1181 635 1208 10011
652 1181 730 1216 1696,
747 1180 847 1216 pontif.
864 1188 936 1208 anno
953 1187 977 1207 v.

627 1323 786 1356 cxxxlll.

337 1401 561 1444 Confirmalur
602 1401 765 1435 decretum
806 1401 1073 1446 Conyreyationis

379 1455 515 1488 Riluum
534 1453 571 1487 cle
588 1454 692 1497 officio
716 1459 745 1487 et
770 1455 871 1487 missd
887 1455 927 1487 B.
946 1454 1074 1486 Alai-iae

379 1507 417 1540 de
452 1507 546 1540 Socos
572 1506 707 1540 Ordinis
744 1507 855 1540 beatae
878 1507 1006 1540 Mariae
1038 1507 1074 1539 dc

379 1559 519 1592 Mercede
542 1560 774 1603 redemptionis
798 1561 999 1604 captivorum,
1016 1571 1074 1603 pro

379 1613 541 1657 reliyiosis
564 1614 739 1657 utriusque
761 1613 887 1646 serus?

513 1693 712 1721 Innocentius
733 1694 811 1727 Papa
830 1694 896 1725 xu,

477 1740 514 1765 ad
533 1739 667 1766 futuram
686 1738 730 1765 rei
750 1739 931 1765 memoriam.

382 1808 396 1852 g
419 1808 451 1841 1.
475 1809 560 1841 Alias
595 1809 634 1841 ad
659 1809 931 1852 supplicationem
964 1810 1075 1843 dilecti

338 1861 395 1895 filii
410 1862 568 1895 Bernardi
582 1862 762 1905 Carignena
776 1868 807 1895 et
819 1863 1074 1905 Spcnza‚rica1·ii

339 1920 370 1948 et
383 1916 605 1959 procuratoris
626 1915 786 1957 generalis
801 1915 927 1948 Ordinis
945 1917 1075 1949 fratrum

339 1968 374 2000 B.
401 1968 518 2001 Mariae
544 1968 583 2001 de
607 1968 751 2001 Mercede
772 1969 1009 2011 redemptionis
1028 1980 1076 2002 ea-

338 2021 503 2064 ptivorum
529 2027 560 2053 et
583 2031 697 2054 causae
723 2021 980 2054 canonizationis
1000 2022 1076 2055 bea-

339 2080 390 2107 tae
416 2075 531 2107 Mariae
558 2075 596 2107 de
622 2074 721 2108 Socos
747 2075 897 2108 monialis
923 2075 999 2108 dicti
1021 2075 1098 2108 01--1

339 2127 424 2160 dinis
448 2127 674 2171 postillatoris,
711 2128 870 2160 emanavit
895 2140 911 2161 a
935 2128 1076 2172 Congro-
1097 2125 1098 2139 ³

339 2180 470 2222 gatione
485 2180 722 2213 venerabilium
740 2181 873 2213 fratrum
891 2188 1075 2215 nostrorum

338 2233 454 2266 S.R.E.
481 2233 695 2266 cardinalium
724 2234 823 2267 sacris
848 2235 962 2268 ritibus
983 2247 1099 2279 prac-x

337 2286 519 2329 positorum
545 2287 711 2319 decretum
737 2288 859 2320 tenoris
897 2288 951 2331 qni
977 2290 1077 2332 seqni-

338 2343 401 2379 tur,
416 2338 585 2371 videlicet:
607 2339 920 2372 «Barclzz'uonensis.
942 2341 1077 2373 Canoni-

338 2391 474 2425 zationis
510 2392 545 2424 B.
578 2392 694 2425 Mariae
732 2393 771 2425 de
807 2393 907 2426 Socos
946 2393 1075 2427 Ordinis

376 2473 388 2498 1
406 2471 482 2506 Male,
498 2476 615 2508 utputo,
627 2472 691 2499 edit.
708 2473 785 2499 Main.
802 2473 884 2500 habet
899 2474 1076 2507 (1111110151.

375 2517 392 2542 2
411 2515 501 2543 Const.
522 2518 695 2551 praecedenti
716 2518 890 2544 confirmatus
914 2517 963 2544 suit
993 2519 1079 2545 cultus

340 2560 574 2595 immemorabilis3
597 2566 623 2588 et
642 2566 725 2589 const,
753 2563 874 2598 sequenti
897 2564 1079 2590 conceduntur

342 2604 462 2632 officium
483 2610 509 2632 et
529 2606 608 2632 uiissa
631 2606 657 2633 B.
681 2607 751 2634 l'etri
776 2607 922 2635 l'ascliasii.

911 213 1119 243 mNocENTlus
1143 216 1189 242 ΧΠ
1211 217 1260 242 ΡΡ.

1107 265 1142 297 Β.
1168 265 1208 297 Μ.
1234 265 1269 297 V.
1297 264 1335 298 de
1361 264 1509 299 Mercede
1534 266 1766 310 redemptionis
1793 278 1839 300 ca·

1107 317 1277 360 ptivorum.
1290 317 1438 351 11000550
1450 328 1616 351 sacrorum
1632 319 1751 351 rituum
1762 319 1840 352 Con-

1109 370 1291 413 gregationi
1318 370 1456 414 supplici
1489 371 1604 404 libello
1631 383 1648 404 a
1672 372 1710 404 R.
1739 373 1771 404 P.
1799 372 1837 404 M.

1109 423 1206 456 fratre
1233 423 1400 456 Bernardo
1418 433 1434 455 a
1451 423 1631 466 Carignena
1657 430 1686 456 et
1704 424 1839 466 Spcnza,

1109 475 1227 509 vicario
1254 482 1285 509 et
1308 482 1519 519 procuratore
1545 476 1689 519 generali
1714 476 1841 509 Ordinis

1110 529 1144 561 B.
1172 529 1210 561 M.
1238 529 1272 562 V.
1300 530 1338 562 dc
1362 529 1510 562 Mercede
1536 529 1767 572 redemptionis
1792 540 1842 562 ca-

1110 581 1281 624 ptivorum,
1307 588 1339 615 et
1363 582 1546 615 huiusmodi
1567 592 1681 615 causae
1705 583 1845 625 postula-

1112 638 1194 674 torc,
1212 634 1260 668 et¹
1281 634 1335 667 SS.
1355 635 1391 667 D.
1410 634 1445 667 N.
1463 640 1625 678 porrecto,
1641 635 1673 667 in
1692 634 1845 678 (1001110-

1110 688 1245 720 millime
1259 687 1463 731 supplicabat
1476 687 1641 721 Sanctitati
1655 688 1746 727 Suae,
1760 693 1795 720 ut
1805 688 1844 720 de

1111 742 1146 774 B.
1173 741 1270 774 Maria
1293 741 1469 784 praedicta,
1496 741 1534 773 de
1560 741 1650 773 cuius
1676 742 1765 774 cultu
1791 740 1847 773 im-

1110 795 1314 828 memorabili
1334 795 1384 828 die
1398 805 1428 828 1x
1446 795 1600 828 februarii
1615 796 1689 828 anni
1704 805 1847 836 mocxcu,

1112 859 1185 882 eum
1210 849 1382 882 subsecuta
1398 849 1634 892 approbatione
1648 848 1846 882 Sanctissimi

1113 902 1164 935 die
1188 912 1244 935 xiu
1270 902 1415 935 eiusdem
1446 902 1566 934 mensis
1599 907 1631 935 et
1666 902 1762 942 anni,
1789 902 1848 934 snit

1112 966 1303 999 responsum
1321 960 1469 988 oonstare
1482 982 1489 995 ,
1510 955 1696 988 facultatem
1716 966 1775 998 pro
1793 958 1848 987 susi

1112 1009 1271 1051 religione
1297 1008 1454 1041 recitandi
1476 1008 1617 1041 officium
1636 1014 1668 1041 et
1685 1010 1849 1041 celebran-

1114 1061 1145 1094 di
1170 1061 1300 1094 missam
1326 1061 1365 1094 de
1390 1060 1556 1094 Communi
1586 1061 1754 1104 Yirginum
1787 1062 1847 1094 sub

1114 1115 1178 1147 ritu
1203 1114 1417 1156 semiduplici,
1437 1114 1489 1147 (110
1506 1125 1557 1147 xrx
1573 1115 1777 1158 septembris,
1798 1126 1850 1148 na-

1115 1166 1216 1200 talitio
1251 1166 1395 1200 eiusdem
1432 1167 1559 1207 Beatae,
1584 1167 1720 1210 singulis
1746 1168 1849 1209 annis,

1114 1220 1255 1262 benigne
1295 1219 1476 1254 concedere
1512 1220 1720 1263 dignaretur3
1758 1231 1851 1254 sacra

1115 1273 1227 1306 eadem
1251 1273 1476 1316 Congregatio,
1492 1274 1530 1306 ad
1556 1273 1748 1307 relationem
1773 1274 1850 1307 emi-

1114 1325 1294 1359 nentissimi
1313 1331 1344 1359 et
1359 1326 1622 1360 reverendissimi
1641 1327 1765 1360 domini
1783 1338 1851 1360 car-

1116 1379 1233 1411 dinalis
1257 1379 1428 1412 Casanatae
1446 1380 1612 1423 ponentis,
1631 1380 1740 1413 audito
1760 1381 1850 1424 prius

1117 1436 1178 1463 tam
1206 1431 1238 1463 in
1263 1432 1392 1474 scriptis
1418 1442 1514 1475 quam
1541 1432 1572 1464 in
1597 1443 1676 1465 voce
1702 1443 1852 1466 reveren-

1117 1484 1248 1517 dissimo
1267 1484 1511 1528 archiepiscopo
1530 1485 1665 1528 Myrensi
1691 1486 1764 1518 fidei
1783 1496 1852 1529 pro<

1117 1542 1254 1577 1001οΓ0,
1274 1538 1426 1570 omnibus
1443 1539 1527 1571 bene
1549 1538 1720 1581 perpensis
1735 1549 1771 1570 ac
1787 1550 1853 1571 ma-

1117 1595 1188 1623 turc
1214 1590 1437 1631 consideratis,
1463 1591 1598 1633 gratiam
1625 1591 1767 1634 petitam,
1792 1602 1852 1634 pro

1118 1643 1279 1686 religiosis
1305 1643 1473 1687 utriusque
1503 1653 1596 1677 sexus
1623 1644 1699 1677 dicti
1725 1644 1852 1677 Ordinis

1118 1696 1196 1728 ΒΜ.
1217 1696 1256 1729 (10
1277 1696 1424 1729 Mercede
1446 1702 1581 1737 tantum,
1597 1697 1731 1730 concedi
1756 1708 1852 1740 posse

1117 1749 1254 1789 censuit,
1291 1750 1318 1782 si
1353 1750 1557 1783 sanctissimo
1584 1751 1716 1783 domino
1741 1756 1853 1784 nostro

1117 1802 1291 1835 videbitur.
1330 1803 1385 1836 Die
1424 1814 1448 1837 11
1487 1804 1631 1837 octobris
1677 1813 1851 1838 iinccxciv.

1118 1855 1212 1887 Facta
1236 1855 1335 1898 igitur
1360 1856 1477 1889 deinde
1503 1857 1705 1890 sanctissimo
1723 1857 1853 1890 domino

1118 1909 1157 1941 de
1182 1909 1358 1952 praedictis
1383 1920 1444 1953 per
1467 1921 1517 1943 me
1544 1910 1754 1943 secretarium
1775 1911 1855 1943 rela-

1120 1961 1218 2001 tione,
1244 1961 1402 1995 Sanctitas
1423 1963 1485 1995 Sua
1510 1963 1650 2006 benigne
1669 1964 1783 1996 annuit
1803 1964 1854 1996 die

1119 2024 1149 2047 ix
1174 2014 1317 2047 eiusdem
1344 2016 1462 2048 mensis
1488 2021 1520 2049 et
1540 2017 1613 2049 anni
1641 2027 1790 2050 iincxciv.
1812 2037 1855 2041 —

1120 2069 1155 2100 A.
1183 2067 1356 2101 cardinalis
1382 2068 1481 2102 Creo.
1498 2089 1541 2092 —
1562 2070 1594 2102 Β.
1620 2070 1791 2104 1511010110
1809 2081 1855 2104 se-

1120 2120 1292 2153 cretarius.

1163 2173 1222 2217 §⁹2
1238 2173 1314 2207 Cum
1328 2180 1445 2215 autem,
1460 2175 1541 2208 sicut
1555 2176 1657 2209 dictus
1672 2177 1854 2211 Bernardns

1120 2227 1255 2260 vicarius
1286 2233 1318 2260 et
1346 2234 1539 2271 procurator
1571 2231 1731 2272 generalis
1760 2233 1853 2265 nobis

1120 2291 1224 2323 nuper
1240 2281 1358 2323 exponi
1378 2282 1462 2321 fecit,
1476 2282 1544 2325 ipsc
1560 2284 1723 2316 decretum
1744 2285 1853 2318 liuius-

1121 2333 1218 2372 modi,
1240 2343 1302 2376 quo
1328 2333 1449 2366 firmius
1475 2335 1638 2375 subsistat,
1657 2338 1853 2379 apostolicae

1121 2385 1373 2419 confirmationis
1399 2393 1531 2420 nostrae
1557 2389 1737 2430 patrocinio
1769 2400 1855 2423 com-

1120 2439 1238 2471 muniri
1253 2450 1457 2483 summopere
1474 2441 1650 2474 desideret:
1664 2453 1732 2481 nos,
1748 2443 1853 2486 ipsum

1098 2493 1318 2526 ¹Bernardum
1353 2495 1507 2527 vicarium
1541 2501 1571 2527 et
1606 2503 1852 2538 procuratorem

1158 2564 1165 2589 1
1190 2564 1327 2591 Coniunct.
1345 2568 1371 2591 et
1391 2573 1438 2592 nos
1458 2566 1582 2592 addimus
1602 2567 1640 2600 (0.
1662 2568 1710 2600 Τ.).

1154 2609 1170 2635 ⁶2
1191 2608 1259 2636 Edit.
1278 2610 1355 2637 Main.
1372 2610 1436 2646 legit
1452 2612 1482 2639 itt
1503 2620 1557 2646 qud
1577 2616 1615 2647 (11.
1633 2615 1680 2646 T.).

1740 209 1804 244 755
1850 218 1942 246 An.c.
1966 218 2032 246 1696

1913 2188 2048 2210 confirma-io

1866 2215 1929 2236 relati
1944 2217 2032 2237 det-ren.
