<?xml version="1.0" encoding="UTF-8"?>
<!DOCTYPE html PUBLIC "-//W3C//DTD XHTML 1.0 Transitional//EN"
    "http://www.w3.org/TR/xhtml1/DTD/xhtml1-transitional.dtd">
<html xmlns="http://www.w3.org/1999/xhtml" xml:lang="en" lang="en">
 <head>
  <title>
</title>
<meta http-equiv="Content-Type" content="text/html;charset=utf-8" />
  <meta name='ocr-system' content='tesseract 3.04.00' />
  <meta name='ocr-capabilities' content='ocr_page ocr_carea ocr_par ocr_line ocrx_word'/>
</head>
<body>
  <div class='ocr_page' id='page_1' title='image "./bullarumdiplomat20cath_0728.png"; bbox 0 0 2254 3225; ppageno 0'>
   <div class='ocr_carea' id='block_1_1' title="bbox 224 218 517 254">
    <p class='ocr_par' dir='ltr' id='par_1_1' title="bbox 224 218 517 254">
     <span class='ocr_line' id='line_1_1' title="bbox 224 218 517 254; baseline -0.007 -5"><span class='ocrx_word' id='word_1_1' title='bbox 224 227 270 254; x_wconf 68' lang='grc' dir='ltr'>Αη,</span> <span class='ocrx_word' id='word_1_2' title='bbox 292 226 318 252; x_wconf 76' lang='lat' dir='ltr'>e.</span> <span class='ocrx_word' id='word_1_3' title='bbox 344 227 407 252; x_wconf 68' lang='lat' dir='ltr'>ieet</span> <span class='ocrx_word' id='word_1_4' title='bbox 454 218 517 248; x_wconf 66' lang='lat'>030</span> 
     </span>
    </p>
   </div>
   <div class='ocr_carea' id='block_1_2' title="bbox 241 445 362 466">
    <p class='ocr_par' dir='ltr' id='par_1_2' title="bbox 241 445 362 466">
     <span class='ocr_line' id='line_1_2' title="bbox 241 445 362 466; baseline 0.008 -2"><span class='ocrx_word' id='word_1_5' title='bbox 241 445 362 466; x_wconf 79' lang='lat' dir='ltr'>Clausulae.</span> 
     </span>
    </p>
   </div>
   <div class='ocr_carea' id='block_1_3' title="bbox 224 603 394 655">
    <p class='ocr_par' dir='ltr' id='par_1_3' title="bbox 224 603 394 655">
     <span class='ocr_line' id='line_1_3' title="bbox 253 603 394 625; baseline 0.021 -4"><span class='ocrx_word' id='word_1_6' title='bbox 253 603 313 622; x_wconf 61' lang='lat' dir='ltr'>Fut-u</span> <span class='ocrx_word' id='word_1_7' title='bbox 340 605 394 625; x_wconf 74' lang='lat' dir='ltr'>tran·</span> 
     </span>
     <span class='ocr_line' id='line_1_4' title="bbox 224 633 347 655; baseline 0.016 -7"><span class='ocrx_word' id='word_1_8' title='bbox 224 633 347 655; x_wconf 61' lang='lat' dir='ltr'>inuplut&#39;tttn.</span> 
     </span>
    </p>
   </div>
   <div class='ocr_carea' id='block_1_4' title="bbox 227 1770 348 1793">
    <p class='ocr_par' dir='ltr' id='par_1_4' title="bbox 227 1770 348 1793">
     <span class='ocr_line' id='line_1_5' title="bbox 227 1770 348 1793; baseline 0.017 -2"><span class='ocrx_word' id='word_1_9' title='bbox 227 1770 348 1793; x_wconf 71' lang='lat' dir='ltr'>Exordium.</span> 
     </span>
    </p>
   </div>
   <div class='ocr_carea' id='block_1_5' title="bbox 993 227 1347 252">
    <p class='ocr_par' dir='ltr' id='par_1_5' title="bbox 993 227 1347 252">
     <span class='ocr_line' id='line_1_6' title="bbox 993 227 1347 252; baseline 0 -1"><span class='ocrx_word' id='word_1_10' title='bbox 993 228 1109 251; x_wconf 71' lang='lat' dir='ltr'>anmn</span> <span class='ocrx_word' id='word_1_11' title='bbox 1116 228 1169 251; x_wconf 67' lang='lat' dir='ltr'>lllM</span> <span class='ocrx_word' id='word_1_12' title='bbox 1194 227 1347 252; x_wconf 68' lang='lat' dir='ltr'>ROMANI&#39;M</span> 
     </span>
    </p>
   </div>
   <div class='ocr_carea' id='block_1_6' title="bbox 409 275 1920 320">
    <p class='ocr_par' dir='ltr' id='par_1_6' title="bbox 409 275 1920 320">
     <span class='ocr_line' id='line_1_7' title="bbox 409 275 1920 320; baseline 0.001 -13"><span class='ocrx_word' id='word_1_13' title='bbox 409 275 498 308; x_wconf 82' lang='lat' dir='ltr'>viarii</span> <span class='ocrx_word' id='word_1_14' title='bbox 535 281 566 308; x_wconf 86' lang='lat' dir='ltr'>et</span> <span class='ocrx_word' id='word_1_15' title='bbox 600 275 738 309; x_wconf 82' lang='lat' dir='ltr'>missalis</span> <span class='ocrx_word' id='word_1_16' title='bbox 775 276 917 316; x_wconf 80' lang='lat' dir='ltr'>romani,</span> <span class='ocrx_word' id='word_1_17' title='bbox 953 276 1142 309; x_wconf 89' lang='lat' dir='ltr'>auctoritate</span> <span class='ocrx_word' id='word_1_18' title='bbox 1162 285 1166 299; x_wconf 81' lang='lat'>¹</span> <span class='ocrx_word' id='word_1_19' title='bbox 1186 287 1226 309; x_wconf 83' lang='lat' dir='ltr'>ne</span> <span class='ocrx_word' id='word_1_20' title='bbox 1242 277 1375 320; x_wconf 74' lang='lat' dir='ltr'>provide</span> <span class='ocrx_word' id='word_1_21' title='bbox 1394 276 1565 309; x_wconf 80' lang='lat' dir='ltr'>constituta</span> <span class='ocrx_word' id='word_1_22' title='bbox 1580 280 1674 320; x_wconf 81' lang='lat' dir='ltr'>atque</span> <span class='ocrx_word' id='word_1_23' title='bbox 1689 276 1835 309; x_wconf 75' lang='lat' dir='ltr'>ordinata</span> <span class='ocrx_word' id='word_1_24' title='bbox 1851 285 1920 308; x_wconf 85' lang='lat' dir='ltr'>esse</span> 
     </span>
    </p>
   </div>
   <div class='ocr_carea' id='block_1_7' title="bbox 399 329 1143 1325">
    <p class='ocr_par' dir='ltr' id='par_1_7' title="bbox 407 329 1143 425">
     <span class='ocr_line' id='line_1_8' title="bbox 409 329 1143 373; baseline 0.001 -12"><span class='ocrx_word' id='word_1_25' title='bbox 409 329 596 372; x_wconf 76' lang='lat' dir='ltr'>apostolica,</span> <span class='ocrx_word' id='word_1_26' title='bbox 613 334 724 362; x_wconf 88' lang='lat' dir='ltr'>tenore</span> <span class='ocrx_word' id='word_1_27' title='bbox 749 329 980 373; x_wconf 88' lang='lat' dir='ltr'>praesentium,</span> <span class='ocrx_word' id='word_1_28' title='bbox 994 329 1143 363; x_wconf 88' lang='lat' dir='ltr'>concedi-</span> 
     </span>
     <span class='ocr_line' id='line_1_9' title="bbox 407 382 775 425; baseline 0.003 -11"><span class='ocrx_word' id='word_1_29' title='bbox 407 391 478 414; x_wconf 89' lang='lat' dir='ltr'>mus</span> <span class='ocrx_word' id='word_1_30' title='bbox 503 387 535 415; x_wconf 90' lang='lat' dir='ltr'>et</span> <span class='ocrx_word' id='word_1_31' title='bbox 558 382 775 425; x_wconf 77' lang='lat' dir='ltr'>indulgemus.</span> 
     </span>
    </p>

    <p class='ocr_par' dir='ltr' id='par_1_8' title="bbox 407 435 1142 584">
     <span class='ocr_line' id='line_1_10' title="bbox 451 435 1141 478; baseline 0 -11"><span class='ocrx_word' id='word_1_32' title='bbox 451 435 465 478; x_wconf 77' lang='lat'><strong>§</strong></span> <span class='ocrx_word' id='word_1_33' title='bbox 486 435 517 467; x_wconf 70' lang='lat'>2.</span> <span class='ocrx_word' id='word_1_34' title='bbox 544 435 613 468; x_wconf 91' lang='lat' dir='ltr'>Non</span> <span class='ocrx_word' id='word_1_35' title='bbox 632 435 833 468; x_wconf 72' lang='lat' dir='ltr'>obstantibus</span> <span class='ocrx_word' id='word_1_36' title='bbox 859 435 1141 469; x_wconf 71' lang='lat' dir='ltr'>constitutionibus</span> 
     </span>
     <span class='ocr_line' id='line_1_11' title="bbox 408 488 1142 531; baseline 0 -12"><span class='ocrx_word' id='word_1_37' title='bbox 408 492 439 519; x_wconf 86' lang='lat' dir='ltr'>et</span> <span class='ocrx_word' id='word_1_38' title='bbox 459 488 721 521; x_wconf 76' lang='lat' dir='ltr'>ordinationibus</span> <span class='ocrx_word' id='word_1_39' title='bbox 739 488 938 531; x_wconf 83' lang='lat' dir='ltr'>apostolicis,</span> <span class='ocrx_word' id='word_1_40' title='bbox 963 488 1142 531; x_wconf 84' lang='lat' dir='ltr'>ceterisque</span> 
     </span>
     <span class='ocr_line' id='line_1_12' title="bbox 407 541 875 584; baseline 0.004 -12"><span class='ocrx_word' id='word_1_41' title='bbox 407 541 578 574; x_wconf 79' lang='lat' dir='ltr'>contrariis</span> <span class='ocrx_word' id='word_1_42' title='bbox 603 541 875 584; x_wconf 83' lang='lat' dir='ltr'>quibuscumque.</span> 
     </span>
    </p>

    <p class='ocr_par' dir='ltr' id='par_1_9' title="bbox 402 593 1142 1049">
     <span class='ocr_line' id='line_1_13' title="bbox 449 593 1141 636; baseline -0.001 -10"><span class='ocrx_word' id='word_1_43' title='bbox 449 593 518 636; x_wconf 61' lang='lat'>§3-</span> <span class='ocrx_word' id='word_1_44' title='bbox 549 594 702 626; x_wconf 80' lang='lat' dir='ltr'>Volumus</span> <span class='ocrx_word' id='word_1_45' title='bbox 739 599 845 625; x_wconf 90' lang='lat' dir='ltr'>autem</span> <span class='ocrx_word' id='word_1_46' title='bbox 879 598 915 625; x_wconf 87' lang='lat' dir='ltr'>ut</span> <span class='ocrx_word' id='word_1_47' title='bbox 952 593 1141 626; x_wconf 85' lang='lat' dir='ltr'>earumdem</span> 
     </span>
     <span class='ocr_line' id='line_1_14' title="bbox 405 646 1141 688; baseline 0 -11"><span class='ocrx_word' id='word_1_48' title='bbox 405 647 625 688; x_wconf 86' lang='lat' dir='ltr'>praesentium</span> <span class='ocrx_word' id='word_1_49' title='bbox 646 647 826 679; x_wconf 85' lang='lat' dir='ltr'>litterarum</span> <span class='ocrx_word' id='word_1_50' title='bbox 852 646 1069 688; x_wconf 78' lang='lat' dir='ltr'>transumptis,</span> <span class='ocrx_word' id='word_1_51' title='bbox 1087 656 1141 678; x_wconf 92' lang='lat' dir='ltr'>seu</span> 
     </span>
     <span class='ocr_line' id='line_1_15' title="bbox 406 698 1142 742; baseline -0.001 -11"><span class='ocrx_word' id='word_1_52' title='bbox 406 699 574 742; x_wconf 85' lang='lat' dir='ltr'>exemplis,</span> <span class='ocrx_word' id='word_1_53' title='bbox 588 699 684 731; x_wconf 82' lang='lat' dir='ltr'>etiam</span> <span class='ocrx_word' id='word_1_54' title='bbox 700 699 876 742; x_wconf 89' lang='lat' dir='ltr'>impressis,</span> <span class='ocrx_word' id='word_1_55' title='bbox 890 709 986 731; x_wconf 87' lang='lat' dir='ltr'>manu</span> <span class='ocrx_word' id='word_1_56' title='bbox 1005 698 1142 740; x_wconf 82' lang='lat' dir='ltr'>alicuius</span> 
     </span>
     <span class='ocr_line' id='line_1_16' title="bbox 404 751 1142 795; baseline -0.001 -11"><span class='ocrx_word' id='word_1_57' title='bbox 404 751 523 784; x_wconf 86' lang='lat' dir='ltr'>notarii</span> <span class='ocrx_word' id='word_1_58' title='bbox 540 751 661 794; x_wconf 80' lang='lat' dir='ltr'>publici</span> <span class='ocrx_word' id='word_1_59' title='bbox 687 751 891 795; x_wconf 82' lang='lat' dir='ltr'>subscriptis,</span> <span class='ocrx_word' id='word_1_60' title='bbox 905 756 936 784; x_wconf 90' lang='lat' dir='ltr'>et</span> <span class='ocrx_word' id='word_1_61' title='bbox 949 751 1055 794; x_wconf 80' lang='lat' dir='ltr'>sigillo</span> <span class='ocrx_word' id='word_1_62' title='bbox 1069 761 1142 794; x_wconf 88' lang='lat' dir='ltr'>per-</span> 
     </span>
     <span class='ocr_line' id='line_1_17' title="bbox 404 803 1142 845; baseline 0 -10"><span class='ocrx_word' id='word_1_63' title='bbox 404 814 502 837; x_wconf 85' lang='lat' dir='ltr'>sonae</span> <span class='ocrx_word' id='word_1_64' title='bbox 527 804 560 836; x_wconf 89' lang='lat' dir='ltr'>in</span> <span class='ocrx_word' id='word_1_65' title='bbox 585 804 803 836; x_wconf 74' lang='lat' dir='ltr'>ecelesiastica</span> <span class='ocrx_word' id='word_1_66' title='bbox 819 803 973 845; x_wconf 78' lang='lat' dir='ltr'>dignitate</span> <span class='ocrx_word' id='word_1_67' title='bbox 991 803 1142 837; x_wconf 88' lang='lat' dir='ltr'>constitu-</span> 
     </span>
     <span class='ocr_line' id='line_1_18' title="bbox 403 856 1139 899; baseline 0 -10"><span class='ocrx_word' id='word_1_68' title='bbox 403 863 453 889; x_wconf 83' lang='lat' dir='ltr'>tae</span> <span class='ocrx_word' id='word_1_69' title='bbox 479 856 623 897; x_wconf 86' lang='lat' dir='ltr'>munitis,</span> <span class='ocrx_word' id='word_1_70' title='bbox 643 857 755 889; x_wconf 86' lang='lat' dir='ltr'>eadem</span> <span class='ocrx_word' id='word_1_71' title='bbox 773 867 905 899; x_wconf 89' lang='lat' dir='ltr'>prorsus</span> <span class='ocrx_word' id='word_1_72' title='bbox 924 857 1004 890; x_wconf 73' lang='lat' dir='ltr'>fides</span> <span class='ocrx_word' id='word_1_73' title='bbox 1025 861 1090 889; x_wconf 87' lang='lat' dir='ltr'>tam</span> <span class='ocrx_word' id='word_1_74' title='bbox 1107 857 1139 890; x_wconf 92' lang='lat' dir='ltr'>in</span> 
     </span>
     <span class='ocr_line' id='line_1_19' title="bbox 402 909 1139 954; baseline 0.003 -13"><span class='ocrx_word' id='word_1_75' title='bbox 402 909 523 942; x_wconf 87' lang='lat' dir='ltr'>iudicio</span> <span class='ocrx_word' id='word_1_76' title='bbox 555 920 650 952; x_wconf 90' lang='lat' dir='ltr'>quam</span> <span class='ocrx_word' id='word_1_77' title='bbox 670 916 757 942; x_wconf 87' lang='lat' dir='ltr'>extra</span> <span class='ocrx_word' id='word_1_78' title='bbox 774 909 850 942; x_wconf 87' lang='lat' dir='ltr'>illud</span> <span class='ocrx_word' id='word_1_79' title='bbox 871 910 1041 950; x_wconf 81' lang='lat' dir='ltr'>habeatur,</span> <span class='ocrx_word' id='word_1_80' title='bbox 1058 921 1139 954; x_wconf 88' lang='lat' dir='ltr'>quae</span> 
     </span>
     <span class='ocr_line' id='line_1_20' title="bbox 402 962 1139 1006; baseline 0.001 -12"><span class='ocrx_word' id='word_1_81' title='bbox 402 962 481 1005; x_wconf 84' lang='lat' dir='ltr'>ipsis</span> <span class='ocrx_word' id='word_1_82' title='bbox 511 962 739 1006; x_wconf 85' lang='lat' dir='ltr'>praesentibus</span> <span class='ocrx_word' id='word_1_83' title='bbox 768 963 946 996; x_wconf 76' lang='lat' dir='ltr'>haberetur</span> <span class='ocrx_word' id='word_1_84' title='bbox 976 964 1002 996; x_wconf 84' lang='lat' dir='ltr'>si</span> <span class='ocrx_word' id='word_1_85' title='bbox 1035 963 1139 997; x_wconf 83' lang='lat' dir='ltr'>forent</span> 
     </span>
     <span class='ocr_line' id='line_1_21' title="bbox 402 1015 826 1049; baseline 0.005 -3"><span class='ocrx_word' id='word_1_86' title='bbox 402 1015 567 1048; x_wconf 79' lang='lat' dir='ltr'>exhibitae</span> <span class='ocrx_word' id='word_1_87' title='bbox 591 1016 640 1048; x_wconf 90' lang='lat' dir='ltr'>vel</span> <span class='ocrx_word' id='word_1_88' title='bbox 666 1021 826 1049; x_wconf 86' lang='lat' dir='ltr'>ostensae.</span> 
     </span>
    </p>

    <p class='ocr_par' dir='ltr' id='par_1_10' title="bbox 399 1068 1139 1258">
     <span class='ocr_line' id='line_1_22' title="bbox 444 1068 1135 1112; baseline 0.004 -12"><span class='ocrx_word' id='word_1_89' title='bbox 444 1068 558 1100; x_wconf 89' lang='lat' dir='ltr'>Datum</span> <span class='ocrx_word' id='word_1_90' title='bbox 583 1069 716 1109; x_wconf 87' lang='lat' dir='ltr'>Romae,</span> <span class='ocrx_word' id='word_1_91' title='bbox 744 1070 829 1112; x_wconf 91' lang='lat' dir='ltr'>apud</span> <span class='ocrx_word' id='word_1_92' title='bbox 858 1069 889 1102; x_wconf 89' lang='lat' dir='ltr'>S.</span> <span class='ocrx_word' id='word_1_93' title='bbox 915 1069 1044 1102; x_wconf 88' lang='lat' dir='ltr'>Mariam</span> <span class='ocrx_word' id='word_1_94' title='bbox 1069 1070 1135 1103; x_wconf 87' lang='lat' dir='ltr'>Ma—</span> 
     </span>
     <span class='ocr_line' id='line_1_23' title="bbox 400 1120 1137 1162; baseline 0.005 -10"><span class='ocrx_word' id='word_1_95' title='bbox 400 1120 515 1160; x_wconf 88' lang='lat' dir='ltr'>iorem,</span> <span class='ocrx_word' id='word_1_96' title='bbox 551 1122 608 1153; x_wconf 91' lang='lat' dir='ltr'>sub</span> <span class='ocrx_word' id='word_1_97' title='bbox 643 1122 764 1154; x_wconf 90' lang='lat' dir='ltr'>annulo</span> <span class='ocrx_word' id='word_1_98' title='bbox 790 1122 971 1162; x_wconf 89' lang='lat' dir='ltr'>Piscatoris,</span> <span class='ocrx_word' id='word_1_99' title='bbox 1000 1122 1052 1155; x_wconf 93' lang='lat' dir='ltr'>die</span> <span class='ocrx_word' id='word_1_100' title='bbox 1079 1134 1137 1156; x_wconf 79' lang='lat' dir='ltr'>xxx</span> 
     </span>
     <span class='ocr_line' id='line_1_24' title="bbox 400 1173 1139 1217; baseline 0.005 -13"><span class='ocrx_word' id='word_1_101' title='bbox 400 1173 526 1215; x_wconf 79' lang='lat' dir='ltr'>augusti</span> <span class='ocrx_word' id='word_1_102' title='bbox 551 1183 699 1213; x_wconf 82' lang='lat' dir='ltr'>MDCXCIV,</span> <span class='ocrx_word' id='word_1_103' title='bbox 728 1174 933 1217; x_wconf 82' lang='lat' dir='ltr'>pontificatus</span> <span class='ocrx_word' id='word_1_104' title='bbox 953 1175 1056 1208; x_wconf 86' lang='lat' dir='ltr'>nostri</span> <span class='ocrx_word' id='word_1_105' title='bbox 1083 1186 1139 1208; x_wconf 91' lang='lat' dir='ltr'>an-</span> 
     </span>
     <span class='ocr_line' id='line_1_25' title="bbox 399 1235 509 1258; baseline 0.009 -1"><span class='ocrx_word' id='word_1_106' title='bbox 399 1235 441 1258; x_wconf 89' lang='lat' dir='ltr'>no</span> <span class='ocrx_word' id='word_1_107' title='bbox 465 1235 509 1258; x_wconf 91' lang='lat' dir='ltr'>1v.</span> 
     </span>
    </p>

    <p class='ocr_par' dir='ltr' id='par_1_11' title="bbox 434 1278 1094 1325">
     <span class='ocr_line' id='line_1_26' title="bbox 434 1278 1094 1325; baseline 0.006 -11"><span class='ocrx_word' id='word_1_108' title='bbox 434 1287 494 1315; x_wconf 85' lang='lat' dir='ltr'>Dat.</span> <span class='ocrx_word' id='word_1_109' title='bbox 515 1287 560 1315; x_wconf 89' lang='lat' dir='ltr'>die</span> <span class='ocrx_word' id='word_1_110' title='bbox 580 1288 614 1316; x_wconf 87' lang='lat'>30</span> <span class='ocrx_word' id='word_1_111' title='bbox 628 1288 735 1324; x_wconf 86' lang='lat' dir='ltr'>augusti</span> <span class='ocrx_word' id='word_1_112' title='bbox 752 1288 830 1324; x_wconf 70' lang='lat'>1694,</span> <span class='ocrx_word' id='word_1_113' title='bbox 852 1278 950 1325; x_wconf 57' lang='lat' dir='ltr'>pontif}</span> <span class='ocrx_word' id='word_1_114' title='bbox 972 1297 1043 1318; x_wconf 83' lang='lat' dir='ltr'>anno</span> <span class='ocrx_word' id='word_1_115' title='bbox 1058 1296 1094 1318; x_wconf 84' lang='lat' dir='ltr'>lv.</span> 
     </span>
    </p>
   </div>
   <div class='ocr_carea' id='block_1_8' title="bbox 631 1405 902 1449">
    <p class='ocr_par' dir='ltr' id='par_1_12' title="bbox 631 1405 902 1449">
     <span class='ocr_line' id='line_1_27' title="bbox 631 1405 902 1449; baseline 0.007 -12"><span class='ocrx_word' id='word_1_116' title='bbox 631 1405 720 1438; x_wconf 74' lang='lat' dir='ltr'>XCVI</span> <span class='ocrx_word' id='word_1_117' title='bbox 746 1405 805 1449; x_wconf 69' lang='lat' dir='ltr'>(ccl.</span> <span class='ocrx_word' id='word_1_118' title='bbox 832 1406 902 1449; x_wconf 79' lang='lat'><strong>97).</strong></span> 
     </span>
    </p>
   </div>
   <div class='ocr_carea' id='block_1_9' title="bbox 399 1473 1137 1615">
    <p class='ocr_par' dir='ltr' id='par_1_13' title="bbox 399 1473 1137 1615">
     <span class='ocr_line' id='line_1_28' title="bbox 399 1473 1137 1521; baseline 0.005 -15"><span class='ocrx_word' id='word_1_119' title='bbox 399 1473 644 1517; x_wconf 75' lang='lat' dir='ltr'>Confirmenlw·</span> <span class='ocrx_word' id='word_1_120' title='bbox 672 1476 914 1509; x_wconf 70' lang='lat' dir='ltr'>constitutiones</span> <span class='ocrx_word' id='word_1_121' title='bbox 933 1487 995 1521; x_wconf 75' lang='lat' dir='ltr'>pro</span> <span class='ocrx_word' id='word_1_122' title='bbox 1020 1477 1137 1510; x_wconf 77' lang='lat' dir='ltr'>archi-</span> 
     </span>
     <span class='ocr_line' id='line_1_29' title="bbox 440 1529 1134 1573; baseline 0.006 -13"><span class='ocrx_word' id='word_1_123' title='bbox 440 1529 708 1571; x_wconf 79' lang='lat' dir='ltr'>consralerm&#39;tale</span> <span class='ocrx_word' id='word_1_124' title='bbox 738 1529 770 1563; x_wconf 90' lang='lat' dir='ltr'>S.</span> <span class='ocrx_word' id='word_1_125' title='bbox 791 1530 988 1573; x_wconf 72' lang='lat' dir='ltr'>Hieronymi</span> <span class='ocrx_word' id='word_1_126' title='bbox 1021 1531 1134 1565; x_wconf 79' lang='lat' dir='ltr'>Chari—</span> 
     </span>
     <span class='ocr_line' id='line_1_30' title="bbox 441 1580 720 1615; baseline 0.007 -2"><span class='ocrx_word' id='word_1_127' title='bbox 441 1581 517 1614; x_wconf 80' lang='lat' dir='ltr'>tatis</span> <span class='ocrx_word' id='word_1_128' title='bbox 541 1580 578 1614; x_wconf 80' lang='lat' dir='ltr'>cle</span> <span class='ocrx_word' id='word_1_129' title='bbox 605 1581 720 1615; x_wconf 85' lang='lat' dir='ltr'>Urbe¹.</span> 
     </span>
    </p>
   </div>
   <div class='ocr_carea' id='block_1_10' title="bbox 512 1652 1020 1731">
    <p class='ocr_par' dir='ltr' id='par_1_14' title="bbox 512 1652 1020 1731">
     <span class='ocr_line' id='line_1_31' title="bbox 581 1652 950 1687; baseline 0.005 -8"><span class='ocrx_word' id='word_1_130' title='bbox 581 1652 780 1680; x_wconf 80' lang='lat' dir='ltr'>Innocentius</span> <span class='ocrx_word' id='word_1_131' title='bbox 801 1654 879 1687; x_wconf 85' lang='lat' dir='ltr'>Papa</span> <span class='ocrx_word' id='word_1_132' title='bbox 899 1654 950 1681; x_wconf 85' lang='lat' dir='ltr'>xn</span> 
     </span>
     <span class='ocr_line' id='line_1_32' title="bbox 512 1698 1020 1731; baseline 0.004 -7"><span class='ocrx_word' id='word_1_133' title='bbox 512 1699 548 1724; x_wconf 85' lang='lat' dir='ltr'>ad</span> <span class='ocrx_word' id='word_1_134' title='bbox 569 1700 750 1731; x_wconf 84' lang='lat' dir='ltr'>perpetuam</span> <span class='ocrx_word' id='word_1_135' title='bbox 769 1698 815 1725; x_wconf 85' lang='lat' dir='ltr'>rei</span> <span class='ocrx_word' id='word_1_136' title='bbox 835 1698 1020 1726; x_wconf 84' lang='lat' dir='ltr'>memoriam.</span> 
     </span>
    </p>
   </div>
   <div class='ocr_carea' id='block_1_11' title="bbox 392 1759 1135 2226">
    <p class='ocr_par' dir='ltr' id='par_1_15' title="bbox 392 1759 1135 2226">
     <span class='ocr_line' id='line_1_33' title="bbox 440 1759 1135 1802; baseline 0.004 -10"><span class='ocrx_word' id='word_1_137' title='bbox 440 1759 486 1792; x_wconf 85' lang='lat' dir='ltr'>Ad</span> <span class='ocrx_word' id='word_1_138' title='bbox 512 1759 677 1802; x_wconf 83' lang='lat' dir='ltr'>pastorale</span> <span class='ocrx_word' id='word_1_139' title='bbox 710 1760 884 1802; x_wconf 78' lang='lat' dir='ltr'>fastigium,</span> <span class='ocrx_word' id='word_1_140' title='bbox 909 1761 1031 1794; x_wconf 80' lang='lat' dir='ltr'>meritis</span> <span class='ocrx_word' id='word_1_141' title='bbox 1059 1761 1135 1795; x_wconf 90' lang='lat' dir='ltr'>licet</span> 
     </span>
     <span class='ocr_line' id='line_1_34' title="bbox 394 1811 1134 1855; baseline 0.004 -11"><span class='ocrx_word' id='word_1_142' title='bbox 394 1811 588 1855; x_wconf 84' lang='lat' dir='ltr'>imparibus,</span> <span class='ocrx_word' id='word_1_143' title='bbox 614 1822 673 1855; x_wconf 89' lang='lat' dir='ltr'>per</span> <span class='ocrx_word' id='word_1_144' title='bbox 698 1812 896 1846; x_wconf 82' lang='lat' dir='ltr'>ineffabilem</span> <span class='ocrx_word' id='word_1_145' title='bbox 929 1814 1057 1847; x_wconf 85' lang='lat' dir='ltr'>divinae</span> <span class='ocrx_word' id='word_1_146' title='bbox 1084 1825 1134 1847; x_wconf 89' lang='lat' dir='ltr'>sa-</span> 
     </span>
     <span class='ocr_line' id='line_1_35' title="bbox 394 1865 1133 1908; baseline 0.003 -10"><span class='ocrx_word' id='word_1_147' title='bbox 394 1865 535 1908; x_wconf 79' lang='lat' dir='ltr'>pientiae</span> <span class='ocrx_word' id='word_1_148' title='bbox 560 1870 656 1908; x_wconf 80' lang='lat' dir='ltr'>atque</span> <span class='ocrx_word' id='word_1_149' title='bbox 678 1865 869 1898; x_wconf 83' lang='lat' dir='ltr'>clementiae</span> <span class='ocrx_word' id='word_1_150' title='bbox 900 1866 1133 1900; x_wconf 84' lang='lat' dir='ltr'>abundantiam</span> 
     </span>
     <span class='ocr_line' id='line_1_36' title="bbox 395 1918 1133 1961; baseline 0 -9"><span class='ocrx_word' id='word_1_151' title='bbox 395 1918 508 1958; x_wconf 83' lang='lat' dir='ltr'>evecti,</span> <span class='ocrx_word' id='word_1_152' title='bbox 526 1918 592 1958; x_wconf 87' lang='lat' dir='ltr'>illa,</span> <span class='ocrx_word' id='word_1_153' title='bbox 613 1928 696 1961; x_wconf 89' lang='lat' dir='ltr'>quae</span> <span class='ocrx_word' id='word_1_154' title='bbox 715 1929 774 1961; x_wconf 92' lang='lat' dir='ltr'>pro</span> <span class='ocrx_word' id='word_1_155' title='bbox 793 1918 878 1951; x_wconf 83' lang='lat' dir='ltr'>felici</span> <span class='ocrx_word' id='word_1_156' title='bbox 896 1918 1022 1961; x_wconf 85' lang='lat' dir='ltr'>piarum</span> <span class='ocrx_word' id='word_1_157' title='bbox 1040 1920 1133 1952; x_wconf 83' lang='lat' dir='ltr'>Soda-</span> 
     </span>
     <span class='ocr_line' id='line_1_37' title="bbox 393 1970 1131 2014; baseline 0.003 -11"><span class='ocrx_word' id='word_1_158' title='bbox 393 1971 520 2003; x_wconf 90' lang='lat' dir='ltr'>litatum</span> <span class='ocrx_word' id='word_1_159' title='bbox 538 1970 768 2014; x_wconf 87' lang='lat' dir='ltr'>quarumlibet,</span> <span class='ocrx_word' id='word_1_160' title='bbox 782 1972 973 2014; x_wconf 86' lang='lat' dir='ltr'>praesertim</span> <span class='ocrx_word' id='word_1_161' title='bbox 991 1972 1022 2004; x_wconf 92' lang='lat' dir='ltr'>in</span> <span class='ocrx_word' id='word_1_162' title='bbox 1048 1974 1131 2006; x_wconf 80' lang='lat' dir='ltr'>alma</span> 
     </span>
     <span class='ocr_line' id='line_1_38' title="bbox 392 2023 1130 2068; baseline 0.003 -12"><span class='ocrx_word' id='word_1_163' title='bbox 392 2023 478 2056; x_wconf 85' lang='lat' dir='ltr'>Urbe</span> <span class='ocrx_word' id='word_1_164' title='bbox 503 2025 624 2063; x_wconf 78' lang='lat' dir='ltr'>nostra,</span> <span class='ocrx_word' id='word_1_165' title='bbox 651 2034 686 2056; x_wconf 84' lang='lat' dir='ltr'>ex</span> <span class='ocrx_word' id='word_1_166' title='bbox 713 2034 777 2066; x_wconf 84' lang='lat' dir='ltr'>qua</span> <span class='ocrx_word' id='word_1_167' title='bbox 802 2023 966 2056; x_wconf 91' lang='lat' dir='ltr'>bonorum</span> <span class='ocrx_word' id='word_1_168' title='bbox 995 2035 1130 2068; x_wconf 86' lang='lat' dir='ltr'>operum</span> 
     </span>
     <span class='ocr_line' id='line_1_39' title="bbox 394 2076 1131 2121; baseline 0.004 -13"><span class='ocrx_word' id='word_1_169' title='bbox 394 2077 543 2119; x_wconf 81' lang='lat' dir='ltr'>exempla</span> <span class='ocrx_word' id='word_1_170' title='bbox 560 2077 591 2109; x_wconf 91' lang='lat' dir='ltr'>in</span> <span class='ocrx_word' id='word_1_171' title='bbox 608 2086 721 2109; x_wconf 88' lang='lat' dir='ltr'>omnes</span> <span class='ocrx_word' id='word_1_172' title='bbox 736 2076 904 2109; x_wconf 89' lang='lat' dir='ltr'>christiani</span> <span class='ocrx_word' id='word_1_173' title='bbox 920 2077 1008 2110; x_wconf 90' lang='lat' dir='ltr'>orbis</span> <span class='ocrx_word' id='word_1_174' title='bbox 1025 2083 1131 2121; x_wconf 89' lang='lat' dir='ltr'>partes</span> 
     </span>
     <span class='ocr_line' id='line_1_40' title="bbox 393 2128 1132 2170; baseline 0.004 -9"><span class='ocrx_word' id='word_1_175' title='bbox 393 2129 523 2162; x_wconf 82' lang='lat' dir='ltr'>assidue</span> <span class='ocrx_word' id='word_1_176' title='bbox 552 2128 786 2170; x_wconf 76' lang='lat' dir='ltr'>diffunduntur,</span> <span class='ocrx_word' id='word_1_177' title='bbox 809 2130 984 2163; x_wconf 86' lang='lat' dir='ltr'>salubriter</span> <span class='ocrx_word' id='word_1_178' title='bbox 1006 2136 1132 2164; x_wconf 90' lang='lat' dir='ltr'>sancte-</span> 
     </span>
     <span class='ocr_line' id='line_1_41' title="bbox 393 2182 1131 2226; baseline 0.007 -13"><span class='ocrx_word' id='word_1_179' title='bbox 393 2193 456 2225; x_wconf 81' lang='lat' dir='ltr'>que</span> <span class='ocrx_word' id='word_1_180' title='bbox 483 2182 715 2224; x_wconf 87' lang='lat' dir='ltr'>institutarum,</span> <span class='ocrx_word' id='word_1_181' title='bbox 742 2183 900 2226; x_wconf 83' lang='lat' dir='ltr'>regimine</span> <span class='ocrx_word' id='word_1_182' title='bbox 922 2189 955 2218; x_wconf 86' lang='lat' dir='ltr'>et</span> <span class='ocrx_word' id='word_1_183' title='bbox 979 2184 1131 2218; x_wconf 90' lang='lat' dir='ltr'>directio-</span> 
     </span>
    </p>
   </div>
   <div class='ocr_carea' id='block_1_12' title="bbox 391 2262 1130 2647">
    <p class='ocr_par' dir='ltr' id='par_1_16' title="bbox 391 2262 1130 2647">
     <span class='ocr_line' id='line_1_42' title="bbox 429 2262 1130 2292; baseline 0.004 -3"><span class='ocrx_word' id='word_1_184' title='bbox 429 2263 437 2289; x_wconf 90' lang='grc'>1</span> <span class='ocrx_word' id='word_1_185' title='bbox 458 2262 623 2290; x_wconf 85' lang='lat' dir='ltr'>Confirmata</span> <span class='ocrx_word' id='word_1_186' title='bbox 642 2263 692 2289; x_wconf 88' lang='lat' dir='ltr'>fuit</span> <span class='ocrx_word' id='word_1_187' title='bbox 712 2266 738 2290; x_wconf 90' lang='lat' dir='ltr'>et</span> <span class='ocrx_word' id='word_1_188' title='bbox 757 2263 784 2290; x_wconf 91' lang='lat' dir='ltr'>in</span> <span class='ocrx_word' id='word_1_189' title='bbox 804 2264 1130 2292; x_wconf 79' lang='lat' dir='ltr'>archiconsraternitatem</span> 
     </span>
     <span class='ocr_line' id='line_1_43' title="bbox 392 2308 1130 2345; baseline 0.004 -11"><span class='ocrx_word' id='word_1_190' title='bbox 392 2311 484 2335; x_wconf 88' lang='lat' dir='ltr'>erecta</span> <span class='ocrx_word' id='word_1_191' title='bbox 504 2315 564 2335; x_wconf 90' lang='lat' dir='ltr'>cum</span> <span class='ocrx_word' id='word_1_192' title='bbox 584 2308 759 2335; x_wconf 82' lang='lat' dir='ltr'>concessione</span> <span class='ocrx_word' id='word_1_193' title='bbox 778 2309 1007 2345; x_wconf 72' lang='lat' dir='ltr'>indulgentiarum</span> <span class='ocrx_word' id='word_1_194' title='bbox 1026 2317 1041 2337; x_wconf 88' lang='lat' dir='ltr'>a</span> <span class='ocrx_word' id='word_1_195' title='bbox 1060 2310 1130 2338; x_wconf 87' lang='lat' dir='ltr'>Leo-</span> 
     </span>
     <span class='ocr_line' id='line_1_44' title="bbox 393 2352 1130 2386; baseline 0.004 -8"><span class='ocrx_word' id='word_1_196' title='bbox 393 2360 428 2379; x_wconf 89' lang='lat' dir='ltr'>ne</span> <span class='ocrx_word' id='word_1_197' title='bbox 444 2353 467 2378; x_wconf 89' lang='lat' dir='ltr'>X</span> <span class='ocrx_word' id='word_1_198' title='bbox 487 2355 574 2379; x_wconf 84' lang='lat' dir='ltr'>const.</span> <span class='ocrx_word' id='word_1_199' title='bbox 592 2353 657 2379; x_wconf 87' lang='lat' dir='ltr'>edit.</span> <span class='ocrx_word' id='word_1_200' title='bbox 675 2359 757 2386; x_wconf 67' lang='lat' dir='ltr'>Mon,</span> <span class='ocrx_word' id='word_1_201' title='bbox 778 2352 821 2380; x_wconf 88' lang='lat' dir='ltr'>die</span> <span class='ocrx_word' id='word_1_202' title='bbox 842 2353 874 2379; x_wconf 71' lang='lat'>27</span> <span class='ocrx_word' id='word_1_203' title='bbox 895 2354 1025 2386; x_wconf 83' lang='lat' dir='ltr'>ianuarii;</span> <span class='ocrx_word' id='word_1_204' title='bbox 1046 2355 1130 2381; x_wconf 83' lang='lat' dir='ltr'>sacris</span> 
     </span>
     <span class='ocr_line' id='line_1_45' title="bbox 393 2396 1130 2431; baseline 0.004 -9"><span class='ocrx_word' id='word_1_205' title='bbox 393 2396 649 2431; x_wconf 83' lang='lat' dir='ltr'>congregationibus</span> <span class='ocrx_word' id='word_1_206' title='bbox 669 2396 812 2424; x_wconf 84' lang='lat' dir='ltr'>Charitatis</span> <span class='ocrx_word' id='word_1_207' title='bbox 827 2405 956 2425; x_wconf 86' lang='lat' dir='ltr'>concessa</span> <span class='ocrx_word' id='word_1_208' title='bbox 970 2398 1022 2424; x_wconf 79' lang='lat' dir='ltr'>fuit</span> <span class='ocrx_word' id='word_1_209' title='bbox 1040 2398 1130 2425; x_wconf 89' lang='lat' dir='ltr'>indul—</span> 
     </span>
     <span class='ocr_line' id='line_1_46' title="bbox 391 2439 1128 2476; baseline 0.004 -10"><span class='ocrx_word' id='word_1_210' title='bbox 391 2440 483 2475; x_wconf 85' lang='lat' dir='ltr'>gentia</span> <span class='ocrx_word' id='word_1_211' title='bbox 501 2440 623 2476; x_wconf 83' lang='lat' dir='ltr'>plenaria</span> <span class='ocrx_word' id='word_1_212' title='bbox 642 2440 669 2466; x_wconf 90' lang='lat' dir='ltr'>in</span> <span class='ocrx_word' id='word_1_213' title='bbox 685 2439 767 2467; x_wconf 84' lang='lat' dir='ltr'>huius</span> <span class='ocrx_word' id='word_1_214' title='bbox 785 2441 926 2468; x_wconf 87' lang='lat' dir='ltr'>Pontilicis</span> <span class='ocrx_word' id='word_1_215' title='bbox 940 2442 1046 2469; x_wconf 84' lang='lat' dir='ltr'>constit.</span> <span class='ocrx_word' id='word_1_216' title='bbox 1063 2442 1128 2469; x_wconf 84' lang='lat' dir='ltr'>edit.</span> 
     </span>
     <span class='ocr_line' id='line_1_47' title="bbox 391 2484 1129 2521; baseline 0.004 -10"><span class='ocrx_word' id='word_1_217' title='bbox 391 2491 530 2519; x_wconf 76' lang='lat' dir='ltr'>mncxcut,</span> <span class='ocrx_word' id='word_1_218' title='bbox 551 2485 594 2512; x_wconf 83' lang='lat' dir='ltr'>die</span> <span class='ocrx_word' id='word_1_219' title='bbox 617 2485 647 2511; x_wconf 74' lang='lat'>14</span> <span class='ocrx_word' id='word_1_220' title='bbox 671 2484 834 2519; x_wconf 82' lang='lat' dir='ltr'>decembris,</span> <span class='ocrx_word' id='word_1_221' title='bbox 860 2486 955 2521; x_wconf 84' lang='lat' dir='ltr'>pontis.</span> <span class='ocrx_word' id='word_1_222' title='bbox 980 2492 1026 2520; x_wconf 79' lang='lat'>1113</span> <span class='ocrx_word' id='word_1_223' title='bbox 1046 2490 1079 2514; x_wconf 69' lang='lat' dir='ltr'>vet</span> <span class='ocrx_word' id='word_1_224' title='bbox 1101 2487 1129 2514; x_wconf 88' lang='lat' dir='ltr'>in</span> 
     </span>
     <span class='ocr_line' id='line_1_48' title="bbox 393 2529 1127 2566; baseline 0.004 -11"><span class='ocrx_word' id='word_1_225' title='bbox 393 2533 478 2556; x_wconf 84' lang='lat' dir='ltr'>const.</span> <span class='ocrx_word' id='word_1_226' title='bbox 495 2529 558 2555; x_wconf 87' lang='lat' dir='ltr'>edit.</span> <span class='ocrx_word' id='word_1_227' title='bbox 576 2536 656 2561; x_wconf 75' lang='lat' dir='ltr'>muco,</span> <span class='ocrx_word' id='word_1_228' title='bbox 673 2529 715 2555; x_wconf 90' lang='lat' dir='ltr'>die</span> <span class='ocrx_word' id='word_1_229' title='bbox 727 2529 756 2556; x_wconf 71' lang='lat'>21</span> <span class='ocrx_word' id='word_1_230' title='bbox 776 2530 851 2562; x_wconf 81' lang='lat' dir='ltr'>iunii,</span> <span class='ocrx_word' id='word_1_231' title='bbox 867 2531 960 2565; x_wconf 83' lang='lat' dir='ltr'>pontif.</span> <span class='ocrx_word' id='word_1_232' title='bbox 977 2537 1014 2566; x_wconf 76' lang='lat' dir='ltr'>lx,</span> <span class='ocrx_word' id='word_1_233' title='bbox 1031 2531 1127 2558; x_wconf 82' lang='lat' dir='ltr'>confir-</span> 
     </span>
     <span class='ocr_line' id='line_1_49' title="bbox 393 2574 1129 2611; baseline 0.007 -12"><span class='ocrx_word' id='word_1_234' title='bbox 393 2577 503 2599; x_wconf 81' lang='lat' dir='ltr'>mantur</span> <span class='ocrx_word' id='word_1_235' title='bbox 523 2574 727 2600; x_wconf 82' lang='lat' dir='ltr'>constitutiones</span> <span class='ocrx_word' id='word_1_236' title='bbox 752 2582 800 2608; x_wconf 81' lang='lat' dir='ltr'>pro</span> <span class='ocrx_word' id='word_1_237' title='bbox 826 2574 1039 2611; x_wconf 76' lang='lat' dir='ltr'>Congregatione.</span> <span class='ocrx_word' id='word_1_238' title='bbox 1059 2575 1129 2604; x_wconf 72' lang='lat' dir='ltr'>cha-</span> 
     </span>
     <span class='ocr_line' id='line_1_50' title="bbox 392 2617 872 2647; baseline 0.002 -2"><span class='ocrx_word' id='word_1_239' title='bbox 392 2618 480 2645; x_wconf 81' lang='lat' dir='ltr'>ritatis</span> <span class='ocrx_word' id='word_1_240' title='bbox 499 2618 525 2645; x_wconf 87' lang='lat' dir='ltr'>in</span> <span class='ocrx_word' id='word_1_241' title='bbox 547 2617 628 2644; x_wconf 84' lang='lat' dir='ltr'>ludiis</span> <span class='ocrx_word' id='word_1_242' title='bbox 648 2618 872 2647; x_wconf 81' lang='lat' dir='ltr'>occidentalibus.</span> 
     </span>
    </p>
   </div>
   <div class='ocr_carea' id='block_1_13' title="bbox 1185 329 1921 531">
    <p class='ocr_par' dir='ltr' id='par_1_17' title="bbox 1185 329 1921 468">
     <span class='ocr_line' id='line_1_51' title="bbox 1185 329 1919 373; baseline -0.005 -9"><span class='ocrx_word' id='word_1_243' title='bbox 1185 335 1374 370; x_wconf 87' lang='lat' dir='ltr'>noscuntur,</span> <span class='ocrx_word' id='word_1_244' title='bbox 1385 334 1421 362; x_wconf 89' lang='lat' dir='ltr'>ut</span> <span class='ocrx_word' id='word_1_245' title='bbox 1439 329 1530 362; x_wconf 78' lang='lat' dir='ltr'>firma</span> <span class='ocrx_word' id='word_1_246' title='bbox 1544 340 1672 372; x_wconf 82' lang='lat' dir='ltr'>semper</span> <span class='ocrx_word' id='word_1_247' title='bbox 1689 335 1782 373; x_wconf 84' lang='lat' dir='ltr'>atque</span> <span class='ocrx_word' id='word_1_248' title='bbox 1797 329 1919 361; x_wconf 87' lang='lat' dir='ltr'>illibata</span> 
     </span>
     <span class='ocr_line' id='line_1_52' title="bbox 1187 381 1921 426; baseline -0.003 -11"><span class='ocrx_word' id='word_1_249' title='bbox 1187 383 1370 426; x_wconf 82' lang='lat' dir='ltr'>persistant,</span> <span class='ocrx_word' id='word_1_250' title='bbox 1392 383 1562 426; x_wconf 83' lang='lat' dir='ltr'>apostolici</span> <span class='ocrx_word' id='word_1_251' title='bbox 1588 382 1776 415; x_wconf 87' lang='lat' dir='ltr'>muniminis</span> <span class='ocrx_word' id='word_1_252' title='bbox 1800 381 1921 425; x_wconf 73' lang='lat' dir='ltr'>praesi-</span> 
     </span>
     <span class='ocr_line' id='line_1_53' title="bbox 1186 436 1682 468; baseline 0.002 -1"><span class='ocrx_word' id='word_1_253' title='bbox 1186 436 1239 468; x_wconf 87' lang='lat' dir='ltr'>dio</span> <span class='ocrx_word' id='word_1_254' title='bbox 1262 436 1401 468; x_wconf 86' lang='lat' dir='ltr'>libenter</span> <span class='ocrx_word' id='word_1_255' title='bbox 1425 436 1682 468; x_wconf 85' lang='lat' dir='ltr'>constabilimus.</span> 
     </span>
    </p>

    <p class='ocr_par' dir='ltr' id='par_1_18' title="bbox 1230 488 1921 531">
     <span class='ocr_line' id='line_1_54' title="bbox 1230 488 1921 531; baseline 0 -11"><span class='ocrx_word' id='word_1_256' title='bbox 1230 489 1244 530; x_wconf 61' lang='lat' dir='ltr'>g</span> <span class='ocrx_word' id='word_1_257' title='bbox 1269 488 1300 520; x_wconf 80' lang='grc'>1.</span> <span class='ocrx_word' id='word_1_258' title='bbox 1320 488 1395 520; x_wconf 89' lang='lat' dir='ltr'>Cum</span> <span class='ocrx_word' id='word_1_259' title='bbox 1413 488 1520 531; x_wconf 80' lang='lat' dir='ltr'>itaque</span> <span class='ocrx_word' id='word_1_260' title='bbox 1539 499 1598 521; x_wconf 88' lang='lat' dir='ltr'>nos</span> <span class='ocrx_word' id='word_1_261' title='bbox 1616 498 1732 531; x_wconf 88' lang='lat' dir='ltr'>nuper,</span> <span class='ocrx_word' id='word_1_262' title='bbox 1746 488 1784 520; x_wconf 91' lang='lat' dir='ltr'>ad</span> <span class='ocrx_word' id='word_1_263' title='bbox 1806 488 1921 521; x_wconf 84' lang='lat' dir='ltr'>uberes</span> 
     </span>
    </p>
   </div>
   <div class='ocr_carea' id='block_1_14' title="bbox 1932 533 2028 552">
    <p class='ocr_par' dir='ltr' id='par_1_19' title="bbox 1932 533 2028 552">
     <span class='ocr_line' id='line_1_55' title="bbox 1932 533 2028 552; baseline 0.01 -5"><span class='ocrx_word' id='word_1_264' title='bbox 1932 533 1968 547; x_wconf 53' lang='lat' dir='ltr'>nes</span> <span class='ocrx_word' id='word_1_265' title='bbox 1991 534 2028 552; x_wconf 72' lang='lat' dir='ltr'>pra</span> 
     </span>
    </p>
   </div>
   <div class='ocr_carea' id='block_1_15' title="bbox 1186 541 2095 584">
    <p class='ocr_par' dir='ltr' id='par_1_20' title="bbox 1186 541 2095 584">
     <span class='ocr_line' id='line_1_56' title="bbox 1186 541 2095 584; baseline 0.001 -11"><span class='ocrx_word' id='word_1_266' title='bbox 1186 551 1222 573; x_wconf 90' lang='lat' dir='ltr'>ac</span> <span class='ocrx_word' id='word_1_267' title='bbox 1256 542 1455 584; x_wconf 82' lang='lat' dir='ltr'>multiplices</span> <span class='ocrx_word' id='word_1_268' title='bbox 1487 541 1618 584; x_wconf 87' lang='lat' dir='ltr'>pietatis</span> <span class='ocrx_word' id='word_1_269' title='bbox 1655 546 1687 574; x_wconf 92' lang='lat' dir='ltr'>et</span> <span class='ocrx_word' id='word_1_270' title='bbox 1722 541 2030 583; x_wconf 50' lang='lat' dir='ltr'>cliristianae901.212·..0</span> <span class='ocrx_word' id='word_1_271' title='bbox 2064 562 2095 574; x_wconf 68' lang='grc'>1..</span> 
     </span>
    </p>
   </div>
   <div class='ocr_carea' id='block_1_16' title="bbox 1186 586 1988 636">
    <p class='ocr_par' dir='ltr' id='par_1_21' title="bbox 1186 586 1988 636">
     <span class='ocr_line' id='line_1_57' title="bbox 1186 586 1988 636; baseline 0.002 -12"><span class='ocrx_word' id='word_1_272' title='bbox 1186 593 1355 626; x_wconf 87' lang='lat' dir='ltr'>charitatis</span> <span class='ocrx_word' id='word_1_273' title='bbox 1380 594 1511 633; x_wconf 81' lang='lat' dir='ltr'>fructus,</span> <span class='ocrx_word' id='word_1_274' title='bbox 1533 603 1614 636; x_wconf 87' lang='lat' dir='ltr'>quos</span> <span class='ocrx_word' id='word_1_275' title='bbox 1632 593 1671 625; x_wconf 84' lang='lat' dir='ltr'>ad</span> <span class='ocrx_word' id='word_1_276' title='bbox 1689 592 1921 635; x_wconf 85' lang='lat' dir='ltr'>omnipotentis</span> <span class='ocrx_word' id='word_1_277' title='bbox 1933 586 1988 626; x_wconf 45' lang='lat' dir='ltr'>{ihi-2¹</span> 
     </span>
    </p>
   </div>
   <div class='ocr_carea' id='block_1_17' title="bbox 1932 617 2115 658">
    <p class='ocr_par' dir='ltr' id='par_1_22' title="bbox 1932 617 2115 658">
     <span class='ocr_line' id='line_1_58' title="bbox 2061 617 2115 626; baseline 0.019 -4"><span class='ocrx_word' id='word_1_278' title='bbox 2061 622 2064 626; x_wconf 29' lang='grc' dir='ltr'><strong>Δ</strong></span> <span class='ocrx_word' id='word_1_279' title='bbox 2092 617 2115 624; x_wconf 83' lang='grc'>..</span> 
     </span>
     <span class='ocr_line' id='line_1_59' title="bbox 1932 635 2114 658; baseline 0.011 -6"><span class='ocrx_word' id='word_1_280' title='bbox 1932 639 1957 652; x_wconf 84' lang='lat' dir='ltr'>ne</span> <span class='ocrx_word' id='word_1_281' title='bbox 1991 635 2114 658; x_wconf 60' lang='lat' dir='ltr'>partu-utari</span> 
     </span>
    </p>
   </div>
   <div class='ocr_carea' id='block_1_18' title="bbox 1186 645 2082 689">
    <p class='ocr_par' dir='ltr' id='par_1_23' title="bbox 1186 645 2082 689">
     <span class='ocr_line' id='line_1_60' title="bbox 1186 645 2082 689; baseline 0.004 -12"><span class='ocrx_word' id='word_1_282' title='bbox 1186 646 1239 678; x_wconf 87' lang='lat' dir='ltr'>Dei</span> <span class='ocrx_word' id='word_1_283' title='bbox 1258 646 1393 689; x_wconf 78' lang='lat' dir='ltr'>gloriam</span> <span class='ocrx_word' id='word_1_284' title='bbox 1413 657 1485 678; x_wconf 88' lang='lat' dir='ltr'>cum</span> <span class='ocrx_word' id='word_1_285' title='bbox 1506 646 1644 679; x_wconf 72' lang='lat' dir='ltr'>maxima</span> <span class='ocrx_word' id='word_1_286' title='bbox 1660 645 1921 678; x_wconf 77' lang='lat' dir='ltr'>christifidelium</span> <span class='ocrx_word' id='word_1_287' title='bbox 1932 660 2082 685; x_wconf 49' lang='lat' dir='ltr'>primorum.</span> 
     </span>
    </p>
   </div>
   <div class='ocr_carea' id='block_1_19' title="bbox 1178 697 1922 1594">
    <p class='ocr_par' dir='ltr' id='par_1_24' title="bbox 1178 697 1922 1594">
     <span class='ocr_line' id='line_1_61' title="bbox 1186 697 1922 732; baseline -0.001 -1"><span class='ocrx_word' id='word_1_288' title='bbox 1186 699 1286 732; x_wconf 83' lang='lat' dir='ltr'>dictae</span> <span class='ocrx_word' id='word_1_289' title='bbox 1312 699 1406 732; x_wconf 87' lang='lat' dir='ltr'>Urbis</span> <span class='ocrx_word' id='word_1_290' title='bbox 1438 699 1662 732; x_wconf 76' lang='lat' dir='ltr'>aedificatione</span> <span class='ocrx_word' id='word_1_291' title='bbox 1699 697 1922 731; x_wconf 83' lang='lat' dir='ltr'>archicousra-</span> 
     </span>
     <span class='ocr_line' id='line_1_62' title="bbox 1185 752 1921 787; baseline 0.005 -3"><span class='ocrx_word' id='word_1_292' title='bbox 1185 752 1318 785; x_wconf 88' lang='lat' dir='ltr'>ternitas</span> <span class='ocrx_word' id='word_1_293' title='bbox 1344 752 1402 785; x_wconf 90' lang='lat' dir='ltr'>sub</span> <span class='ocrx_word' id='word_1_294' title='bbox 1424 752 1516 785; x_wconf 90' lang='lat' dir='ltr'>titulo</span> <span class='ocrx_word' id='word_1_295' title='bbox 1543 762 1599 784; x_wconf 90' lang='lat' dir='ltr'>seu</span> <span class='ocrx_word' id='word_1_296' title='bbox 1624 754 1828 787; x_wconf 87' lang='lat' dir='ltr'>invocatione</span> <span class='ocrx_word' id='word_1_297' title='bbox 1853 765 1921 787; x_wconf 86' lang='lat' dir='ltr'>san-</span> 
     </span>
     <span class='ocr_line' id='line_1_63' title="bbox 1184 805 1920 849; baseline 0.005 -12"><span class='ocrx_word' id='word_1_298' title='bbox 1184 805 1224 837; x_wconf 90' lang='lat' dir='ltr'>cti</span> <span class='ocrx_word' id='word_1_299' title='bbox 1251 805 1437 849; x_wconf 74' lang='lat' dir='ltr'>Hieronymi</span> <span class='ocrx_word' id='word_1_300' title='bbox 1462 805 1636 839; x_wconf 82' lang='lat' dir='ltr'>Charitatis</span> <span class='ocrx_word' id='word_1_301' title='bbox 1654 807 1685 839; x_wconf 91' lang='lat' dir='ltr'>in</span> <span class='ocrx_word' id='word_1_302' title='bbox 1704 809 1816 841; x_wconf 74' lang='lat' dir='ltr'>eadem</span> <span class='ocrx_word' id='word_1_303' title='bbox 1834 808 1920 842; x_wconf 85' lang='lat' dir='ltr'>Urbe</span> 
     </span>
     <span class='ocr_line' id='line_1_64' title="bbox 1184 858 1921 902; baseline 0.004 -12"><span class='ocrx_word' id='word_1_304' title='bbox 1184 858 1351 897; x_wconf 86' lang='lat' dir='ltr'>canonice,</span> <span class='ocrx_word' id='word_1_305' title='bbox 1376 863 1411 890; x_wconf 89' lang='lat' dir='ltr'>ut</span> <span class='ocrx_word' id='word_1_306' title='bbox 1434 859 1630 902; x_wconf 85' lang='lat' dir='ltr'>accepimus,</span> <span class='ocrx_word' id='word_1_307' title='bbox 1651 865 1759 893; x_wconf 87' lang='lat' dir='ltr'>erecta</span> <span class='ocrx_word' id='word_1_308' title='bbox 1777 871 1812 893; x_wconf 86' lang='lat' dir='ltr'>ac</span> <span class='ocrx_word' id='word_1_309' title='bbox 1830 861 1921 893; x_wconf 77' lang='lat' dir='ltr'>insti-</span> 
     </span>
     <span class='ocr_line' id='line_1_65' title="bbox 1185 912 1919 957; baseline 0.005 -14"><span class='ocrx_word' id='word_1_310' title='bbox 1185 917 1259 951; x_wconf 86' lang='lat' dir='ltr'>tuta,</span> <span class='ocrx_word' id='word_1_311' title='bbox 1275 912 1446 944; x_wconf 87' lang='lat' dir='ltr'>adiuvante</span> <span class='ocrx_word' id='word_1_312' title='bbox 1462 917 1493 944; x_wconf 90' lang='lat' dir='ltr'>et</span> <span class='ocrx_word' id='word_1_313' title='bbox 1506 912 1740 946; x_wconf 84' lang='lat' dir='ltr'>incrementum</span> <span class='ocrx_word' id='word_1_314' title='bbox 1761 915 1919 957; x_wconf 79' lang='lat' dir='ltr'>largiente</span> 
     </span>
     <span class='ocr_line' id='line_1_66' title="bbox 1183 964 1918 1008; baseline 0.005 -12"><span class='ocrx_word' id='word_1_315' title='bbox 1183 964 1328 1004; x_wconf 88' lang='lat' dir='ltr'>Domino,</span> <span class='ocrx_word' id='word_1_316' title='bbox 1353 964 1562 998; x_wconf 84' lang='lat' dir='ltr'>laudabiliter</span> <span class='ocrx_word' id='word_1_317' title='bbox 1585 966 1735 1008; x_wconf 81' lang='lat' dir='ltr'>proferre</span> <span class='ocrx_word' id='word_1_318' title='bbox 1762 967 1918 1000; x_wconf 89' lang='lat' dir='ltr'>hactenus</span> 
     </span>
     <span class='ocr_line' id='line_1_67' title="bbox 1182 1017 1918 1061; baseline 0.005 -13"><span class='ocrx_word' id='word_1_319' title='bbox 1182 1017 1306 1049; x_wconf 86' lang='lat' dir='ltr'>studuit</span> <span class='ocrx_word' id='word_1_320' title='bbox 1330 1022 1361 1049; x_wconf 88' lang='lat' dir='ltr'>et</span> <span class='ocrx_word' id='word_1_321' title='bbox 1386 1017 1493 1050; x_wconf 88' lang='lat' dir='ltr'>adhuc</span> <span class='ocrx_word' id='word_1_322' title='bbox 1529 1018 1568 1051; x_wconf 94' lang='lat' dir='ltr'>de</span> <span class='ocrx_word' id='word_1_323' title='bbox 1602 1019 1766 1061; x_wconf 87' lang='lat' dir='ltr'>praesenti</span> <span class='ocrx_word' id='word_1_324' title='bbox 1800 1020 1918 1061; x_wconf 83' lang='lat' dir='ltr'>studet,</span> 
     </span>
     <span class='ocr_line' id='line_1_68' title="bbox 1181 1070 1920 1113; baseline 0.005 -12"><span class='ocrx_word' id='word_1_325' title='bbox 1181 1074 1337 1112; x_wconf 85' lang='lat' dir='ltr'>paternae</span> <span class='ocrx_word' id='word_1_326' title='bbox 1369 1070 1550 1113; x_wconf 81' lang='lat' dir='ltr'>dirigentes</span> <span class='ocrx_word' id='word_1_327' title='bbox 1576 1071 1847 1105; x_wconf 84' lang='lat' dir='ltr'>considerationis</span> <span class='ocrx_word' id='word_1_328' title='bbox 1871 1072 1920 1105; x_wconf 91' lang='lat' dir='ltr'>in-</span> 
     </span>
     <span class='ocr_line' id='line_1_69' title="bbox 1183 1123 1920 1166; baseline 0.005 -12"><span class='ocrx_word' id='word_1_329' title='bbox 1183 1123 1307 1163; x_wconf 89' lang='lat' dir='ltr'>tuitum,</span> <span class='ocrx_word' id='word_1_330' title='bbox 1328 1134 1387 1166; x_wconf 91' lang='lat' dir='ltr'>pro</span> <span class='ocrx_word' id='word_1_331' title='bbox 1406 1123 1543 1156; x_wconf 77' lang='lat' dir='ltr'>feliciori</span> <span class='ocrx_word' id='word_1_332' title='bbox 1565 1123 1596 1156; x_wconf 90' lang='lat' dir='ltr'>in</span> <span class='ocrx_word' id='word_1_333' title='bbox 1617 1124 1686 1158; x_wconf 86' lang='lat' dir='ltr'>dies</span> <span class='ocrx_word' id='word_1_334' title='bbox 1704 1125 1846 1158; x_wconf 87' lang='lat' dir='ltr'>eiusdem</span> <span class='ocrx_word' id='word_1_335' title='bbox 1872 1136 1920 1159; x_wconf 90' lang='lat' dir='ltr'>ar-</span> 
     </span>
     <span class='ocr_line' id='line_1_70' title="bbox 1180 1175 1919 1221; baseline 0.005 -13"><span class='ocrx_word' id='word_1_336' title='bbox 1180 1175 1512 1209; x_wconf 81' lang='lat' dir='ltr'>cliieonfraternitatis</span> <span class='ocrx_word' id='word_1_337' title='bbox 1528 1177 1686 1219; x_wconf 77' lang='lat' dir='ltr'>gubernio</span> <span class='ocrx_word' id='word_1_338' title='bbox 1700 1183 1730 1211; x_wconf 88' lang='lat' dir='ltr'>et</span> <span class='ocrx_word' id='word_1_339' title='bbox 1743 1189 1919 1221; x_wconf 85' lang='lat' dir='ltr'>progressu</span> 
     </span>
     <span class='ocr_line' id='line_1_71' title="bbox 1179 1229 1920 1273; baseline 0.007 -13"><span class='ocrx_word' id='word_1_340' title='bbox 1179 1239 1259 1262; x_wconf 88' lang='lat' dir='ltr'>nova</span> <span class='ocrx_word' id='word_1_341' title='bbox 1285 1229 1443 1272; x_wconf 86' lang='lat' dir='ltr'>quaedam</span> <span class='ocrx_word' id='word_1_342' title='bbox 1469 1234 1585 1262; x_wconf 89' lang='lat' dir='ltr'>statuta</span> <span class='ocrx_word' id='word_1_343' title='bbox 1603 1240 1662 1273; x_wconf 89' lang='lat' dir='ltr'>per</span> <span class='ocrx_word' id='word_1_344' title='bbox 1678 1233 1854 1265; x_wconf 86' lang='lat' dir='ltr'>nonnullos</span> <span class='ocrx_word' id='word_1_345' title='bbox 1872 1232 1920 1265; x_wconf 90' lang='lat' dir='ltr'>di-</span> 
     </span>
     <span class='ocr_line' id='line_1_72' title="bbox 1179 1281 1915 1327; baseline 0.003 -12"><span class='ocrx_word' id='word_1_346' title='bbox 1179 1283 1282 1315; x_wconf 90' lang='lat' dir='ltr'>lectos</span> <span class='ocrx_word' id='word_1_347' title='bbox 1307 1281 1392 1315; x_wconf 86' lang='lat' dir='ltr'>filios</span> <span class='ocrx_word' id='word_1_348' title='bbox 1418 1282 1582 1315; x_wconf 85' lang='lat' dir='ltr'>Romanae</span> <span class='ocrx_word' id='word_1_349' title='bbox 1606 1282 1719 1316; x_wconf 87' lang='lat' dir='ltr'>Curiae</span> <span class='ocrx_word' id='word_1_350' title='bbox 1740 1285 1915 1327; x_wconf 87' lang='lat' dir='ltr'>praelatos,</span> 
     </span>
     <span class='ocr_line' id='line_1_73' title="bbox 1180 1336 1918 1381; baseline 0.005 -14"><span class='ocrx_word' id='word_1_351' title='bbox 1180 1336 1312 1378; x_wconf 86' lang='lat' dir='ltr'>pietate,</span> <span class='ocrx_word' id='word_1_352' title='bbox 1344 1336 1519 1378; x_wconf 75' lang='lat' dir='ltr'>prudentia</span> <span class='ocrx_word' id='word_1_353' title='bbox 1546 1346 1582 1369; x_wconf 86' lang='lat' dir='ltr'>ac</span> <span class='ocrx_word' id='word_1_354' title='bbox 1606 1347 1716 1369; x_wconf 88' lang='lat' dir='ltr'>rerum</span> <span class='ocrx_word' id='word_1_355' title='bbox 1740 1347 1798 1369; x_wconf 88' lang='lat' dir='ltr'>usu</span> <span class='ocrx_word' id='word_1_356' title='bbox 1823 1349 1918 1381; x_wconf 86' lang='lat' dir='ltr'>prae-</span> 
     </span>
     <span class='ocr_line' id='line_1_74' title="bbox 1180 1389 1916 1434; baseline 0.004 -13"><span class='ocrx_word' id='word_1_357' title='bbox 1180 1389 1275 1428; x_wconf 86' lang='lat' dir='ltr'>ditos,</span> <span class='ocrx_word' id='word_1_358' title='bbox 1292 1389 1408 1431; x_wconf 83' lang='lat' dir='ltr'>partim</span> <span class='ocrx_word' id='word_1_359' title='bbox 1428 1399 1463 1421; x_wconf 77' lang='lat' dir='ltr'>ex</span> <span class='ocrx_word' id='word_1_360' title='bbox 1482 1389 1625 1432; x_wconf 88' lang='lat' dir='ltr'>antiquis</span> <span class='ocrx_word' id='word_1_361' title='bbox 1643 1391 1751 1433; x_wconf 85' lang='lat' dir='ltr'>colligi</span> <span class='ocrx_word' id='word_1_362' title='bbox 1761 1390 1779 1430; x_wconf 79' lang='lat'>¹,</span> <span class='ocrx_word' id='word_1_363' title='bbox 1798 1391 1916 1434; x_wconf 89' lang='lat' dir='ltr'>partim</span> 
     </span>
     <span class='ocr_line' id='line_1_75' title="bbox 1178 1442 1915 1487; baseline 0.005 -13"><span class='ocrx_word' id='word_1_364' title='bbox 1178 1452 1253 1475; x_wconf 80' lang='lat' dir='ltr'>vero</span> <span class='ocrx_word' id='word_1_365' title='bbox 1279 1442 1318 1474; x_wconf 90' lang='lat' dir='ltr'>de</span> <span class='ocrx_word' id='word_1_366' title='bbox 1343 1452 1427 1474; x_wconf 88' lang='lat' dir='ltr'>novo</span> <span class='ocrx_word' id='word_1_367' title='bbox 1457 1442 1571 1475; x_wconf 82' lang='lat' dir='ltr'>confici</span> <span class='ocrx_word' id='word_1_368' title='bbox 1597 1443 1779 1476; x_wconf 89' lang='lat' dir='ltr'>curavimus</span> <span class='ocrx_word' id='word_1_369' title='bbox 1791 1442 1810 1482; x_wconf 74' lang='lat'>⁹,</span> <span class='ocrx_word' id='word_1_370' title='bbox 1833 1455 1915 1487; x_wconf 83' lang='lat' dir='ltr'>quae</span> 
     </span>
     <span class='ocr_line' id='line_1_76' title="bbox 1178 1496 1915 1531; baseline 0.004 -3"><span class='ocrx_word' id='word_1_371' title='bbox 1178 1496 1210 1528; x_wconf 87' lang='lat' dir='ltr'>in</span> <span class='ocrx_word' id='word_1_372' title='bbox 1235 1506 1334 1527; x_wconf 90' lang='lat' dir='ltr'>unum</span> <span class='ocrx_word' id='word_1_373' title='bbox 1355 1497 1506 1528; x_wconf 88' lang='lat' dir='ltr'>volumen</span> <span class='ocrx_word' id='word_1_374' title='bbox 1531 1496 1663 1529; x_wconf 86' lang='lat' dir='ltr'>redacta</span> <span class='ocrx_word' id='word_1_375' title='bbox 1688 1502 1764 1529; x_wconf 89' lang='lat' dir='ltr'>sunt</span> <span class='ocrx_word' id='word_1_376' title='bbox 1791 1498 1915 1531; x_wconf 89' lang='lat' dir='ltr'>tenoris</span> 
     </span>
     <span class='ocr_line' id='line_1_77' title="bbox 1178 1548 1615 1594; baseline 0.002 -14"><span class='ocrx_word' id='word_1_377' title='bbox 1178 1548 1231 1594; x_wconf 73' lang='lat' dir='ltr'>qui</span> <span class='ocrx_word' id='word_1_378' title='bbox 1257 1548 1416 1591; x_wconf 80' lang='lat' dir='ltr'>sequitur,</span> <span class='ocrx_word' id='word_1_379' title='bbox 1442 1548 1615 1581; x_wconf 79' lang='lat' dir='ltr'>videlicet:</span> 
     </span>
    </p>
   </div>
   <div class='ocr_carea' id='block_1_20' title="bbox 1177 1623 1915 1761">
    <p class='ocr_par' dir='ltr' id='par_1_25' title="bbox 1177 1623 1915 1761">
     <span class='ocr_line' id='line_1_78' title="bbox 1177 1623 1915 1664; baseline 0.004 -11"><span class='ocrx_word' id='word_1_380' title='bbox 1177 1623 1244 1654; x_wconf 71' lang='lat' dir='ltr'>CAP.</span> <span class='ocrx_word' id='word_1_381' title='bbox 1266 1624 1288 1654; x_wconf 91' lang='lat' dir='ltr'>l.</span> <span class='ocrx_word' id='word_1_382' title='bbox 1306 1641 1344 1646; x_wconf 94' lang='lat'><strong>—</strong></span> <span class='ocrx_word' id='word_1_383' title='bbox 1359 1624 1503 1663; x_wconf 75' lang='lat' dir='ltr'>Principio</span> <span class='ocrx_word' id='word_1_384' title='bbox 1524 1634 1538 1654; x_wconf 81' lang='lat' dir='ltr'>e</span> <span class='ocrx_word' id='word_1_385' title='bbox 1556 1625 1696 1664; x_wconf 68' lang='lat' dir='ltr'>progressi</span> <span class='ocrx_word' id='word_1_386' title='bbox 1717 1625 1788 1655; x_wconf 76' lang='lat' dir='ltr'>della</span> <span class='ocrx_word' id='word_1_387' title='bbox 1803 1636 1915 1656; x_wconf 76' lang='lat' dir='ltr'>venera-</span> 
     </span>
     <span class='ocr_line' id='line_1_79' title="bbox 1217 1672 1913 1712; baseline 0.004 -11"><span class='ocrx_word' id='word_1_388' title='bbox 1217 1672 1269 1702; x_wconf 71' lang='lat' dir='ltr'>hile</span> <span class='ocrx_word' id='word_1_389' title='bbox 1286 1673 1544 1712; x_wconf 65' lang='lat' dir='ltr'>a7*cit‘011f1·‹1te1&#39;11ila</span> <span class='ocrx_word' id='word_1_390' title='bbox 1566 1673 1638 1703; x_wconf 79' lang='lat' dir='ltr'>della</span> <span class='ocrx_word' id='word_1_391' title='bbox 1662 1673 1757 1704; x_wconf 76' lang='lat' dir='ltr'>Caritd</span> <span class='ocrx_word' id='word_1_392' title='bbox 1779 1674 1806 1704; x_wconf 70' lang='lat' dir='ltr'>dt</span> <span class='ocrx_word' id='word_1_393' title='bbox 1828 1674 1913 1705; x_wconf 84' lang='lat' dir='ltr'>Roma</span> 
     </span>
     <span class='ocr_line' id='line_1_80' title="bbox 1216 1721 1574 1761; baseline 0.008 -13"><span class='ocrx_word' id='word_1_394' title='bbox 1216 1722 1275 1750; x_wconf 68' lang='lat' dir='ltr'>sino</span> <span class='ocrx_word' id='word_1_395' title='bbox 1290 1721 1317 1750; x_wconf 83' lang='lat' dir='ltr'>al</span> <span class='ocrx_word' id='word_1_396' title='bbox 1333 1725 1418 1760; x_wconf 72' lang='lat' dir='ltr'>tertzpo</span> <span class='ocrx_word' id='word_1_397' title='bbox 1437 1726 1574 1761; x_wconf 68' lang='lat' dir='ltr'>presente.</span> 
     </span>
    </p>
   </div>
   <div class='ocr_carea' id='block_1_21' title="bbox 1172 1783 1915 2548">
    <p class='ocr_par' dir='ltr' id='par_1_26' title="bbox 1172 1783 1915 2548">
     <span class='ocr_line' id='line_1_81' title="bbox 1216 1783 1914 1825; baseline 0.006 -13"><span class='ocrx_word' id='word_1_398' title='bbox 1216 1783 1293 1813; x_wconf 81' lang='lat' dir='ltr'>Ebbe</span> <span class='ocrx_word' id='word_1_399' title='bbox 1310 1784 1403 1823; x_wconf 68' lang='lat' dir='ltr'>quest*</span> <span class='ocrx_word' id='word_1_400' title='bbox 1415 1783 1706 1814; x_wconf 82' lang='lat' dir='ltr'>archiconsraternita</span> <span class='ocrx_word' id='word_1_401' title='bbox 1725 1785 1745 1815; x_wconf 92' lang='lat' dir='ltr'>il</span> <span class='ocrx_word' id='word_1_402' title='bbox 1768 1795 1820 1815; x_wconf 87' lang='lat' dir='ltr'>suo</span> <span class='ocrx_word' id='word_1_403' title='bbox 1837 1786 1914 1825; x_wconf 84' lang='lat' dir='ltr'>prin-</span> 
     </span>
     <span class='ocr_line' id='line_1_82' title="bbox 1175 1832 1914 1873; baseline 0.005 -12"><span class='ocrx_word' id='word_1_404' title='bbox 1175 1832 1250 1871; x_wconf 86' lang='lat' dir='ltr'>cipio</span> <span class='ocrx_word' id='word_1_405' title='bbox 1282 1832 1357 1861; x_wconf 80' lang='lat' dir='ltr'>dalla</span> <span class='ocrx_word' id='word_1_406' title='bbox 1389 1837 1471 1862; x_wconf 85' lang='lat' dir='ltr'>santa</span> <span class='ocrx_word' id='word_1_407' title='bbox 1499 1833 1638 1863; x_wconf 85' lang='lat' dir='ltr'>memoria</span> <span class='ocrx_word' id='word_1_408' title='bbox 1660 1833 1688 1863; x_wconf 93' lang='lat' dir='ltr'>di</span> <span class='ocrx_word' id='word_1_409' title='bbox 1711 1833 1804 1864; x_wconf 86' lang='lat' dir='ltr'>Leone</span> <span class='ocrx_word' id='word_1_410' title='bbox 1826 1835 1860 1873; x_wconf 83' lang='lat' dir='ltr'>X,</span> <span class='ocrx_word' id='word_1_411' title='bbox 1887 1835 1914 1865; x_wconf 78' lang='lat' dir='ltr'>al</span> 
     </span>
     <span class='ocr_line' id='line_1_83' title="bbox 1174 1881 1913 1920; baseline 0.004 -10"><span class='ocrx_word' id='word_1_412' title='bbox 1174 1881 1221 1911; x_wconf 88' lang='lat' dir='ltr'>cui</span> <span class='ocrx_word' id='word_1_413' title='bbox 1244 1885 1341 1920; x_wconf 84' lang='lat' dir='ltr'>tempo</span> <span class='ocrx_word' id='word_1_414' title='bbox 1374 1881 1471 1911; x_wconf 89' lang='lat' dir='ltr'>alcuni</span> <span class='ocrx_word' id='word_1_415' title='bbox 1504 1881 1607 1911; x_wconf 89' lang='lat' dir='ltr'>curiali</span> <span class='ocrx_word' id='word_1_416' title='bbox 1629 1882 1664 1912; x_wconf 83' lang='lat' dir='ltr'>ed</span> <span class='ocrx_word' id='word_1_417' title='bbox 1687 1882 1805 1913; x_wconf 77' lang='lat' dir='ltr'>officiali</span> <span class='ocrx_word' id='word_1_418' title='bbox 1838 1883 1913 1914; x_wconf 88' lang='lat' dir='ltr'>della</span> 
     </span>
     <span class='ocr_line' id='line_1_84' title="bbox 1175 1930 1915 1970; baseline 0.003 -10"><span class='ocrx_word' id='word_1_419' title='bbox 1175 1930 1257 1960; x_wconf 85' lang='lat' dir='ltr'>Corte</span> <span class='ocrx_word' id='word_1_420' title='bbox 1279 1930 1306 1960; x_wconf 86' lang='lat' dir='ltr'>di</span> <span class='ocrx_word' id='word_1_421' title='bbox 1322 1931 1423 1967; x_wconf 83' lang='lat' dir='ltr'>Roma,</span> <span class='ocrx_word' id='word_1_422' title='bbox 1449 1931 1502 1960; x_wconf 88' lang='lat' dir='ltr'>che</span> <span class='ocrx_word' id='word_1_423' title='bbox 1525 1931 1758 1970; x_wconf 81' lang='lat' dir='ltr'>s&#39;impiegavano</span> <span class='ocrx_word' id='word_1_424' title='bbox 1788 1932 1817 1962; x_wconf 89' lang='lat' dir='ltr'>in</span> <span class='ocrx_word' id='word_1_425' title='bbox 1851 1942 1915 1962; x_wconf 84' lang='lat' dir='ltr'>sov-</span> 
     </span>
     <span class='ocr_line' id='line_1_85' title="bbox 1174 1979 1912 2018; baseline 0.004 -11"><span class='ocrx_word' id='word_1_426' title='bbox 1174 1979 1273 2008; x_wconf 80' lang='lat' dir='ltr'>venIre</span> <span class='ocrx_word' id='word_1_427' title='bbox 1308 1979 1316 2008; x_wconf 93' lang='lat' dir='ltr'>i</span> <span class='ocrx_word' id='word_1_428' title='bbox 1349 1979 1448 2018; x_wconf 89' lang='lat' dir='ltr'>poveri</span> <span class='ocrx_word' id='word_1_429' title='bbox 1481 1979 1653 2017; x_wconf 84' lang='lat' dir='ltr'>vergognosi</span> <span class='ocrx_word' id='word_1_430' title='bbox 1682 1980 1711 2009; x_wconf 92' lang='lat' dir='ltr'>di</span> <span class='ocrx_word' id='word_1_431' title='bbox 1733 1980 1822 2010; x_wconf 85' lang='lat' dir='ltr'>Roma</span> <span class='ocrx_word' id='word_1_432' title='bbox 1847 1981 1880 2010; x_wconf 81' lang='lat' dir='ltr'>ed</span> <span class='ocrx_word' id='word_1_433' title='bbox 1904 1981 1912 2011; x_wconf 92' lang='lat' dir='ltr'>i</span> 
     </span>
     <span class='ocr_line' id='line_1_86' title="bbox 1174 2027 1912 2064; baseline 0.001 -7"><span class='ocrx_word' id='word_1_434' title='bbox 1174 2027 1326 2064; x_wconf 80' lang='lat' dir='ltr'>carcerati,</span> <span class='ocrx_word' id='word_1_435' title='bbox 1360 2027 1478 2056; x_wconf 86' lang='lat' dir='ltr'>animati</span> <span class='ocrx_word' id='word_1_436' title='bbox 1502 2027 1576 2057; x_wconf 83' lang='lat' dir='ltr'>dalla</span> <span class='ocrx_word' id='word_1_437' title='bbox 1599 2028 1682 2057; x_wconf 87' lang='lat' dir='ltr'>selice</span> <span class='ocrx_word' id='word_1_438' title='bbox 1705 2029 1844 2058; x_wconf 84' lang='lat' dir='ltr'>memoria</span> <span class='ocrx_word' id='word_1_439' title='bbox 1867 2029 1912 2059; x_wconf 90' lang='lat' dir='ltr'>del</span> 
     </span>
     <span class='ocr_line' id='line_1_87' title="bbox 1174 2075 1913 2112; baseline 0.003 -8"><span class='ocrx_word' id='word_1_440' title='bbox 1174 2076 1320 2105; x_wconf 79' lang='lat' dir='ltr'>cardinale</span> <span class='ocrx_word' id='word_1_441' title='bbox 1342 2075 1438 2105; x_wconf 84' lang='lat' dir='ltr'>Giulio</span> <span class='ocrx_word' id='word_1_442' title='bbox 1459 2076 1504 2105; x_wconf 87' lang='lat' dir='ltr'>de’</span> <span class='ocrx_word' id='word_1_443' title='bbox 1522 2076 1636 2112; x_wconf 82' lang='lat' dir='ltr'>Medici,</span> <span class='ocrx_word' id='word_1_444' title='bbox 1653 2077 1743 2106; x_wconf 88' lang='lat' dir='ltr'>allora</span> <span class='ocrx_word' id='word_1_445' title='bbox 1768 2078 1913 2107; x_wconf 80' lang='lat' dir='ltr'>vice-can-</span> 
     </span>
     <span class='ocr_line' id='line_1_88' title="bbox 1174 2124 1913 2163; baseline 0.003 -10"><span class='ocrx_word' id='word_1_446' title='bbox 1174 2124 1291 2153; x_wconf 88' lang='lat' dir='ltr'>celliere</span> <span class='ocrx_word' id='word_1_447' title='bbox 1310 2124 1338 2153; x_wconf 92' lang='lat' dir='ltr'>di</span> <span class='ocrx_word' id='word_1_448' title='bbox 1361 2128 1443 2153; x_wconf 85' lang='lat' dir='ltr'>santa</span> <span class='ocrx_word' id='word_1_449' title='bbox 1466 2124 1582 2160; x_wconf 84' lang='lat' dir='ltr'>Chiesa‚</span> <span class='ocrx_word' id='word_1_450' title='bbox 1606 2124 1659 2154; x_wconf 89' lang='lat' dir='ltr'>che</span> <span class='ocrx_word' id='word_1_451' title='bbox 1681 2124 1712 2154; x_wconf 88' lang='lat' dir='ltr'>su</span> <span class='ocrx_word' id='word_1_452' title='bbox 1742 2125 1787 2163; x_wconf 87' lang='lat' dir='ltr'>poi</span> <span class='ocrx_word' id='word_1_453' title='bbox 1816 2125 1913 2155; x_wconf 87' lang='lat' dir='ltr'>inual-</span> 
     </span>
     <span class='ocr_line' id='line_1_89' title="bbox 1173 2172 1911 2211; baseline 0.004 -10"><span class='ocrx_word' id='word_1_454' title='bbox 1173 2173 1235 2202; x_wconf 79' lang='lat' dir='ltr'>zato</span> <span class='ocrx_word' id='word_1_455' title='bbox 1268 2173 1294 2201; x_wconf 90' lang='lat' dir='ltr'>al</span> <span class='ocrx_word' id='word_1_456' title='bbox 1326 2177 1408 2202; x_wconf 84' lang='lat' dir='ltr'>trono</span> <span class='ocrx_word' id='word_1_457' title='bbox 1442 2172 1591 2211; x_wconf 84' lang='lat' dir='ltr'>pontificio</span> <span class='ocrx_word' id='word_1_458' title='bbox 1624 2176 1698 2202; x_wconf 89' lang='lat' dir='ltr'>sotto</span> <span class='ocrx_word' id='word_1_459' title='bbox 1720 2173 1741 2202; x_wconf 93' lang='lat' dir='ltr'>il</span> <span class='ocrx_word' id='word_1_460' title='bbox 1763 2183 1849 2203; x_wconf 86' lang='lat' dir='ltr'>nome</span> <span class='ocrx_word' id='word_1_461' title='bbox 1882 2175 1911 2204; x_wconf 88' lang='lat' dir='ltr'>di</span> 
     </span>
     <span class='ocr_line' id='line_1_90' title="bbox 1174 2220 1912 2256; baseline 0.004 -7"><span class='ocrx_word' id='word_1_462' title='bbox 1174 2221 1324 2250; x_wconf 83' lang='lat' dir='ltr'>Clemente</span> <span class='ocrx_word' id='word_1_463' title='bbox 1341 2220 1399 2256; x_wconf 82' lang='lat' dir='ltr'>VH,</span> <span class='ocrx_word' id='word_1_464' title='bbox 1418 2220 1441 2250; x_wconf 82' lang='lat' dir='ltr'>si</span> <span class='ocrx_word' id='word_1_465' title='bbox 1457 2221 1579 2250; x_wconf 87' lang='lat' dir='ltr'>unirono</span> <span class='ocrx_word' id='word_1_466' title='bbox 1602 2221 1665 2251; x_wconf 86' lang='lat' dir='ltr'>sino</span> <span class='ocrx_word' id='word_1_467' title='bbox 1688 2221 1714 2251; x_wconf 83' lang='lat' dir='ltr'>al</span> <span class='ocrx_word' id='word_1_468' title='bbox 1739 2231 1861 2252; x_wconf 89' lang='lat' dir='ltr'>numero</span> <span class='ocrx_word' id='word_1_469' title='bbox 1882 2222 1912 2252; x_wconf 93' lang='lat' dir='ltr'>di</span> 
     </span>
     <span class='ocr_line' id='line_1_91' title="bbox 1173 2269 1911 2309; baseline 0.001 -10"><span class='ocrx_word' id='word_1_470' title='bbox 1173 2273 1282 2299; x_wconf 85' lang='lat' dir='ltr'>ottauta</span> <span class='ocrx_word' id='word_1_471' title='bbox 1315 2278 1330 2299; x_wconf 85' lang='lat' dir='ltr'>e</span> <span class='ocrx_word' id='word_1_472' title='bbox 1363 2269 1411 2309; x_wconf 76' lang='lat' dir='ltr'>piu</span> <span class='ocrx_word' id='word_1_473' title='bbox 1444 2269 1619 2306; x_wconf 84' lang='lat' dir='ltr'>cousralelli,</span> <span class='ocrx_word' id='word_1_474' title='bbox 1653 2270 1790 2309; x_wconf 84' lang='lat' dir='ltr'>de’quali</span> <span class='ocrx_word' id='word_1_475' title='bbox 1818 2272 1911 2303; x_wconf 85' lang='lat' dir='ltr'>taluni</span> 
     </span>
     <span class='ocr_line' id='line_1_92' title="bbox 1173 2317 1911 2356; baseline 0.004 -9"><span class='ocrx_word' id='word_1_476' title='bbox 1173 2327 1261 2347; x_wconf 87' lang='lat' dir='ltr'>erano</span> <span class='ocrx_word' id='word_1_477' title='bbox 1279 2317 1403 2355; x_wconf 72' lang='lat' dir='ltr'>vescovi,</span> <span class='ocrx_word' id='word_1_478' title='bbox 1421 2321 1449 2347; x_wconf 80' lang='lat' dir='ltr'>et</span> <span class='ocrx_word' id='word_1_479' title='bbox 1464 2317 1532 2347; x_wconf 83' lang='lat' dir='ltr'>altri</span> <span class='ocrx_word' id='word_1_480' title='bbox 1548 2317 1663 2356; x_wconf 86' lang='lat' dir='ltr'>prelati,</span> <span class='ocrx_word' id='word_1_481' title='bbox 1680 2318 1777 2348; x_wconf 88' lang='lat' dir='ltr'>alcuni</span> <span class='ocrx_word' id='word_1_482' title='bbox 1792 2319 1911 2350; x_wconf 84' lang='lat' dir='ltr'>officiali</span> 
     </span>
     <span class='ocr_line' id='line_1_93' title="bbox 1173 2367 1910 2408; baseline 0.004 -12"><span class='ocrx_word' id='word_1_483' title='bbox 1173 2367 1246 2397; x_wconf 85' lang='lat' dir='ltr'>della</span> <span class='ocrx_word' id='word_1_484' title='bbox 1275 2367 1358 2397; x_wconf 87' lang='lat' dir='ltr'>Corte</span> <span class='ocrx_word' id='word_1_485' title='bbox 1380 2367 1528 2405; x_wconf 86' lang='lat' dir='ltr'>Romana,</span> <span class='ocrx_word' id='word_1_486' title='bbox 1553 2371 1581 2396; x_wconf 90' lang='lat' dir='ltr'>et</span> <span class='ocrx_word' id='word_1_487' title='bbox 1605 2367 1672 2397; x_wconf 88' lang='lat' dir='ltr'>altri</span> <span class='ocrx_word' id='word_1_488' title='bbox 1692 2368 1816 2408; x_wconf 67' lang='lat' dir='ltr'>curiali3</span> <span class='ocrx_word' id='word_1_489' title='bbox 1838 2369 1872 2399; x_wconf 86' lang='lat' dir='ltr'>ed</span> <span class='ocrx_word' id='word_1_490' title='bbox 1895 2379 1910 2399; x_wconf 90' lang='lat' dir='ltr'>a</span> 
     </span>
     <span class='ocr_line' id='line_1_94' title="bbox 1173 2415 1910 2457; baseline 0.004 -12"><span class='ocrx_word' id='word_1_491' title='bbox 1173 2424 1256 2455; x_wconf 81' lang='lat' dir='ltr'>spese</span> <span class='ocrx_word' id='word_1_492' title='bbox 1273 2415 1400 2455; x_wconf 85' lang='lat' dir='ltr'>proprie,</span> <span class='ocrx_word' id='word_1_493' title='bbox 1419 2425 1433 2445; x_wconf 89' lang='lat' dir='ltr'>e</span> <span class='ocrx_word' id='word_1_494' title='bbox 1452 2425 1504 2445; x_wconf 88' lang='lat' dir='ltr'>con</span> <span class='ocrx_word' id='word_1_495' title='bbox 1525 2415 1619 2456; x_wconf 88' lang='lat' dir='ltr'>quelle</span> <span class='ocrx_word' id='word_1_496' title='bbox 1638 2416 1910 2457; x_wconf 85' lang='lat' dir='ltr'>somministrategli</span> 
     </span>
     <span class='ocr_line' id='line_1_95' title="bbox 1172 2464 1908 2497; baseline 0.005 -4"><span class='ocrx_word' id='word_1_497' title='bbox 1172 2465 1264 2494; x_wconf 86' lang='lat' dir='ltr'>anche</span> <span class='ocrx_word' id='word_1_498' title='bbox 1294 2464 1340 2494; x_wconf 86' lang='lat' dir='ltr'>dal</span> <span class='ocrx_word' id='word_1_499' title='bbox 1362 2464 1441 2494; x_wconf 89' lang='lat' dir='ltr'>detto</span> <span class='ocrx_word' id='word_1_500' title='bbox 1463 2465 1553 2494; x_wconf 87' lang='lat' dir='ltr'>allora</span> <span class='ocrx_word' id='word_1_501' title='bbox 1575 2464 1723 2496; x_wconf 82' lang='lat' dir='ltr'>cardinale</span> <span class='ocrx_word' id='word_1_502' title='bbox 1744 2465 1839 2496; x_wconf 89' lang='lat' dir='ltr'>Giulio</span> <span class='ocrx_word' id='word_1_503' title='bbox 1862 2467 1908 2497; x_wconf 84' lang='lat' dir='ltr'>de&#39;</span> 
     </span>
     <span class='ocr_line' id='line_1_96' title="bbox 1172 2513 1910 2548; baseline 0.004 -5"><span class='ocrx_word' id='word_1_504' title='bbox 1172 2513 1283 2548; x_wconf 84' lang='lat' dir='ltr'>Medici,</span> <span class='ocrx_word' id='word_1_505' title='bbox 1307 2513 1520 2544; x_wconf 83' lang='lat' dir='ltr'>distribuivano</span> <span class='ocrx_word' id='word_1_506' title='bbox 1542 2513 1571 2543; x_wconf 90' lang='lat' dir='ltr'>in</span> <span class='ocrx_word' id='word_1_507' title='bbox 1594 2517 1667 2544; x_wconf 85' lang='lat' dir='ltr'>tutte</span> <span class='ocrx_word' id='word_1_508' title='bbox 1689 2514 1716 2544; x_wconf 90' lang='lat' dir='ltr'>le</span> <span class='ocrx_word' id='word_1_509' title='bbox 1737 2515 1910 2546; x_wconf 89' lang='lat' dir='ltr'>domeniche</span> 
     </span>
    </p>
   </div>
   <div class='ocr_carea' id='block_1_22' title="bbox 1207 2571 1908 2656">
    <p class='ocr_par' dir='ltr' id='par_1_27' title="bbox 1207 2571 1908 2656">
     <span class='ocr_line' id='line_1_97' title="bbox 1207 2571 1908 2615; baseline 0.004 -12"><span class='ocrx_word' id='word_1_510' title='bbox 1207 2577 1219 2603; x_wconf 84' lang='lat'><strong>1</strong></span> <span class='ocrx_word' id='word_1_511' title='bbox 1234 2576 1303 2602; x_wconf 86' lang='lat' dir='ltr'>Male</span> <span class='ocrx_word' id='word_1_512' title='bbox 1315 2575 1357 2602; x_wconf 86' lang='lat' dir='ltr'>ed.</span> <span class='ocrx_word' id='word_1_513' title='bbox 1369 2576 1407 2602; x_wconf 87' lang='lat' dir='ltr'>M.</span> <span class='ocrx_word' id='word_1_514' title='bbox 1419 2571 1502 2602; x_wconf 85' lang='lat' dir='ltr'>habet</span> <span class='ocrx_word' id='word_1_515' title='bbox 1513 2576 1634 2611; x_wconf 70' lang='lat' dir='ltr'>Colleqiz·</span> <span class='ocrx_word' id='word_1_516' title='bbox 1648 2585 1697 2611; x_wconf 88' lang='lat' dir='ltr'>pro</span> <span class='ocrx_word' id='word_1_517' title='bbox 1709 2578 1807 2612; x_wconf 79' lang='lat' dir='ltr'>colliyz&#39;</span> <span class='ocrx_word' id='word_1_518' title='bbox 1815 2579 1908 2615; x_wconf 57' lang='lat'>(8:12).</span> 
     </span>
     <span class='ocr_line' id='line_1_98' title="bbox 1207 2620 1764 2656; baseline 0.005 -9"><span class='ocrx_word' id='word_1_519' title='bbox 1207 2620 1223 2647; x_wconf 72' lang='lat'><strong>2</strong></span> <span class='ocrx_word' id='word_1_520' title='bbox 1243 2621 1337 2654; x_wconf 85' lang='lat' dir='ltr'>Aptius</span> <span class='ocrx_word' id='word_1_521' title='bbox 1356 2620 1414 2655; x_wconf 84' lang='lat' dir='ltr'>lege</span> <span class='ocrx_word' id='word_1_522' title='bbox 1433 2621 1636 2649; x_wconf 76' lang='lat' dir='ltr'>curaverimus</span> <span class='ocrx_word' id='word_1_523' title='bbox 1658 2626 1692 2653; x_wconf 71' lang='lat' dir='ltr'>(R.</span> <span class='ocrx_word' id='word_1_524' title='bbox 1715 2623 1764 2656; x_wconf 85' lang='lat' dir='ltr'>T.).</span> 
     </span>
    </p>
   </div>
   <div class='ocr_carea' id='block_1_23' title="bbox 1928 226 2111 254">
    <p class='ocr_par' dir='ltr' id='par_1_28' title="bbox 1928 226 2111 254">
     <span class='ocr_line' id='line_1_99' title="bbox 1928 226 2111 254; baseline 0.005 -2"><span class='ocrx_word' id='word_1_525' title='bbox 1928 227 1974 252; x_wconf 81' lang='grc' dir='ltr'>Λη.</span> <span class='ocrx_word' id='word_1_526' title='bbox 1992 227 2022 254; x_wconf 73' lang='grc' dir='ltr'>(ἶ.</span> <span class='ocrx_word' id='word_1_527' title='bbox 2046 228 2065 252; x_wconf 70' lang='lat' dir='ltr'>lt</span> <span class='ocrx_word' id='word_1_528' title='bbox 2077 226 2111 253; x_wconf 67' lang='grc'>94</span> 
     </span>
    </p>
   </div>
   <div class='ocr_carea' id='block_1_24' title="bbox 1978 501 2115 558">
    <p class='ocr_par' dir='ltr' id='par_1_29' title="bbox 1978 501 2115 558">
     <span class='ocr_line' id='line_1_100' title="bbox 1978 501 2115 522; baseline 0.007 -1"><span class='ocrx_word' id='word_1_529' title='bbox 1978 501 2115 522; x_wconf 55' lang='lat' dir='ltr'>constatuim-</span> 
     </span>
     <span class='ocr_line' id='line_1_101' title="bbox 2032 529 2114 558; baseline 0.012 -10"><span class='ocrx_word' id='word_1_530' title='bbox 2032 529 2114 558; x_wconf 64' lang='lat' dir='ltr'>cdii-tae</span> 
     </span>
    </p>
   </div>
   <div class='ocr_carea' id='block_1_25' title="bbox 1989 583 2139 631">
    <p class='ocr_par' dir='ltr' id='par_1_30' title="bbox 1989 583 2139 631">
     <span class='ocr_line' id='line_1_102' title="bbox 1989 583 2139 631; baseline 0 -26"><span class='ocrx_word' id='word_1_531' title='bbox 1989 583 2139 631; x_wconf 95' lang='lat' dir='ltr'>  </span> 
     </span>
    </p>
   </div>
  </div>
 </body>
</html>
