2227 3225
181 259 228 283 An.
245 256 274 282 C.
295 255 358 282 lom

938 250 1146 276 INNOCENTIUS
1172 250 1216 273 ΧΠ
1241 250 1288 274 PP.

373 292 513 347 tempore
546 302 696 345 suffragia
725 306 892 334 mutentur
916 311 973 344 pro
1000 300 1103 337 libito,

371 357 427 389 sed
453 361 626 389 serventur
652 366 687 388 ea
706 365 787 398 quae
814 354 962 397 superius
990 353 1019 384 in
1047 353 1106 385 liae

372 408 579 441 distinctione
601 419 669 451 cap.
700 418 750 441 x1v
776 407 1014 450 praemisimus.

414 471 444 494 v.
471 461 624 504 Reliquos
650 466 755 493 autem
782 459 958 502 praesides,
978 458 1072 491 aliter
1089 470 1106 490 a

372 524 577 558 quocumque
589 508 835 556 quomodolibet
846 512 1021 551 institutos,
1032 512 1107 543 sub-

370 572 503 610 rogatos
529 572 561 600 et
585 567 744 600 interinos
771 565 928 604 dicimus,
953 565 1022 597 sinc
1050 574 1107 596 uo-

372 621 457 653 mine
484 620 614 664 quidem
652 625 683 653 et
719 629 813 651 sensu
840 618 996 662 praelati,
1024 618 1107 650 inter

372 684 464 717 quos,
489 674 544 717 qui
570 673 608 707 ab
633 673 740 715 aliquo
765 673 907 715 praelato
934 671 1128 721 quomsdo-5

372 737 507 770 cumque
532 737 596 760 non
624 726 793 765 stabiliter,
812 725 867 758 sed
890 730 923 757 ut
948 725 1107 757 interimis

373 780 557 812 nominatus
585 779 691 819 suerit,
719 789 788 811 eam
824 784 1015 821 potestatem
1051 778 1107 811 lia-

373 833 445 865 beat
481 833 512 865 in
548 838 687 875 utroque
719 832 897 875 regimine,
924 842 1019 874 quam
1046 831 1106 875 ipsi

375 885 574 927 delegaverit
592 891 645 917 aut
663 885 859 918 concesserit
878 886 1042 928 praelatus·
1065 885 1107 916 iu-
1126 903 1130 948 t

374 938 530 977 stituens‚
565 949 636 971 cum
663 938 909 971 limitationibus
936 943 1040 970 tamen
1076 938 1108 970 in

375 990 425 1023 his
452 992 569 1024 nostris
583 991 868 1024 constitutionibus
893 991 1061 1024 ordinatis.

418 1054 461 1077 vr.
489 1043 545 1077 Ille
571 1055 647 1077 vero
680 1045 732 1087 qui
767 1046 834 1077 solo
860 1045 927 1077 iure
954 1045 1110 1077 constitu-

377 1096 472 1129 tionis
497 1097 618 1140 absque
654 1096 759 1139 aliqua
790 1097 1012 1129 nominatione
1038 1107 1110 1129 sue-

377 1149 519 1189 cesserit,
538 1151 621 1182 ultra
636 1150 847 1183 limitationes
863 1155 924 1182 tam
951 1160 1111 1182 commen-

379 1201 545 1233 datoribus
564 1213 657 1244 quam
680 1202 941 1245 pr:12‘=,<identil]us
959 1202 989 1234 in
1005 1202 1110 1245 capite

377 1260 408 1286 ot
434 1254 580 1286 interinis
612 1254 672 1287 iam
698 1255 828 1288 aliunde
857 1255 908 1287 liic
937 1260 968 1287 et,
993 1255 1068 1287 :tlibi
1094 1267 1111 1288 a

376 1307 543 1350 praedicta
566 1304 795 1340 ffiiistitutione
829 1308 945 1345 saetas,
972 1313 1131 1355 nequeati

377 1360 409 1391 iu
435 1363 594 1392 conventu
614 1360 790 1403 quidquam
809 1361 986 1401 immutare,
1006 1371 1111 1403 neque

377 1412 470 1444 etiam
497 1413 535 1445 de
561 1413 668 1445 arduis
704 1414 965 1456 extemporaneis
994 1425 1112 1456 urgen—

377 1464 528 1507 tibusque
568 1465 778 1505 decernere,
816 1477 897 1507 quac
933 1468 1110 1510 superioris

375 1517 512 1559 praelati
539 1527 602 1550 non
627 1519 755 1550 valeant
781 1523 955 1560 expectare
983 1523 1111 1554 consul-

377 1574 444 1602 tum
468 1575 500 1602 et
525 1570 759 1607 directionem„
788 1571 848 1603 nisi
879 1572 917 1603 de
951 1583 1110 1606 consensu

376 1622 573 1656 directorum
599 1628 737 1666 patrum.
773 1624 804 1656 In
837 1625 970 1667 reliquis
1005 1633 1131 1673 autem·¹

375 1685 441 1708 non
478 1675 647 1715 limitatis,
683 1676 788 1709 omnis
820 1677 940 1720 ubique
976 1689 1109 1721 pvses

374 1729 519 1761 usualem
555 1739 683 1761 cursum
722 1729 905 1762 ordinariae
941 1731 1110 1773 potestatis

375 1781 549 1814 directivae
583 1787 613 1814 ot
648 1782 808 1815 coactivae
843 1783 993 1825 suscipiat
1018 1784 1048 1816 in
1074 1795 1110 1817 u-

375 1838 491 1877 troque
516 1834 687 1878 regimine.
708 1836 765 1867 llic
786 1841 891 1868 autem
917 1847 1048 1879 praeses
1066 1838 1110 1870 in-

376 1887 519 1926 terinus,
546 1887 570 1919 si
598 1887 692 1920 suerit
716 1889 870 1928 vicarius,
897 1889 929 1920 in
955 1900 1011 1922 suo
1038 1891 1109 1924 loco

375 1945 584 1984 permaneat;
612 1950 701 1974 secus
727 1947 832 1974 autem
858 1943 968 1975 sedeat
992 1943 1106 1977 imme-

374 1993 460 2026 diate
484 1999 558 2026 ante
583 1994 672 2027 illum
700 1995 809 2038 (quem
835 2005 910 2027 saue
936 2001 1014 2028 tunc
1030 1997 1109 2030 vica-

373 2046 456 2079 rium
474 2056 666 2090 permanere
687 2047 930 2089 permittimus),
952 2048 1011 2081 nisi
1031 2049 1109 2083 alio-

375 2099 453 2142 quin
474 2101 580 2132 locum
607 2101 813 2143 superiorem
839 2100 994 2133 obtineat.

417 2163 472 2186 vn.
500 2153 685 2186 Constitutis
712 2154 1039 2196 commendatoribus,
1067 2156 1105 2188 ad

373 2215 639 2249 unumquemque
665 2206 834 2249 pertinet,
866 2208 1107 2250 quamprimum

374 2257 504 2291 domum
529 2259 587 2291 sibi
615 2259 768 2292 creditam
785 2261 861 2292 vera
885 2266 917 2292 et
940 2261 1105 2303 personali

373 2311 578 2355 possessione
600 2311 787 2352 obtinuerit,
809 2323 908 2345 unum
928 2313 1055 2345 fratrem
1075 2313 1106 2345 in

375 2364 529 2397 vicarium
555 2364 686 2406 eligere,
711 2365 815 2398 virum
839 2365 951 2408 utique
976 2366 1106 2409 religio-

368 2426 442 2449 sum
468 2421 500 2449 et
523 2418 716 2460 prudentem
734 2444 741 2458 ‚
767 2428 802 2450 ac
827 2417 950 2451 viribus
974 2418 1106 2451 omnino

372 2470 520 2509 validum,
539 2470 593 2513 qui
618 2470 722 2513 ipsum
747 2470 876 2503 adiuvet
899 2471 932 2504 in
954 2472 1104 2504 omnibus

373 2523 419 2555 sui
445 2523 608 2562 muneris,
636 2529 667 2556 et
696 2534 763 2570 non
787 2529 962 2567 propterea
987 2534 1103 2557 nomen

373 2580 428 2607 aut
452 2585 581 2608 sensum
607 2576 743 2619 praelati
769 2586 803 2608 se
829 2577 951 2609 habere
976 2586 1106 2618 praesu-

372 2631 448 2661 mat.
476 2628 566 2661 Hunc
591 2633 696 2661 autem
722 2629 819 2662 debet
844 2628 914 2671 ipse
940 2639 1103 2662 commen-

1776 242 1835 275 371

1147 299 1240 331 dator
1263 288 1436 330 instituere
1473 290 1654 331 cuiusmodi
1688 303 1880 340 potestatem

1146 360 1217 384 eum
1233 350 1306 384 velit
1324 350 1455 389 habere,
1475 350 1540 383 sive
1556 350 1587 382 in
1605 351 1880 393 pi·aesenti;⁴1,sive

1147 404 1178 436 in
1204 404 1349 437 absentia
1373 404 1432 443 sui,
1458 406 1490 436 et
1515 413 1579 436 non
1605 405 1690 436 ultra
1707 414 1741 436 se
1763 409 1877 436 exten--

1147 457 1235 490 dere.
1263 456 1469 490 Declaramus
1496 461 1612 496 tamen,
1629 457 1729 498 quod,
1757 457 1881 490 etiamsi

1146 520 1266 552 paucos
1298 509 1366 543 dies
1402 514 1457 542 aut
1490 509 1621 541 brevem
1652 519 1772 541 moram
1798 520 1882 542 eom-

1147 563 1320 595 mendator
1352 573 1417 595 non
1443 563 1539 604 longe
1564 561 1603 593 sit
1628 562 1764 602 absens,
1790 573 1883 605 prae-

1147 616 1250 649 dictus
1275 616 1411 649 vicarius
1449 616 1509 648 sub
1547 616 1608 649 hoc
1640 616 1771 648 nomine
1796 616 1882 649 vices

1147 669 1217 702 eius
1243 670 1274 702 in
1300 669 1449 703 omnihus
1475 674 1565 712 gerat
1599 673 1755 711 quantum
1779 668 1818 701 ad
1845 679 1883 702 ea

1148 732 1228 764 quae
1253 722 1292 754 ad
1318 721 1526 756 domesticam
1552 721 1820 763 gubernationem
1842 727 1884 753 at-

1149 775 1250 807 tinent
1275 774 1306 807 in
1331 780 1469 817 utroque
1495 774 1676 815 regimine,
1703 784 1743 807 ne
1768 775 1817 806 vel
1843 774 1883 807 ad

1149 828 1262 860 lioram
1288 828 1440 860 fratribus
1461 828 1574 870 legalis
1599 827 1778 860 moderatio
1812 837 1883 859 cum

1149 886 1305 923 potestate
1331 880 1484 914 directivzt
1515 886 1546 912 et
1571 880 1712 913 coactiva
1738 880 1882 919 deficiat3

1150 944 1231 977 quae
1250 944 1324 967 vero
1341 934 1613 967 commendatoris
1640 934 1814 966 adventurn
1832 944 1885 966 ex-

1149 993 1278 1029 pectare
1309 988 1439 1020 valeant
1470 987 1508 1019 ab
1541 985 1696 1029 ipsoque‘
1730 992 1804 1019 sunt
1839 987 1884 1019 illi

1150 1041 1305 1080 restricta,
1324 1041 1373 1073 vel
1399 1040 1529 1073 aliunde
1556 1039 1740 1072 huiusmodi
1767 1040 1886 1072 consti-

1150 1094 1328 1126 tutionibus
1355 1100 1419 1126 tam
1450 1094 1576 1127 vicariis
1607 1105 1703 1136 quam
1729 1094 1888 1136 praesidi-

1149 1148 1209 1179 bus
1235 1147 1368 1180 inferius
1390 1148 1534 1186 limitata,
1552 1148 1641 1180 nullo
1659 1147 1755 1180 modo
1773 1147 1811 1180 ab
1831 1147 1886 1180 illo

1151 1201 1339 1243 exequenda
1370 1200 1600 1243 permittimus.
1628 1200 1660 1232 ln
1692 1200 1886 1242 urgentibus

1151 1257 1259 1286 autem
1284 1254 1367 1287 nihil
1392 1254 1524 1287 omnino
1550 1254 1703 1286 decernat
1727 1254 1796 1286 sine
1814 1263 1888 1286 con-

1151 1307 1223 1339 silio
1260 1313 1292 1339 et
1327 1317 1461 1339 assensu
1500 1307 1714 1339 discretorum
1746 1311 1885 1349 patrum.

1151 1359 1382 1392 Deficientihus
1422 1360 1451 1391 in
1490 1360 1590 1392 choro
1627 1365 1679 1392 aut
1715 1359 1886 1393 rese‹·101·io

1152 1413 1297 1456 praelato
1321 1413 1439 1446 vicario
1465 1423 1519 1445 seu
1553 1412 1727 1454 praeside,
1757 1413 1887 1454 dignior

1152 1465 1304 1497 sacerdos
1327 1475 1363 1497 ex
1391 1469 1482 1507 parte
1509 1464 1778 1496 liehdomandarii
1797 1475 1889 1506 prae·

1151 1517 1277 1557 sideat‚
1312 1527 1439 1551 necnon
1478 1516 1637 1550 licentiam
1680 1516 1819 1549 intrandi
1856 1522 1888 1549 et

1153 1571 1291 1603 exeundi
1317 1571 1486 1603 concedat.

1194 1633 1266 1657 vni.
1292 1623 1438 1656 Vicarius
1457 1622 1551 1655 ctiam
1569 1623 1608 1655 de
1634 1622 1697 1655 illis
1728 1633 1809 1665 quae
1828 1623 1888 1656 uti-

1151 1677 1194 1710 lia
1217 1681 1292 1709 sunt
1316 1676 1497 1715 couventui,
1524 1676 1589 1709 sive
1615 1676 1797 1719 spiritualia
1821 1677 1886 1709 sive

1151 1729 1353 1772 corporalia,
1381 1729 1432 1772 pie
1469 1728 1554 1771 apud
1588 1729 1885 1761 commendatorem

1150 1783 1247 1815 dehet
1271 1782 1492 1821 intercedero·,
1520 1782 1544 1814 si
1571 1793 1633 1824 qua
1660 1782 1709 1814 his
1733 1782 1885 1815 fratribus

1150 1835 1338 1877 gravamina
1362 1834 1545 1877 saciat,ipsi
1571 1835 1752 1876 prudenter
1777 1840 1886 1868 osten-

1151 1889 1245 1927 dere;
1270 1898 1351 1931 quae
1372 1892 1478 1920 autem
1500 1897 1558 1930 per
1582 1898 1614 1920 se
1639 1888 1806 1930 corrigere
1837 1899 1887 1920 va-

1150 1942 1214 1974 leat
1245 1951 1310 1974 non
1348 1951 1385 1973 ea
1420 1939 1604 1983 importune
1629 1941 1886 1974 commendatori

1150 1993 1356 2033 denuntiare,
1379 1993 1436 2025 sed
1457 1998 1576 2025 tantum
1598 1993 1644 2025 illi
1667 1993 1813 2035 graviora
1833 1993 1887 2026 de-

1150 2047 1246 2079 ferre.
1266 2045 1374 2084 Quoad
1395 2047 1499 2078 locum
1518 2056 1605 2083 vero,
1626 2046 1762 2078 vicarius
1780 2046 1886 2079 omni-

1149 2100 1206 2132 hus
1242 2099 1452 2142 praesentatis
1481 2099 1520 2131 de
1555 2109 1691 2131 numero
1727 2105 1884 2142 perpetuo

1148 2153 1354 2185 immediatus
1380 2152 1532 2184 emineat.
1553 2152 1636 2185 Duas
1662 2152 1776 2184 missas
1801 2153 1884 2184 ultra

1148 2215 1354 2238 communem
1371 2204 1497 2237 vicariis
1521 2205 1673 2237 omnibus
1699 2205 1882 2246 elargimur,

1148 2268 1226 2301 quas
1259 2268 1319 2301 pro
1351 2258 1407 2290 sua
1440 2257 1565 2300 possint
1589 2258 1768 2290 intentione
1791 2258 1884 2290 cele-

1147 2311 1253 2350 brare,
1274 2315 1306 2343 et
1324 2310 1465 2353 denique
1491 2310 1529 2342 ab
1555 2310 1660 2343 officio
1687 2310 1777 2342 chori
1796 2313 1827 2343 et
1844 2311 1882 2343 al·

1148 2364 1223 2397 taris
1247 2364 1311 2397 sint
1336 2363 1492 2402 absoluti,
1518 2363 1659 2407 quandiu
1684 2363 1717 2395 in
1748 2373 1882 2396 munere

1147 2417 1298 2450 existant.

1190 2480 1211 2503 1.
1239 2469 1314 2502 Cum
1339 2469 1455 2502 fratres
1475 2469 1585 2512 (etiam
1606 2472 1695 2502 extra
1714 2469 1880 2512 Ordinem)

1888 253 1935 277 An.
1954 252 1981 277 C.
2007 252 2069 278 1091

1915 2475 1983 2497 CArur
1994 2476 2056 2497 xxV.

1919 2503 1948 2522 Da
1964 2503 2077 2527 dignitati-

1146 2521 1273 2565 possint
1296 2522 1336 2554 ad
1361 2523 1456 2565 plura
1481 2522 1598 2562 officia,
1625 2521 1790 2560 beneficia,
1811 2529 1931 2564 gra-ms
1948 2530 1992 2550 stne
2012 2530 2076 2550 neen-

1894 2556 1922 2574 tia
1951 2561 1991 2576 uon
2021 2557 2076 2577 roci-

1147 2575 1204 2607 dus
1224 2580 1256 2607 et
1273 2574 1449 2617 dignitates
1473 2574 1691 2607 diversimode
1717 2582 1982 2616 proluere-pseudis-

1182 2637 1192 2662 1
1215 2635 1282 2664 Male
1303 2636 1368 2664 edit.
1385 2636 1464 2664 Maia.
1482 2636 1545 2671 legit
1561 2636 1595 2662 ab
1614 2636 1672 2670 ipso
1688 2643 1758 2670 quae
1776 2637 1812 2670 (n.
1830 2635 1879 2669 T.)-
