2254 3225
463 267 526 301 816

425 326 524 360 aliurn
549 338 567 360 a
600 327 741 371 capitulo
766 328 974 362 conventuali
1000 329 1162 372 deputan-

426 380 502 413 dum
529 381 730 421 retineatur,
757 392 793 415 ac
819 382 858 415 de
885 381 1000 415 iisdem
1026 383 1165 415 eleemo-

425 434 511 479 synis
537 440 569 467 et
594 435 816 469 celebratione
850 436 1022 468 missarum
1056 446 1163 468 coram

425 488 571 531 patribus
608 489 755 522 discretis
791 499 848 522 seu
875 489 1088 527 consiliariis,
1115 489 1163 521 vel

424 541 489 574 alio
521 541 618 575 simili
656 542 753 574 modo
790 542 1001 585 nuncupatis,
1026 541 1163 584 singulis

424 595 590 627 mensibus
609 595 788 628 districtam
807 595 966 628 rationem
984 595 1115 638 exigere
1134 601 1165 628 et

424 648 608 690 respective
634 648 783 682 reddere.

282 712 310 732 1
314 719 367 733 nan
393 720 412 733 ιη
468 711 511 734 v1.
540 700 630 739 Quod
658 701 683 734 si
713 701 892 745 plaedicti‚
923 702 962 735 ad
985 712 1064 745 quos
1093 702 1163 735 iura

224 743 280 787 &ssi
280 740 412 792 11‘201'111‘2
425 755 571 795 tabellae,
590 765 702 798 capsae
722 760 753 788 et
773 755 930 788 libroium
945 756 1109 799 piael'itoi
1111 767 1163 788 um

422 807 604 851 respective
630 809 773 851 pertinet
791 819 847 840 seu
866 809 1032 852 per'tinele
1054 809 1091 841 ἀι
1097 808 1161 850 bet,

422 870 512 893 suam
538 871 670 905 operam
696 861 894 904 praemissis,
917 867 952 894 ut
967 862 1161 905 praefertur,

422 914 554 948 minime
587 915 795 954 navaverint,
821 920 851 948 et
884 916 1070 959 superiores
1097 921 1162 948 tum

422 967 635 1001 saecularium
674 974 741 1001 tum
777 968 974 1011 regularium
1007 968 1161 1002 ecclesia-

421 1032 493 1054 rum
520 1021 681 1054 rationem
715 1022 915 1065 praedictam
947 1032 1013 1054 non
1038 1032 1162 1064 exege—

420 1074 494 1113 rint,
520 1085 576 1107 seu
602 1085 667 1107 non
693 1074 933 1117 invigilaverint,
958 1075 1043 1119 quod
1061 1085 1157 1118 prae-

420 1127 487 1168 fati,
514 1128 567 1171 qui
593 1128 627 1161 in
652 1139 762 1161 curam
789 1129 981 1162 tabellarum
1008 1134 1040 1161 et
1065 1128 1160 1162 libro-

419 1193 490 1216 rum
516 1183 717 1223 incumbunt,
735 1194 792 1216 suo
818 1183 951 1223 muneri,
970 1188 1005 1215 ut
1019 1183 1160 1226 praeser-

420 1241 493 1277 tur,
519 1236 733 1276 satisfaciant,
759 1236 792 1269 in
817 1237 953 1279 singulis
980 1237 1159 1280 respective

419 1289 545 1323 casibus
566 1291 751 1323 saeculares
769 1301 906 1334 poenam
934 1290 1158 1334 suspensionis

418 1342 601 1383 incurrant,
630 1345 799 1385 regulares
836 1355 913 1377 vero
946 1355 1023 1377 voce
1058 1344 1158 1378 activa

419 1401 450 1429 ct
475 1396 597 1439 passiva
623 1408 658 1429 ac
680 1397 834 1439 gradibus
860 1403 891 1430 et
916 1398 1043 1438 officiis,
1076 1409 1158 1441 quae

419 1449 580 1491 obtinent,
600 1451 670 1494 ipso
704 1452 785 1484 sacto
811 1457 842 1484 et
867 1452 988 1495 absque
1017 1453 1079 1485 alia
1105 1453 1159 1485 de-

419 1503 600 1536 claratione
626 1503 743 1546 privati
776 1504 839 1536 sint
869 1509 901 1537 et
926 1505 1159 1547 intelligantur,

418 1567 546 1589 necnon
575 1556 614 1589 ad
640 1557 828 1590 huiusmodi
855 1558 971 1599 gradus
998 1564 1029 1591 et
1054 1558 1158 1591 officia

420 1610 600 1643 obtinenda
637 1610 787 1644 similiter
822 1611 1095 1653 inhabilitentur,
1128 1619 1160 1645 et

420 1661 620 1695 inhabilitati
646 1662 711 1695 sint
736 1667 766 1696 et
792 1662 1027 1706 intelligantur.

251 1725 280 1746 ne
297 1726 408 1752 expositio
463 1726 521 1749 vu.
548 1715 659 1755 Perre,
687 1727 726 1749 ne
751 1717 818 1750 ullo
840 1727 983 1760 unquam
1010 1723 1157 1761 tempore

223 1755 302 1799 2512?ss
305 1753 348 1799 11¹³
352 1753 408 1801 ”iiie
420 1779 529 1802 omnia
553 1774 584 1802 et
609 1769 734 1813 singula
770 1770 900 1803 decreta
932 1771 1101 1814 praedicta
1125 1771 1156 1804 in

223 1807 405 1854 {iiiaiiuo'iiuixide
418 1822 617 1856 oblivionem
642 1833 698 1855 seu
736 1823 986 1856 disuetudinem
1019 1825 1156 1865 achint

417 1882 571 1916 rectores,
598 1876 797 1919 superiores,
820 1887 875 1909 seu
893 1878 1034 1920 capitula
1055 1878 1157 1911 eccle-

416 1929 537 1963 siarum
564 1930 780 1964 saecularium
814 1931 869 1963 illa
902 1931 1063 1964 retineant
1097 1943 1156 1975 pu-

414 1983 499 2016 blice
525 1984 673 2026 exposita
691 1984 724 2016 in
750 1994 863 2017 eorum
883 1985 1045 2025 sacrario,
1066 1996 1157 2029 supe-

415 2037 516 2070 riores
549 2048 625 2070 vero
660 2039 779 2070 locales
815 2038 1049 2082 cuiuscumque
1087 2051 1156 2073 mo-

414 2091 568 2131 misterii,
593 2097 772 2124 conventus
797 2102 833 2124 ac
858 2092 972 2125 domus
998 2093 1156 2136 regularis

414 2154 529 2176 curare
554 2149 586 2177 et
611 2145 739 2177 efficere
768 2149 948 2185 teneantur,
967 2146 1027 2177 sub
1049 2149 1156 2189 poena

414 2196 605 2240 privationis
641 2197 819 2230 officiorum
861 2209 941 2241 quae
980 2199 1152 2240 obtinent,

413 2250 566 2293 vocisque
591 2250 710 2283 activae
737 2256 768 2284 et
793 2252 948 2294 passivae,
975 2253 1046 2295 ipso
1072 2253 1155 2286 sacto

414 2304 624 2343 incurrentia,
644 2309 677 2335 ut
694 2304 727 2336 in
744 2310 939 2347 perpetuum
965 2312 1057 2339 sexto
1075 2317 1155 2350 quo-

414 2367 478 2400 que
500 2367 624 2396 mense,
643 2356 728 2389 idest
745 2358 822 2390 seria
840 2358 981 2391 secunda
999 2365 1072 2402 post
1089 2360 1155 2402 pri-

414 2420 496 2442 mam
512 2410 708 2442 dominicam
729 2410 904 2450 Adventus,
922 2416 953 2444 et
969 2412 1047 2444 seria
1066 2414 1154 2445 sexta

412 2468 490 2506 post
505 2468 649 2496 octavam
673 2462 825 2506 Corporis
842 2464 970 2504 Christi,
991 2476 1104 2498 omnes
1123 2471 1154 2500 et

414 2516 563 2558 singulae
597 2516 794 2560 praemissae
830 2522 897 2550 tum
929 2517 1069 2552 insertae
1095 2530 1152 2552 seu

414 2569 624 2603 confirmatae
651 2575 716 2603 tum
737 2570 770 2602 in
791 2581 946 2614 praesens
973 2572 1074 2605 saetae
1107 2583 1153 2606 or-

414 2623 611 2664 dinationes,
628 2626 692 2656 una
710 2634 781 2657 cum
808 2624 902 2657 dietis
928 2625 1154 2660 declarationi-

413 2676 484 2718 bus,
512 2677 545 2715 in
569 2678 701 2723 publica
726 2680 840 2711 mensa
863 2679 1087 2722 perlegantur.

231 276 279 303 Λῐι.
296 276 325 304 C.
350 276 415 304 1697

993 280 1171 303 [sulimatum
1198 280 1261 303 ROM
1268 280 1353 304 ANUM

1950 280 2001 308 An.
2023 281 2139 310 C.1697

1253 340 1321 362 v111.
1355 328 1561 362 Meminerint
1602 329 1701 372 igitur
1733 334 1765 363 et
1797 333 2026 390 ειιῑιιςιιιιῑωιιο1
2035 350 2087 390 “1⁸¹3
2103 345 2141 391 p:

1208 382 1381 423 Ordinaiii,
1399 388 1433 416 ut
1457 394 1474 416 a
1498 383 1648 443 personis
1672 389 1704 417 et
1724 383 1757 416 in
1778 377 2039 417 eccelesiisciox
2042 401 2106 417 nuo.

1209 437 1439 478 quoquomodo
1465 438 1560 470 etiam
1583 437 1626 469 in
1652 437 1715 470 vim
1743 430 1996 471 decr-merorum*
2000 430 2049 445 ²¹¹
2064 405 2119 446 ⁰¹:¹²¹

1207 488 1338 522 Concilii
1364 489 1545 523 Tridentini
1571 490 1630 522 sibi
1656 491 1809 524 subiectis
1827 491 1946 525 missae

1208 543 1244 574 ea
1269 553 1333 585 qua
1356 553 1414 586 par
1439 548 1488 576 est
1524 543 1585 576 fide
1607 548 1639 576 et
1664 544 1833 586 diligentia
1863 546 1947 578 cele·

1208 594 1361 637 brentu'r,
1397 601 1430 629 et
1465 602 1583 630 cuncta
1607 603 1639 630 et
1663 598 1790 640 singula
1815 599 1947 631 decreta

1209 648 1394 682 huiusmodi
1420 649 1626 683 omnimodae
1668 651 1851 684 executioni
1884 651 1944 685 de-

1208 702 1419 743 mandentur,
1445 703 1563 736 nedum
1592 703 1748 736 iustitiam
1773 714 1947 738 recurren-

1209 754 1295 787 tibus
1319 765 1377 788 seu
1402 755 1598 789 instantibus
1623 757 1811 797 reddentes,
1830 757 1887 790 sed
1909 768 1945 791 ex

1207 808 1325 849 officio,
1346 813 1410 841 tum
1426 810 1458 841 in
1472 809 1725 850 visitationibus,
1742 816 1808 843 tum
1827 811 1858 844 in
1873 811 1945 844 aliis

1207 861 1329 894 actibus
1355 866 1387 895 et
1411 863 1517 896 modis
1543 874 1624 907 quos
1645 864 1798 907 expedire
1824 869 1855 897 et
1872 875 1948 897 een-

1206 915 1315 948 venire
1332 917 1427 949 toties
1447 917 1574 960 quoties
1595 917 1823 958 iudicaverint,
1840 917 1948 962 inqui-

1205 974 1325 1009 rentes,
1350 980 1391 1002 ne
1416 969 1536 1013 aliquid
1559 971 1789 1011 committatur,
1811 981 1946 1014 perver-

1207 1027 1297 1061 tatur,
1313 1021 1482 1055 diti'eratur
1501 1023 1549 1056 vel
1571 1023 1756 1063 omittatur,
1783 1023 1871 1067 quod
1893 1024 1944 1056 his

1204 1075 1354 1108 omnibus
1371 1080 1402 1108 et
1422 1075 1558 1118 singulis
1578 1076 1719 1109 decretis
1738 1076 1941 1110 adversetur.

1248 1138 1288 1161 lx.
1317 1128 1457 1162 Caveant
1486 1129 1581 1162 etiam
1612 1130 1793 1173 respective
1829 1140 1943 1163 omnes
1970 1141 2140 1170 vnefa-ionum-

1203 1182 1368 1224 regulares
1400 1188 1466 1215 tum
1500 1182 1619 1215 subditi
1657 1188 1725 1216 tum
1756 1173 2140 1226 superiores{Quill-'ffilssfflffl

1203 1235 1416 1279 quicumque,
1447 1236 1567 1269 nedum
1593 1237 1737 1276 locales,
1763 1236 1821 1269 sed
1847 1236 1943 1270 etiam

1202 1289 1418 1332 provinciales
1445 1295 1476 1322 et
1501 1290 1683 1332 generales,
1710 1300 1750 1322 ne
1774 1290 1942 1323 missarum

1203 1342 1382 1375 celebratio
1401 1346 1431 1375 et
1452 1342 1596 1375 omnium
1622 1343 1828 1376 decretorum
1853 1353 1943 1386 prae-

1203 1395 1377 1428 missorum
1404 1395 1565 1435 executio,
1597 1406 1669 1429 eum
1695 1396 1841 1439 pernicie
1867 1407 1944 1439 pro-

1202 1450 1345 1492 priarum
1372 1450 1562 1489 animarum,
1588 1460 1658 1482 cuin
1687 1450 1888 1493 praeiudicio
1908 1450 1945 1484 il-

1202 1505 1306 1536 larum
1331 1503 1449 1546 quibus
1473 1503 1589 1536 missae
1615 1509 1688 1535 sunt
1713 1504 1940 1547 applicandae,

1203 1562 1234 1589 et
1259 1567 1331 1589 cum
1357 1566 1475 1599 niagno
1497 1556 1758 1589 christifidelium
1777 1558 1941 1598 scandalo,

1202 1610 1435 1653 quoquomodo
1477 1609 1667 1642 omittantur
1683 1637 1690 1650 ,
1727 1609 1940 1651 differantur,

1203 1663 1412 1706 negligantur
1437 1673 1494 1696 seu
1520 1668 1758 1706 pervertantur,
1786 1663 1940 1707 alioquin,

1202 1718 1286 1750 ultra
1303 1717 1454 1760 propriae
1476 1716 1692 1749 eonscientiae
1708 1717 1941 1757 onerationem,

1201 1780 1340 1813 poenam
1359 1769 1549 1813 privationis
1575 1770 1662 1802 vocis
1683 1769 1804 1803 activae
1823 1774 1854 1803 et
1870 1780 1943 1813 pas-

1201 1823 1307 1861 sivae,
1333 1833 1369 1855 ac
1394 1823 1552 1866 graduum
1587 1827 1618 1855 et
1650 1822 1833 1855 officiorum
1858 1833 1941 1866 quae

1201 1876 1362 1915 obtinent,
1380 1886 1509 1908 necnon
1534 1875 1809 1909 inhabilitationis
1827 1876 1866 1908 ad
1885 1876 1942 1908 hu-

1200 1930 1342 1963 iusmodi
1358 1930 1476 1972 gradus
1495 1934 1526 1962 et
1540 1929 1644 1962 officia
1662 1929 1840 1962 obtinenda
1853 1939 1941 1973 pror-

1200 1993 1252 2015 sus
1278 1983 1457 2015 incurrant.

1243 2047 1271 2069 x.
1304 2036 1424 2069 Curent
1455 2040 1628 2079 piwopteiea
1662 2036 1798 2079 piaesati
1837 2047 1955 2090 supe·
1977 2043 2135 2066 Defitecote·

1199 2091 1303 2123 riores
1338 2091 1505 2133 1egulares
1532 2091 1563 2122 in
1590 2101 1705 2123 omnes
1736 2096 1766 2123 et
1790 2071 2134 2133 52n00105f12³1¹'a¹'i1'f¹‚e'ri‹⁵i

1199 2143 1479 2177 contravenientes
1505 2143 1623 2176 debitis
1655 2144 1771 2187 poenis
1801 2117 2133 2187 dingen-lu'll¹⁵jal,”n,e⁰„³l'3

1200 2202 1250 2229 ter
1271 2202 1301 2229 et
1327 2202 1475 2240 prompte
1496 2196 1590 2229 etiam
1608 2207 1667 2239 pet
1691 2197 1936 2240 inquisitionem

1198 2250 1476 2290 animadvertere;
1501 2254 1533 2282 et
1557 2250 1691 2293 insuper
1717 2253 1888 2283 teneantur
1905 2261 1939 2283 0-

1199 2315 1290 2337 mnes
1316 2309 1349 2337 et
1380 2303 1499 2346 singuli
1536 2304 1722 2346 superiores
1758 2304 1879 2337 locales
1905 2304 1938 2336 in

1198 2357 1454 2400 provincialibus
1490 2356 1639 2400 capitulis
1672 2367 1729 2389 seu
1758 2367 1939 2399 congrega-

1198 2411 1341 2444 tionibus
1366 2410 1523 2444 exhibere
1553 2410 1794 2443 attestationem
1820 2420 1876 2443 seu
1900 2410 1938 2442 fi-

1197 2466 1269 2499 dem
1295 2466 1334 2498 ab
1361 2465 1512 2499 omnibus
1546 2465 1772 2498 sacerdotibus
1798 2475 1939 2499 conven-

1198 2525 1256 2559 tus,
1282 2519 1480 2559 monasterii,
1499 2529 1555 2551 seu
1573 2518 1803 2562 cuiuscumque
1822 2519 1935 2552 domus

1195 2572 1354 2616 regularis
1373 2572 1586 2615 subscriptam
1609 2577 1640 2604 et
1657 2572 1804 2612 iuratam,
1827 2569 1936 2615 quod*

1196 2626 1346 2660 omnibus
1373 2631 1405 2659 et
1429 2625 1566 2668 singulis
1587 2630 1654 2658 tum
1675 2625 1843 2669 perpetuis
1870 2631 1935 2660 tum

1231 2690 1243 2716 1
1265 2688 1338 2716 Edit.
1359 2688 1442 2716 Main.
1464 2687 1531 2724 legit
1550 2689 1646 2725 quoad
1664 2690 1702 2723 (R.
1720 2688 1770 2724 τ.>.
