2227 3225
131 228 182 257 An.
202 228 231 256 C.
250 230 317 258 ¹694

902 229 1113 256 INNOCENTIUS
1138 229 1184 256 XII
1207 231 1256 255 Pr.

324 278 476 313 dinandis
496 279 536 313 ad
560 279 749 323 patrimonii
774 279 903 313 titulum
919 280 984 313 nisi
1001 279 1064 313 illis

323 342 405 376 quos
431 331 577 376 episcopi
602 342 662 375 pro
687 333 882 366 necessitate
907 333 958 366 vel
979 343 1065 366 com-

322 385 479 419 moditate
502 395 632 419 suarum
656 385 866 420 ecclesiarum
897 396 1065 419 assumen-

322 438 382 472 dos
405 438 631 480 iudicaverint,
657 439 898 483 praescribunt,
922 439 1066 482 discipli-

321 501 397 525 nam
434 501 640 535 nequaquam
682 491 856 526 relaxatam
897 491 1062 534 intelligi;

323 544 470 588 quinimo
489 554 551 578 nec
573 554 718 588 unquam
740 545 781 578 ad
801 544 929 579 indulta
953 544 1065 578 huius-

321 597 412 631 modi
438 597 629 641 exequenda
653 597 824 641 episcopos
849 598 939 641 ipsos
964 602 1065 631 arcta-

323 660 374 691 rc,
410 651 468 684 sed
504 651 634 684 illorum
669 652 893 685 executionem
929 651 1063 684 arbitrio

322 714 459 748 semper
494 705 683 738 eorumdem
720 705 959 749 episcoporum,
985 715 1065 748 quo-

320 767 395 790 rum
420 757 637 791 conscientias
663 757 723 791 hac
747 758 781 791 in
798 769 832 792 re
858 758 1064 792 strictissime

322 817 475 846 oneratas
510 812 679 853 voluimus,
704 823 841 856 prorsus
876 812 1063 855 relinquere

322 865 557 899 declaravimus
573 876 581 907 ;
603 870 773 909 sperantes
791 865 824 898 in
841 865 978 899 Domino
997 876 1062 905 eos,

321 918 394 961 qui,
431 917 519 952 iuxta
553 919 701 962 Apostoli
737 919 914 958 monitum,
938 918 1062 952 nemini

321 972 385 1005 cito
410 982 525 1005 manus
549 972 765 1016 imponendas
788 983 857 1006 esse
878 973 980 1016 probe
1005 983 1063 1006 no-

320 1029 409 1065 runt,
428 1025 490 1058 sibi
507 1030 538 1058 et
554 1025 706 1059 universo
733 1025 824 1069 gregi
842 1026 1060 1065 attendentes,

322 1076 355 1110 in
381 1088 447 1121 quo
472 1088 528 1112 eos
552 1079 660 1122 posuit
684 1078 824 1122 Spiritus
850 1078 986 1112 Sanctus
1014 1088 1063 1112 re-

322 1140 399 1173 gere
435 1131 610 1165 Ecclesiam
645 1132 727 1173 Dei,
762 1131 945 1165 reverenda
982 1131 1061 1174 ipsis

322 1183 491 1227 spiritibus
516 1184 673 1228 angelicis
698 1185 884 1218 ministeria
900 1185 940 1218 ab
957 1184 1063 1218 homi-

322 1237 419 1271 nibus
454 1238 523 1272 sine
559 1238 823 1271 consideratione
859 1237 1061 1281 apprehendi

322 1300 488 1334 nunquam
505 1291 731 1335 permissuros,
750 1302 811 1325 nec
828 1296 950 1325 temere
968 1301 1063 1334 prae-

322 1343 384 1386 ripi
405 1354 572 1387 passuros,
597 1355 679 1387 quae
712 1344 775 1377 vita
807 1344 947 1388 probata
972 1344 1063 1376 dum-

322 1400 408 1428 taxat
425 1396 573 1439 aecipere
590 1401 805 1439 promeretur.
832 1396 949 1429 Omnes
975 1396 1061 1428 insu-

319 1457 381 1492 per
405 1454 437 1481 et
460 1449 626 1492 singulos,
664 1449 896 1492 cuiuscumque
931 1449 1060 1481 tandein
1081 1463 1083 1467 ·

321 1500 446 1543 gradus,
463 1501 588 1534 ordinis
608 1506 639 1534 et
657 1501 821 1543 diguitatis
839 1501 973 1541 fuerint,
993 1501 1061 1544 qui-

319 1554 380 1587 bus
397 1564 433 1587 ex
452 1554 548 1587 huius
573 1553 707 1587 Sanctae
725 1554 816 1588 Sedis
833 1554 935 1597 gratia
951 1564 1059 1587 sacros
1081 1586 1083 1590 ,

321 1606 455 1640 ordines
480 1607 644 1650 praefatos
667 1612 755 1640 extra
774 1607 887 1640 eadem
913 1612 1061 1650 tempora
1080 1630 1082 1635 ,

321 1659 532 1701 conferendi,
557 1660 606 1693 vel
631 1660 702 1693 aliis
718 1686 726 1701 ,
756 1665 791 1692 ut
814 1660 889 1693 illos
914 1660 961 1693 sic
985 1669 1061 1693 con-

321 1712 406 1747 ferre
425 1714 574 1754 valeant,
601 1713 792 1756 indulgendi
818 1719 964 1757 potestas
990 1713 1059 1746 sieri

322 1765 502 1807 consuevit,
525 1775 596 1799 cum
628 1766 754 1799 divinos
787 1766 918 1800 ordines
949 1766 1059 1808 largiri

322 1818 460 1852 districti
486 1828 616 1861 semper
647 1829 716 1852 esse
741 1818 852 1852 iudicii
889 1824 1056 1863 oporteat,

1740 220 1804 255 663

1105 284 1225 320 scente,
1243 278 1309 322 qui,
1327 279 1482 322 propriae
1496 279 1606 312 salutis
1626 279 1841 320 immemores,

1106 332 1272 366 clericales
1297 331 1440 372 ordines,
1456 332 1517 365 sibi
1535 332 1644 365 forsan
1667 342 1685 365 a
1701 332 1843 375 propriis

1105 385 1311 429 praesulibus
1336 386 1527 428 denegatos,
1546 395 1605 418 seu
1617 395 1712 428 quos,
1729 385 1844 428 aliqui-

1105 439 1165 472 bus
1190 439 1353 473 canonicis
1385 439 1447 472 sibi
1483 438 1687 473 obstantibus
1710 438 1844 482 impedi-

1106 492 1241 533 mentis,
1268 492 1424 535 denegari
1459 492 1575 526 merito
1606 496 1777 531 verentur,
1803 491 1843 523 ab

1106 545 1223 579 alicnis
1248 545 1419 590 episeopis,
1435 555 1502 579 non
1518 555 1600 589 quae
1623 544 1694 579 Iesu
1711 543 1842 584 Christi,

1106 598 1163 631 sed
1187 608 1241 632 eas
1267 608 1349 642 quae
1385 598 1425 631 ad
1458 598 1547 642 ipsos
1581 607 1646 633 non
1679 596 1845 641 pertinent

1106 661 1179 685 oves
1214 651 1247 684 in
1283 651 1463 685 animarum
1494 661 1626 684 suarum
1661 648 1844 694 perniciem

1106 703 1347 747 quaerentibus,
1363 714 1424 738 nec
1449 709 1498 738 tot
1521 704 1694 738 canonicas
1713 703 1845 736 damna-

1106 755 1211 790 tiones
1235 762 1348 791 contra
1375 762 1569 802 usurpantes
1592 756 1716 790 alienae
1740 754 1845 798 plebis

1106 809 1273 843 hominem
1302 811 1382 844 latas
1410 809 1751 854 perhorrescentibus,
1774 807 1845 840 abs-

1105 873 1168 905 que
1185 873 1317 896 suorum
1335 864 1556 906 praelatorum
1574 866 1767 901 commeatu,
1780 861 1844 894 hoc

1105 920 1152 948 est
1176 915 1371 949 dimissoriis
1395 916 1707 951 commendatitiisve
1731 924 1844 948 eorum

1105 968 1221 1002 litteris
1247 969 1403 1010 destituti,
1426 970 1505 1014 quin
1530 970 1595 1003 imo
1619 969 1666 1003 eis
1687 967 1796 1002 insciis
1814 973 1846 1000 et

1104 1031 1200 1065 saepe
1225 1022 1321 1055 etiam
1347 1022 1466 1064 invitis,
1489 1024 1548 1057 sub
1565 1023 1672 1056 minus
1690 1021 1844 1065 legitimis

1104 1073 1232 1107 benefiii
1249 1075 1491 1116 cecclesiastici,
1511 1075 1658 1119 originis,
1677 1074 1842 1114 domicilii,

1105 1137 1161 1159 seu
1180 1127 1275 1160 etiam
1294 1128 1522 1162 familiaritatis
1542 1140 1578 1162 ac
1595 1129 1768 1163 continuae
1792 1137 1845 1160 or-

1105 1180 1286 1213 dinantium
1304 1181 1534 1225 episcoporum
1557 1180 1842 1216 commensalitatis

1104 1233 1259 1276 quaesitis
1279 1234 1388 1275 titulis,
1404 1235 1437 1268 in
1455 1245 1620 1269 sacrarum
1633 1236 1743 1278 legum
1757 1234 1843 1267 frau-

1104 1286 1177 1319 dem
1204 1292 1235 1319 et
1259 1292 1506 1331 contemptum,
1539 1288 1710 1332 illegitime
1743 1287 1843 1321 susci-

1104 1339 1202 1382 piunt,
1218 1345 1314 1383 atque
1331 1340 1374 1373 ita
1386 1351 1453 1373 non
1467 1341 1626 1374 intrantes
1640 1351 1700 1384 per
1711 1341 1842 1381 ostium,

1104 1396 1136 1424 et
1170 1392 1386 1426 nihilominus
1427 1394 1672 1428 tabernaculum
1714 1394 1842 1428 Domini

1103 1454 1175 1477 cum
1195 1446 1319 1479 macula
1343 1446 1526 1480 inhabitare
1551 1457 1617 1481 non
1642 1447 1840 1488 dubitantes,

1103 1497 1296 1531 sacrificium
1321 1499 1355 1532 in
1379 1499 1589 1543 sacrilegium
1621 1505 1839 1540 convertunt,

1103 1551 1258 1585 iudicium
1280 1552 1403 1596 absque
1427 1553 1656 1588 misericordia
1678 1553 1739 1587 sibi
1765 1563 1842 1587 con-

1102 1605 1266 1646 sciscunt,
1288 1605 1422 1652 Deoque
1447 1607 1581 1640 minime
1604 1607 1786 1651 placentes,
1810 1611 1842 1640 et

1102 1664 1208 1691 tamen
1232 1659 1361 1702 placare
1385 1660 1469 1693 velle
1493 1665 1748 1703 praesumentes,
1773 1670 1841 1693 non

1101 1711 1196 1745 modo
1221 1721 1296 1745 eum
1320 1721 1384 1746 non
1403 1713 1543 1756 placant,
1560 1713 1619 1746 sed
1643 1713 1746 1757 magis
1771 1713 1841 1746 irri-

1102 1769 1178 1804 tant,
1201 1764 1276 1797 dum
1299 1764 1450 1798 videntur
1473 1765 1507 1799 in
1532 1766 1684 1800 cordibus
1709 1767 1775 1800 suis
1793 1766 1841 1800 di-

1100 1828 1173 1851 cere
1197 1817 1270 1850 Non
1294 1819 1449 1862 requiret.

1849 229 1899 258 An.
1920 229 1949 258 C.
1968 229 2034 258 teet

1144 1871 1158 1914 ἓ
1182 1870 1213 1904 3.
1241 1870 1322 1904 ilinc
1347 1877 1394 1905 est
1418 1872 1507 1915 quod
1539 1883 1607 1913 nos,
1626 1883 1664 1907 ex
1689 1874 1840 1907 commis-

1100 1933 1153 1957 sae
1171 1924 1267 1957 nobis
1286 1924 1439 1958 divinitus
1457 1926 1653 1969 apostolicae
1674 1927 1838 1960 servitutis
1851 1911 2033 1957 Βειοιῖεἳῗζὲῗέἓὲἕῗ

1851 1965 1871 1984 et
1886 1964 2033 1984 ordinationes

1100 1987 1259 2017 munere,
1287 1978 1428 2019 abusus,
1457 1979 1585 2013 fraudes
1618 1991 1655 2014 ae
1686 1982 1913 2015 scandalasuper
1941 1990 1982 2011 tue
2010 1996 2033 2011 re

321 1871 409 1904 serio
434 1871 576 1905 monitos
602 1871 775 1911 voluimus,
798 1877 833 1904 ut
857 1873 1058 1916 praescripto
1908 1883 2035 1905 innuantur

322 1923 383 1956 sibi
408 1924 549 1968 desuper
567 1923 600 1957 in
618 1924 683 1958 suis
707 1924 828 1967 quique
854 1925 1059 1958 facultatibus

322 1977 476 2011 terminos
509 1977 661 2021 religiose
687 1978 884 2018 custodiant,
913 1988 974 2011 nec
1002 1989 1057 2012 eos
1850 2016 1920 2038 edm

153 2145 221 2167 Causa
246 2145 309 2167 liuius

122 2173 292 2195 constitutionis.

321 2030 456 2064 cuiusvis
476 2031 721 2065 consuetudinis
738 2036 794 2064 aut
814 2032 954 2075 exempli
970 2043 1059 2076 prae-

319 2088 407 2117 textu
431 2085 593 2118 ullatenus
618 2084 908 2128 transgrediantur.

363 2137 423 2180 §2
437 2137 566 2177 Verum,
580 2148 645 2181 quo
659 2137 840 2181 impensius
855 2138 1057 2181 apostolicae

321 2190 568 2234 gubernationis
597 2200 706 2224 curam
732 2196 764 2224 et
788 2191 1002 2234 cogitationes
1025 2192 1057 2224 in

319 2244 403 2278 haec
422 2243 634 2285 intendimus,
657 2253 696 2278 eo
721 2244 836 2278 maiori
860 2255 934 2278 cum
959 2244 1056 2277 animi

318 2296 421 2331 nostri
447 2297 558 2331 dolore
590 2307 626 2330 ex
658 2297 898 2340 quamplurium
922 2307 1057 2331 venera-

319 2349 434 2383 bilium
458 2349 592 2383 fratrum
623 2355 812 2383 nostrorum
837 2350 1057 2393 archiepisco-

319 2412 434 2446 porum
461 2408 493 2437 et
517 2403 750 2447 episcoporum
771 2403 804 2436 in
836 2403 968 2437 diversis
1000 2414 1053 2437 re-

320 2455 472 2498 gionibus
491 2455 698 2490 existentium
717 2456 831 2490 delatis
849 2451 889 2489 ad
906 2467 966 2490 nos
980 2466 1057 2501 que-

320 2508 397 2543 relis
423 2509 630 2553 accepimus,
657 2509 804 2553 graviora
829 2510 972 2554 quotidie
995 2521 1057 2544 ma-

319 2562 438 2605 lignari
474 2562 638 2597 inimicum
672 2563 706 2597 in
740 2564 1056 2607 sanct0‚sacrilega

320 2614 444 2649 scilicet
469 2616 597 2650 illorum
618 2617 817 2661 impudentia
843 2617 872 2649 in
900 2617 966 2650 dies
988 2628 1056 2650 crc-

1100 2031 1287 2064 huiusmodi
1323 2032 1452 2075 penitus
1478 2039 1509 2066 et
1533 2033 1665 2067 omnino
1690 2045 1706 2068 e
1730 2035 1838 2068 medio

1100 2084 1227 2124 tollere,
1249 2095 1286 2117 ac
1303 2084 1521 2127 irreligiosam
1539 2086 1839 2121 contrafacientium

1100 2137 1282 2177 audaciam,
1309 2144 1465 2181 quantum
1489 2140 1584 2173 nobis
1608 2150 1645 2174 ex
1671 2141 1736 2174 alto
1761 2151 1839 2174 con-

1099 2190 1236 2231 ceditur,
1271 2200 1481 2234 compescere
1514 2198 1546 2226 et
1576 2193 1758 2236 reprimere
1785 2204 1839 2228 vo-

1099 2243 1214 2281 lentes,
1232 2252 1361 2276 necnon
1385 2243 1489 2278 felicis
1518 2246 1755 2279 recordationis
1780 2247 1838 2280 Ur-

1099 2295 1174 2328 bani
1188 2295 1251 2328 Vlll
1268 2301 1381 2329 contra
1396 2297 1482 2330 male
1500 2298 1689 2332 ordinantes
1711 2301 1837 2333 etmale

1099 2349 1287 2390 ordinatos,
1313 2360 1395 2394 quae
1420 2349 1535 2394 incipit
1558 2351 1715 2393 Secretis,
1748 2354 1838 2386 alio-

1099 2413 1233 2446 rumque
1254 2402 1474 2437 Romanornm
1492 2405 1679 2438 Pontificum
1700 2406 1837 2449 praede-

1099 2465 1264 2489 cessorum
1287 2461 1483 2497 nostrorum,
1502 2468 1538 2491 ac
1563 2458 1659 2491 etiam
1684 2459 1838 2492 concilia-

1099 2509 1188 2542 i‘ibus
1213 2509 1273 2543 hac
1293 2510 1326 2543 iu
1350 2520 1385 2544 re
1419 2510 1514 2544 editis
1547 2511 1834 2545 constitutionibus

1099 2570 1129 2596 ct
1155 2563 1412 2597 ordinationibus
1441 2564 1658 2605 inhaerentes,
1685 2565 1834 2607 illasque,

1099 2617 1205 2660 quoad
1230 2627 1267 2652 ea
1287 2628 1368 2661 quac
1395 2617 1620 2661 praesentibus
1638 2628 1704 2650 non
1722 2618 1833 2650 adver-
