2227 3225
103 224 157 252 An.
178 222 206 250 C.
228 222 294 249 ¹690

881 220 958 242 Alf-3
967 218 1066 241 xxv-Fr.
1093 219 1149 241 Ylll
1176 219 1221 242 PF.

297 270 485 314 provinciae
500 274 629 303 nostrae
644 268 871 311 Portugalliae‚
890 268 1006 309 quibus
1020 279 1035 298 a

298 333 500 366 quocumque
527 332 715 356 concessum
741 326 800 359 cst,
821 321 916 353 ctiam
935 331 950 351 a
973 331 1037 351 ma-

298 378 404 419 gistris
429 377 557 410 Ordinis
577 382 608 409 et
628 375 699 409 aliis
725 375 953 417 cuiuscumque
973 373 1037 405 sint

299 430 466 472 dignitatis
489 435 521 462 et
545 428 744 462 auctoritatis
761 455 768 468 ,
794 433 828 459 ut
858 426 1036 470 privilegiis

299 489 331 516 et
347 483 483 521 iuribus,
502 481 779 525 praeeminentiis,
797 480 944 523 aliisque,
968 479 1037 522 qui-

297 538 357 570 bus
382 537 578 580 praesentati
610 538 646 569 ea
671 536 704 568 in
725 534 901 578 vprovincia
927 539 957 565 et
982 533 1037 565 Or-

299 591 375 623 dine
400 596 512 624 nostro
536 590 705 633 potiuntur
730 595 761 621 et
785 589 935 630 gaudent,
962 587 1035 626 frui,

299 644 397 687 potiri
413 650 443 677 et
462 644 617 687 gaudere,
633 642 759 675 etiamsi
775 652 812 674 eo
830 642 930 684 gradu
950 648 1038 683 prae-

298 703 484 730 sentaturae
520 697 698 730 secundum
732 706 878 729 normam
909 701 940 727 et
965 705 1038 737 pra-

297 751 362 783 xim
387 751 517 784 Ordinis
542 751 642 783 nostri
668 749 816 792 insigniti
843 759 907 781 non
933 747 1035 785 sunt⁴,

298 814 421 847 eosque
447 814 559 837 omnes
580 810 611 836 et
635 803 780 845 singulos
804 802 987 834 reducimus
1007 807 1036 833 et

296 858 476 900 ¹redigimus
504 857 543 890 ad
570 857 719 890 eumdem
744 861 860 889 statum
880 860 908 888 et
929 854 967 887 ad
987 865 1038 887 ea-

298 912 372 945 dem
398 911 467 943 iura
492 916 523 944 et
547 910 728 954 privilegia,
746 917 826 952 quae
848 914 921 941 ante
941 909 1037 941 talem

298 965 541 998 concessionem
561 963 747 1003 habebant,
771 963 836 995 sive
858 967 973 994 statum
994 972 1040 994 sa-

299 1017 468 1051 cerdotum
505 1016 722 1060 simplicium,
748 1015 810 1048 nisi
843 1015 921 1047 alias
953 1015 1039 1046 iuxta

300 1081 449 1103 normam
473 1069 601 1103 Ordinis
627 1070 737 1112 aliquo
762 1069 865 1111 gradu
894 1068 1038 1110 insigniti

301 1124 378 1156 sint.
405 1124 540 1166 insuper
564 1123 675 1156 eadem
701 1121 891 1155 auctoritate
918 1128 1040 1164 aposto<

300 1177 371 1216 lica,
384 1183 416 1210 et
429 1177 544 1210 eodem
561 1187 653 1209 sacro
669 1176 819 1208 mandato
835 1175 1038 1212 sanctissimi,

301 1239 521 1272 quoscumque
555 1229 669 1262 fratres
701 1228 800 1261 laicos
813 1227 833 1268 2,
867 1228 933 1270 qui,
963 1238 1040 1270 qua-

301 1293 439 1326 cumque
466 1283 669 1322 auctoritate,
693 1283 788 1314 etiarn
814 1281 959 1323 magistri
985 1281 1041 1314 Or-

301 1335 396 1374 dinis,
418 1336 468 1368 vel
487 1335 549 1368 alia
573 1344 785 1377 quacumque,
802 1339 929 1366 retento
955 1339 1038 1365 statu

300 1387 417 1425 laicali,
437 1387 587 1420 habitum
605 1387 797 1420 clericorum
815 1386 976 1425 deferunt,
995 1386 1042 1418 in-

300 1445 349 1473 tra
373 1440 625 1483 vigintiquatuor
658 1440 756 1473 horas
790 1451 808 1472 a
838 1440 1040 1482 presentium

299 1492 416 1525 notitia
434 1493 581 1526 habitum
602 1492 795 1526 clericorum
814 1492 975 1525 dimittere
998 1497 1041 1525 te-

298 1550 458 1585 neantur,
491 1551 524 1578 et
556 1545 702 1578 habiturn
737 1546 872 1578 fratrum
906 1555 1041 1578 conver-

299 1609 409 1632 sorum
434 1598 566 1642 publice
592 1604 624 1631 et
647 1598 767 1642 ubique
794 1598 952 1639 deferant,
980 1600 1039 1631 sub

298 1651 414 1695 poenis
439 1651 596 1695 apostatis
623 1651 764 1692 debitis,
794 1657 826 1684 et
848 1652 1039 1695 privationis

298 1705 528 1747 suffragiorum
563 1704 705 1738 Ordinis.
744 1705 893 1738 Ceterum
926 1706 1037 1738 eadem

299 1753 490 1790 auctoritate
515 1762 546 1790 et
572 1757 718 1790 eiusdem
748 1757 949 1790 Sanctissimi
977 1758 1040 1791 ius-

300 1810 391 1843 sibus
417 1810 617 1843 declaramus
649 1821 869 1854 quascumque
895 1811 1039 1854 assigna-

300 1863 407 1895 tiones
430 1862 563 1895 fratrum
580 1863 613 1895 in
631 1863 843 1895 conventibus
860 1874 918 1906 per
944 1875 1039 1907 quos-

300 1925 440 1958 cumque
465 1915 652 1958 superiores
679 1916 782 1955 datas,
802 1921 833 1948 et
849 1927 867 1948 a
884 1927 1040 1959 quocum-

300 1978 362 2012 que
401 1969 464 2001 alio
496 1979 700 2012 quacumque
731 1969 921 2002 auctoritate
961 1972 1036 2013 pol-

299 2023 396 2058 lente.
422 2022 516 2054 aliam
533 2022 596 2054 vim
622 2027 676 2054 aut
699 2023 800 2055 robur
825 2023 947 2056 habere
972 2034 1037 2057 non

298 2084 395 2118 posse
415 2101 422 2114 ‚
460 2085 556 2118 quam
590 2075 745 2118 simplicis
780 2075 1035 2118 assignationis,

297 2138 458 2172 posseque
473 2128 659 2171 superiores
676 2129 862 2171 provinciae
879 2140 938 2172 pro
960 2135 1038 2163 tem·

297 2191 397 2223 pore,
423 2191 489 2214 non
514 2181 718 2214 obstantibus
742 2181 928 2215 huiusmodi
953 2183 1037 2215 assi-

298 2234 518 2277 gnationibus,
545 2235 661 2268 fratres
692 2246 710 2267 a
732 2234 798 2268 suis
823 2235 1034 2269 conventibus

295 2297 447 2321 amovere
466 2294 497 2321 et
520 2288 554 2321 in
578 2288 649 2321 aliis
673 2288 856 2331 assignare;
875 2294 915 2328 et,
937 2289 960 2321 si
980 2289 1033 2332 qui

297 2341 364 2376 Sint
386 2342 587 2383 renitentes,
612 2353 667 2376 eos
697 2342 869 2385 gradibus,
895 2343 1030 2385 officiis,

333 2439 343 2466 1
363 2439 457 2474 Aptius
473 2438 532 2474 lege
551 2439 611 2466 sint
630 2447 679 2473 pro
698 2441 783 2472 sunt;
803 2439 862 2466 heic
879 2444 967 2467 autem
984 2440 1033 2466 ali-

297 2485 362 2512 cuid
377 2484 509 2511 excidisse
524 2488 599 2520 puto,
616 2492 658 2511 ex.
679 2492 705 2519 g.
726 2485 895 2511 huiusmodi
913 2485 1032 2519 privile-

299 2532 352 2568 yiis
367 2531 485 2558 minime
499 2531 626 2566 yaudere
641 2534 678 2564 (n.
696 2538 711 2557 τ
726 2532 743 2563 ).

331 2576 348 2601 2
363 2575 400 2601 Ex
415 2583 472 2610 seq.
489 2575 592 2610 syntaxi
608 2576 695 2612 potius
709 2575 767 2612 lege
781 2575 957 2612 quicumque
970 2577 1031 2611 fra-

297 2624 354 2651 tres
373 2619 445 2649 laici
462 2620 503 2657 (n.
523 2620 573 2658 T.)-

1729 212 1765 245 <31

1081 278 1153 299 voce
1179 267 1282 299 activa
1307 274 1334 300 et
1361 268 1484 310 passiva
1510 269 1651 311 privatos
1676 279 1744 302 esse
1767 271 1814 302 di-

1080 319 1202 357 cimus,
1228 326 1259 352 et
1292 321 1406 363 poenis
1443 321 1575 354 arbitrio
1612 323 1813 364 superiorum

1080 373 1265 415 infligendis
1298 374 1434 406 rebelles
1466 374 1538 407 illos
1572 376 1684 408 fratres
1715 377 1815 409 subii-

1080 425 1191 465 cimus,
1209 426 1319 470 sicque
1341 437 1453 459 omnes
1472 428 1543 460 illas
1565 429 1814 471 assignationes,

1079 485 1111 511 ut
1131 481 1322 522 praefertur,
1337 491 1392 513 seu
1407 480 1680 520 confirmationes,
1698 483 1736 515 ad
1755 487 1817 514 ter-

1080 532 1184 565 minos
1210 533 1473 566 constitutionum
1497 540 1679 566 nostrarum
1709 540 1739 567 et
1766 545 1817 567 or-

1081 585 1191 617 dinum
1215 586 1430 628 capitulorum
1464 587 1664 629 generalium
1691 587 1818 620 reduci·

1081 649 1164 671 mus.
1191 638 1230 671 Ut
1256 639 1354 681 igitur
1372 639 1485 672 fratres
1504 641 1605 673 nostri
1631 640 1817 683 provinciae

1082 698 1210 724 nostrae
1236 692 1452 734 portugalliae
1485 693 1644 726 mandatis
1670 700 1701 726 et
1726 695 1820 727 iussi-

1081 745 1139 777 bus
1153 745 1345 777 sanctissimi
1365 746 1487 778 domini
1502 746 1612 786 nostri,
1631 751 1667 779 ut
1683 758 1741 790 par
1761 753 1817 786 est,

1082 799 1208 830 subsint
1225 804 1256 831 et
1274 805 1420 842 pareant,
1442 800 1633 832 mandamus
1652 800 1683 832 in
1701 800 1818 833 virtute

1082 851 1218 895 Spiritus
1243 852 1350 884 Sancti
1377 858 1408 885 et
1436 859 1565 885 sanctae
1590 853 1818 892 obedientiae,

1082 905 1142 937 sub
1162 906 1287 938 formali
1309 911 1497 949 praecepto,
1516 907 1697 939 reverendo
1712 906 1821 939 admo-

1083 959 1155 990 dum
1182 959 1265 1000 patri
1297 958 1444 991 ministro
1472 958 1660 1001 provinciali
1692 960 1821 992 moder-

1083 1021 1123 1044 no
1152 1011 1415 1054 praenominatae
1441 1011 1646 1054 provinciae,
1681 1017 1714 1044 ut
1739 1012 1820 1044 haec

1083 1065 1232 1097 mandata
1250 1070 1282 1097 et
1299 1065 1385 1097 iussa
1406 1064 1617 1104 Sanctissimi,
1637 1065 1820 1098 immediate

1084 1128 1099 1149 a
1126 1118 1346 1160 praesentium
1370 1118 1577 1161 receptione,
1601 1118 1634 1150 in
1661 1124 1821 1152 conventu

1085 1170 1345 1214 Ulyssiponensi,
1373 1177 1428 1204 aut
1452 1172 1484 1204 in
1513 1178 1672 1205 conventu
1697 1172 1730 1204 in
1756 1183 1820 1215 quo

1085 1223 1141 1255 lias
1167 1225 1339 1267 receperit,
1366 1235 1476 1257 coram
1499 1225 1648 1257 omnibus
1674 1225 1821 1268 patribus

1084 1286 1119 1308 ac
1141 1276 1292 1309 fratribus
1312 1278 1342 1309 in
1363 1278 1525 1310 communi
1544 1279 1685 1321 capitulo
1703 1279 1823 1321 signifi-

1084 1338 1156 1361 care
1173 1330 1222 1361 vel
1247 1330 1355 1371 legere
1382 1330 1510 1372 publice
1529 1331 1629 1371 faciat,
1649 1336 1681 1363 et
1698 1342 1823 1364 succes-

1083 1377 1151 1413 sive
1177 1381 1209 1413 in
1235 1382 1386 1415 omnibus
1412 1382 1623 1415 conventibus
1649 1393 1743 1416 curae
1768 1394 1824 1417 no-

1084 1439 1170 1467 strae
1205 1434 1379 1474 subiectis;
1405 1435 1644 1478 praecipientes
1670 1437 1821 1469 omnibus

1084 1493 1116 1520 et
1141 1487 1278 1530 singulis
1312 1493 1376 1520 tam
1405 1488 1566 1530 capitibus
1603 1499 1697 1532 quam
1723 1499 1823 1521 mem-

1084 1541 1151 1573 bris
1177 1547 1409 1581 conventuum,
1428 1542 1488 1574 sub
1508 1541 1632 1575 eisdem
1653 1542 1772 1575 virtute
1791 1548 1823 1575 et

1084 1600 1270 1638 praecepto,
1290 1600 1322 1628 et
1338 1595 1399 1628 sub
1420 1596 1536 1638 poenis
1561 1595 1752 1638 privationis
1771 1606 1823 1628 vo-

1084 1649 1128 1681 cis
1153 1648 1273 1681 activae
1300 1654 1329 1682 et
1354 1649 1511 1692 passivae,
1538 1649 1694 1691 graduum
1721 1654 1753 1682 et
1777 1649 1823 1682 of-

1084 1703 1245 1742 ficiorum,
1271 1708 1303 1735 et
1327 1702 1542 1735 inhabilitatis
1569 1702 1607 1735 ad
1632 1702 1710 1745 ipsa,
1733 1702 1822 1735 aliis-

1083 1765 1144 1799 que
1171 1755 1285 1799 poenis
1310 1755 1466 1798 positivis,
1491 1760 1544 1796 ut,
1568 1761 1643 1799 post
1666 1766 1822 1799 praesen—

1084 1811 1162 1842 tium
1186 1809 1424 1842 intimationem
1461 1814 1493 1842 et
1525 1809 1818 1852 significationem,

1084 1864 1163 1896 haec
1185 1863 1293 1896 omnia
1310 1863 1491 1906 respective
1515 1862 1603 1895 iuxta
1627 1863 1819 1896 sanctissimi

1083 1916 1206 1949 domini
1222 1916 1321 1949 nostri
1340 1916 1491 1949 mandata
1504 1916 1619 1959 exequi
1635 1915 1775 1949 fideliter
1789 1921 1820 1949 et

1083 1970 1316 2003 inviolabiliter
1338 1970 1475 2009 faciant,
1494 1969 1702 2011 iniungentes
1723 1979 1820 2012 supe-

1082 2023 1223 2056 rioribus
1248 2028 1466 2056 conventuum
1485 2022 1545 2055 sul]
1563 2023 1686 2055 eisdem
1703 2023 1818 2056 virtute

1082 2082 1113 2109 et
1139 2081 1324 2120 praecepto,
1349 2080 1395 2115 ut,
1421 2075 1504 2108 intra
1529 2075 1818 2118 vigigintiquatuor

1081 2131 1178 2163 horas
1189 2135 1264 2173 post
1277 2129 1496 2173 praesentium
1516 2128 1749 2171 receptionem,
1763 2140 1819 2172 pu·

1080 2185 1164 2218 blire
1185 2194 1294 2217 coram
1312 2184 1376 2216 tota
1394 2182 1626 2215 communitate
1644 2183 1754 2224 legere
1774 2182 1817 2215 fa-

1079 2238 1174 2277 ciant,
1204 2235 1436 2278 teneatnrque¹
1463 2236 1640 2268 modernus
1668 2245 1816 2268 reveren-

1079 2293 1138 2325 dus
1156 2292 1325 2324 admodum
1340 2294 1433 2332 pater
1450 2288 1658 2332 provincialis
1673 2289 1710 2322 de
1726 2299 1816 2332 prae-

1077 2345 1215 2378 sentium
1235 2343 1438 2387 receptione,
1463 2343 1521 2375 sub
1548 2342 1669 2375 eisdem
1693 2343 1812 2376 virtute

1076 2404 1109 2431 et
1132 2403 1306 2441 praecepto
1324 2401 1355 2429 et
1371 2396 1486 2439 poenis
1502 2396 1597 2428 nobis
1622 2394 1811 2434 arbitrariis,

1076 2451 1184 2484 debito
1209 2455 1355 2492 tempore
1381 2459 1438 2481 nos
1464 2448 1620 2481 certiores
1645 2448 1760 2489 facere⁷
1777 2453 1811 2480 ut

1074 2509 1239 2546 gestorum
1273 2502 1432 2535 rationem
1465 2501 1602 2534 reddere
1633 2503 1807 2534 valeamus.

1076 2557 1108 2589 ln
1133 2556 1263 2589 nomine
1288 2555 1409 2594 Patris,
1436 2560 1467 2587 et
1490 2554 1585 2594 Filii,
1610 2560 1642 2587 et
1671 2553 1804 2597 Spiritus

1109 2620 1120 2648 1
1142 2617 1209 2646 Male
1224 2617 1288 2646 edit.
1304 2618 1383 2645 Mein.
1399 2616 1465 2654 legit
1478 2620 1684 2652 taceanturque
1704 2617 1743 2652 (a.
1759 2618 1804 2652 12).

1819 223 1868 246 An.
1890 222 1918 247 C.
1939 222 2004 248 two
