2254 3225
215 257 263 283 An.
281 257 309 282 C.
335 255 397 282 {091

256 790 324 811 cim*
338 790 363 811 X.

244 817 272 837 ne
289 820 352 836 totuis
363 815 400 837 Or·

217 844 270 864 dun*v
282 849 399 868 pruvincia-

217 876 305 895 rumque
335 870 400 890 histo-

216 897 344 923 rwgmphis.

447 245 512 278 3⁶24

451 313 497 335 111.
522 301 651 334 Fratres
676 304 792 340 autem,
808 299 873 332 sive
895 299 1136 335 conventuales,

407 355 472 387 sive
490 354 634 397 hospites
660 354 690 386 in
711 358 871 385 conventu
893 355 1139 388 commorantes,

406 407 502 440 nullis
521 407 592 439 aliis
609 405 814 440 confessariis
834 404 1060 441 confiteantur,
1079 400 1139 433 nisi

406 465 527 491 tantum
553 459 629 498 illis,
650 469 730 501 quos
754 468 813 500 pro
838 461 997 489 conventu
1020 453 1140 498 pracla-

408 517 457 544 tus
476 511 705 554 designaverit.
726 511 819 543 Extra
837 514 1030 542 conventum
1053 516 1140 543 vero,

408 570 440 597 et
455 565 651 607 ubicumque
670 568 855 596 nostrorum
872 560 1141 594 confessariorum

408 617 533 660 copiam
558 628 623 649 non
644 615 839 652 habuerint,
872 612 1018 646 confiteri
1051 616 1142 654 pote-

408 676 486 702 runt
510 670 669 703 extraneis
694 667 901 701 cont'cssariis
918 677 934 698 a
952 665 1016 698 suis
1034 674 1139 707 respe-

410 723 492 756 ctive
517 722 741 766 superioribus
766 719 965 763 approbatis.

454 787 475 809 1.
508 777 728 818 Agnoscentes
762 772 932 806 utilitatem
968 771 1140 809 historiae,

411 839 492 872 quae
510 829 717 869 antiquorum
735 832 860 870 patrum
878 825 1033 867 exemplis
1051 834 1144 867 prae-

410 882 548 916 sentium
561 892 658 924 saepe
676 891 783 913 mores
794 879 939 911 ellractos
954 876 1142 915 instituant¹‚

410 941 586 979 propterea
611 934 799 967 ordinamus
819 932 902 964 utin
928 930 1069 973 capitulo
1094 940 1146 971 ge-

411 988 525 1027 nerali,
548 987 676 1031 quoties
698 997 779 1029 opus
806 984 912 1023 suerit,
931 984 1069 1025 eligatur
1096 984 1144 1016 vel

412 1040 624 1073 confirmetur
657 1050 737 1071 unus
775 1036 1056 1078 historiographus
1087 1045 1146 1078 pro

413 1099 481 1125 toto
495 1092 626 1131 Ordine,
648 1090 700 1134 qui
722 1101 832 1123 omnes
850 1100 900 1122 res
918 1089 986 1121 eius
1001 1093 1033 1120 et
1058 1094 1146 1129 gesta

412 1146 559 1187 vitasque
583 1144 757 1186 praecipue
775 1141 1146 1183 venerabiliumpatrum

413 1196 748 1241 praecellentiumque
793 1195 935 1227 virorum
974 1194 1147 1226 memoriae

414 1250 526 1288 tradat,
543 1255 639 1291 atque
657 1248 818 1291 inceptam
837 1257 964 1290 semper
981 1246 1148 1278 historiam

414 1302 505 1335 novis
537 1300 755 1334 voluminibus
786 1305 817 1332 et
841 1299 1029 1332 tractatibus
1054 1299 1150 1331 adau-

416 1361 511 1397 geat,
531 1354 680 1386 similiter
705 1359 736 1385 et
761 1353 792 1384 in
814 1352 960 1395 qualibet
983 1352 1148 1394 provincia

416 1408 495 1440 alius
514 1407 609 1440 etiam
635 1406 667 1438 in
694 1406 762 1438 eius
788 1405 938 1448 capitulis
967 1405 1151 1447 provincia-

415 1461 500 1494 libus
525 1459 731 1498 nominetur,
758 1458 810 1500 qui
844 1458 939 1490 totius
969 1457 1150 1500 provinciae

416 1524 467 1546 res
488 1513 628 1545 fideliter
652 1511 771 1543 reserat
795 1517 826 1543 et
851 1510 983 1552 digerat,
1010 1509 1096 1542 unde
1121 1515 1152 1542 et

418 1565 580 1609 generalis
600 1564 884 1606 historiographus
906 1563 1002 1596 totius
1023 1563 1150 1596 Ordinis

417 1619 588 1652 historiam
614 1617 811 1650 concinnare
836 1618 950 1650 valeat.

462 1682 498 1705 11.
525 1672 679 1703 Volumus
706 1676 825 1710 autem,
845 1675 888 1709 ut,
916 1670 969 1712 qui
994 1669 1150 1702 nominati

418 1725 538 1758 suerint
563 1724 602 1756 ad
635 1723 774 1755 officium
802 1722 998 1762 huiusmodi,
1025 1723 1090 1754 sint
1114 1722 1151 1754 ad

418 1779 496 1812 illud
523 1778 618 1820 genio
648 1782 847 1820 naturaeque
883 1775 1037 1808 facilitate
1078 1786 1153 1817 pro-

419 1832 527 1870 clives,
554 1830 653 1862 sacris
681 1829 776 1862 etiam
809 1834 840 1861 et
866 1828 1014 1861 humanis
1039 1829 1154 1860 litteris

418 1888 641 1926 praestantes:
667 1887 740 1913 ante
773 1882 978 1914 collationem
1012 1880 1154 1912 muneris

419 1946 557 1978 aequum
584 1935 663 1975 erit,
690 1940 724 1966 ut
749 1945 765 1966 a
790 1933 979 1976 provinciali
1018 1932 1153 1975 aliisque

419 1989 492 2021 viris
517 1998 624 2020 rerum
649 1988 886 2030 exprimentum
920 1986 995 2023 siat,
1021 1991 1053 2017 ut
1080 1996 1152 2018 cum

420 2041 616 2074 discretione
631 2040 776 2082 eligattng
798 2039 851 2082 qui
870 2038 1036 2082 proposito
1058 2043 1089 2070 et
1107 2038 1153 2070 in-

422 2095 564 2127 tentione
586 2093 698 2125 utilior
718 2093 864 2125 videatur
882 2097 913 2124 et
937 2091 1150 2124 commodior.

464 2157 511 2179 111.
525 2147 602 2178 Dum
622 2156 699 2187 ergo
715 2145 875 2187 generalis
885 2144 1153 2186 chronographus

420 2201 483 2233 hoc
508 2199 539 2231 in
565 2209 663 2241 opere
688 2198 892 2238 laboraverit,
912 2198 1043 2230 fratrem
1069 2208 1154 2230 ama-

421 2263 578 2286 nuensem
604 2262 730 2289 semper
763 2252 847 2294 apud
884 2262 916 2283 se
943 2251 1081 2290 habeat,
1114 2251 1153 2283 ab

421 2306 509 2338 omni
535 2308 712 2337 conventus
749 2314 847 2336 onere
882 2303 1019 2335 liberum
1047 2305 1152 2336 oleum

421 2359 517 2392 etiam
538 2385 544 2398 ,
576 2367 733 2399 papyrum
760 2362 789 2388 et
816 2361 920 2388 cetera
945 2366 1002 2388 suo
1027 2356 1152 2387 muneri

420 2410 605 2444 necessaria
630 2410 658 2441 ei
684 2420 700 2441 a
726 2409 872 2450 praelato
899 2408 1104 2447 tribuantur,
1128 2408 1152 2440 si

421 2475 486 2497 non
520 2463 616 2495 suerit
648 2461 817 2503 magister,
851 2461 1012 2502 gaudeat,
1046 2461 1152 2502 quoad

420 2517 548 2555 vietum,
578 2516 729 2548 mensura
753 2520 783 2546 et
808 2514 956 2556 portione
983 2513 1151 2554 magistri,

422 2571 446 2603 si
469 2575 574 2602 autem
601 2567 753 2609 magister
778 2566 904 2606 existat,
924 2566 1036 2598 eadem
1054 2566 1154 2598 victus

459 2632 469 2656 1
493 2630 591 2658 Forsan
614 2630 747 2656 instituat
768 2632 804 2661 (a.
830 2629 876 2661 τ.).

983 248 1161 274 armanum
1184 245 1338 271 noussen

1158 295 1261 327 'ratio
1288 293 1479 335 designetur
1503 291 1532 325 ei
1557 302 1651 335 quam
1675 290 1821 335 patribus
1837 298 1913 333 pro-

1181 347 1305 379 vinciae
1329 345 1544 389 praefiximus.

1226 409 1268 432 iv.
1295 398 1459 441 Expensae
1484 407 1581 437 vero,
1608 396 1725 440 quibus
1750 407 1811 440 pro
1836 395 1914 429 scri-

1183 451 1246 494 ptis
1271 452 1418 493 praelato
1454 449 1645 483 mandandis
1671 449 1833 492 indigeat,
1867 449 1914 482 illi

1184 503 1415 535 inviolabiliter
1457 503 1678 536 conceduntur
1715 502 1753 534 ab
1796 502 1914 536 Ordine

1184 556 1268 588 iuxta
1294 556 1437 598 magistri
1463 555 1624 598 generalis
1651 554 1913 598 dispositionem,

1185 609 1234 640 cui
1261 609 1354 641 enixe
1379 609 1567 648 suademus,
1588 613 1623 640 ut
1648 607 1721 640 totis
1745 608 1867 641 viribus
1881 619 1917 639 c)-

1184 662 1280 701 mnia,
1300 672 1380 704 quae
1399 672 1497 704 super
1521 661 1584 693 hoc
1604 661 1725 694 suerint
1741 662 1914 702 elaborata,

1185 725 1312 757 semper
1329 714 1408 746 iuris
1435 714 1543 746 comiti
1562 715 1746 747 contendat.
1769 714 1851 747 Duas
1873 714 1919 746 in-

1186 778 1285 811 super
1308 767 1429 808 missaS,
1456 773 1588 811 praeter
1611 767 1770 800 indultam
1795 778 1812 800 a
1844 778 1920 800 con-

1186 821 1361 861 stitutione,
1380 820 1521 863 generali
1537 820 1789 863 chronographo
1802 830 1920 863 perpe-

1188 879 1241 905 tuo
1267 873 1474 906 concedimus
1500 873 1530 905 in
1557 872 1692 915 singulis
1717 872 1919 915 septimanis.

1230 937 1260 958 v.
1289 925 1576 968 Historiographus
1603 930 1708 957 autem
1727 925 1920 968 provinciae,

1189 978 1212 1011 si
1232 978 1396 1021 propriam
1415 983 1446 1010 et
1466 978 1642 1020 specialem
1664 977 1832 1010 historiam
1849 988 1941 1020 pro->

1188 1031 1310 1063 vinciae
1335 1030 1486 1063 ordinare
1508 1035 1538 1062 et
1554 1029 1710 1062 accedere
1735 1029 1923 1069 constituat,

1189 1084 1219 1116 id
1246 1083 1300 1116 siat
1324 1082 1474 1126 expensis
1500 1082 1705 1125 provinciae,
1732 1081 1792 1114 nisi
1818 1092 1871 1114 eas
1897 1093 1924 1115 a·

1192 1137 1300 1170 liunde
1316 1136 1386 1179 ipse
1405 1136 1453 1168 vel
1468 1134 1602 1178 praelati
1617 1134 1822 1177 provideant,
1838 1135 1924 1178 quod

1191 1189 1215 1222 si
1241 1199 1306 1221 non
1334 1187 1445 1227 saciat,
1471 1187 1577 1218 mittat
1601 1187 1736 1229 singulis
1768 1187 1861 1220 annis
1885 1188 1923 1220 ad

1191 1241 1379 1283 magistrum
1396 1239 1525 1272 Ordinis
1550 1238 1712 1279 universa,
1731 1249 1813 1282 quae
1830 1239 1926 1282 digna

1193 1296 1295 1327 relatu
1323 1293 1482 1326 invenerit
1502 1298 1533 1325 et
1557 1292 1784 1332 elaboraverit,
1814 1298 1849 1325 ut
1873 1303 1928 1336 ge-

1193 1347 1357 1379 neralibus
1383 1344 1547 1378 chronicis
1572 1344 1771 1377 inserantur.

1236 1410 1279 1433 V1.
1306 1398 1542 1437 Immunitates,
1563 1397 1679 1440 quibus
1704 1397 1845 1439 gaudere
1871 1398 1927 1431 de-

1193 1453 1258 1492 bet,
1273 1453 1338 1485 sint
1362 1461 1426 1483 una
1450 1451 1547 1482 missa
1571 1456 1702 1493 praeter
1726 1460 1927 1483 communem

1194 1507 1224 1538 in
1243 1505 1379 1548 singulis
1400 1504 1597 1546 septimanis
1619 1504 1741 1543 oleum,
1762 1514 1926 1547 papyrum,

1194 1559 1384 1602 reliquaque
1420 1557 1459 1590 ad
1492 1556 1701 1589 scribendum
1731 1556 1925 1597 necessaria,

1195 1618 1226 1645 et
1242 1611 1369 1644 tandem
1388 1615 1495 1653 partes
1512 1608 1656 1651 magistri
1676 1609 1782 1652 quoad
1799 1608 1926 1642 victum.

1238 1675 1261 1698 Ι.
1289 1664 1365 1697 Cum
1390 1662 1588 1695 bibliotheca
1613 1661 1654 1694 sit
1678 1661 1857 1694 communis
1882 1661 1930 1694 di·
1972 1671 2040 1701 effer
2055 1671 2089 1693 xi.
2128 1700 2131 1702 v

1195 1717 1331 1760 sciplina
1359 1717 1491 1748 fratrum
1519 1721 1550 1747 et
1574 1714 1704 1747 officina
1729 1699 2125 1755 litterarum,esf-³13.”¹¹'¹¹⁰²“⁶'

1196 1772 1280 1803 unde
1307 1770 1380 1812 quis
1399 1774 1529 1811 praeter
1547 1768 1688 1810 inopiam
1715 1768 1754 1800 de
1780 1767 1930 1800 omnibus

1197 1823 1451 1861 edocerivaleat,
1463 1832 1543 1861 eam,
1560 1826 1715 1863 quantum
1731 1820 1798 1852 sieri
1817 1820 1928 1863 possit,

1196 1876 1343 1909 omnibus
1360 1873 1560 1907 facultatem¹
1575 1872 1791 1915 praecipimus
1805 1883 1874 1906 esse
1886 1873 1931 1905 in-

1196 1934 1363 1966 structam,
1381 1926 1518 1959 maxime
1544 1935 1620 1958 vero
1645 1925 1677 1957 in
1696 1925 1843 1957 domibus
1864 1930 1930 1956 stu-

1197 1982 1336 2014 diorum.
1363 1980 1423 2011 Pro
1449 1978 1595 2010 custodia
1620 1982 1726 2009 autem
1752 1982 1783 2009 et
1807 1978 1931 2009 cultura

1197 2034 1282 2067 illius
1300 2034 1431 2065 fratrem
1453 2041 1550 2063 unum
1574 2030 1764 2073 pervigilem
1785 2034 1818 2061 et
1838 2029 1930 2062 libris

1197 2088 1329 2122 omnino
1354 2085 1495 2119 deditum
1531 2084 1704 2117 constituat
1739 2084 1928 2126 praelatus,

1195 2142 1243 2175 cui
1263 2140 1394 2174 omnino
1414 2137 1615 2171 bibliotheca
1640 2141 1672 2168 et
1695 2135 1854 2169 librorum
1872 2146 1929 2168 nu-

1196 2204 1305 2227 merus
1320 2193 1472 2229 tradatur,
1491 2191 1529 2222 de
1548 2189 1674 2232 quibus,
1692 2199 1763 2221 cum
1785 2189 1929 2230 postula-

1196 2254 1245 2280 tus
1270 2245 1371 2284 suerit,
1394 2244 1549 2276 rationem
1576 2241 1711 2274 reddere
1731 2241 1858 2273 debeat.
1882 2241 1928 2273 Ad

1198 2301 1259 2332 hoc
1274 2308 1349 2331 vero
1363 2296 1397 2328 fit
1411 2296 1526 2338 duplex
1545 2293 1771 2332 inventarium,
1791 2303 1929 2336 quorum

1197 2354 1333 2385 alterum
1360 2350 1391 2381 in
1417 2352 1579 2381 conventu
1616 2346 1799 2388 depositum
1826 2345 1930 2387 inclu-

1197 2407 1302 2443 datur,
1323 2405 1456 2435 alterum
1472 2411 1546 2433 vero
1565 2399 1651 2442 apud
1670 2398 1774 2442 ipsum
1800 2403 1930 2432 maneat

1196 2455 1494 2491 bibliothecarium,
1513 2454 1593 2485 itaut
1609 2453 1641 2484 in
1662 2451 1725 2484 fine
1751 2452 1932 2495 utriusque,

1197 2517 1228 2544 et,
1253 2509 1519 2553 quotiescumque
1544 2506 1703 2539 librorum
1729 2506 1860 2537 mutatio
1878 2504 1932 2537 siat

1198 2565 1230 2596 in
1244 2562 1399 2606 qualitate
1417 2561 1466 2592 vel
1492 2569 1635 2597 numero,
1653 2558 1833 2590 subscribat
1851 2567 1931 2590 sem-

1235 2626 1243 2651 l
1262 2624 1360 2651 Forsan
1373 2622 1558 2656 facultalibus
1570 2620 1648 2648 lectio
1661 2619 1818 2655 imperfecta
1833 2619 1869 2654 (a.
1880 2619 1928 2653 T.)-

1920 239 1970 267 Αη.
1989 239 2018 267 c.
2034 219 2099 267 ¹394
