<?xml version="1.0" encoding="UTF-8"?>
<!DOCTYPE html PUBLIC "-//W3C//DTD XHTML 1.0 Transitional//EN"
    "http://www.w3.org/TR/xhtml1/DTD/xhtml1-transitional.dtd">
<html xmlns="http://www.w3.org/1999/xhtml" xml:lang="en" lang="en">
 <head>
  <title>
</title>
<meta http-equiv="Content-Type" content="text/html;charset=utf-8" />
  <meta name='ocr-system' content='tesseract 3.04.00' />
  <meta name='ocr-capabilities' content='ocr_page ocr_carea ocr_par ocr_line ocrx_word'/>
</head>
<body>
  <div class='ocr_page' id='page_1' title='image "./bullarumdiplomat20cath_1078.png"; bbox 0 0 2254 3225; ppageno 0'>
   <div class='ocr_carea' id='block_1_1' title="bbox 447 261 510 294">
    <p class='ocr_par' dir='ltr' id='par_1_1' title="bbox 447 261 510 294">
     <span class='ocr_line' id='line_1_1' title="bbox 447 261 510 294; baseline 0 0"><span class='ocrx_word' id='word_1_1' title='bbox 447 261 510 294; x_wconf 82' lang='lat'>988</span> 
     </span>
    </p>
   </div>
   <div class='ocr_carea' id='block_1_2' title="bbox 407 323 1148 630">
    <p class='ocr_par' dir='ltr' id='par_1_2' title="bbox 492 323 1148 475">
     <span class='ocr_line' id='line_1_2' title="bbox 492 323 1146 363; baseline 0.002 -7"><span class='ocrx_word' id='word_1_2' title='bbox 492 323 542 357; x_wconf 87' lang='lat' dir='ltr'>dei</span> <span class='ocrx_word' id='word_1_3' title='bbox 572 329 602 356; x_wconf 90' lang='lat' dir='ltr'>et</span> <span class='ocrx_word' id='word_1_4' title='bbox 634 323 791 363; x_wconf 88' lang='lat' dir='ltr'>Quitensis</span> <span class='ocrx_word' id='word_1_5' title='bbox 823 324 855 356; x_wconf 93' lang='lat' dir='ltr'>in</span> <span class='ocrx_word' id='word_1_6' title='bbox 880 324 974 357; x_wconf 90' lang='lat' dir='ltr'>Indiis</span> <span class='ocrx_word' id='word_1_7' title='bbox 999 324 1146 358; x_wconf 89' lang='lat' dir='ltr'>Occiden-</span> 
     </span>
     <span class='ocr_line' id='line_1_3' title="bbox 494 377 1148 422; baseline 0 -11"><span class='ocrx_word' id='word_1_8' title='bbox 494 378 607 411; x_wconf 84' lang='lat' dir='ltr'>talibus</span> <span class='ocrx_word' id='word_1_9' title='bbox 633 377 670 410; x_wconf 88' lang='lat' dir='ltr'>ad</span> <span class='ocrx_word' id='word_1_10' title='bbox 696 378 773 412; x_wconf 87' lang='lat' dir='ltr'>alios</span> <span class='ocrx_word' id='word_1_11' title='bbox 804 378 937 421; x_wconf 80' lang='lat' dir='ltr'>gradus,</span> <span class='ocrx_word' id='word_1_12' title='bbox 963 384 992 411; x_wconf 90' lang='lat' dir='ltr'>ct</span> <span class='ocrx_word' id='word_1_13' title='bbox 1026 378 1056 410; x_wconf 90' lang='lat' dir='ltr'>in</span> <span class='ocrx_word' id='word_1_14' title='bbox 1080 389 1148 422; x_wconf 88' lang='lat' dir='ltr'>per-</span> 
     </span>
     <span class='ocr_line' id='line_1_4' title="bbox 494 430 737 475; baseline -0.004 -11"><span class='ocrx_word' id='word_1_15' title='bbox 494 437 637 475; x_wconf 87' lang='lat' dir='ltr'>petuum,</span> <span class='ocrx_word' id='word_1_16' title='bbox 663 430 737 464; x_wconf 33' lang='lat'><strong>5⁴48.</strong></span> 
     </span>
    </p>

    <p class='ocr_par' dir='ltr' id='par_1_3' title="bbox 407 483 1146 630">
     <span class='ocr_line' id='line_1_5' title="bbox 407 483 1146 527; baseline 0 -11"><span class='ocrx_word' id='word_1_17' title='bbox 407 484 504 518; x_wconf 83' lang='lat' dir='ltr'>LXIV.</span> <span class='ocrx_word' id='word_1_18' title='bbox 530 485 734 517; x_wconf 86' lang='lat' dir='ltr'>Declarantur</span> <span class='ocrx_word' id='word_1_19' title='bbox 759 484 843 516; x_wconf 89' lang='lat' dir='ltr'>nulla</span> <span class='ocrx_word' id='word_1_20' title='bbox 866 483 967 516; x_wconf 88' lang='lat' dir='ltr'>edicta</span> <span class='ocrx_word' id='word_1_21' title='bbox 993 484 1146 527; x_wconf 83' lang='lat' dir='ltr'>praetoris</span> 
     </span>
     <span class='ocr_line' id='line_1_6' title="bbox 493 536 1146 572; baseline -0.005 -1"><span class='ocrx_word' id='word_1_22' title='bbox 493 537 712 572; x_wconf 69' lang='lat' dir='ltr'>Cremonensis</span> <span class='ocrx_word' id='word_1_23' title='bbox 752 537 790 569; x_wconf 84' lang='lat' dir='ltr'>do</span> <span class='ocrx_word' id='word_1_24' title='bbox 826 536 1036 570; x_wconf 77' lang='lat' dir='ltr'>celebratione</span> <span class='ocrx_word' id='word_1_25' title='bbox 1077 536 1146 570; x_wconf 80' lang='lat' dir='ltr'>sesti</span> 
     </span>
     <span class='ocr_line' id='line_1_7' title="bbox 495 589 880 630; baseline -0.003 -7"><span class='ocrx_word' id='word_1_26' title='bbox 495 591 591 624; x_wconf 87' lang='lat' dir='ltr'>sancti</span> <span class='ocrx_word' id='word_1_27' title='bbox 618 589 786 630; x_wconf 86' lang='lat' dir='ltr'>Dominici,</span> <span class='ocrx_word' id='word_1_28' title='bbox 807 589 880 622; x_wconf 77' lang='lat'>550.</span> 
     </span>
    </p>
   </div>
   <div class='ocr_carea' id='block_1_3' title="bbox 408 641 1174 686">
    <p class='ocr_par' dir='ltr' id='par_1_4' title="bbox 408 641 1174 686">
     <span class='ocr_line' id='line_1_8' title="bbox 408 641 1174 686; baseline -0.003 -9"><span class='ocrx_word' id='word_1_29' title='bbox 408 643 493 677; x_wconf 87' lang='lat' dir='ltr'><strong>LXV.</strong></span> <span class='ocrx_word' id='word_1_30' title='bbox 518 643 701 677; x_wconf 69' lang='lat' dir='ltr'>Declaratur</span> <span class='ocrx_word' id='word_1_31' title='bbox 725 649 755 676; x_wconf 88' lang='lat' dir='ltr'>et</span> <span class='ocrx_word' id='word_1_32' title='bbox 772 642 941 686; x_wconf 87' lang='lat' dir='ltr'>ampliatur</span> <span class='ocrx_word' id='word_1_33' title='bbox 967 643 1148 676; x_wconf 88' lang='lat' dir='ltr'>constitutio</span> <span class='ocrx_word' id='word_1_34' title='bbox 1173 641 1174 662; x_wconf 58' lang='lat' dir='ltr'><strong>I</strong></span> 
     </span>
    </p>
   </div>
   <div class='ocr_carea' id='block_1_4' title="bbox 494 696 1149 783">
    <p class='ocr_par' dir='ltr' id='par_1_5' title="bbox 494 696 1149 783">
     <span class='ocr_line' id='line_1_9' title="bbox 494 696 1149 739; baseline -0.002 -10"><span class='ocrx_word' id='word_1_35' title='bbox 494 696 708 739; x_wconf 80' lang='lat' dir='ltr'>abrogationis</span> <span class='ocrx_word' id='word_1_36' title='bbox 733 696 943 729; x_wconf 83' lang='lat' dir='ltr'>discretorum</span> <span class='ocrx_word' id='word_1_37' title='bbox 962 696 1000 728; x_wconf 85' lang='lat' dir='ltr'>ad</span> <span class='ocrx_word' id='word_1_38' title='bbox 1025 696 1149 739; x_wconf 76' lang='lat' dir='ltr'>provin-</span> 
     </span>
     <span class='ocr_line' id='line_1_10' title="bbox 494 750 1149 783; baseline -0.002 -1"><span class='ocrx_word' id='word_1_39' title='bbox 494 750 558 782; x_wconf 88' lang='lat' dir='ltr'>cias</span> <span class='ocrx_word' id='word_1_40' title='bbox 590 750 730 783; x_wconf 76' lang='lat' dir='ltr'>Baeticae</span> <span class='ocrx_word' id='word_1_41' title='bbox 762 756 792 783; x_wconf 86' lang='lat' dir='ltr'>et</span> <span class='ocrx_word' id='word_1_42' title='bbox 825 750 982 783; x_wconf 78' lang='lat' dir='ltr'>Navarrae</span> <span class='ocrx_word' id='word_1_43' title='bbox 1016 750 1149 782; x_wconf 75' lang='lat' dir='ltr'>fratrum</span> 
     </span>
    </p>
   </div>
   <div class='ocr_carea' id='block_1_5' title="bbox 494 802 1176 846">
    <p class='ocr_par' dir='ltr' id='par_1_6' title="bbox 494 802 1176 846">
     <span class='ocr_line' id='line_1_11' title="bbox 494 802 1176 846; baseline -0.001 -10"><span class='ocrx_word' id='word_1_44' title='bbox 494 802 763 846; x_wconf 84' lang='lat' dir='ltr'>Capuccinorum,</span> <span class='ocrx_word' id='word_1_45' title='bbox 788 813 860 835; x_wconf 90' lang='lat' dir='ltr'>cum</span> <span class='ocrx_word' id='word_1_46' title='bbox 896 802 1054 836; x_wconf 88' lang='lat' dir='ltr'>nonnullis</span> <span class='ocrx_word' id='word_1_47' title='bbox 1091 812 1146 835; x_wconf 93' lang='lat' dir='ltr'>or·</span> <span class='ocrx_word' id='word_1_48' title='bbox 1175 805 1176 820; x_wconf 70' lang='lat'><em>³</em></span> 
     </span>
    </p>
   </div>
   <div class='ocr_carea' id='block_1_6' title="bbox 408 855 1166 2716">
    <p class='ocr_par' dir='ltr' id='par_1_7' title="bbox 496 855 819 897">
     <span class='ocr_line' id='line_1_12' title="bbox 496 855 819 897; baseline 0 -9"><span class='ocrx_word' id='word_1_49' title='bbox 496 855 719 897; x_wconf 84' lang='lat' dir='ltr'>dinationibus,</span> <span class='ocrx_word' id='word_1_50' title='bbox 745 855 819 889; x_wconf 70' lang='lat'><strong>552.</strong></span> 
     </span>
    </p>

    <p class='ocr_par' dir='ltr' id='par_1_8' title="bbox 408 907 1151 1058">
     <span class='ocr_line' id='line_1_13' title="bbox 408 907 1151 942; baseline -0.001 0"><span class='ocrx_word' id='word_1_51' title='bbox 408 907 511 942; x_wconf 81' lang='lat' dir='ltr'><strong>LXVI.</strong></span> <span class='ocrx_word' id='word_1_52' title='bbox 539 909 750 942; x_wconf 80' lang='lat' dir='ltr'>Confirmatur</span> <span class='ocrx_word' id='word_1_53' title='bbox 775 909 938 942; x_wconf 87' lang='lat' dir='ltr'>decretum</span> <span class='ocrx_word' id='word_1_54' title='bbox 964 908 1151 941; x_wconf 84' lang='lat' dir='ltr'>universita-</span> 
     </span>
     <span class='ocr_line' id='line_1_14' title="bbox 497 962 1151 996; baseline 0 -1"><span class='ocrx_word' id='word_1_55' title='bbox 497 962 535 996; x_wconf 89' lang='lat' dir='ltr'>tis</span> <span class='ocrx_word' id='word_1_56' title='bbox 562 968 725 996; x_wconf 88' lang='lat' dir='ltr'>tonsorum</span> <span class='ocrx_word' id='word_1_57' title='bbox 750 963 787 996; x_wconf 85' lang='lat' dir='ltr'>de</span> <span class='ocrx_word' id='word_1_58' title='bbox 814 963 896 996; x_wconf 84' lang='lat' dir='ltr'>Urbe</span> <span class='ocrx_word' id='word_1_59' title='bbox 917 968 1027 996; x_wconf 88' lang='lat' dir='ltr'>contra</span> <span class='ocrx_word' id='word_1_60' title='bbox 1048 962 1151 995; x_wconf 75' lang='lat' dir='ltr'>vendi-</span> 
     </span>
     <span class='ocr_line' id='line_1_15' title="bbox 498 1015 1099 1058; baseline -0.002 -9"><span class='ocrx_word' id='word_1_61' title='bbox 498 1020 581 1049; x_wconf 84' lang='lat' dir='ltr'>tores</span> <span class='ocrx_word' id='word_1_62' title='bbox 606 1027 735 1049; x_wconf 89' lang='lat' dir='ltr'>suarum</span> <span class='ocrx_word' id='word_1_63' title='bbox 762 1016 999 1058; x_wconf 73' lang='lat' dir='ltr'>tonstrinarum,</span> <span class='ocrx_word' id='word_1_64' title='bbox 1025 1015 1099 1050; x_wconf 77' lang='lat'><strong>554.</strong></span> 
     </span>
    </p>

    <p class='ocr_par' dir='ltr' id='par_1_9' title="bbox 410 1068 1155 1424">
     <span class='ocr_line' id='line_1_16' title="bbox 410 1068 1149 1113; baseline 0 -12"><span class='ocrx_word' id='word_1_65' title='bbox 410 1068 521 1102; x_wconf 77' lang='lat' dir='ltr'><strong>LXVII.</strong></span> <span class='ocrx_word' id='word_1_66' title='bbox 546 1069 731 1102; x_wconf 83' lang='lat' dir='ltr'>Declaratur</span> <span class='ocrx_word' id='word_1_67' title='bbox 755 1075 785 1102; x_wconf 88' lang='lat' dir='ltr'>et</span> <span class='ocrx_word' id='word_1_68' title='bbox 809 1070 979 1113; x_wconf 91' lang='lat' dir='ltr'>ampliatur</span> <span class='ocrx_word' id='word_1_69' title='bbox 1004 1069 1149 1103; x_wconf 81' lang='lat' dir='ltr'>Clemen-</span> 
     </span>
     <span class='ocr_line' id='line_1_17' title="bbox 499 1122 1153 1167; baseline 0 -12"><span class='ocrx_word' id='word_1_70' title='bbox 499 1122 537 1155; x_wconf 87' lang='lat' dir='ltr'>tis</span> <span class='ocrx_word' id='word_1_71' title='bbox 564 1122 589 1156; x_wconf 89' lang='lat' dir='ltr'>X</span> <span class='ocrx_word' id='word_1_72' title='bbox 614 1123 796 1156; x_wconf 87' lang='lat' dir='ltr'>constitutio</span> <span class='ocrx_word' id='word_1_73' title='bbox 821 1133 881 1167; x_wconf 88' lang='lat' dir='ltr'>pro</span> <span class='ocrx_word' id='word_1_74' title='bbox 898 1123 1039 1166; x_wconf 82' lang='lat' dir='ltr'>collegiis</span> <span class='ocrx_word' id='word_1_75' title='bbox 1052 1123 1081 1156; x_wconf 83' lang='lat' dir='ltr'>S.</span> <span class='ocrx_word' id='word_1_76' title='bbox 1104 1122 1153 1155; x_wconf 89' lang='lat' dir='ltr'>Fi-</span> 
     </span>
     <span class='ocr_line' id='line_1_18' title="bbox 498 1176 1154 1217; baseline -0.002 -8"><span class='ocrx_word' id='word_1_77' title='bbox 498 1176 547 1209; x_wconf 87' lang='lat' dir='ltr'>dei</span> <span class='ocrx_word' id='word_1_78' title='bbox 573 1182 603 1209; x_wconf 87' lang='lat' dir='ltr'>et</span> <span class='ocrx_word' id='word_1_79' title='bbox 626 1176 800 1217; x_wconf 86' lang='lat' dir='ltr'>Quitcnsis‚</span> <span class='ocrx_word' id='word_1_80' title='bbox 826 1176 993 1210; x_wconf 85' lang='lat' dir='ltr'>SocIetatis</span> <span class='ocrx_word' id='word_1_81' title='bbox 1018 1176 1097 1217; x_wconf 85' lang='lat' dir='ltr'>lesu,</span> <span class='ocrx_word' id='word_1_82' title='bbox 1122 1176 1154 1208; x_wconf 88' lang='lat' dir='ltr'>in</span> 
     </span>
     <span class='ocr_line' id='line_1_19' title="bbox 497 1229 1154 1271; baseline 0 -9"><span class='ocrx_word' id='word_1_83' title='bbox 497 1229 592 1263; x_wconf 90' lang='lat' dir='ltr'>Indiis</span> <span class='ocrx_word' id='word_1_84' title='bbox 620 1229 888 1271; x_wconf 87' lang='lat' dir='ltr'>Occidentalibus‚</span> <span class='ocrx_word' id='word_1_85' title='bbox 921 1231 959 1264; x_wconf 88' lang='lat' dir='ltr'>de</span> <span class='ocrx_word' id='word_1_86' title='bbox 991 1230 1154 1264; x_wconf 87' lang='lat' dir='ltr'>conferen-</span> 
     </span>
     <span class='ocr_line' id='line_1_20' title="bbox 497 1282 1155 1328; baseline 0.002 -12"><span class='ocrx_word' id='word_1_87' title='bbox 497 1282 563 1324; x_wconf 90' lang='lat' dir='ltr'>dis,</span> <span class='ocrx_word' id='word_1_88' title='bbox 589 1289 748 1328; x_wconf 81' lang='lat' dir='ltr'>tamquam</span> <span class='ocrx_word' id='word_1_89' title='bbox 782 1285 814 1317; x_wconf 86' lang='lat' dir='ltr'>In</span> <span class='ocrx_word' id='word_1_90' title='bbox 846 1284 1073 1324; x_wconf 72' lang='lat' dir='ltr'>universitate,</span> <span class='ocrx_word' id='word_1_91' title='bbox 1103 1283 1155 1317; x_wconf 93' lang='lat' dir='ltr'>do-</span> 
     </span>
     <span class='ocr_line' id='line_1_21' title="bbox 498 1337 1155 1381; baseline -0.003 -10"><span class='ocrx_word' id='word_1_92' title='bbox 498 1337 594 1371; x_wconf 85' lang='lat' dir='ltr'>ctoris</span> <span class='ocrx_word' id='word_1_93' title='bbox 611 1337 760 1371; x_wconf 86' lang='lat' dir='ltr'>licentiati</span> <span class='ocrx_word' id='word_1_94' title='bbox 777 1344 807 1371; x_wconf 90' lang='lat' dir='ltr'>et</span> <span class='ocrx_word' id='word_1_95' title='bbox 831 1338 974 1381; x_wconf 84' lang='lat' dir='ltr'>magistri</span> <span class='ocrx_word' id='word_1_96' title='bbox 994 1337 1155 1381; x_wconf 76' lang='lat' dir='ltr'>gradibus,</span> 
     </span>
     <span class='ocr_line' id='line_1_22' title="bbox 499 1390 573 1424; baseline 0 0"><span class='ocrx_word' id='word_1_97' title='bbox 499 1390 573 1424; x_wconf 90' lang='lat'>555.</span> 
     </span>
    </p>

    <p class='ocr_par' dir='ltr' id='par_1_10' title="bbox 411 1443 1158 1755">
     <span class='ocr_line' id='line_1_23' title="bbox 411 1443 1157 1480; baseline -0.001 -2"><span class='ocrx_word' id='word_1_98' title='bbox 411 1443 542 1480; x_wconf 83' lang='lat' dir='ltr'><strong>LXVIII.</strong></span> <span class='ocrx_word' id='word_1_99' title='bbox 567 1445 763 1479; x_wconf 86' lang='lat' dir='ltr'>Revocantur</span> <span class='ocrx_word' id='word_1_100' title='bbox 784 1452 813 1479; x_wconf 90' lang='lat' dir='ltr'>et</span> <span class='ocrx_word' id='word_1_101' title='bbox 829 1445 1024 1479; x_wconf 88' lang='lat' dir='ltr'>reducuntur</span> <span class='ocrx_word' id='word_1_102' title='bbox 1045 1445 1083 1477; x_wconf 84' lang='lat' dir='ltr'>ad</span> <span class='ocrx_word' id='word_1_103' title='bbox 1097 1445 1157 1478; x_wconf 88' lang='lat' dir='ltr'>sor-</span> 
     </span>
     <span class='ocr_line' id='line_1_24' title="bbox 499 1497 1156 1542; baseline -0.002 -11"><span class='ocrx_word' id='word_1_104' title='bbox 499 1509 583 1531; x_wconf 85' lang='lat' dir='ltr'>mam</span> <span class='ocrx_word' id='word_1_105' title='bbox 608 1499 801 1532; x_wconf 82' lang='lat' dir='ltr'>ordinariam</span> <span class='ocrx_word' id='word_1_106' title='bbox 835 1499 1007 1542; x_wconf 83' lang='lat' dir='ltr'>peculiaria</span> <span class='ocrx_word' id='word_1_107' title='bbox 1038 1497 1156 1530; x_wconf 86' lang='lat' dir='ltr'>indulta</span> 
     </span>
     <span class='ocr_line' id='line_1_25' title="bbox 500 1551 1156 1595; baseline -0.005 -10"><span class='ocrx_word' id='word_1_108' title='bbox 500 1551 633 1585; x_wconf 86' lang='lat' dir='ltr'>testandi</span> <span class='ocrx_word' id='word_1_109' title='bbox 659 1552 846 1595; x_wconf 84' lang='lat' dir='ltr'>quibusdam</span> <span class='ocrx_word' id='word_1_110' title='bbox 873 1552 1096 1593; x_wconf 80' lang='lat' dir='ltr'>cardinalibus,</span> <span class='ocrx_word' id='word_1_111' title='bbox 1118 1561 1156 1583; x_wconf 92' lang='lat' dir='ltr'>a-</span> 
     </span>
     <span class='ocr_line' id='line_1_26' title="bbox 501 1603 1156 1649; baseline -0.003 -11"><span class='ocrx_word' id='word_1_112' title='bbox 501 1605 611 1649; x_wconf 82' lang='lat' dir='ltr'>liisque</span> <span class='ocrx_word' id='word_1_113' title='bbox 636 1616 793 1646; x_wconf 85' lang='lat' dir='ltr'>concessa,</span> <span class='ocrx_word' id='word_1_114' title='bbox 820 1608 941 1638; x_wconf 76' lang='lat' dir='ltr'>servata</span> <span class='ocrx_word' id='word_1_115' title='bbox 968 1610 1071 1637; x_wconf 85' lang='lat' dir='ltr'>tamen</span> <span class='ocrx_word' id='word_1_116' title='bbox 1089 1603 1156 1638; x_wconf 87' lang='lat' dir='ltr'>Cle-</span> 
     </span>
     <span class='ocr_line' id='line_1_27' title="bbox 502 1657 1158 1692; baseline -0.005 -1"><span class='ocrx_word' id='word_1_117' title='bbox 502 1658 613 1692; x_wconf 83' lang='lat' dir='ltr'>mentis</span> <span class='ocrx_word' id='word_1_118' title='bbox 627 1658 664 1692; x_wconf 88' lang='lat' dir='ltr'>IX</span> <span class='ocrx_word' id='word_1_119' title='bbox 682 1658 867 1691; x_wconf 87' lang='lat' dir='ltr'>eorumdem</span> <span class='ocrx_word' id='word_1_120' title='bbox 886 1657 1081 1691; x_wconf 89' lang='lat' dir='ltr'>indultorum</span> <span class='ocrx_word' id='word_1_121' title='bbox 1095 1667 1158 1689; x_wconf 91' lang='lat' dir='ltr'>am-</span> 
     </span>
     <span class='ocr_line' id='line_1_28' title="bbox 504 1711 764 1755; baseline 0 -11"><span class='ocrx_word' id='word_1_122' title='bbox 504 1712 665 1755; x_wconf 88' lang='lat' dir='ltr'>pliatione,</span> <span class='ocrx_word' id='word_1_123' title='bbox 691 1711 764 1745; x_wconf 87' lang='lat'>557.</span> 
     </span>
    </p>

    <p class='ocr_par' dir='ltr' id='par_1_11' title="bbox 412 1763 1154 1806">
     <span class='ocr_line' id='line_1_29' title="bbox 412 1763 1154 1806; baseline -0.004 -8"><span class='ocrx_word' id='word_1_124' title='bbox 412 1764 512 1798; x_wconf 84' lang='lat' dir='ltr'><strong>LXIX.</strong></span> <span class='ocrx_word' id='word_1_125' title='bbox 539 1764 750 1798; x_wconf 80' lang='lat' dir='ltr'>Confirmatur</span> <span class='ocrx_word' id='word_1_126' title='bbox 780 1764 943 1797; x_wconf 87' lang='lat' dir='ltr'>decretum</span> <span class='ocrx_word' id='word_1_127' title='bbox 969 1763 1154 1806; x_wconf 80' lang='lat' dir='ltr'>Congrega-</span> 
     </span>
    </p>

    <p class='ocr_par' dir='ltr' id='par_1_12' title="bbox 416 1815 1159 1969">
     <span class='ocr_line' id='line_1_30' title="bbox 416 1815 1158 1861; baseline -0.004 -10"><span class='ocrx_word' id='word_1_128' title='bbox 416 1815 420 1817; x_wconf 39' lang='grc'><em>“</em></span> <span class='ocrx_word' id='word_1_129' title='bbox 504 1818 597 1852; x_wconf 87' lang='lat' dir='ltr'>tionis</span> <span class='ocrx_word' id='word_1_130' title='bbox 633 1818 833 1861; x_wconf 88' lang='lat' dir='ltr'>particularis</span> <span class='ocrx_word' id='word_1_131' title='bbox 869 1827 963 1861; x_wconf 90' lang='lat' dir='ltr'>super</span> <span class='ocrx_word' id='word_1_132' title='bbox 999 1816 1158 1850; x_wconf 88' lang='lat' dir='ltr'>nonnullis</span> 
     </span>
     <span class='ocr_line' id='line_1_31' title="bbox 503 1869 1159 1904; baseline -0.005 0"><span class='ocrx_word' id='word_1_133' title='bbox 503 1871 608 1904; x_wconf 89' lang='lat' dir='ltr'>dubiis</span> <span class='ocrx_word' id='word_1_134' title='bbox 625 1882 642 1903; x_wconf 89' lang='lat' dir='ltr'>a</span> <span class='ocrx_word' id='word_1_135' title='bbox 660 1871 810 1904; x_wconf 79' lang='lat' dir='ltr'>fratribus</span> <span class='ocrx_word' id='word_1_136' title='bbox 830 1870 925 1903; x_wconf 89' lang='lat' dir='ltr'>Tertii</span> <span class='ocrx_word' id='word_1_137' title='bbox 951 1869 1076 1903; x_wconf 86' lang='lat' dir='ltr'>Ordinis</span> <span class='ocrx_word' id='word_1_138' title='bbox 1093 1879 1159 1902; x_wconf 90' lang='lat' dir='ltr'>san-</span> 
     </span>
     <span class='ocr_line' id='line_1_32' title="bbox 504 1922 1036 1969; baseline -0.006 -11"><span class='ocrx_word' id='word_1_139' title='bbox 504 1924 544 1958; x_wconf 90' lang='lat' dir='ltr'>cti</span> <span class='ocrx_word' id='word_1_140' title='bbox 569 1925 729 1958; x_wconf 85' lang='lat' dir='ltr'>Francisci</span> <span class='ocrx_word' id='word_1_141' title='bbox 754 1924 935 1969; x_wconf 84' lang='lat' dir='ltr'>propositis,</span> <span class='ocrx_word' id='word_1_142' title='bbox 963 1922 1036 1956; x_wconf 82' lang='lat'>563.</span> 
     </span>
    </p>

    <p class='ocr_par' dir='ltr' id='par_1_13' title="bbox 414 1976 1161 2182">
     <span class='ocr_line' id='line_1_33' title="bbox 414 1976 1157 2020; baseline -0.004 -9"><span class='ocrx_word' id='word_1_143' title='bbox 414 1978 498 2012; x_wconf 90' lang='lat' dir='ltr'><strong>LXX.</strong></span> <span class='ocrx_word' id='word_1_144' title='bbox 524 1977 757 2011; x_wconf 86' lang='lat' dir='ltr'>Confirmantur</span> <span class='ocrx_word' id='word_1_145' title='bbox 782 1978 908 2011; x_wconf 83' lang='lat' dir='ltr'>decreta</span> <span class='ocrx_word' id='word_1_146' title='bbox 940 1987 1034 2020; x_wconf 87' lang='lat' dir='ltr'>super</span> <span class='ocrx_word' id='word_1_147' title='bbox 1059 1976 1157 2009; x_wconf 85' lang='lat' dir='ltr'>colla-</span> 
     </span>
     <span class='ocr_line' id='line_1_34' title="bbox 504 2030 1160 2074; baseline -0.003 -10"><span class='ocrx_word' id='word_1_148' title='bbox 504 2032 586 2065; x_wconf 87' lang='lat' dir='ltr'>tione</span> <span class='ocrx_word' id='word_1_149' title='bbox 611 2032 802 2065; x_wconf 88' lang='lat' dir='ltr'>lecturarum</span> <span class='ocrx_word' id='word_1_150' title='bbox 829 2031 1010 2074; x_wconf 87' lang='lat' dir='ltr'>provinciae</span> <span class='ocrx_word' id='word_1_151' title='bbox 1043 2030 1160 2064; x_wconf 84' lang='lat' dir='ltr'>Castel-</span> 
     </span>
     <span class='ocr_line' id='line_1_35' title="bbox 503 2084 1161 2118; baseline -0.005 0"><span class='ocrx_word' id='word_1_152' title='bbox 503 2085 550 2118; x_wconf 87' lang='lat' dir='ltr'>Iac</span> <span class='ocrx_word' id='word_1_153' title='bbox 575 2086 706 2118; x_wconf 80' lang='lat' dir='ltr'>fratrum</span> <span class='ocrx_word' id='word_1_154' title='bbox 733 2085 943 2118; x_wconf 77' lang='lat' dir='ltr'>Eremitarum</span> <span class='ocrx_word' id='word_1_155' title='bbox 976 2084 1074 2116; x_wconf 85' lang='lat' dir='ltr'>sancti</span> <span class='ocrx_word' id='word_1_156' title='bbox 1098 2084 1161 2116; x_wconf 80' lang='lat' dir='ltr'>Au-</span> 
     </span>
     <span class='ocr_line' id='line_1_36' title="bbox 510 2138 736 2182; baseline -0.004 -11"><span class='ocrx_word' id='word_1_157' title='bbox 510 2138 636 2182; x_wconf 80' lang='lat' dir='ltr'>gustini,</span> <span class='ocrx_word' id='word_1_158' title='bbox 662 2138 736 2171; x_wconf 90' lang='lat'>565.</span> 
     </span>
    </p>

    <p class='ocr_par' dir='ltr' id='par_1_14' title="bbox 416 2189 1166 2501">
     <span class='ocr_line' id='line_1_37' title="bbox 416 2189 1162 2231; baseline -0.007 -5"><span class='ocrx_word' id='word_1_159' title='bbox 416 2191 517 2226; x_wconf 83' lang='lat' dir='ltr'><strong>LXXI.</strong></span> <span class='ocrx_word' id='word_1_160' title='bbox 543 2192 729 2226; x_wconf 89' lang='lat' dir='ltr'>Conceditur</span> <span class='ocrx_word' id='word_1_161' title='bbox 755 2196 783 2224; x_wconf 89' lang='lat' dir='ltr'>et</span> <span class='ocrx_word' id='word_1_162' title='bbox 809 2191 966 2231; x_wconf 88' lang='lat' dir='ltr'>statuitur,</span> <span class='ocrx_word' id='word_1_163' title='bbox 984 2196 1017 2223; x_wconf 88' lang='lat' dir='ltr'>ut</span> <span class='ocrx_word' id='word_1_164' title='bbox 1035 2189 1162 2224; x_wconf 85' lang='lat' dir='ltr'>studen-</span> 
     </span>
     <span class='ocr_line' id='line_1_38' title="bbox 510 2243 1162 2279; baseline -0.005 -1"><span class='ocrx_word' id='word_1_165' title='bbox 510 2249 553 2279; x_wconf 87' lang='lat' dir='ltr'>tes</span> <span class='ocrx_word' id='word_1_166' title='bbox 578 2246 804 2279; x_wconf 81' lang='lat' dir='ltr'>coenobiorum</span> <span class='ocrx_word' id='word_1_167' title='bbox 835 2245 864 2278; x_wconf 84' lang='lat' dir='ltr'>S.</span> <span class='ocrx_word' id='word_1_168' title='bbox 890 2244 983 2277; x_wconf 81' lang='lat' dir='ltr'>Marci</span> <span class='ocrx_word' id='word_1_169' title='bbox 1009 2243 1162 2276; x_wconf 86' lang='lat' dir='ltr'>Florenti·</span> 
     </span>
     <span class='ocr_line' id='line_1_39' title="bbox 506 2297 1164 2340; baseline -0.005 -9"><span class='ocrx_word' id='word_1_170' title='bbox 506 2298 548 2340; x_wconf 79' lang='lat' dir='ltr'>nI,</span> <span class='ocrx_word' id='word_1_171' title='bbox 574 2298 603 2332; x_wconf 90' lang='lat' dir='ltr'>S.</span> <span class='ocrx_word' id='word_1_172' title='bbox 629 2298 783 2331; x_wconf 83' lang='lat' dir='ltr'>Doniinici</span> <span class='ocrx_word' id='word_1_173' title='bbox 814 2297 969 2338; x_wconf 85' lang='lat' dir='ltr'>chulani,</span> <span class='ocrx_word' id='word_1_174' title='bbox 994 2297 1022 2330; x_wconf 68' lang='grc' dir='ltr'>Β.</span> <span class='ocrx_word' id='word_1_175' title='bbox 1050 2297 1164 2336; x_wconf 83' lang='lat' dir='ltr'>Iacobi,</span> 
     </span>
     <span class='ocr_line' id='line_1_40' title="bbox 507 2350 1164 2394; baseline -0.003 -10"><span class='ocrx_word' id='word_1_176' title='bbox 507 2351 535 2384; x_wconf 91' lang='lat' dir='ltr'>S.</span> <span class='ocrx_word' id='word_1_177' title='bbox 561 2352 695 2384; x_wconf 86' lang='lat' dir='ltr'>Miniatis</span> <span class='ocrx_word' id='word_1_178' title='bbox 727 2362 781 2384; x_wconf 91' lang='lat' dir='ltr'>sua</span> <span class='ocrx_word' id='word_1_179' title='bbox 823 2351 925 2383; x_wconf 87' lang='lat' dir='ltr'>studia</span> <span class='ocrx_word' id='word_1_180' title='bbox 948 2356 1101 2394; x_wconf 78' lang='lat' dir='ltr'>peragant</span> <span class='ocrx_word' id='word_1_181' title='bbox 1135 2350 1164 2382; x_wconf 95' lang='lat' dir='ltr'>in</span> 
     </span>
     <span class='ocr_line' id='line_1_41' title="bbox 513 2404 1166 2445; baseline -0.003 -7"><span class='ocrx_word' id='word_1_182' title='bbox 513 2405 675 2438; x_wconf 90' lang='lat' dir='ltr'>coenobiis</span> <span class='ocrx_word' id='word_1_183' title='bbox 690 2405 815 2439; x_wconf 84' lang='lat' dir='ltr'>strictae</span> <span class='ocrx_word' id='word_1_184' title='bbox 829 2404 1062 2445; x_wconf 72' lang='lat' dir='ltr'>observantiae,</span> <span class='ocrx_word' id='word_1_185' title='bbox 1081 2410 1109 2437; x_wconf 90' lang='lat' dir='ltr'>et</span> <span class='ocrx_word' id='word_1_186' title='bbox 1127 2404 1166 2437; x_wconf 92' lang='lat' dir='ltr'>le-</span> 
     </span>
     <span class='ocr_line' id='line_1_42' title="bbox 513 2456 1034 2501; baseline -0.004 -10"><span class='ocrx_word' id='word_1_187' title='bbox 513 2463 618 2491; x_wconf 86' lang='lat' dir='ltr'>cturas</span> <span class='ocrx_word' id='word_1_188' title='bbox 643 2458 786 2491; x_wconf 90' lang='lat' dir='ltr'>obtinere</span> <span class='ocrx_word' id='word_1_189' title='bbox 811 2463 935 2501; x_wconf 85' lang='lat' dir='ltr'>queant,</span> <span class='ocrx_word' id='word_1_190' title='bbox 961 2456 1034 2490; x_wconf 89' lang='lat'>567.</span> 
     </span>
    </p>

    <p class='ocr_par' dir='ltr' id='par_1_15' title="bbox 424 2510 1165 2716">
     <span class='ocr_line' id='line_1_43' title="bbox 424 2510 1165 2553; baseline -0.005 -7"><span class='ocrx_word' id='word_1_191' title='bbox 424 2511 540 2546; x_wconf 88' lang='lat' dir='ltr'><strong>LXXII.</strong></span> <span class='ocrx_word' id='word_1_192' title='bbox 565 2511 776 2545; x_wconf 72' lang='lat' dir='ltr'>Consu-matur</span> <span class='ocrx_word' id='word_1_193' title='bbox 801 2510 962 2543; x_wconf 86' lang='lat' dir='ltr'>decretum</span> <span class='ocrx_word' id='word_1_194' title='bbox 988 2510 1165 2553; x_wconf 80' lang='lat' dir='ltr'>Congrega-</span> 
     </span>
     <span class='ocr_line' id='line_1_44' title="bbox 514 2564 1165 2609; baseline -0.002 -11"><span class='ocrx_word' id='word_1_195' title='bbox 514 2566 606 2599; x_wconf 91' lang='lat' dir='ltr'>tionis</span> <span class='ocrx_word' id='word_1_196' title='bbox 631 2565 772 2607; x_wconf 87' lang='lat' dir='ltr'>Concilii,</span> <span class='ocrx_word' id='word_1_197' title='bbox 790 2576 853 2609; x_wconf 86' lang='lat' dir='ltr'>quo</span> <span class='ocrx_word' id='word_1_198' title='bbox 879 2564 1063 2598; x_wconf 83' lang='lat' dir='ltr'>conceditur</span> <span class='ocrx_word' id='word_1_199' title='bbox 1088 2565 1165 2597; x_wconf 85' lang='lat' dir='ltr'>vica-</span> 
     </span>
     <span class='ocr_line' id='line_1_45' title="bbox 513 2617 1164 2662; baseline -0.003 -10"><span class='ocrx_word' id='word_1_200' title='bbox 513 2619 568 2652; x_wconf 89' lang='lat' dir='ltr'>riis</span> <span class='ocrx_word' id='word_1_201' title='bbox 593 2618 793 2662; x_wconf 80' lang='lat' dir='ltr'>generalibus</span> <span class='ocrx_word' id='word_1_202' title='bbox 818 2617 942 2652; x_wconf 89' lang='lat' dir='ltr'>Ordinis</span> <span class='ocrx_word' id='word_1_203' title='bbox 967 2617 1079 2651; x_wconf 88' lang='lat' dir='ltr'>Beatae</span> <span class='ocrx_word' id='word_1_204' title='bbox 1104 2617 1164 2650; x_wconf 84' lang='lat' dir='ltr'>Ma-</span> 
     </span>
     <span class='ocr_line' id='line_1_46' title="bbox 514 2671 1162 2716; baseline -0.002 -11"><span class='ocrx_word' id='word_1_205' title='bbox 514 2673 577 2706; x_wconf 84' lang='lat' dir='ltr'>riae</span> <span class='ocrx_word' id='word_1_206' title='bbox 602 2672 640 2707; x_wconf 85' lang='lat' dir='ltr'>de</span> <span class='ocrx_word' id='word_1_207' title='bbox 664 2672 806 2708; x_wconf 87' lang='lat' dir='ltr'>Mercede</span> <span class='ocrx_word' id='word_1_208' title='bbox 833 2671 1059 2716; x_wconf 84' lang='lat' dir='ltr'>redemptionis</span> <span class='ocrx_word' id='word_1_209' title='bbox 1085 2681 1162 2716; x_wconf 84' lang='lat' dir='ltr'>cap-</span> 
     </span>
    </p>
   </div>
   <div class='ocr_carea' id='block_1_7' title="bbox 1172 326 1181 1180">
    <p class='ocr_par' dir='ltr' id='par_1_16' title="bbox 1172 326 1181 1180">
     <span class='ocr_line' id='line_1_47' title="bbox 1172 326 1181 1180; baseline 0 0"><span class='ocrx_word' id='word_1_210' title='bbox 1172 326 1181 1180; x_wconf 95' lang='lat' dir='ltr'> </span> 
     </span>
    </p>
   </div>
   <div class='ocr_carea' id='block_1_8' title="bbox 1181 1324 1195 2649">
    <p class='ocr_par' dir='ltr' id='par_1_17' title="bbox 1181 1324 1195 2649">
     <span class='ocr_line' id='line_1_48' title="bbox 1181 1324 1195 2649; baseline 0 0"><span class='ocrx_word' id='word_1_211' title='bbox 1181 1324 1195 2649; x_wconf 95' lang='lat' dir='ltr'> </span> 
     </span>
    </p>
   </div>
   <div class='ocr_carea' id='block_1_9' title="bbox 996 272 1349 296">
    <p class='ocr_par' dir='ltr' id='par_1_18' title="bbox 996 272 1349 296">
     <span class='ocr_line' id='line_1_49' title="bbox 996 272 1349 296; baseline 0 0"><span class='ocrx_word' id='word_1_212' title='bbox 996 272 1091 296; x_wconf 78' lang='lat' dir='ltr'><strong>BULLA</strong></span> <span class='ocrx_word' id='word_1_213' title='bbox 1099 272 1172 296; x_wconf 72' lang='lat' dir='ltr'>num</span> <span class='ocrx_word' id='word_1_214' title='bbox 1200 272 1349 296; x_wconf 72' lang='lat' dir='ltr'><strong>ROMANUM</strong></span> 
     </span>
    </p>
   </div>
   <div class='ocr_carea' id='block_1_10' title="bbox 1287 324 1936 421">
    <p class='ocr_par' dir='ltr' id='par_1_19' title="bbox 1287 324 1936 421">
     <span class='ocr_line' id='line_1_50' title="bbox 1287 324 1936 359; baseline 0.003 -2"><span class='ocrx_word' id='word_1_215' title='bbox 1287 325 1422 358; x_wconf 88' lang='lat' dir='ltr'>tivorum</span> <span class='ocrx_word' id='word_1_216' title='bbox 1454 325 1485 358; x_wconf 91' lang='lat' dir='ltr'>in</span> <span class='ocrx_word' id='word_1_217' title='bbox 1518 324 1613 358; x_wconf 89' lang='lat' dir='ltr'>Indiis</span> <span class='ocrx_word' id='word_1_218' title='bbox 1639 325 1768 358; x_wconf 82' lang='lat' dir='ltr'>facultas</span> <span class='ocrx_word' id='word_1_219' title='bbox 1793 325 1936 359; x_wconf 83' lang='lat' dir='ltr'>eiiciendi</span> 
     </span>
     <span class='ocr_line' id='line_1_51' title="bbox 1288 377 1859 421; baseline 0.002 -11"><span class='ocrx_word' id='word_1_220' title='bbox 1288 378 1442 421; x_wconf 87' lang='lat' dir='ltr'>inquietos</span> <span class='ocrx_word' id='word_1_221' title='bbox 1467 384 1497 412; x_wconf 89' lang='lat' dir='ltr'>et</span> <span class='ocrx_word' id='word_1_222' title='bbox 1520 377 1761 420; x_wconf 83' lang='lat' dir='ltr'>incorrigibiles,</span> <span class='ocrx_word' id='word_1_223' title='bbox 1787 378 1859 412; x_wconf 84' lang='lat'><strong>570.</strong></span> 
     </span>
    </p>
   </div>
   <div class='ocr_carea' id='block_1_11' title="bbox 1172 431 1939 474">
    <p class='ocr_par' dir='ltr' id='par_1_20' title="bbox 1172 431 1939 474">
     <span class='ocr_line' id='line_1_52' title="bbox 1172 431 1939 474; baseline 0.001 -11"><span class='ocrx_word' id='word_1_224' title='bbox 1172 437 1173 445; x_wconf 67' lang='lat'>¹</span> <span class='ocrx_word' id='word_1_225' title='bbox 1199 431 1328 464; x_wconf 89' lang='lat' dir='ltr'><strong>LXXIII.</strong></span> <span class='ocrx_word' id='word_1_226' title='bbox 1350 431 1490 474; x_wconf 82' lang='lat' dir='ltr'>Erigitur</span> <span class='ocrx_word' id='word_1_227' title='bbox 1512 431 1702 473; x_wconf 83' lang='lat' dir='ltr'>guberniurn</span> <span class='ocrx_word' id='word_1_228' title='bbox 1720 437 1877 464; x_wconf 83' lang='lat' dir='ltr'>terrarum</span> <span class='ocrx_word' id='word_1_229' title='bbox 1896 432 1939 466; x_wconf 88' lang='lat' dir='ltr'>Ci-</span> 
     </span>
    </p>
   </div>
   <div class='ocr_carea' id='block_1_12' title="bbox 1199 484 1958 2602">
    <p class='ocr_par' dir='ltr' id='par_1_21' title="bbox 1288 484 1940 578">
     <span class='ocr_line' id='line_1_53' title="bbox 1290 484 1940 528; baseline 0.002 -12"><span class='ocrx_word' id='word_1_230' title='bbox 1290 484 1526 524; x_wconf 70' lang='lat' dir='ltr'>vitatisvetutae,</span> <span class='ocrx_word' id='word_1_231' title='bbox 1540 489 1569 516; x_wconf 93' lang='lat' dir='ltr'>et</span> <span class='ocrx_word' id='word_1_232' title='bbox 1585 484 1724 527; x_wconf 88' lang='lat' dir='ltr'>Tulphae</span> <span class='ocrx_word' id='word_1_233' title='bbox 1743 496 1814 517; x_wconf 86' lang='lat' dir='ltr'>cum</span> <span class='ocrx_word' id='word_1_234' title='bbox 1833 496 1940 528; x_wconf 82' lang='lat' dir='ltr'>supcr-</span> 
     </span>
     <span class='ocr_line' id='line_1_54' title="bbox 1288 536 1938 578; baseline 0.005 -10"><span class='ocrx_word' id='word_1_235' title='bbox 1288 536 1481 569; x_wconf 76' lang='lat' dir='ltr'>intendentia</span> <span class='ocrx_word' id='word_1_236' title='bbox 1494 537 1525 569; x_wconf 92' lang='lat' dir='ltr'>in</span> <span class='ocrx_word' id='word_1_237' title='bbox 1538 537 1661 570; x_wconf 89' lang='lat' dir='ltr'>civitate</span> <span class='ocrx_word' id='word_1_238' title='bbox 1671 537 1853 578; x_wconf 78' lang='lat' dir='ltr'>Cornetana‚</span> <span class='ocrx_word' id='word_1_239' title='bbox 1864 538 1938 571; x_wconf 79' lang='lat'><strong>571.</strong></span> 
     </span>
    </p>

    <p class='ocr_par' dir='ltr' id='par_1_22' title="bbox 1199 589 1942 791">
     <span class='ocr_line' id='line_1_55' title="bbox 1199 589 1938 625; baseline 0.004 -3"><span class='ocrx_word' id='word_1_240' title='bbox 1199 589 1330 623; x_wconf 88' lang='lat' dir='ltr'><strong>LXXIV.</strong></span> <span class='ocrx_word' id='word_1_241' title='bbox 1355 590 1566 624; x_wconf 86' lang='lat' dir='ltr'>Confirmatur</span> <span class='ocrx_word' id='word_1_242' title='bbox 1597 591 1714 624; x_wconf 89' lang='lat' dir='ltr'>erectio</span> <span class='ocrx_word' id='word_1_243' title='bbox 1739 592 1833 624; x_wconf 92' lang='lat' dir='ltr'>trium</span> <span class='ocrx_word' id='word_1_244' title='bbox 1862 602 1938 625; x_wconf 86' lang='lat' dir='ltr'>coe-</span> 
     </span>
     <span class='ocr_line' id='line_1_56' title="bbox 1287 642 1942 687; baseline 0.002 -11"><span class='ocrx_word' id='word_1_245' title='bbox 1287 642 1458 676; x_wconf 85' lang='lat' dir='ltr'>nobiorum</span> <span class='ocrx_word' id='word_1_246' title='bbox 1489 643 1728 677; x_wconf 87' lang='lat' dir='ltr'>Recollectionis</span> <span class='ocrx_word' id='word_1_247' title='bbox 1760 644 1792 676; x_wconf 90' lang='lat' dir='ltr'>in</span> <span class='ocrx_word' id='word_1_248' title='bbox 1817 645 1942 687; x_wconf 85' lang='lat' dir='ltr'>provin-</span> 
     </span>
     <span class='ocr_line' id='line_1_57' title="bbox 1289 696 1942 730; baseline 0.003 -2"><span class='ocrx_word' id='word_1_249' title='bbox 1289 696 1337 729; x_wconf 77' lang='lat' dir='ltr'>cia</span> <span class='ocrx_word' id='word_1_250' title='bbox 1351 696 1472 729; x_wconf 71' lang='lat' dir='ltr'>Baetica</span> <span class='ocrx_word' id='word_1_251' title='bbox 1486 696 1581 729; x_wconf 92' lang='lat' dir='ltr'>Tertii</span> <span class='ocrx_word' id='word_1_252' title='bbox 1595 696 1720 730; x_wconf 75' lang='lat' dir='ltr'>Ordinis</span> <span class='ocrx_word' id='word_1_253' title='bbox 1734 698 1832 729; x_wconf 87' lang='lat' dir='ltr'>sancti</span> <span class='ocrx_word' id='word_1_254' title='bbox 1848 697 1942 730; x_wconf 83' lang='lat' dir='ltr'>Fran-</span> 
     </span>
     <span class='ocr_line' id='line_1_58' title="bbox 1289 749 1472 791; baseline 0 -9"><span class='ocrx_word' id='word_1_255' title='bbox 1289 749 1373 791; x_wconf 87' lang='lat' dir='ltr'>cisci,</span> <span class='ocrx_word' id='word_1_256' title='bbox 1399 749 1472 782; x_wconf 74' lang='grc'>574.</span> 
     </span>
    </p>

    <p class='ocr_par' dir='ltr' id='par_1_23' title="bbox 1202 801 1942 897">
     <span class='ocr_line' id='line_1_59' title="bbox 1202 801 1942 848; baseline 0.004 -13"><span class='ocrx_word' id='word_1_257' title='bbox 1202 801 1316 835; x_wconf 87' lang='lat' dir='ltr'><strong>LXXV.</strong></span> <span class='ocrx_word' id='word_1_258' title='bbox 1341 802 1560 836; x_wconf 83' lang='lat' dir='ltr'>Conceduntur</span> <span class='ocrx_word' id='word_1_259' title='bbox 1585 803 1751 847; x_wconf 80' lang='lat' dir='ltr'>privilegia</span> <span class='ocrx_word' id='word_1_260' title='bbox 1775 805 1942 848; x_wconf 80' lang='lat' dir='ltr'>capellanis</span> 
     </span>
     <span class='ocr_line' id='line_1_60' title="bbox 1291 857 1938 897; baseline 0.003 -8"><span class='ocrx_word' id='word_1_261' title='bbox 1291 857 1513 889; x_wconf 88' lang='lat' dir='ltr'>communibus.</span> <span class='ocrx_word' id='word_1_262' title='bbox 1538 857 1717 890; x_wconf 85' lang='lat' dir='ltr'>Sanctitatis</span> <span class='ocrx_word' id='word_1_263' title='bbox 1742 857 1838 897; x_wconf 85' lang='lat' dir='ltr'>Suae,</span> <span class='ocrx_word' id='word_1_264' title='bbox 1864 858 1938 891; x_wconf 88' lang='lat'>576.</span> 
     </span>
    </p>

    <p class='ocr_par' dir='ltr' id='par_1_24' title="bbox 1203 909 1945 1111">
     <span class='ocr_line' id='line_1_61' title="bbox 1203 909 1943 952; baseline 0.001 -10"><span class='ocrx_word' id='word_1_265' title='bbox 1203 909 1336 943; x_wconf 88' lang='lat' dir='ltr'><strong>LXXVI.</strong></span> <span class='ocrx_word' id='word_1_266' title='bbox 1346 910 1579 944; x_wconf 83' lang='lat' dir='ltr'>Confirmantur</span> <span class='ocrx_word' id='word_1_267' title='bbox 1589 916 1619 943; x_wconf 89' lang='lat' dir='ltr'>et</span> <span class='ocrx_word' id='word_1_268' title='bbox 1628 910 1828 943; x_wconf 85' lang='lat' dir='ltr'>declarantur</span> <span class='ocrx_word' id='word_1_269' title='bbox 1841 911 1883 943; x_wconf 84' lang='lat' dir='ltr'>I&#39;ii</span> <span class='ocrx_word' id='word_1_270' title='bbox 1895 911 1943 952; x_wconf 91' lang='lat' dir='ltr'>IV,</span> 
     </span>
     <span class='ocr_line' id='line_1_62' title="bbox 1292 964 1944 998; baseline 0.002 -2"><span class='ocrx_word' id='word_1_271' title='bbox 1292 964 1379 997; x_wconf 89' lang='lat' dir='ltr'>Pauli</span> <span class='ocrx_word' id='word_1_272' title='bbox 1407 964 1429 996; x_wconf 90' lang='lat' dir='ltr'>V</span> <span class='ocrx_word' id='word_1_273' title='bbox 1462 970 1492 997; x_wconf 87' lang='lat' dir='ltr'>et</span> <span class='ocrx_word' id='word_1_274' title='bbox 1523 964 1695 998; x_wconf 88' lang='lat' dir='ltr'>Innocentii</span> <span class='ocrx_word' id='word_1_275' title='bbox 1726 964 1764 997; x_wconf 84' lang='lat' dir='ltr'>XI</span> <span class='ocrx_word' id='word_1_276' title='bbox 1798 965 1944 997; x_wconf 87' lang='lat' dir='ltr'>constitu-</span> 
     </span>
     <span class='ocr_line' id='line_1_63' title="bbox 1293 1008 1945 1061; baseline 0.003 -12"><span class='ocrx_word' id='word_1_277' title='bbox 1293 1008 1392 1050; x_wconf 74' lang='lat' dir='ltr'>tion’es</span> <span class='ocrx_word' id='word_1_278' title='bbox 1428 1027 1525 1060; x_wconf 86' lang='lat' dir='ltr'>super</span> <span class='ocrx_word' id='word_1_279' title='bbox 1560 1016 1709 1061; x_wconf 78' lang='lat' dir='ltr'>sportulis</span> <span class='ocrx_word' id='word_1_280' title='bbox 1746 1017 1884 1050; x_wconf 88' lang='lat' dir='ltr'>iudicum</span> <span class='ocrx_word' id='word_1_281' title='bbox 1914 1023 1945 1051; x_wconf 88' lang='lat' dir='ltr'>et</span> 
     </span>
     <span class='ocr_line' id='line_1_64' title="bbox 1294 1070 1732 1111; baseline 0.002 -8"><span class='ocrx_word' id='word_1_282' title='bbox 1294 1070 1501 1103; x_wconf 85' lang='lat' dir='ltr'>tribunalium</span> <span class='ocrx_word' id='word_1_283' title='bbox 1527 1070 1631 1111; x_wconf 89' lang='lat' dir='ltr'>Urbis,</span> <span class='ocrx_word' id='word_1_284' title='bbox 1657 1071 1732 1104; x_wconf 87' lang='lat'>576.</span> 
     </span>
    </p>

    <p class='ocr_par' dir='ltr' id='par_1_25' title="bbox 1204 1123 1946 1265">
     <span class='ocr_line' id='line_1_65' title="bbox 1204 1123 1946 1158; baseline 0 -1"><span class='ocrx_word' id='word_1_285' title='bbox 1204 1123 1350 1157; x_wconf 84' lang='lat' dir='ltr'><strong>LXXVII.</strong></span> <span class='ocrx_word' id='word_1_286' title='bbox 1389 1124 1539 1158; x_wconf 90' lang='lat' dir='ltr'>Indicitur</span> <span class='ocrx_word' id='word_1_287' title='bbox 1580 1125 1731 1158; x_wconf 87' lang='lat' dir='ltr'>iubileum</span> <span class='ocrx_word' id='word_1_288' title='bbox 1770 1124 1946 1158; x_wconf 83' lang='lat' dir='ltr'>universale</span> 
     </span>
     <span class='ocr_line' id='line_1_66' title="bbox 1295 1178 1946 1222; baseline 0.002 -12"><span class='ocrx_word' id='word_1_289' title='bbox 1295 1189 1354 1222; x_wconf 93' lang='lat' dir='ltr'>pro</span> <span class='ocrx_word' id='word_1_290' title='bbox 1371 1189 1448 1222; x_wconf 86' lang='lat' dir='ltr'>pace</span> <span class='ocrx_word' id='word_1_291' title='bbox 1465 1178 1546 1212; x_wconf 87' lang='lat' dir='ltr'>inter</span> <span class='ocrx_word' id='word_1_292' title='bbox 1564 1179 1722 1222; x_wconf 83' lang='lat' dir='ltr'>principes</span> <span class='ocrx_word' id='word_1_293' title='bbox 1746 1179 1946 1219; x_wconf 85' lang='lat' dir='ltr'>christianos,</span> 
     </span>
     <span class='ocr_line' id='line_1_67' title="bbox 1296 1231 1369 1265; baseline 0 -1"><span class='ocrx_word' id='word_1_294' title='bbox 1296 1231 1369 1265; x_wconf 77' lang='lat'><strong>585.</strong></span> 
     </span>
    </p>

    <p class='ocr_par' dir='ltr' id='par_1_26' title="bbox 1206 1285 1948 1489">
     <span class='ocr_line' id='line_1_68' title="bbox 1206 1285 1948 1328; baseline -0.001 -9"><span class='ocrx_word' id='word_1_295' title='bbox 1206 1285 1362 1319; x_wconf 82' lang='lat' dir='ltr'><strong>LXXVIII.</strong></span> <span class='ocrx_word' id='word_1_296' title='bbox 1390 1285 1601 1319; x_wconf 76' lang='lat' dir='ltr'>Conssrinatur</span> <span class='ocrx_word' id='word_1_297' title='bbox 1626 1285 1786 1318; x_wconf 78' lang='lat' dir='ltr'>decretum</span> <span class='ocrx_word' id='word_1_298' title='bbox 1811 1286 1948 1328; x_wconf 77' lang='lat' dir='ltr'>Congre-</span> 
     </span>
     <span class='ocr_line' id='line_1_69' title="bbox 1296 1339 1948 1382; baseline 0.002 -10"><span class='ocrx_word' id='word_1_299' title='bbox 1296 1339 1432 1382; x_wconf 77' lang='lat' dir='ltr'>gationis</span> <span class='ocrx_word' id='word_1_300' title='bbox 1465 1339 1665 1382; x_wconf 85' lang='lat' dir='ltr'>particularis</span> <span class='ocrx_word' id='word_1_301' title='bbox 1698 1350 1794 1382; x_wconf 86' lang='lat' dir='ltr'>super</span> <span class='ocrx_word' id='word_1_302' title='bbox 1825 1349 1948 1373; x_wconf 89' lang='lat' dir='ltr'>conces-</span> 
     </span>
     <span class='ocr_line' id='line_1_70' title="bbox 1296 1392 1948 1435; baseline 0 -10"><span class='ocrx_word' id='word_1_303' title='bbox 1296 1392 1384 1425; x_wconf 87' lang='lat' dir='ltr'>sione</span> <span class='ocrx_word' id='word_1_304' title='bbox 1402 1392 1594 1426; x_wconf 87' lang='lat' dir='ltr'>induItorum</span> <span class='ocrx_word' id='word_1_305' title='bbox 1614 1392 1803 1435; x_wconf 78' lang='lat' dir='ltr'>suscipiendi</span> <span class='ocrx_word' id='word_1_306' title='bbox 1822 1392 1948 1426; x_wconf 86' lang='lat' dir='ltr'>ordines</span> 
     </span>
     <span class='ocr_line' id='line_1_71' title="bbox 1296 1444 1662 1489; baseline 0 -11"><span class='ocrx_word' id='word_1_307' title='bbox 1296 1451 1384 1478; x_wconf 80' lang='lat' dir='ltr'>extra</span> <span class='ocrx_word' id='word_1_308' title='bbox 1409 1451 1563 1489; x_wconf 83' lang='lat' dir='ltr'>tempora,</span> <span class='ocrx_word' id='word_1_309' title='bbox 1589 1444 1662 1478; x_wconf 81' lang='lat'>586.</span> 
     </span>
    </p>

    <p class='ocr_par' dir='ltr' id='par_1_27' title="bbox 1208 1499 1950 1701">
     <span class='ocr_line' id='line_1_72' title="bbox 1208 1499 1949 1543; baseline 0.001 -11"><span class='ocrx_word' id='word_1_310' title='bbox 1208 1499 1336 1533; x_wconf 82' lang='lat' dir='ltr'><strong>LXXIX.</strong></span> <span class='ocrx_word' id='word_1_311' title='bbox 1362 1499 1582 1532; x_wconf 79' lang='lat' dir='ltr'>Conceduntur</span> <span class='ocrx_word' id='word_1_312' title='bbox 1604 1499 1816 1541; x_wconf 76' lang='lat' dir='ltr'>indulgentiae</span> <span class='ocrx_word' id='word_1_313' title='bbox 1838 1510 1949 1543; x_wconf 88' lang='lat' dir='ltr'>perpe-</span> 
     </span>
     <span class='ocr_line' id='line_1_73' title="bbox 1298 1552 1950 1595; baseline 0 -11"><span class='ocrx_word' id='word_1_314' title='bbox 1298 1559 1367 1585; x_wconf 86' lang='lat' dir='ltr'>tuae</span> <span class='ocrx_word' id='word_1_315' title='bbox 1385 1552 1528 1595; x_wconf 84' lang='lat' dir='ltr'>hospitiis</span> <span class='ocrx_word' id='word_1_316' title='bbox 1554 1562 1741 1595; x_wconf 83' lang='lat' dir='ltr'>pauperum,</span> <span class='ocrx_word' id='word_1_317' title='bbox 1761 1562 1796 1584; x_wconf 85' lang='lat' dir='ltr'>ac</span> <span class='ocrx_word' id='word_1_318' title='bbox 1821 1562 1950 1594; x_wconf 83' lang='lat' dir='ltr'>congre-</span> 
     </span>
     <span class='ocr_line' id='line_1_74' title="bbox 1298 1604 1950 1648; baseline 0 -11"><span class='ocrx_word' id='word_1_319' title='bbox 1298 1605 1475 1648; x_wconf 85' lang='lat' dir='ltr'>gationibus</span> <span class='ocrx_word' id='word_1_320' title='bbox 1496 1604 1677 1638; x_wconf 66' lang='lat' dir='ltr'>Clearz&#39;tatz&#39;s</span> <span class='ocrx_word' id='word_1_321' title='bbox 1702 1605 1814 1638; x_wconf 85' lang='lat' dir='ltr'>erectis</span> <span class='ocrx_word' id='word_1_322' title='bbox 1838 1610 1868 1638; x_wconf 90' lang='lat' dir='ltr'>et</span> <span class='ocrx_word' id='word_1_323' title='bbox 1892 1605 1950 1637; x_wconf 90' lang='lat' dir='ltr'>eri-</span> 
     </span>
     <span class='ocr_line' id='line_1_75' title="bbox 1298 1657 1518 1701; baseline 0 -11"><span class='ocrx_word' id='word_1_324' title='bbox 1298 1658 1418 1701; x_wconf 81' lang='lat' dir='ltr'>gendis,</span> <span class='ocrx_word' id='word_1_325' title='bbox 1445 1657 1518 1690; x_wconf 84' lang='grc'>587.</span> 
     </span>
    </p>

    <p class='ocr_par' dir='ltr' id='par_1_28' title="bbox 1210 1710 1953 1904">
     <span class='ocr_line' id='line_1_76' title="bbox 1210 1710 1952 1754; baseline -0.001 -10"><span class='ocrx_word' id='word_1_326' title='bbox 1210 1711 1329 1745; x_wconf 83' lang='lat' dir='ltr'><strong>LXXX.</strong></span> <span class='ocrx_word' id='word_1_327' title='bbox 1365 1711 1551 1744; x_wconf 87' lang='lat' dir='ltr'>Conceditur</span> <span class='ocrx_word' id='word_1_328' title='bbox 1589 1710 1782 1753; x_wconf 81' lang='lat' dir='ltr'>indulgentia</span> <span class='ocrx_word' id='word_1_329' title='bbox 1812 1710 1952 1754; x_wconf 86' lang='lat' dir='ltr'>plenaria</span> 
     </span>
     <span class='ocr_line' id='line_1_77' title="bbox 1301 1764 1953 1809; baseline 0 -12"><span class='ocrx_word' id='word_1_330' title='bbox 1301 1771 1454 1809; x_wconf 88' lang='lat' dir='ltr'>perpetua</span> <span class='ocrx_word' id='word_1_331' title='bbox 1472 1765 1609 1807; x_wconf 78' lang='lat' dir='ltr'>aegrotis</span> <span class='ocrx_word' id='word_1_332' title='bbox 1620 1764 1649 1796; x_wconf 94' lang='lat' dir='ltr'>in</span> <span class='ocrx_word' id='word_1_333' title='bbox 1664 1764 1811 1808; x_wconf 82' lang='lat' dir='ltr'>hospitali</span> <span class='ocrx_word' id='word_1_334' title='bbox 1825 1764 1875 1798; x_wconf 89' lang='lat' dir='ltr'>SS.</span> <span class='ocrx_word' id='word_1_335' title='bbox 1890 1765 1953 1799; x_wconf 90' lang='lat' dir='ltr'>Sal-</span> 
     </span>
     <span class='ocr_line' id='line_1_78' title="bbox 1302 1817 1952 1858; baseline 0.002 -8"><span class='ocrx_word' id='word_1_336' title='bbox 1302 1818 1416 1850; x_wconf 75' lang='lat' dir='ltr'>vatoris</span> <span class='ocrx_word' id='word_1_337' title='bbox 1430 1818 1467 1850; x_wconf 88' lang='lat' dir='ltr'>ad</span> <span class='ocrx_word' id='word_1_338' title='bbox 1481 1818 1592 1851; x_wconf 82' lang='lat' dir='ltr'>Sancta</span> <span class='ocrx_word' id='word_1_339' title='bbox 1606 1817 1791 1851; x_wconf 87' lang='lat' dir='ltr'>Sanctorum</span> <span class='ocrx_word' id='word_1_340' title='bbox 1805 1817 1844 1851; x_wconf 86' lang='lat' dir='ltr'>de</span> <span class='ocrx_word' id='word_1_341' title='bbox 1858 1817 1952 1858; x_wconf 83' lang='lat' dir='ltr'>Urbe,</span> 
     </span>
     <span class='ocr_line' id='line_1_79' title="bbox 1302 1870 1375 1904; baseline 0 0"><span class='ocrx_word' id='word_1_342' title='bbox 1302 1870 1375 1904; x_wconf 77' lang='lat'><strong>589.</strong></span> 
     </span>
    </p>

    <p class='ocr_par' dir='ltr' id='par_1_29' title="bbox 1213 1925 1955 2179">
     <span class='ocr_line' id='line_1_80' title="bbox 1213 1925 1954 1969; baseline 0.001 -11"><span class='ocrx_word' id='word_1_343' title='bbox 1213 1925 1339 1958; x_wconf 83' lang='lat' dir='ltr'><strong>LXXXI.</strong></span> <span class='ocrx_word' id='word_1_344' title='bbox 1365 1925 1552 1958; x_wconf 84' lang='lat' dir='ltr'>Eximuntur</span> <span class='ocrx_word' id='word_1_345' title='bbox 1573 1925 1701 1969; x_wconf 85' lang='lat' dir='ltr'>praelati</span> <span class='ocrx_word' id='word_1_346' title='bbox 1728 1925 1815 1967; x_wconf 81' lang='lat' dir='ltr'>regni</span> <span class='ocrx_word' id='word_1_347' title='bbox 1836 1925 1954 1969; x_wconf 81' lang='lat' dir='ltr'>Neapo-</span> 
     </span>
     <span class='ocr_line' id='line_1_81' title="bbox 1303 1978 1954 2022; baseline 0.002 -11"><span class='ocrx_word' id='word_1_348' title='bbox 1303 1979 1340 2011; x_wconf 88' lang='lat' dir='ltr'>Iis</span> <span class='ocrx_word' id='word_1_349' title='bbox 1363 1990 1380 2011; x_wconf 91' lang='lat' dir='ltr'>a</span> <span class='ocrx_word' id='word_1_350' title='bbox 1407 1979 1473 2012; x_wconf 90' lang='lat' dir='ltr'>iure</span> <span class='ocrx_word' id='word_1_351' title='bbox 1490 1978 1637 2012; x_wconf 82' lang='lat' dir='ltr'>Gamerae</span> <span class='ocrx_word' id='word_1_352' title='bbox 1655 1978 1854 2022; x_wconf 85' lang='lat' dir='ltr'>Apostolicae</span> <span class='ocrx_word' id='word_1_353' title='bbox 1871 1988 1954 2012; x_wconf 85' lang='lat' dir='ltr'>asse-</span> 
     </span>
     <span class='ocr_line' id='line_1_82' title="bbox 1302 2032 1955 2076; baseline 0.002 -11"><span class='ocrx_word' id='word_1_354' title='bbox 1302 2032 1417 2076; x_wconf 87' lang='lat' dir='ltr'>quendi</span> <span class='ocrx_word' id='word_1_355' title='bbox 1443 2032 1543 2076; x_wconf 90' lang='lat' dir='ltr'>spolia</span> <span class='ocrx_word' id='word_1_356' title='bbox 1568 2038 1597 2064; x_wconf 86' lang='lat' dir='ltr'>et</span> <span class='ocrx_word' id='word_1_357' title='bbox 1621 2032 1741 2065; x_wconf 85' lang='lat' dir='ltr'>fructus</span> <span class='ocrx_word' id='word_1_358' title='bbox 1760 2042 1890 2065; x_wconf 88' lang='lat' dir='ltr'>suarum</span> <span class='ocrx_word' id='word_1_359' title='bbox 1907 2043 1955 2066; x_wconf 84' lang='lat' dir='ltr'>ec-</span> 
     </span>
     <span class='ocr_line' id='line_1_83' title="bbox 1303 2086 1954 2127; baseline 0 -8"><span class='ocrx_word' id='word_1_360' title='bbox 1303 2087 1482 2127; x_wconf 87' lang='lat' dir='ltr'>clesiarum,</span> <span class='ocrx_word' id='word_1_361' title='bbox 1508 2086 1538 2118; x_wconf 90' lang='lat' dir='ltr'>in</span> <span class='ocrx_word' id='word_1_362' title='bbox 1563 2086 1676 2118; x_wconf 85' lang='lat' dir='ltr'>harum</span> <span class='ocrx_word' id='word_1_363' title='bbox 1708 2091 1812 2118; x_wconf 84' lang='lat' dir='ltr'>tamen</span> <span class='ocrx_word' id='word_1_364' title='bbox 1837 2086 1954 2119; x_wconf 86' lang='lat' dir='ltr'>utilita-</span> 
     </span>
     <span class='ocr_line' id='line_1_84' title="bbox 1304 2138 1712 2179; baseline 0 -7"><span class='ocrx_word' id='word_1_365' title='bbox 1304 2146 1365 2172; x_wconf 88' lang='lat' dir='ltr'>tem</span> <span class='ocrx_word' id='word_1_366' title='bbox 1390 2139 1611 2179; x_wconf 71' lang='lat' dir='ltr'>conveitenda,</span> <span class='ocrx_word' id='word_1_367' title='bbox 1637 2138 1712 2172; x_wconf 81' lang='lat'><strong>589.</strong></span> 
     </span>
    </p>

    <p class='ocr_par' dir='ltr' id='par_1_30' title="bbox 1216 2192 1956 2441">
     <span class='ocr_line' id='line_1_85' title="bbox 1216 2192 1955 2235; baseline -0.004 -8"><span class='ocrx_word' id='word_1_368' title='bbox 1216 2193 1358 2227; x_wconf 79' lang='lat' dir='ltr'><strong>LXXXII.</strong></span> <span class='ocrx_word' id='word_1_369' title='bbox 1391 2193 1648 2235; x_wconf 82' lang='lat' dir='ltr'>Confirmantur,</span> <span class='ocrx_word' id='word_1_370' title='bbox 1680 2192 1890 2226; x_wconf 80' lang='lat' dir='ltr'>extenduntur</span> <span class='ocrx_word' id='word_1_371' title='bbox 1925 2197 1955 2225; x_wconf 87' lang='lat' dir='ltr'>et</span> 
     </span>
     <span class='ocr_line' id='line_1_86' title="bbox 1304 2245 1953 2287; baseline -0.003 -7"><span class='ocrx_word' id='word_1_372' title='bbox 1304 2248 1515 2280; x_wconf 78' lang='lat' dir='ltr'>reformantur</span> <span class='ocrx_word' id='word_1_373' title='bbox 1555 2245 1791 2280; x_wconf 85' lang='lat' dir='ltr'>constitutiones</span> <span class='ocrx_word' id='word_1_374' title='bbox 1830 2245 1953 2287; x_wconf 83' lang='lat' dir='ltr'>Grego-</span> 
     </span>
     <span class='ocr_line' id='line_1_87' title="bbox 1305 2289 1956 2334; baseline -0.002 -11"><span class='ocrx_word' id='word_1_375' title='bbox 1305 2291 1343 2323; x_wconf 91' lang='lat' dir='ltr'>rii</span> <span class='ocrx_word' id='word_1_376' title='bbox 1370 2291 1421 2333; x_wconf 85' lang='lat' dir='ltr'>XI,</span> <span class='ocrx_word' id='word_1_377' title='bbox 1446 2291 1522 2325; x_wconf 77' lang='lat' dir='ltr'>Sixti</span> <span class='ocrx_word' id='word_1_378' title='bbox 1546 2291 1584 2324; x_wconf 95' lang='lat' dir='ltr'>lV</span> <span class='ocrx_word' id='word_1_379' title='bbox 1610 2295 1638 2325; x_wconf 88' lang='lat' dir='ltr'>et</span> <span class='ocrx_word' id='word_1_380' title='bbox 1662 2291 1730 2324; x_wconf 90' lang='lat' dir='ltr'>Iulii</span> <span class='ocrx_word' id='word_1_381' title='bbox 1756 2290 1781 2324; x_wconf 86' lang='grc' dir='ltr'>ΙΙ</span> <span class='ocrx_word' id='word_1_382' title='bbox 1806 2300 1900 2334; x_wconf 86' lang='lat' dir='ltr'>super</span> <span class='ocrx_word' id='word_1_383' title='bbox 1915 2289 1956 2322; x_wconf 86' lang='lat' dir='ltr'>sa-</span> 
     </span>
     <span class='ocr_line' id='line_1_88' title="bbox 1307 2343 1956 2389; baseline -0.002 -13"><span class='ocrx_word' id='word_1_384' title='bbox 1307 2345 1474 2378; x_wconf 79' lang='lat' dir='ltr'>cuItatibus</span> <span class='ocrx_word' id='word_1_385' title='bbox 1499 2349 1715 2389; x_wconf 87' lang='lat' dir='ltr'>protectorum</span> <span class='ocrx_word' id='word_1_386' title='bbox 1741 2343 1893 2378; x_wconf 90' lang='lat' dir='ltr'>Ordinum</span> <span class='ocrx_word' id='word_1_387' title='bbox 1911 2352 1956 2376; x_wconf 91' lang='lat' dir='ltr'>re-</span> 
     </span>
     <span class='ocr_line' id='line_1_89' title="bbox 1308 2398 1576 2441; baseline 0 -10"><span class='ocrx_word' id='word_1_388' title='bbox 1308 2399 1476 2441; x_wconf 79' lang='lat' dir='ltr'>gularium,</span> <span class='ocrx_word' id='word_1_389' title='bbox 1503 2398 1576 2432; x_wconf 79' lang='lat'><strong>594.</strong></span> 
     </span>
    </p>

    <p class='ocr_par' dir='ltr' id='par_1_31' title="bbox 1217 2450 1958 2602">
     <span class='ocr_line' id='line_1_90' title="bbox 1217 2450 1957 2495; baseline -0.003 -8"><span class='ocrx_word' id='word_1_390' title='bbox 1217 2453 1372 2487; x_wconf 86' lang='lat' dir='ltr'><strong>LXXXIII.</strong></span> <span class='ocrx_word' id='word_1_391' title='bbox 1399 2452 1604 2495; x_wconf 83' lang='lat' dir='ltr'>Assignantur</span> <span class='ocrx_word' id='word_1_392' title='bbox 1624 2451 1735 2495; x_wconf 86' lang='lat' dir='ltr'>puellis</span> <span class='ocrx_word' id='word_1_393' title='bbox 1752 2450 1957 2485; x_wconf 87' lang='lat' dir='ltr'>Conservato-</span> 
     </span>
     <span class='ocr_line' id='line_1_91' title="bbox 1306 2503 1958 2539; baseline -0.002 0"><span class='ocrx_word' id='word_1_394' title='bbox 1306 2507 1343 2539; x_wconf 84' lang='lat' dir='ltr'>rii</span> <span class='ocrx_word' id='word_1_395' title='bbox 1368 2506 1496 2539; x_wconf 87' lang='lat' dir='ltr'>Divinae</span> <span class='ocrx_word' id='word_1_396' title='bbox 1522 2504 1738 2539; x_wconf 86' lang='lat' dir='ltr'>Providentiae</span> <span class='ocrx_word' id='word_1_397' title='bbox 1752 2503 1788 2536; x_wconf 90' lang='lat' dir='ltr'>de</span> <span class='ocrx_word' id='word_1_398' title='bbox 1807 2503 1890 2537; x_wconf 89' lang='lat' dir='ltr'>Urbe</span> <span class='ocrx_word' id='word_1_399' title='bbox 1907 2504 1958 2538; x_wconf 88' lang='lat' dir='ltr'>de-</span> 
     </span>
     <span class='ocr_line' id='line_1_92' title="bbox 1306 2558 1958 2602; baseline -0.006 -8"><span class='ocrx_word' id='word_1_400' title='bbox 1306 2571 1374 2594; x_wconf 87' lang='lat' dir='ltr'>cem</span> <span class='ocrx_word' id='word_1_401' title='bbox 1399 2559 1536 2593; x_wconf 89' lang='lat' dir='ltr'>subsidia</span> <span class='ocrx_word' id='word_1_402' title='bbox 1561 2558 1676 2592; x_wconf 88' lang='lat' dir='ltr'>dotalia</span> <span class='ocrx_word' id='word_1_403' title='bbox 1708 2569 1744 2590; x_wconf 77' lang='lat' dir='ltr'>ex</span> <span class='ocrx_word' id='word_1_404' title='bbox 1770 2558 1958 2602; x_wconf 89' lang='lat' dir='ltr'>quibusdam</span> 
     </span>
    </p>
   </div>
   <div class='ocr_carea' id='block_1_13' title="bbox 1307 2612 1958 2708">
    <p class='ocr_par' dir='ltr' id='par_1_32' title="bbox 1307 2612 1958 2708">
     <span class='ocr_line' id='line_1_93' title="bbox 1307 2612 1958 2648; baseline -0.005 0"><span class='ocrx_word' id='word_1_405' title='bbox 1307 2612 1705 2648; x_wconf 82' lang='lat' dir='ltr'>archiconfraternitatibus</span> <span class='ocrx_word' id='word_1_406' title='bbox 1731 2618 1759 2645; x_wconf 84' lang='lat' dir='ltr'>et</span> <span class='ocrx_word' id='word_1_407' title='bbox 1785 2612 1958 2646; x_wconf 76' lang='lat' dir='ltr'>confrater-</span> 
     </span>
     <span class='ocr_line' id='line_1_94' title="bbox 1309 2664 1571 2708; baseline -0.011 -7"><span class='ocrx_word' id='word_1_408' title='bbox 1309 2667 1469 2708; x_wconf 86' lang='lat' dir='ltr'>nitatibus,</span> <span class='ocrx_word' id='word_1_409' title='bbox 1498 2664 1571 2699; x_wconf 83' lang='lat'><strong>603.</strong></span> 
     </span>
    </p>
   </div>
   <div class='ocr_carea' id='block_1_14' title="bbox 2221 0 2254 1457">
    <p class='ocr_par' dir='ltr' id='par_1_33' title="bbox 2221 0 2254 1457">
     <span class='ocr_line' id='line_1_95' title="bbox 2221 0 2254 1457; baseline 0 0"><span class='ocrx_word' id='word_1_410' title='bbox 2221 0 2254 1457; x_wconf 95' lang='lat' dir='ltr'> </span> 
     </span>
    </p>
   </div>
  </div>
 </body>
</html>
