<?xml version="1.0" encoding="UTF-8"?>
<!DOCTYPE html PUBLIC "-//W3C//DTD XHTML 1.0 Transitional//EN"
    "http://www.w3.org/TR/xhtml1/DTD/xhtml1-transitional.dtd">
<html xmlns="http://www.w3.org/1999/xhtml" xml:lang="en" lang="en">
 <head>
  <title>
</title>
<meta http-equiv="Content-Type" content="text/html;charset=utf-8" />
  <meta name='ocr-system' content='tesseract 3.04.00' />
  <meta name='ocr-capabilities' content='ocr_page ocr_carea ocr_par ocr_line ocrx_word'/>
</head>
<body>
  <div class='ocr_page' id='page_1' title='image "./bullarumdiplomat20cath_1068.png"; bbox 0 0 2254 3225; ppageno 0'>
   <div class='ocr_carea' id='block_1_1' title="bbox 418 223 1318 257">
    <p class='ocr_par' dir='ltr' id='par_1_1' title="bbox 418 223 1318 257">
     <span class='ocr_line' id='line_1_1' title="bbox 418 223 1318 257; baseline -0.007 0"><span class='ocrx_word' id='word_1_1' title='bbox 418 223 482 257; x_wconf 83' lang='lat'>978</span> <span class='ocrx_word' id='word_1_2' title='bbox 965 227 1143 254; x_wconf 72' lang='lat' dir='ltr'><strong>BULLARIL&#39;M</strong></span> <span class='ocrx_word' id='word_1_3' title='bbox 1167 227 1318 253; x_wconf 58' lang='lat' dir='ltr'>Romanum</span> 
     </span>
    </p>
   </div>
   <div class='ocr_carea' id='block_1_2' title="bbox 376 276 1921 2224">
    <p class='ocr_par' dir='ltr' id='par_1_2' title="bbox 463 276 1906 374">
     <span class='ocr_line' id='line_1_2' title="bbox 464 276 1906 326; baseline -0.004 -8"><span class='ocrx_word' id='word_1_4' title='bbox 464 284 587 318; x_wconf 80' lang='lat' dir='ltr'>clericis</span> <span class='ocrx_word' id='word_1_5' title='bbox 618 284 790 325; x_wconf 80' lang='lat' dir='ltr'>Gamerae,</span> <span class='ocrx_word' id='word_1_6' title='bbox 822 282 955 326; x_wconf 88' lang='lat' dir='ltr'>aliisque</span> <span class='ocrx_word' id='word_1_7' title='bbox 986 280 1131 325; x_wconf 89' lang='lat' dir='ltr'>praelatis</span> <span class='ocrx_word' id='word_1_8' title='bbox 1155 284 1186 313; x_wconf 93' lang='lat' dir='ltr'>et</span> <span class='ocrx_word' id='word_1_9' title='bbox 1218 277 1404 313; x_wconf 85' lang='lat' dir='ltr'>officialibus</span> <span class='ocrx_word' id='word_1_10' title='bbox 1435 278 1595 312; x_wconf 82' lang='lat' dir='ltr'>Romanae</span> <span class='ocrx_word' id='word_1_11' title='bbox 1627 276 1762 319; x_wconf 86' lang='lat' dir='ltr'>Curiae,</span> <span class='ocrx_word' id='word_1_12' title='bbox 1786 286 1906 312; x_wconf 79' lang='lat' dir='ltr'>necnon</span> 
     </span>
     <span class='ocr_line' id='line_1_3' title="bbox 463 328 1758 374; baseline -0.007 -4"><span class='ocrx_word' id='word_1_13' title='bbox 463 337 532 370; x_wconf 87' lang='lat' dir='ltr'>illas</span> <span class='ocrx_word' id='word_1_14' title='bbox 555 337 595 370; x_wconf 91' lang='lat' dir='ltr'>ob</span> <span class='ocrx_word' id='word_1_15' title='bbox 620 346 789 369; x_wconf 89' lang='lat' dir='ltr'>numerum</span> <span class='ocrx_word' id='word_1_16' title='bbox 815 334 980 369; x_wconf 81' lang='lat' dir='ltr'>duodecim</span> <span class='ocrx_word' id='word_1_17' title='bbox 1015 333 1152 366; x_wconf 82' lang='lat' dir='ltr'>filiorum</span> <span class='ocrx_word' id='word_1_18' title='bbox 1188 341 1368 372; x_wconf 89' lang='lat' dir='ltr'>concessas,</span> <span class='ocrx_word' id='word_1_19' title='bbox 1406 334 1658 374; x_wconf 79' lang='lat' dir='ltr'>praeservarunt‚</span> <span class='ocrx_word' id='word_1_20' title='bbox 1683 328 1758 362; x_wconf 81' lang='lat' dir='ltr'>ibid.</span> 
     </span>
    </p>

    <p class='ocr_par' dir='ltr' id='par_1_3' title="bbox 376 381 1912 957">
     <span class='ocr_line' id='line_1_4' title="bbox 376 381 1907 434; baseline -0.004 -12"><span class='ocrx_word' id='word_1_21' title='bbox 376 390 515 424; x_wconf 87' lang='lat' dir='ltr'>Vicarius</span> <span class='ocrx_word' id='word_1_22' title='bbox 539 389 745 434; x_wconf 89' lang='lat' dir='ltr'>Apostolicus.</span> <span class='ocrx_word' id='word_1_23' title='bbox 772 388 900 421; x_wconf 89' lang='lat' dir='ltr'>Vicariis</span> <span class='ocrx_word' id='word_1_24' title='bbox 925 385 1112 430; x_wconf 84' lang='lat' dir='ltr'>Apostolicis</span> <span class='ocrx_word' id='word_1_25' title='bbox 1142 384 1272 427; x_wconf 81' lang='lat' dir='ltr'>Angliae</span> <span class='ocrx_word' id='word_1_26' title='bbox 1300 384 1427 417; x_wconf 82' lang='lat' dir='ltr'>decreta</span> <span class='ocrx_word' id='word_1_27' title='bbox 1462 382 1615 426; x_wconf 78' lang='lat' dir='ltr'>quaedam</span> <span class='ocrx_word' id='word_1_28' title='bbox 1647 381 1907 424; x_wconf 83' lang='lat' dir='ltr'>Congregationis</span> 
     </span>
     <span class='ocr_line' id='line_1_5' title="bbox 464 436 1908 487; baseline -0.006 -11"><span class='ocrx_word' id='word_1_29' title='bbox 464 442 663 487; x_wconf 90' lang='lat' dir='ltr'>particularis</span> <span class='ocrx_word' id='word_1_30' title='bbox 687 441 770 474; x_wconf 87' lang='lat' dir='ltr'>circa</span> <span class='ocrx_word' id='word_1_31' title='bbox 794 441 935 483; x_wconf 91' lang='lat' dir='ltr'>ipsorum</span> <span class='ocrx_word' id='word_1_32' title='bbox 960 437 1205 471; x_wconf 89' lang='lat' dir='ltr'>iurisdictionem</span> <span class='ocrx_word' id='word_1_33' title='bbox 1231 437 1262 469; x_wconf 89' lang='lat' dir='ltr'>in</span> <span class='ocrx_word' id='word_1_34' title='bbox 1286 437 1398 479; x_wconf 76' lang='lat' dir='ltr'>Anglia</span> <span class='ocrx_word' id='word_1_35' title='bbox 1423 440 1531 470; x_wconf 88' lang='lat' dir='ltr'>contra</span> <span class='ocrx_word' id='word_1_36' title='bbox 1558 436 1719 478; x_wconf 76' lang='lat' dir='ltr'>regulares</span> <span class='ocrx_word' id='word_1_37' title='bbox 1744 436 1908 469; x_wconf 84' lang='lat' dir='ltr'>confirma-</span> 
     </span>
     <span class='ocr_line' id='line_1_6' title="bbox 466 487 1908 532; baseline -0.004 -4"><span class='ocrx_word' id='word_1_38' title='bbox 466 496 508 530; x_wconf 88' lang='lat' dir='ltr'>vit</span> <span class='ocrx_word' id='word_1_39' title='bbox 539 494 737 528; x_wconf 80' lang='lat' dir='ltr'>Innocentius</span> <span class='ocrx_word' id='word_1_40' title='bbox 763 493 832 532; x_wconf 84' lang='lat' dir='ltr'>XII,</span> <span class='ocrx_word' id='word_1_41' title='bbox 862 491 924 525; x_wconf 64' lang='lat'>762</span> <span class='ocrx_word' id='word_1_42' title='bbox 949 503 968 524; x_wconf 88' lang='grc' dir='ltr'><em>α</em></span> <span class='ocrx_word' id='word_1_43' title='bbox 993 494 1023 523; x_wconf 88' lang='lat' dir='ltr'>et</span> <span class='ocrx_word' id='word_1_44' title='bbox 1046 499 1124 532; x_wconf 80' lang='lat' dir='ltr'>seq.;</span> <span class='ocrx_word' id='word_1_45' title='bbox 1151 488 1273 522; x_wconf 87' lang='lat' dir='ltr'>vicariis</span> <span class='ocrx_word' id='word_1_46' title='bbox 1305 488 1484 532; x_wconf 88' lang='lat' dir='ltr'>apostolicis</span> <span class='ocrx_word' id='word_1_47' title='bbox 1513 487 1603 530; x_wconf 87' lang='lat' dir='ltr'>regni</span> <span class='ocrx_word' id='word_1_48' title='bbox 1632 487 1777 520; x_wconf 87' lang='lat' dir='ltr'>Sinarum</span> <span class='ocrx_word' id='word_1_49' title='bbox 1801 488 1908 531; x_wconf 89' lang='lat' dir='ltr'>plures</span> 
     </span>
     <span class='ocr_line' id='line_1_7' title="bbox 465 540 1909 591; baseline -0.003 -11"><span class='ocrx_word' id='word_1_50' title='bbox 465 547 642 591; x_wconf 86' lang='lat' dir='ltr'>provincias</span> <span class='ocrx_word' id='word_1_51' title='bbox 667 545 806 578; x_wconf 85' lang='lat' dir='ltr'>eiusdem</span> <span class='ocrx_word' id='word_1_52' title='bbox 828 543 917 586; x_wconf 82' lang='lat' dir='ltr'>regni</span> <span class='ocrx_word' id='word_1_53' title='bbox 941 553 958 574; x_wconf 90' lang='lat' dir='ltr'>a</span> <span class='ocrx_word' id='word_1_54' title='bbox 990 542 1185 575; x_wconf 83' lang='lat' dir='ltr'>dioecesibus</span> <span class='ocrx_word' id='word_1_55' title='bbox 1210 541 1375 574; x_wconf 84' lang='lat' dir='ltr'>Pekinensi</span> <span class='ocrx_word' id='word_1_56' title='bbox 1405 546 1435 574; x_wconf 89' lang='lat' dir='ltr'>et</span> <span class='ocrx_word' id='word_1_57' title='bbox 1466 540 1656 574; x_wconf 85' lang='lat' dir='ltr'>Nankinensi</span> <span class='ocrx_word' id='word_1_58' title='bbox 1685 540 1909 575; x_wconf 86' lang='lat' dir='ltr'>dismembrata</span> 
     </span>
     <span class='ocr_line' id='line_1_8' title="bbox 466 593 1909 640; baseline -0.003 -8"><span class='ocrx_word' id='word_1_59' title='bbox 466 599 633 638; x_wconf 83' lang='lat' dir='ltr'>commisit,</span> <span class='ocrx_word' id='word_1_60' title='bbox 658 597 789 640; x_wconf 84' lang='lat' dir='ltr'>aliisque</span> <span class='ocrx_word' id='word_1_61' title='bbox 813 595 985 629; x_wconf 88' lang='lat' dir='ltr'>Ordinariis</span> <span class='ocrx_word' id='word_1_62' title='bbox 1003 594 1250 628; x_wconf 87' lang='lat' dir='ltr'>iurisdictionem</span> <span class='ocrx_word' id='word_1_63' title='bbox 1269 594 1300 627; x_wconf 89' lang='lat' dir='ltr'>in</span> <span class='ocrx_word' id='word_1_64' title='bbox 1315 594 1411 627; x_wconf 87' lang='lat' dir='ltr'>dictas</span> <span class='ocrx_word' id='word_1_65' title='bbox 1428 593 1606 637; x_wconf 87' lang='lat' dir='ltr'>provincias</span> <span class='ocrx_word' id='word_1_66' title='bbox 1631 593 1793 626; x_wconf 83' lang='lat' dir='ltr'>interdixit</span> <span class='ocrx_word' id='word_1_67' title='bbox 1816 594 1909 636; x_wconf 91' lang='lat' dir='ltr'>idem,</span> 
     </span>
     <span class='ocr_line' id='line_1_9' title="bbox 470 645 1912 693; baseline -0.003 -9"><span class='ocrx_word' id='word_1_68' title='bbox 470 651 533 684; x_wconf 82' lang='grc'>764</span> <span class='ocrx_word' id='word_1_69' title='bbox 550 662 570 683; x_wconf 85' lang='grc' dir='ltr'><em>α</em></span> <span class='ocrx_word' id='word_1_70' title='bbox 590 655 620 683; x_wconf 90' lang='lat' dir='ltr'>et</span> <span class='ocrx_word' id='word_1_71' title='bbox 635 660 708 693; x_wconf 82' lang='lat' dir='ltr'>seq.;</span> <span class='ocrx_word' id='word_1_72' title='bbox 729 650 813 682; x_wconf 90' lang='lat' dir='ltr'>circa</span> <span class='ocrx_word' id='word_1_73' title='bbox 826 648 1015 681; x_wconf 87' lang='lat' dir='ltr'>vicariorum</span> <span class='ocrx_word' id='word_1_74' title='bbox 1033 647 1278 691; x_wconf 86' lang='lat' dir='ltr'>apostolicorum</span> <span class='ocrx_word' id='word_1_75' title='bbox 1291 646 1539 679; x_wconf 89' lang='lat' dir='ltr'>iurisdictionem</span> <span class='ocrx_word' id='word_1_76' title='bbox 1557 645 1589 678; x_wconf 91' lang='lat' dir='ltr'>in</span> <span class='ocrx_word' id='word_1_77' title='bbox 1606 645 1742 686; x_wconf 77' lang='lat' dir='ltr'>Oriente,</span> <span class='ocrx_word' id='word_1_78' title='bbox 1754 651 1786 679; x_wconf 87' lang='lat' dir='ltr'>ut</span> <span class='ocrx_word' id='word_1_79' title='bbox 1802 647 1912 680; x_wconf 91' lang='lat' dir='ltr'>consti-</span> 
     </span>
     <span class='ocr_line' id='line_1_10' title="bbox 467 698 1911 745; baseline -0.002 -9"><span class='ocrx_word' id='word_1_80' title='bbox 467 703 618 736; x_wconf 80' lang='lat' dir='ltr'>tutionem</span> <span class='ocrx_word' id='word_1_81' title='bbox 637 701 805 735; x_wconf 87' lang='lat' dir='ltr'>Clementis</span> <span class='ocrx_word' id='word_1_82' title='bbox 822 701 847 734; x_wconf 83' lang='lat' dir='ltr'>X</span> <span class='ocrx_word' id='word_1_83' title='bbox 859 700 1061 745; x_wconf 82' lang='lat' dir='ltr'>exequutioni</span> <span class='ocrx_word' id='word_1_84' title='bbox 1079 699 1273 740; x_wconf 83' lang='lat' dir='ltr'>mandarent,</span> <span class='ocrx_word' id='word_1_85' title='bbox 1291 699 1529 743; x_wconf 82' lang='lat' dir='ltr'>archiepiscopo</span> <span class='ocrx_word' id='word_1_86' title='bbox 1550 698 1703 732; x_wconf 87' lang='lat' dir='ltr'>Goanensi</span> <span class='ocrx_word' id='word_1_87' title='bbox 1715 704 1745 731; x_wconf 86' lang='lat' dir='ltr'>et</span> <span class='ocrx_word' id='word_1_88' title='bbox 1758 699 1911 744; x_wconf 88' lang='lat' dir='ltr'>episcopis</span> 
     </span>
     <span class='ocr_line' id='line_1_11' title="bbox 468 751 1911 796; baseline -0.001 -8"><span class='ocrx_word' id='word_1_89' title='bbox 468 754 686 789; x_wconf 87' lang='lat' dir='ltr'>Machoanensi</span> <span class='ocrx_word' id='word_1_90' title='bbox 720 760 750 787; x_wconf 86' lang='lat' dir='ltr'>et</span> <span class='ocrx_word' id='word_1_91' title='bbox 776 753 941 787; x_wconf 79' lang='lat' dir='ltr'>Illalacensi</span> <span class='ocrx_word' id='word_1_92' title='bbox 969 753 1129 796; x_wconf 81' lang='lat' dir='ltr'>praecepit</span> <span class='ocrx_word' id='word_1_93' title='bbox 1153 751 1256 792; x_wconf 88' lang='lat' dir='ltr'>idem,</span> <span class='ocrx_word' id='word_1_94' title='bbox 1285 751 1347 784; x_wconf 77' lang='lat'>768</span> <span class='ocrx_word' id='word_1_95' title='bbox 1372 752 1388 784; x_wconf 85' lang='lat' dir='ltr'><em>b</em></span> <span class='ocrx_word' id='word_1_96' title='bbox 1413 756 1443 784; x_wconf 91' lang='lat' dir='ltr'>et</span> <span class='ocrx_word' id='word_1_97' title='bbox 1466 762 1546 795; x_wconf 78' lang='lat' dir='ltr'>seq.;</span> <span class='ocrx_word' id='word_1_98' title='bbox 1574 751 1648 784; x_wconf 89' lang='lat' dir='ltr'>item</span> <span class='ocrx_word' id='word_1_99' title='bbox 1673 751 1911 796; x_wconf 87' lang='lat' dir='ltr'>archiepiscopo</span> 
     </span>
     <span class='ocr_line' id='line_1_12' title="bbox 469 803 1911 851; baseline -0.003 -9"><span class='ocrx_word' id='word_1_100' title='bbox 469 809 625 843; x_wconf 88' lang='lat' dir='ltr'>Goanensi</span> <span class='ocrx_word' id='word_1_101' title='bbox 650 818 685 840; x_wconf 87' lang='lat' dir='ltr'>ac</span> <span class='ocrx_word' id='word_1_102' title='bbox 710 807 867 851; x_wconf 86' lang='lat' dir='ltr'>episcopis</span> <span class='ocrx_word' id='word_1_103' title='bbox 891 804 1118 850; x_wconf 85' lang='lat' dir='ltr'>Meliaporensi‚</span> <span class='ocrx_word' id='word_1_104' title='bbox 1144 803 1397 847; x_wconf 80' lang='lat' dir='ltr'>Cranganorensi</span> <span class='ocrx_word' id='word_1_105' title='bbox 1415 809 1444 837; x_wconf 91' lang='lat' dir='ltr'>et</span> <span class='ocrx_word' id='word_1_106' title='bbox 1461 803 1652 845; x_wconf 88' lang='lat' dir='ltr'>Coccinensi,</span> <span class='ocrx_word' id='word_1_107' title='bbox 1674 803 1736 838; x_wconf 79' lang='lat'>776</span> <span class='ocrx_word' id='word_1_108' title='bbox 1754 804 1770 837; x_wconf 85' lang='lat' dir='ltr'><em>b</em></span> <span class='ocrx_word' id='word_1_109' title='bbox 1788 810 1817 837; x_wconf 90' lang='lat' dir='ltr'>et</span> <span class='ocrx_word' id='word_1_110' title='bbox 1833 816 1911 849; x_wconf 84' lang='lat' dir='ltr'>seq.;</span> 
     </span>
     <span class='ocr_line' id='line_1_13' title="bbox 469 857 1911 906; baseline -0.003 -11"><span class='ocrx_word' id='word_1_111' title='bbox 469 872 528 906; x_wconf 90' lang='lat' dir='ltr'>pro</span> <span class='ocrx_word' id='word_1_112' title='bbox 553 861 677 894; x_wconf 81' lang='lat' dir='ltr'>vicariis</span> <span class='ocrx_word' id='word_1_113' title='bbox 701 860 880 904; x_wconf 85' lang='lat' dir='ltr'>apostolicis</span> <span class='ocrx_word' id='word_1_114' title='bbox 897 860 928 892; x_wconf 92' lang='lat' dir='ltr'>in</span> <span class='ocrx_word' id='word_1_115' title='bbox 953 869 1051 902; x_wconf 81' lang='lat' dir='ltr'>regno</span> <span class='ocrx_word' id='word_1_116' title='bbox 1067 858 1268 898; x_wconf 85' lang='lat' dir='ltr'>Tunkinensi,</span> <span class='ocrx_word' id='word_1_117' title='bbox 1286 857 1404 891; x_wconf 90' lang='lat' dir='ltr'>dictum</span> <span class='ocrx_word' id='word_1_118' title='bbox 1429 867 1562 900; x_wconf 83' lang='lat' dir='ltr'>regnum</span> <span class='ocrx_word' id='word_1_119' title='bbox 1580 857 1713 890; x_wconf 91' lang='lat' dir='ltr'>Tunkini</span> <span class='ocrx_word' id='word_1_120' title='bbox 1733 863 1911 901; x_wconf 89' lang='lat' dir='ltr'>separatum</span> 
     </span>
     <span class='ocr_line' id='line_1_14' title="bbox 470 910 1867 957; baseline -0.002 -10"><span class='ocrx_word' id='word_1_121' title='bbox 470 925 537 947; x_wconf 90' lang='lat' dir='ltr'>esse</span> <span class='ocrx_word' id='word_1_122' title='bbox 561 920 591 947; x_wconf 90' lang='lat' dir='ltr'>et</span> <span class='ocrx_word' id='word_1_123' title='bbox 615 913 828 957; x_wconf 87' lang='lat' dir='ltr'>independens</span> <span class='ocrx_word' id='word_1_124' title='bbox 853 923 869 945; x_wconf 87' lang='lat' dir='ltr'>a</span> <span class='ocrx_word' id='word_1_125' title='bbox 894 912 1030 946; x_wconf 88' lang='lat' dir='ltr'>dioecesi</span> <span class='ocrx_word' id='word_1_126' title='bbox 1052 911 1290 951; x_wconf 86' lang='lat' dir='ltr'>Machaonensi,</span> <span class='ocrx_word' id='word_1_127' title='bbox 1315 910 1483 943; x_wconf 82' lang='lat' dir='ltr'>declaravit</span> <span class='ocrx_word' id='word_1_128' title='bbox 1507 910 1601 951; x_wconf 88' lang='lat' dir='ltr'>idem,</span> <span class='ocrx_word' id='word_1_129' title='bbox 1627 910 1689 944; x_wconf 87' lang='grc'>770</span> <span class='ocrx_word' id='word_1_130' title='bbox 1713 921 1734 944; x_wconf 88' lang='grc' dir='ltr'><em>α</em></span> <span class='ocrx_word' id='word_1_131' title='bbox 1753 915 1783 944; x_wconf 90' lang='lat' dir='ltr'>et</span> <span class='ocrx_word' id='word_1_132' title='bbox 1805 922 1867 955; x_wconf 78' lang='lat' dir='ltr'>seq.</span> 
     </span>
    </p>

    <p class='ocr_par' dir='ltr' id='par_1_4' title="bbox 381 964 1913 1115">
     <span class='ocr_line' id='line_1_15' title="bbox 381 964 1913 1008; baseline -0.001 -8"><span class='ocrx_word' id='word_1_133' title='bbox 381 968 521 1002; x_wconf 89' lang='lat' dir='ltr'>Vicarius</span> <span class='ocrx_word' id='word_1_134' title='bbox 546 967 701 1000; x_wconf 78' lang='lat' dir='ltr'>foraneus.</span> <span class='ocrx_word' id='word_1_135' title='bbox 718 967 761 999; x_wconf 94' lang='lat' dir='ltr'>De</span> <span class='ocrx_word' id='word_1_136' title='bbox 785 966 909 999; x_wconf 89' lang='lat' dir='ltr'>vicariis</span> <span class='ocrx_word' id='word_1_137' title='bbox 926 965 1062 999; x_wconf 85' lang='lat' dir='ltr'>foraneis</span> <span class='ocrx_word' id='word_1_138' title='bbox 1081 965 1119 998; x_wconf 84' lang='lat' dir='ltr'>ab</span> <span class='ocrx_word' id='word_1_139' title='bbox 1137 964 1310 998; x_wconf 87' lang='lat' dir='ltr'>Ordinariis</span> <span class='ocrx_word' id='word_1_140' title='bbox 1327 964 1490 997; x_wconf 83' lang='lat' dir='ltr'>Americae</span> <span class='ocrx_word' id='word_1_141' title='bbox 1510 964 1542 996; x_wconf 89' lang='lat' dir='ltr'>in</span> <span class='ocrx_word' id='word_1_142' title='bbox 1559 964 1635 997; x_wconf 90' lang='lat' dir='ltr'>locis</span> <span class='ocrx_word' id='word_1_143' title='bbox 1652 974 1669 997; x_wconf 86' lang='lat' dir='ltr'>a</span> <span class='ocrx_word' id='word_1_144' title='bbox 1689 965 1777 998; x_wconf 79' lang='lat' dir='ltr'>curia</span> <span class='ocrx_word' id='word_1_145' title='bbox 1797 965 1913 1008; x_wconf 87' lang='lat' dir='ltr'>episco-</span> 
     </span>
     <span class='ocr_line' id='line_1_16' title="bbox 467 1017 1913 1064; baseline -0.001 -13"><span class='ocrx_word' id='word_1_146' title='bbox 467 1020 530 1064; x_wconf 85' lang='lat' dir='ltr'>pali</span> <span class='ocrx_word' id='word_1_147' title='bbox 556 1020 636 1051; x_wconf 88' lang='lat' dir='ltr'>ultra</span> <span class='ocrx_word' id='word_1_148' title='bbox 661 1019 737 1052; x_wconf 91' lang='lat' dir='ltr'>duas</span> <span class='ocrx_word' id='word_1_149' title='bbox 762 1018 860 1053; x_wconf 88' lang='lat' dir='ltr'>dietas</span> <span class='ocrx_word' id='word_1_150' title='bbox 884 1018 1072 1051; x_wconf 89' lang='lat' dir='ltr'>distantibus</span> <span class='ocrx_word' id='word_1_151' title='bbox 1088 1028 1146 1061; x_wconf 90' lang='lat' dir='ltr'>pro</span> <span class='ocrx_word' id='word_1_152' title='bbox 1167 1021 1247 1051; x_wconf 90' lang='lat' dir='ltr'>statu</span> <span class='ocrx_word' id='word_1_153' title='bbox 1272 1018 1374 1050; x_wconf 90' lang='lat' dir='ltr'>libero</span> <span class='ocrx_word' id='word_1_154' title='bbox 1399 1017 1650 1051; x_wconf 90' lang='lat' dir='ltr'>contrahentium</span> <span class='ocrx_word' id='word_1_155' title='bbox 1676 1017 1913 1051; x_wconf 84' lang='lat' dir='ltr'>matrimonium</span> 
     </span>
     <span class='ocr_line' id='line_1_17' title="bbox 468 1067 1910 1115; baseline -0.002 -10"><span class='ocrx_word' id='word_1_156' title='bbox 468 1072 620 1115; x_wconf 81' lang='lat' dir='ltr'>eligendis</span> <span class='ocrx_word' id='word_1_157' title='bbox 645 1072 807 1105; x_wconf 90' lang='lat' dir='ltr'>decretum</span> <span class='ocrx_word' id='word_1_158' title='bbox 833 1070 1093 1114; x_wconf 81' lang='lat' dir='ltr'>Congregationis</span> <span class='ocrx_word' id='word_1_159' title='bbox 1117 1071 1146 1103; x_wconf 83' lang='lat' dir='ltr'>S.</span> <span class='ocrx_word' id='word_1_160' title='bbox 1172 1069 1273 1103; x_wconf 85' lang='lat' dir='ltr'>Officii</span> <span class='ocrx_word' id='word_1_161' title='bbox 1298 1069 1464 1103; x_wconf 88' lang='lat' dir='ltr'>confirmat</span> <span class='ocrx_word' id='word_1_162' title='bbox 1488 1069 1639 1110; x_wconf 83' lang='lat' dir='ltr'>Pontifex,</span> <span class='ocrx_word' id='word_1_163' title='bbox 1663 1067 1722 1102; x_wconf 75' lang='lat'>8⁶21</span> <span class='ocrx_word' id='word_1_164' title='bbox 1752 1079 1772 1102; x_wconf 84' lang='grc' dir='ltr'><em>α</em></span> <span class='ocrx_word' id='word_1_165' title='bbox 1795 1074 1826 1102; x_wconf 91' lang='lat' dir='ltr'>et</span> <span class='ocrx_word' id='word_1_166' title='bbox 1849 1080 1910 1114; x_wconf 85' lang='lat' dir='ltr'>seq.</span> 
     </span>
    </p>

    <p class='ocr_par' dir='ltr' id='par_1_5' title="bbox 380 1121 1914 1218">
     <span class='ocr_line' id='line_1_18' title="bbox 380 1121 1914 1168; baseline -0.003 -9"><span class='ocrx_word' id='word_1_167' title='bbox 380 1126 520 1159; x_wconf 85' lang='lat' dir='ltr'>Vicarius</span> <span class='ocrx_word' id='word_1_168' title='bbox 545 1125 701 1168; x_wconf 84' lang='lat' dir='ltr'>generalis</span> <span class='ocrx_word' id='word_1_169' title='bbox 726 1125 757 1157; x_wconf 93' lang='lat' dir='ltr'>in</span> <span class='ocrx_word' id='word_1_170' title='bbox 782 1125 874 1158; x_wconf 87' lang='lat' dir='ltr'>Urbe.</span> <span class='ocrx_word' id='word_1_171' title='bbox 896 1124 1009 1157; x_wconf 78' lang='lat' dir='ltr'>Vicarii</span> <span class='ocrx_word' id='word_1_172' title='bbox 1034 1123 1190 1167; x_wconf 83' lang='lat' dir='ltr'>generalis</span> <span class='ocrx_word' id='word_1_173' title='bbox 1216 1123 1246 1155; x_wconf 90' lang='lat' dir='ltr'>in</span> <span class='ocrx_word' id='word_1_174' title='bbox 1271 1123 1354 1156; x_wconf 89' lang='lat' dir='ltr'>Urbe</span> <span class='ocrx_word' id='word_1_175' title='bbox 1378 1122 1539 1155; x_wconf 83' lang='lat' dir='ltr'>facultates</span> <span class='ocrx_word' id='word_1_176' title='bbox 1564 1131 1672 1155; x_wconf 88' lang='lat' dir='ltr'>omnes</span> <span class='ocrx_word' id='word_1_177' title='bbox 1688 1121 1726 1154; x_wconf 88' lang='lat' dir='ltr'>ad</span> <span class='ocrx_word' id='word_1_178' title='bbox 1746 1121 1914 1166; x_wconf 89' lang='lat' dir='ltr'>pristinum</span> 
     </span>
     <span class='ocr_line' id='line_1_19' title="bbox 469 1175 1229 1218; baseline -0.004 -7"><span class='ocrx_word' id='word_1_179' title='bbox 469 1183 584 1211; x_wconf 89' lang='lat' dir='ltr'>statum</span> <span class='ocrx_word' id='word_1_180' title='bbox 609 1178 766 1211; x_wconf 88' lang='lat' dir='ltr'>revocavit</span> <span class='ocrx_word' id='word_1_181' title='bbox 790 1177 991 1211; x_wconf 85' lang='lat' dir='ltr'>Innocentius</span> <span class='ocrx_word' id='word_1_182' title='bbox 1016 1177 1085 1218; x_wconf 81' lang='lat' dir='ltr'>XII,</span> <span class='ocrx_word' id='word_1_183' title='bbox 1111 1175 1174 1209; x_wconf 85' lang='grc'>463</span> <span class='ocrx_word' id='word_1_184' title='bbox 1199 1187 1229 1210; x_wconf 87' lang='grc' dir='ltr'>α.</span> 
     </span>
    </p>

    <p class='ocr_par' dir='ltr' id='par_1_6' title="bbox 382 1228 1918 1432">
     <span class='ocr_line' id='line_1_20' title="bbox 382 1228 1915 1274; baseline -0.001 -11"><span class='ocrx_word' id='word_1_185' title='bbox 382 1231 656 1272; x_wconf 82' lang='lat' dir='ltr'>Vicecancellario,</span> <span class='ocrx_word' id='word_1_186' title='bbox 688 1241 706 1263; x_wconf 85' lang='lat' dir='ltr'>a</span> <span class='ocrx_word' id='word_1_187' title='bbox 729 1241 791 1274; x_wconf 85' lang='lat' dir='ltr'>quo</span> <span class='ocrx_word' id='word_1_188' title='bbox 816 1230 1015 1264; x_wconf 88' lang='lat' dir='ltr'>Innocentius</span> <span class='ocrx_word' id='word_1_189' title='bbox 1039 1230 1079 1263; x_wconf 87' lang='lat' dir='ltr'>XI</span> <span class='ocrx_word' id='word_1_190' title='bbox 1103 1229 1207 1262; x_wconf 84' lang='lat' dir='ltr'>officia</span> <span class='ocrx_word' id='word_1_191' title='bbox 1239 1228 1344 1262; x_wconf 87' lang='lat' dir='ltr'>omnia</span> <span class='ocrx_word' id='word_1_192' title='bbox 1379 1228 1528 1262; x_wconf 84' lang='lat' dir='ltr'>vacabilia</span> <span class='ocrx_word' id='word_1_193' title='bbox 1548 1228 1850 1270; x_wconf 88' lang='lat' dir='ltr'>dismembraverat‚</span> <span class='ocrx_word' id='word_1_194' title='bbox 1878 1239 1915 1262; x_wconf 85' lang='lat' dir='ltr'>ex</span> 
     </span>
     <span class='ocr_line' id='line_1_21' title="bbox 470 1281 1915 1328; baseline -0.001 -11"><span class='ocrx_word' id='word_1_195' title='bbox 470 1290 541 1318; x_wconf 90' lang='lat' dir='ltr'>voto</span> <span class='ocrx_word' id='word_1_196' title='bbox 567 1284 764 1328; x_wconf 85' lang='lat' dir='ltr'>particularis</span> <span class='ocrx_word' id='word_1_197' title='bbox 792 1283 1051 1327; x_wconf 81' lang='lat' dir='ltr'>Congregationis</span> <span class='ocrx_word' id='word_1_198' title='bbox 1071 1283 1129 1316; x_wconf 88' lang='lat' dir='ltr'>hac</span> <span class='ocrx_word' id='word_1_199' title='bbox 1157 1292 1252 1326; x_wconf 87' lang='lat' dir='ltr'>super</span> <span class='ocrx_word' id='word_1_200' title='bbox 1277 1281 1445 1322; x_wconf 89' lang='lat' dir='ltr'>institutae,</span> <span class='ocrx_word' id='word_1_201' title='bbox 1463 1287 1493 1314; x_wconf 93' lang='lat' dir='ltr'>et</span> <span class='ocrx_word' id='word_1_202' title='bbox 1524 1281 1632 1324; x_wconf 84' lang='lat' dir='ltr'>vigore</span> <span class='ocrx_word' id='word_1_203' title='bbox 1660 1281 1805 1326; x_wconf 88' lang='lat' dir='ltr'>specialis</span> <span class='ocrx_word' id='word_1_204' title='bbox 1839 1281 1915 1316; x_wconf 88' lang='lat' dir='ltr'>San-</span> 
     </span>
     <span class='ocr_line' id='line_1_22' title="bbox 471 1334 1918 1379; baseline -0.001 -9"><span class='ocrx_word' id='word_1_205' title='bbox 471 1337 584 1371; x_wconf 87' lang='lat' dir='ltr'>ctitatis</span> <span class='ocrx_word' id='word_1_206' title='bbox 606 1347 680 1369; x_wconf 87' lang='lat' dir='ltr'>suae</span> <span class='ocrx_word' id='word_1_207' title='bbox 708 1337 923 1379; x_wconf 81' lang='lat' dir='ltr'>chirographi,</span> <span class='ocrx_word' id='word_1_208' title='bbox 951 1340 1134 1368; x_wconf 88' lang='lat' dir='ltr'>remanente</span> <span class='ocrx_word' id='word_1_209' title='bbox 1158 1335 1437 1368; x_wconf 86' lang='lat' dir='ltr'>dismembratione</span> <span class='ocrx_word' id='word_1_210' title='bbox 1461 1334 1623 1378; x_wconf 81' lang='lat' dir='ltr'>praedicta</span> <span class='ocrx_word' id='word_1_211' title='bbox 1644 1335 1827 1368; x_wconf 86' lang='lat' dir='ltr'>eorumdem</span> <span class='ocrx_word' id='word_1_212' title='bbox 1852 1335 1918 1369; x_wconf 85' lang='lat' dir='ltr'>offi-</span> 
     </span>
     <span class='ocr_line' id='line_1_23' title="bbox 472 1387 1695 1432; baseline -0.002 -9"><span class='ocrx_word' id='word_1_213' title='bbox 472 1390 593 1423; x_wconf 89' lang='lat' dir='ltr'>ciorum</span> <span class='ocrx_word' id='word_1_214' title='bbox 623 1390 820 1429; x_wconf 86' lang='lat' dir='ltr'>vacabilium,</span> <span class='ocrx_word' id='word_1_215' title='bbox 847 1389 968 1422; x_wconf 88' lang='lat' dir='ltr'>fructus</span> <span class='ocrx_word' id='word_1_216' title='bbox 999 1399 1118 1429; x_wconf 89' lang='lat' dir='ltr'>omnes,</span> <span class='ocrx_word' id='word_1_217' title='bbox 1141 1388 1276 1421; x_wconf 86' lang='lat' dir='ltr'>restituit</span> <span class='ocrx_word' id='word_1_218' title='bbox 1301 1388 1450 1428; x_wconf 86' lang='lat' dir='ltr'>Pontifex,</span> <span class='ocrx_word' id='word_1_219' title='bbox 1474 1387 1517 1421; x_wconf 89' lang='grc'>40</span> <span class='ocrx_word' id='word_1_220' title='bbox 1542 1399 1562 1421; x_wconf 84' lang='grc' dir='ltr'><em>α</em></span> <span class='ocrx_word' id='word_1_221' title='bbox 1582 1393 1612 1420; x_wconf 86' lang='lat' dir='ltr'>et</span> <span class='ocrx_word' id='word_1_222' title='bbox 1636 1399 1695 1432; x_wconf 80' lang='lat' dir='ltr'>seq.</span> 
     </span>
    </p>

    <p class='ocr_par' dir='ltr' id='par_1_7' title="bbox 383 1441 1921 2224">
     <span class='ocr_line' id='line_1_24' title="bbox 383 1441 1914 1486; baseline -0.001 -10"><span class='ocrx_word' id='word_1_223' title='bbox 383 1443 521 1477; x_wconf 85' lang='lat' dir='ltr'>Visitatio</span> <span class='ocrx_word' id='word_1_224' title='bbox 551 1443 722 1486; x_wconf 89' lang='lat' dir='ltr'>apostolica</span> <span class='ocrx_word' id='word_1_225' title='bbox 757 1442 795 1474; x_wconf 85' lang='lat' dir='ltr'>ab</span> <span class='ocrx_word' id='word_1_226' title='bbox 827 1442 1002 1475; x_wconf 83' lang='lat' dir='ltr'>Alexandro</span> <span class='ocrx_word' id='word_1_227' title='bbox 1038 1441 1089 1474; x_wconf 86' lang='lat' dir='ltr'>VII</span> <span class='ocrx_word' id='word_1_228' title='bbox 1122 1441 1236 1474; x_wconf 90' lang='lat' dir='ltr'>indicta</span> <span class='ocrx_word' id='word_1_229' title='bbox 1269 1441 1468 1475; x_wconf 89' lang='lat' dir='ltr'>continuatur</span> <span class='ocrx_word' id='word_1_230' title='bbox 1504 1451 1541 1474; x_wconf 82' lang='lat' dir='ltr'>ex</span> <span class='ocrx_word' id='word_1_231' title='bbox 1575 1446 1743 1485; x_wconf 89' lang='lat' dir='ltr'>praecepto</span> <span class='ocrx_word' id='word_1_232' title='bbox 1779 1441 1914 1475; x_wconf 86' lang='lat' dir='ltr'>Alexan-</span> 
     </span>
     <span class='ocr_line' id='line_1_25' title="bbox 471 1494 1914 1539; baseline 0 -11"><span class='ocrx_word' id='word_1_233' title='bbox 471 1496 519 1528; x_wconf 90' lang='lat' dir='ltr'>dri</span> <span class='ocrx_word' id='word_1_234' title='bbox 545 1496 620 1535; x_wconf 89' lang='lat' dir='ltr'>VIII,</span> <span class='ocrx_word' id='word_1_235' title='bbox 644 1495 686 1528; x_wconf 79' lang='lat'>36</span> <span class='ocrx_word' id='word_1_236' title='bbox 712 1496 742 1535; x_wconf 80' lang='lat' dir='ltr'>b3</span> <span class='ocrx_word' id='word_1_237' title='bbox 767 1505 879 1528; x_wconf 83' lang='lat' dir='ltr'>novam</span> <span class='ocrx_word' id='word_1_238' title='bbox 906 1495 1113 1527; x_wconf 82' lang='lat' dir='ltr'>visitationem</span> <span class='ocrx_word' id='word_1_239' title='bbox 1146 1495 1349 1538; x_wconf 88' lang='lat' dir='ltr'>apostolicam</span> <span class='ocrx_word' id='word_1_240' title='bbox 1382 1494 1585 1527; x_wconf 86' lang='lat' dir='ltr'>ecclesiarum</span> <span class='ocrx_word' id='word_1_241' title='bbox 1614 1499 1643 1527; x_wconf 92' lang='lat' dir='ltr'>et</span> <span class='ocrx_word' id='word_1_242' title='bbox 1674 1495 1817 1528; x_wconf 89' lang='lat' dir='ltr'>locorum</span> <span class='ocrx_word' id='word_1_243' title='bbox 1843 1495 1914 1539; x_wconf 91' lang='lat' dir='ltr'>pio-</span> 
     </span>
     <span class='ocr_line' id='line_1_26' title="bbox 471 1547 1917 1591; baseline -0.001 -9"><span class='ocrx_word' id='word_1_244' title='bbox 471 1559 542 1582; x_wconf 87' lang='lat' dir='ltr'>rum</span> <span class='ocrx_word' id='word_1_245' title='bbox 559 1548 651 1582; x_wconf 87' lang='lat' dir='ltr'>Urbis</span> <span class='ocrx_word' id='word_1_246' title='bbox 676 1559 747 1581; x_wconf 88' lang='lat' dir='ltr'>cum</span> <span class='ocrx_word' id='word_1_247' title='bbox 766 1548 960 1591; x_wconf 84' lang='lat' dir='ltr'>expositione</span> <span class='ocrx_word' id='word_1_248' title='bbox 984 1548 1035 1581; x_wconf 82' lang='lat' dir='ltr'>SS.</span> <span class='ocrx_word' id='word_1_249' title='bbox 1054 1548 1246 1581; x_wconf 86' lang='lat' dir='ltr'>Sacramenti</span> <span class='ocrx_word' id='word_1_250' title='bbox 1272 1552 1301 1579; x_wconf 93' lang='lat' dir='ltr'>et</span> <span class='ocrx_word' id='word_1_251' title='bbox 1318 1547 1510 1589; x_wconf 70' lang='lat' dir='ltr'>indulgentia</span> <span class='ocrx_word' id='word_1_252' title='bbox 1534 1547 1675 1590; x_wconf 78' lang='lat' dir='ltr'>plenaria</span> <span class='ocrx_word' id='word_1_253' title='bbox 1700 1547 1810 1580; x_wconf 86' lang='lat' dir='ltr'>indixit</span> <span class='ocrx_word' id='word_1_254' title='bbox 1825 1548 1917 1581; x_wconf 89' lang='lat' dir='ltr'>Inno-</span> 
     </span>
     <span class='ocr_line' id='line_1_27' title="bbox 473 1599 1919 1644; baseline 0 -10"><span class='ocrx_word' id='word_1_255' title='bbox 473 1602 594 1635; x_wconf 87' lang='lat' dir='ltr'>centius</span> <span class='ocrx_word' id='word_1_256' title='bbox 618 1601 688 1641; x_wconf 83' lang='lat' dir='ltr'>XIl,</span> <span class='ocrx_word' id='word_1_257' title='bbox 716 1600 780 1633; x_wconf 85' lang='grc'>494</span> <span class='ocrx_word' id='word_1_258' title='bbox 804 1612 824 1634; x_wconf 87' lang='grc' dir='ltr'><em>α</em></span> <span class='ocrx_word' id='word_1_259' title='bbox 849 1606 878 1633; x_wconf 90' lang='lat' dir='ltr'>et</span> <span class='ocrx_word' id='word_1_260' title='bbox 901 1611 977 1643; x_wconf 79' lang='lat' dir='ltr'>seq.;</span> <span class='ocrx_word' id='word_1_261' title='bbox 1003 1600 1186 1632; x_wconf 79' lang='lat' dir='ltr'>visitationis</span> <span class='ocrx_word' id='word_1_262' title='bbox 1206 1600 1395 1643; x_wconf 87' lang='lat' dir='ltr'>apostolicae</span> <span class='ocrx_word' id='word_1_263' title='bbox 1413 1599 1504 1632; x_wconf 90' lang='lat' dir='ltr'>Urbis</span> <span class='ocrx_word' id='word_1_264' title='bbox 1529 1599 1740 1633; x_wconf 84' lang='lat' dir='ltr'>cardinalibus</span> <span class='ocrx_word' id='word_1_265' title='bbox 1765 1600 1919 1644; x_wconf 86' lang='lat' dir='ltr'>deputatis</span> 
     </span>
     <span class='ocr_line' id='line_1_28' title="bbox 474 1652 1918 1698; baseline 0.001 -12"><span class='ocrx_word' id='word_1_266' title='bbox 474 1654 632 1687; x_wconf 82' lang='lat' dir='ltr'>facultates</span> <span class='ocrx_word' id='word_1_267' title='bbox 643 1664 752 1686; x_wconf 86' lang='lat' dir='ltr'>omnes</span> <span class='ocrx_word' id='word_1_268' title='bbox 762 1654 955 1686; x_wconf 87' lang='lat' dir='ltr'>necessarias</span> <span class='ocrx_word' id='word_1_269' title='bbox 973 1653 1137 1692; x_wconf 82' lang='lat' dir='ltr'>concessit,</span> <span class='ocrx_word' id='word_1_270' title='bbox 1152 1653 1259 1695; x_wconf 85' lang='lat' dir='ltr'>eisque</span> <span class='ocrx_word' id='word_1_271' title='bbox 1276 1653 1427 1685; x_wconf 80' lang='lat' dir='ltr'>nonnulla</span> <span class='ocrx_word' id='word_1_272' title='bbox 1441 1652 1576 1685; x_wconf 82' lang='lat' dir='ltr'>iniunxit</span> <span class='ocrx_word' id='word_1_273' title='bbox 1591 1652 1684 1693; x_wconf 89' lang='lat' dir='ltr'>idem,</span> <span class='ocrx_word' id='word_1_274' title='bbox 1702 1652 1765 1685; x_wconf 84' lang='grc'>497</span> <span class='ocrx_word' id='word_1_275' title='bbox 1781 1654 1798 1686; x_wconf 85' lang='lat' dir='ltr'>b</span> <span class='ocrx_word' id='word_1_276' title='bbox 1810 1659 1918 1698; x_wconf 82' lang='lat' dir='ltr'>etseq.;</span> 
     </span>
     <span class='ocr_line' id='line_1_29' title="bbox 474 1704 1919 1749; baseline 0.001 -11"><span class='ocrx_word' id='word_1_277' title='bbox 474 1707 612 1739; x_wconf 84' lang='lat' dir='ltr'>eiusdem</span> <span class='ocrx_word' id='word_1_278' title='bbox 630 1706 720 1738; x_wconf 87' lang='lat' dir='ltr'>dictis</span> <span class='ocrx_word' id='word_1_279' title='bbox 737 1706 947 1739; x_wconf 86' lang='lat' dir='ltr'>cardinalibus</span> <span class='ocrx_word' id='word_1_280' title='bbox 964 1705 1154 1749; x_wconf 83' lang='lat' dir='ltr'>pontificalia</span> <span class='ocrx_word' id='word_1_281' title='bbox 1172 1705 1203 1737; x_wconf 91' lang='lat' dir='ltr'>in</span> <span class='ocrx_word' id='word_1_282' title='bbox 1221 1704 1368 1737; x_wconf 89' lang='lat' dir='ltr'>omnibus</span> <span class='ocrx_word' id='word_1_283' title='bbox 1384 1704 1524 1737; x_wconf 86' lang='lat' dir='ltr'>ecclesiis</span> <span class='ocrx_word' id='word_1_284' title='bbox 1542 1705 1724 1737; x_wconf 88' lang='lat' dir='ltr'>exercendis</span> <span class='ocrx_word' id='word_1_285' title='bbox 1740 1705 1919 1740; x_wconf 85' lang='lat' dir='ltr'>facultatem</span> 
     </span>
     <span class='ocr_line' id='line_1_30' title="bbox 475 1757 1920 1802; baseline 0 -10"><span class='ocrx_word' id='word_1_286' title='bbox 475 1759 648 1799; x_wconf 87' lang='lat' dir='ltr'>concessit,</span> <span class='ocrx_word' id='word_1_287' title='bbox 677 1758 735 1791; x_wconf 77' lang='lat'>501</span> <span class='ocrx_word' id='word_1_288' title='bbox 765 1770 785 1792; x_wconf 86' lang='grc' dir='ltr'><em>α</em></span> <span class='ocrx_word' id='word_1_289' title='bbox 811 1763 841 1792; x_wconf 89' lang='lat' dir='ltr'>et</span> <span class='ocrx_word' id='word_1_290' title='bbox 865 1769 941 1802; x_wconf 80' lang='lat' dir='ltr'>seq.;</span> <span class='ocrx_word' id='word_1_291' title='bbox 962 1758 1078 1791; x_wconf 87' lang='lat' dir='ltr'>eisdem</span> <span class='ocrx_word' id='word_1_292' title='bbox 1108 1757 1321 1789; x_wconf 83' lang='lat' dir='ltr'>cardinalibus</span> <span class='ocrx_word' id='word_1_293' title='bbox 1345 1767 1454 1789; x_wconf 88' lang='lat' dir='ltr'>causas</span> <span class='ocrx_word' id='word_1_294' title='bbox 1479 1767 1693 1801; x_wconf 83' lang='lat' dir='ltr'>quascumque</span> <span class='ocrx_word' id='word_1_295' title='bbox 1727 1763 1788 1790; x_wconf 88' lang='lat' dir='ltr'>tam</span> <span class='ocrx_word' id='word_1_296' title='bbox 1814 1759 1920 1792; x_wconf 91' lang='lat' dir='ltr'>civiles</span> 
     </span>
     <span class='ocr_line' id='line_1_31' title="bbox 475 1809 1920 1855; baseline 0.001 -12"><span class='ocrx_word' id='word_1_297' title='bbox 475 1822 568 1855; x_wconf 90' lang='lat' dir='ltr'>quam</span> <span class='ocrx_word' id='word_1_298' title='bbox 609 1811 788 1844; x_wconf 87' lang='lat' dir='ltr'>criminales</span> <span class='ocrx_word' id='word_1_299' title='bbox 825 1811 1015 1843; x_wconf 86' lang='lat' dir='ltr'>terminandi</span> <span class='ocrx_word' id='word_1_300' title='bbox 1052 1811 1228 1843; x_wconf 83' lang='lat' dir='ltr'>facultatem</span> <span class='ocrx_word' id='word_1_301' title='bbox 1257 1810 1434 1850; x_wconf 83' lang='lat' dir='ltr'>concessit,</span> <span class='ocrx_word' id='word_1_302' title='bbox 1469 1809 1532 1843; x_wconf 62' lang='lat'>5022</span> <span class='ocrx_word' id='word_1_303' title='bbox 1558 1811 1574 1842; x_wconf 84' lang='lat' dir='ltr'>b</span> <span class='ocrx_word' id='word_1_304' title='bbox 1605 1816 1635 1843; x_wconf 88' lang='lat' dir='ltr'>et</span> <span class='ocrx_word' id='word_1_305' title='bbox 1664 1821 1744 1854; x_wconf 84' lang='lat' dir='ltr'>seq.;</span> <span class='ocrx_word' id='word_1_306' title='bbox 1772 1812 1920 1855; x_wconf 86' lang='lat' dir='ltr'>praefatis</span> 
     </span>
     <span class='ocr_line' id='line_1_32' title="bbox 475 1863 1920 1906; baseline 0.001 -10"><span class='ocrx_word' id='word_1_307' title='bbox 475 1864 685 1897; x_wconf 85' lang='lat' dir='ltr'>cardinalibus</span> <span class='ocrx_word' id='word_1_308' title='bbox 710 1874 819 1896; x_wconf 82' lang='lat' dir='ltr'>causas</span> <span class='ocrx_word' id='word_1_309' title='bbox 850 1863 1021 1906; x_wconf 84' lang='lat' dir='ltr'>pendentes</span> <span class='ocrx_word' id='word_1_310' title='bbox 1051 1863 1089 1896; x_wconf 88' lang='lat' dir='ltr'>ad</span> <span class='ocrx_word' id='word_1_311' title='bbox 1117 1874 1149 1896; x_wconf 89' lang='lat' dir='ltr'>se</span> <span class='ocrx_word' id='word_1_312' title='bbox 1176 1863 1327 1896; x_wconf 85' lang='lat' dir='ltr'>avocandi</span> <span class='ocrx_word' id='word_1_313' title='bbox 1353 1868 1383 1895; x_wconf 88' lang='lat' dir='ltr'>et</span> <span class='ocrx_word' id='word_1_314' title='bbox 1407 1863 1517 1896; x_wconf 88' lang='lat' dir='ltr'>missas</span> <span class='ocrx_word' id='word_1_315' title='bbox 1548 1863 1588 1896; x_wconf 87' lang='lat' dir='ltr'>ab</span> <span class='ocrx_word' id='word_1_316' title='bbox 1613 1864 1763 1897; x_wconf 84' lang='lat' dir='ltr'>altaribus</span> <span class='ocrx_word' id='word_1_317' title='bbox 1788 1865 1920 1898; x_wconf 85' lang='lat' dir='ltr'>transfe-</span> 
     </span>
     <span class='ocr_line' id='line_1_33' title="bbox 475 1916 1921 1963; baseline 0.002 -14"><span class='ocrx_word' id='word_1_318' title='bbox 475 1917 564 1950; x_wconf 89' lang='lat' dir='ltr'>rendi</span> <span class='ocrx_word' id='word_1_319' title='bbox 591 1917 767 1950; x_wconf 86' lang='lat' dir='ltr'>facultatem</span> <span class='ocrx_word' id='word_1_320' title='bbox 802 1917 940 1957; x_wconf 81' lang='lat' dir='ltr'>indulsit,</span> <span class='ocrx_word' id='word_1_321' title='bbox 961 1916 1024 1949; x_wconf 79' lang='lat'>503</span> <span class='ocrx_word' id='word_1_322' title='bbox 1049 1917 1065 1949; x_wconf 87' lang='lat' dir='ltr'>b</span> <span class='ocrx_word' id='word_1_323' title='bbox 1089 1922 1119 1949; x_wconf 92' lang='lat' dir='ltr'>et</span> <span class='ocrx_word' id='word_1_324' title='bbox 1142 1928 1219 1961; x_wconf 60' lang='lat' dir='ltr'>seq,</span> <span class='ocrx_word' id='word_1_325' title='bbox 1245 1916 1445 1950; x_wconf 90' lang='lat' dir='ltr'>decretorum</span> <span class='ocrx_word' id='word_1_326' title='bbox 1467 1922 1694 1960; x_wconf 84' lang='lat' dir='ltr'>exequutorem</span> <span class='ocrx_word' id='word_1_327' title='bbox 1718 1917 1921 1963; x_wconf 84' lang='lat' dir='ltr'>iudicemque</span> 
     </span>
     <span class='ocr_line' id='line_1_34' title="bbox 477 1969 1917 2015; baseline 0.001 -13"><span class='ocrx_word' id='word_1_328' title='bbox 477 1980 665 2009; x_wconf 86' lang='lat' dir='ltr'>causarum,</span> <span class='ocrx_word' id='word_1_329' title='bbox 690 1970 744 2013; x_wconf 89' lang='lat' dir='ltr'>qui</span> <span class='ocrx_word' id='word_1_330' title='bbox 769 1975 874 2002; x_wconf 87' lang='lat' dir='ltr'>tamen</span> <span class='ocrx_word' id='word_1_331' title='bbox 899 1980 915 2001; x_wconf 90' lang='lat' dir='ltr'>a</span> <span class='ocrx_word' id='word_1_332' title='bbox 941 1975 1012 2002; x_wconf 78' lang='lat' dir='ltr'>roto</span> <span class='ocrx_word' id='word_1_333' title='bbox 1044 1970 1250 2002; x_wconf 86' lang='lat' dir='ltr'>cardinalium</span> <span class='ocrx_word' id='word_1_334' title='bbox 1281 1969 1477 2003; x_wconf 79' lang='lat' dir='ltr'>visitatorum</span> <span class='ocrx_word' id='word_1_335' title='bbox 1511 1969 1706 2014; x_wconf 88' lang='lat' dir='ltr'>dependeat,</span> <span class='ocrx_word' id='word_1_336' title='bbox 1739 1971 1917 2015; x_wconf 85' lang='lat' dir='ltr'>deputavit,</span> 
     </span>
     <span class='ocr_line' id='line_1_35' title="bbox 476 2021 1919 2067; baseline 0.002 -13"><span class='ocrx_word' id='word_1_337' title='bbox 476 2021 539 2055; x_wconf 81' lang='lat'>508</span> <span class='ocrx_word' id='word_1_338' title='bbox 563 2033 583 2054; x_wconf 86' lang='grc' dir='ltr'><em>α</em></span> <span class='ocrx_word' id='word_1_339' title='bbox 608 2028 637 2054; x_wconf 90' lang='lat' dir='ltr'>et</span> <span class='ocrx_word' id='word_1_340' title='bbox 663 2033 742 2065; x_wconf 85' lang='lat' dir='ltr'>seq.;</span> <span class='ocrx_word' id='word_1_341' title='bbox 771 2022 983 2055; x_wconf 87' lang='lat' dir='ltr'>visitatoribus</span> <span class='ocrx_word' id='word_1_342' title='bbox 1015 2026 1045 2056; x_wconf 90' lang='lat' dir='ltr'>et</span> <span class='ocrx_word' id='word_1_343' title='bbox 1075 2023 1170 2055; x_wconf 87' lang='lat' dir='ltr'>iudici</span> <span class='ocrx_word' id='word_1_344' title='bbox 1199 2022 1384 2056; x_wconf 88' lang='lat' dir='ltr'>visitationis</span> <span class='ocrx_word' id='word_1_345' title='bbox 1412 2023 1601 2067; x_wconf 88' lang='lat' dir='ltr'>apostolicae</span> <span class='ocrx_word' id='word_1_346' title='bbox 1626 2024 1717 2057; x_wconf 86' lang='lat' dir='ltr'>Urbis</span> <span class='ocrx_word' id='word_1_347' title='bbox 1741 2024 1919 2057; x_wconf 85' lang='lat' dir='ltr'>facultatem</span> 
     </span>
     <span class='ocr_line' id='line_1_36' title="bbox 477 2074 1919 2120; baseline 0.002 -13"><span class='ocrx_word' id='word_1_348' title='bbox 477 2075 643 2107; x_wconf 82' lang='lat' dir='ltr'>adhibendi</span> <span class='ocrx_word' id='word_1_349' title='bbox 677 2074 768 2107; x_wconf 83' lang='lat' dir='ltr'>fidem</span> <span class='ocrx_word' id='word_1_350' title='bbox 795 2075 929 2119; x_wconf 87' lang='lat' dir='ltr'>simplici</span> <span class='ocrx_word' id='word_1_351' title='bbox 955 2075 1137 2109; x_wconf 88' lang='lat' dir='ltr'>indicationi</span> <span class='ocrx_word' id='word_1_352' title='bbox 1167 2076 1407 2119; x_wconf 85' lang='lat' dir='ltr'>scripturarum,</span> <span class='ocrx_word' id='word_1_353' title='bbox 1437 2086 1473 2109; x_wconf 90' lang='lat' dir='ltr'>ac</span> <span class='ocrx_word' id='word_1_354' title='bbox 1501 2075 1584 2109; x_wconf 88' lang='lat' dir='ltr'>dicto</span> <span class='ocrx_word' id='word_1_355' title='bbox 1610 2076 1703 2110; x_wconf 92' lang='lat' dir='ltr'>iudici</span> <span class='ocrx_word' id='word_1_356' title='bbox 1728 2076 1919 2120; x_wconf 88' lang='lat' dir='ltr'>procedendi</span> 
     </span>
     <span class='ocr_line' id='line_1_37' title="bbox 477 2127 1921 2174; baseline 0.002 -14"><span class='ocrx_word' id='word_1_357' title='bbox 477 2128 508 2160; x_wconf 92' lang='lat' dir='ltr'>in</span> <span class='ocrx_word' id='word_1_358' title='bbox 533 2127 719 2170; x_wconf 88' lang='lat' dir='ltr'>quibusdam</span> <span class='ocrx_word' id='word_1_359' title='bbox 745 2128 846 2161; x_wconf 86' lang='lat' dir='ltr'>causis</span> <span class='ocrx_word' id='word_1_360' title='bbox 871 2128 989 2172; x_wconf 90' lang='lat' dir='ltr'>absque</span> <span class='ocrx_word' id='word_1_361' title='bbox 1014 2133 1085 2161; x_wconf 91' lang='lat' dir='ltr'>voto</span> <span class='ocrx_word' id='word_1_362' title='bbox 1110 2128 1317 2169; x_wconf 87' lang='lat' dir='ltr'>visitatorum,</span> <span class='ocrx_word' id='word_1_363' title='bbox 1342 2128 1496 2162; x_wconf 88' lang='lat' dir='ltr'>concessit</span> <span class='ocrx_word' id='word_1_364' title='bbox 1520 2129 1624 2169; x_wconf 88' lang='lat' dir='ltr'>idem,</span> <span class='ocrx_word' id='word_1_365' title='bbox 1654 2129 1717 2163; x_wconf 83' lang='lat'>509</span> <span class='ocrx_word' id='word_1_366' title='bbox 1741 2141 1761 2164; x_wconf 88' lang='grc' dir='ltr'><em>α</em></span> <span class='ocrx_word' id='word_1_367' title='bbox 1785 2135 1816 2163; x_wconf 87' lang='lat' dir='ltr'>et</span> <span class='ocrx_word' id='word_1_368' title='bbox 1839 2140 1897 2174; x_wconf 82' lang='lat' dir='ltr'>seq.</span> <span class='ocrx_word' id='word_1_369' title='bbox 1907 2140 1921 2169; x_wconf 83' lang='lat'><em>;</em></span> 
     </span>
     <span class='ocr_line' id='line_1_38' title="bbox 480 2180 1132 2224; baseline 0.002 -11"><span class='ocrx_word' id='word_1_370' title='bbox 480 2180 551 2213; x_wconf 83' lang='lat' dir='ltr'>vide</span> <span class='ocrx_word' id='word_1_371' title='bbox 575 2181 781 2224; x_wconf 82' lang='lat' dir='ltr'>Congregatio</span> <span class='ocrx_word' id='word_1_372' title='bbox 807 2191 913 2214; x_wconf 89' lang='lat' dir='ltr'>sacrae</span> <span class='ocrx_word' id='word_1_373' title='bbox 938 2181 1132 2214; x_wconf 86' lang='lat' dir='ltr'>visitationis.</span> 
     </span>
    </p>
   </div>
   <div class='ocr_carea' id='block_1_3' title="bbox 2213 0 2254 1144">
    <p class='ocr_par' dir='ltr' id='par_1_8' title="bbox 2213 0 2254 1144">
     <span class='ocr_line' id='line_1_39' title="bbox 2213 0 2254 1144; baseline 0 0"><span class='ocrx_word' id='word_1_374' title='bbox 2213 0 2254 1144; x_wconf 95' lang='lat' dir='ltr'> </span> 
     </span>
    </p>
   </div>
  </div>
 </body>
</html>
