2254 3225
266 256 314 284 An.
331 255 360 283 C.
383 255 445 284 1691
495 247 560 281 374

1032 255 1212 280 BULLARIUM
1237 254 1392 278 ROMANL'M

457 315 627 338 commune
645 305 811 339 electionis
828 305 1044 349 privilegium,
1066 314 1191 337 earum-
1232 303 1291 335 bus
1316 294 1499 335 officiorum
1522 301 1656 345 aliisque
1681 302 1795 336 litteris
1821 302 1963 336 ciusdem

458 369 519 401 que
554 359 693 401 capitula
732 358 816 390 intra
855 363 979 390 certum
1017 356 1189 389 terminum
1233 355 1384 398 ponderis
1409 360 1603 398 apponatur.

1277 419 1294 440 1.
1321 407 1355 440 In
1379 407 1605 450 Hispaniarum
1627 408 1736 450 regnis
1759 408 1915 442 Castellae
1934 414 1965 443 et
2011 423 2080 445 cm*
2094 425 2119 446 11.

457 416 665 454 praesentare
690 411 840 453 magistro
866 420 925 453 pro
944 408 1189 443 confirmatione

1969 253 2022 281 An.
2037 249 2067 282 C.
2086 255 2152 282 169¹

2013 450 2044 471 De
2069 452 2156 477 singulis

458 464 643 504 obtinenda,
661 464 710 497 vel
728 464 821 496 etiam
838 463 965 495 vicariis
982 461 1190 504 generalibus
1232 459 1423 501 Maeoniae,
1442 460 1497 492 ubi
1523 460 1661 502 primum
1686 461 1835 494 fundatus
1862 462 2087 502 extititpmvmcns
2109 484 2155 504 ψ..

457 517 497 549 ad
523 527 592 550 eam
617 517 802 549 facultatem
827 515 1034 549 habentibus.
1054 514 1085 546 Si
1104 513 1189 546 enim
1231 512 1316 545 Ordo
1341 517 1464 552 noster,
1492 518 1630 556 quatuor
1654 519 1730 546 sunt
1753 514 1960 557 provinciae·

457 570 572 604 electio
591 576 622 604 et
639 571 811 613 capitulum
827 568 1022 612 provinciale
1047 567 1191 600 celebre-

458 624 558 656 turin
583 623 736 666 Hispania
760 623 829 655 sine
852 621 1016 665 personali
1041 629 1190 663 praesen-

1953 543 1961 556 5

1208 569 1211 601 Ι
1231 576 1368 607 quarum
1393 565 1496 608 prima
1517 571 1566 598 est
1586 566 1765 608 Aragoniae
1790 566 1963 600 constituta

1208 605 1211 668 l
1232 629 1267 650 ex
1294 619 1505 651 conventibus
1530 618 1631 661 ipsius
1662 619 1752 661 regni
1778 620 1963 661 Aragonum

457 677 500 709 tia
524 677 678 719 magistri,
698 676 794 710 debet
811 676 857 709 illi
884 674 1085 718 praesentari
1107 673 1189 705 intra
1208 673 1211 701 l
1231 676 1261 703 et
1277 671 1475 714 principatus
1502 672 1705 704 Catalauniae
1720 698 1728 712 ,
1747 677 1841 714 atque
1867 672 1962 705 etiam

456 729 622 772 sexaginta
640 729 720 767 dies,
745 728 888 771 alioquin
914 728 953 760 sit
977 727 1080 759 inanis
1102 731 1134 759 et
1149 726 1210 763 ἰ[’-4

454 782 527 821 rita,
541 787 637 825 atque
655 782 686 814 in
706 782 808 824 ipsum
827 782 976 814 devoluta
988 780 1188 821 magistrum,

455 835 508 877 qui
534 835 682 877 profecto
716 834 803 867 illam
837 834 1030 866 confirmare
1057 837 1188 864 tenetur

455 887 482 919 si
507 888 660 921 canonice
685 887 780 920 suerit
803 887 983 925 celebrata,
1009 885 1188 918 secundum

455 940 524 973 iura
556 945 588 973 et
618 940 865 974 constitutiones
902 938 1112 977 huiusmodi,
1138 938 1185 970 vel

455 993 522 1026 eius
547 992 707 1026 desectum
731 992 915 1025 ostendere.

497 1055 527 1078 x.
554 1045 738 1078 Provincias
763 1049 870 1077 autem
892 1043 1012 1076 Galliae
1030 1047 1061 1076 et
1076 1042 1185 1075 Italiae

453 1099 492 1131 ad
523 1098 672 1131 eamdem
703 1096 999 1140 praesentationem
1031 1095 1185 1137 magistro

452 1151 633 1183 faciendam
657 1150 743 1183 intra
768 1155 907 1193 quatuor
929 1158 1054 1182 menses
1079 1148 1185 1180 teneri

453 1203 672 1243 decernimus,
692 1203 751 1235 sub
776 1204 880 1246 poena
904 1201 1061 1235 nullitatis
1082 1206 1114 1234 et
1130 1201 1186 1234 de-

452 1257 628 1290 volutionis
645 1256 841 1299 praedictae,
856 1261 888 1288 et
900 1255 1047 1288 eumdem
1064 1254 1186 1298 pariter

452 1310 640 1352 magistrum
659 1320 769 1342 earum
793 1308 935 1351 capitula
956 1313 986 1341 et
1009 1307 1186 1341 electiones

453 1363 572 1396 debere
586 1362 776 1396 confirmare
794 1367 847 1395 aut
860 1360 1031 1400 infirmare,
1048 1366 1083 1393 ut
1099 1370 1186 1403 prae-

454 1416 580 1449 dicitur.
598 1415 888 1458 Congregationem
906 1419 1013 1446 autem
1031 1413 1186 1445 Parisicn-

453 1479 540 1507 sem,
566 1473 722 1510 quantum
756 1467 795 1499 ad
820 1477 911 1498 suum
947 1466 1124 1508 capitulum
1155 1470 1185 1497 et

454 1521 650 1554 electionem
666 1519 774 1552 vicarii
800 1518 970 1561 generalis,
990 1518 1093 1551 eidem
1120 1517 1183 1559 legi

454 1580 483 1606 et
508 1572 693 1616 praedictae
722 1570 958 1604 confirmationi
984 1569 1129 1612 magistri
1155 1575 1186 1602 et

454 1625 651 1658 devolutioni
677 1625 875 1657 subiicimus.
903 1622 1185 1656 Confirmationem

452 1688 529 1711 vero
553 1677 760 1721 provincialis
793 1677 954 1709 indiarum
983 1676 1046 1709 suis
1077 1686 1186 1719 respe-

453 1731 534 1764 ctive
559 1730 684 1763 vicariis
709 1729 914 1773 generalibus
939 1729 998 1762 sub
1017 1729 1117 1762 forma
1134 1739 1186 1761 su-

453 1784 575 1828 periori
600 1783 803 1816 distinctione
831 1793 900 1825 cap.
931 1793 960 1815 ix
985 1782 1186 1826 praescripta

454 1837 698 1871 committimus.
1072 1838 1077 1842 '

497 1900 539 1924 xi.
566 1890 707 1922 Tandem
733 1888 890 1922 universis
911 1894 942 1921 et
966 1888 1099 1931 singulis
1116 1897 1188 1931 pro-

454 1943 566 1976 vinciis
593 1943 657 1975 duo
682 1942 789 1985 sigilla
820 1941 1034 1980 conveniunt,
1069 1942 1187 1983 quibus

456 2007 566 2029 earum
590 1994 805 2038 provinciales
822 1995 855 2026 in
880 1994 944 2026 suis
961 1994 1079 2026 litteris
1097 1999 1189 2026 utan-

455 2055 515 2089 tur,
530 2050 666 2083 alterum
692 2058 821 2091 parrum
848 2058 918 2079 cum
944 2048 1015 2080 solo
1040 2053 1132 2080 scuto
1157 2052 1190 2080 et

456 2101 678 2136 stemmatibus
702 2100 829 2133 Ordinis
861 2110 919 2143 pro
944 2100 1038 2132 rebus
1065 2100 1187 2142 exiguis

458 2159 489 2187 et
513 2153 755 2193 communibus,
782 2154 919 2185 alterum
942 2162 1018 2185 vero
1037 2162 1189 2194 magnum

458 2217 530 2240 cum
564 2207 685 2240 eisdem
721 2206 942 2239 stemma-tibus
977 2206 1010 2238 in
1046 2207 1133 2238 calce
1158 2210 1190 2238 et

459 2260 565 2303 aliqua
588 2259 728 2301 imagine
748 2258 881 2291 alicuius
903 2259 941 2291 de
967 2258 1190 2291 festivitatibus

459 2314 494 2347 B.
520 2312 660 2355 Virginis
685 2311 816 2350 Mariae,
841 2312 901 2350 vel,
917 2321 1026 2343 earum
1052 2311 1190 2350 defectu,

460 2366 593 2399 alicuius
617 2364 655 2397 de
676 2363 800 2396 Sanctis
821 2362 947 2395 Ordinis
964 2363 996 2396 in
1014 2363 1082 2397 eius
1099 2363 1190 2396 arca¹

460 2418 645 2463 praecipua,
670 2422 769 2459 prout
793 2416 824 2447 in
849 2415 955 2458 capite
980 2416 1127 2459 sequenti
1153 2416 1190 2448 ad

460 2480 719 2514 unamquamque
763 2468 962 2512 provinciam
1001 2468 1188 2509 designabi-

462 2534 544 2564 mus,
561 2523 650 2556 cuius
675 2521 804 2564 quidem
830 2521 1028 2563 signaculum
1053 2520 1191 2563 patenti—

499 2638 511 2664 1
533 2637 640 2663 Videtur
659 2636 800 2670 legendum
820 2636 888 2662 ared
909 2635 944 2670 (n.
965 2634 1015 2669 Τ.).

1208 773 1442 814 {conventibus
1466 777 1666 810 Tarraconae
1691 782 1723 809 et
1746 777 1900 810 Dertusae
1924 787 1960 810 ex

1208 831 1211 865 ἰ
1229 829 1404 869 malonia,
1422 835 1453 862 et
1480 830 1588 863 Turoli
1618 835 1650 862 et
1675 829 1806 863 Sarrion
1823 841 1860 863 ex
1878 831 1959 862 Ara-

1208 874 1347 924 ³g0nia,
1381 882 1436 925 qui
1467 883 1560 915 simul
1590 894 1663 916 cum
1695 883 1842 915 domibus
1867 882 1960 924 regni

1230 935 1402 974 Valentiae,
1418 935 1585 969 Maioricae
1606 942 1638 968 ct
1653 935 1737 969 Oran
1761 935 1958 979 provinciam

1227 988 1390 1020 Valentiae
1414 988 1627 1021 constituunt.

1272 1050 1307 1073 11.
1326 1039 1471 1082 Regnum
1486 1040 1642 1074 Castellae
1661 1040 1814 1073 dividitur
1830 1040 1863 1072 in
1883 1040 1961 1072 alias

1229 1093 1306 1125 duas
1324 1093 1506 1135 provincias
1524 1093 1584 1125 sub
1604 1093 1789 1125 nominibus
1806 1093 1960 1126 Castellae

1229 1150 1260 1177 et
1282 1145 1469 1185 Vandaliae,
1488 1156 1622 1188 quarum
1643 1146 1756 1179 localis
1781 1145 1959 1178 discussio¹

1228 1198 1280 1231 fiat
1304 1203 1336 1230 et
1360 1198 1400 1231 sit
1428 1209 1445 1231 a
1465 1199 1598 1232 flumine
1627 1199 1714 1242 quod
1740 1199 1857 1233 dicitur
1881 1199 1960 1231 Lua-

1228 1252 1332 1290 diana,
1351 1262 1368 1283 a
1388 1262 1450 1294 quo
1475 1252 1605 1294 quidem
1631 1253 1702 1285 loca
1726 1252 1833 1285 omnia
1850 1262 1958 1285 versus

1229 1305 1416 1337 Vandalium
1433 1305 1492 1337 sita
1508 1305 1658 1339 Belbicae
1684 1306 1868 1348 provinciae
1886 1305 1960 1337 sub-

1227 1358 1362 1397 iaceant,
1385 1368 1467 1400 quae
1485 1368 1559 1390 vcro
1587 1369 1604 1390 a
1632 1359 1799 1401 praedicto
1824 1357 1957 1390 flumine

1227 1421 1336 1443 versus
1352 1410 1522 1443 castellam
1542 1412 1689 1452 tendunt,
1706 1411 1743 1444 ad
1761 1411 1956 1455 provinciam

1227 1463 1384 1496 Castellae
1420 1464 1619 1507 pertineant,
1651 1475 1721 1497 eum
1757 1465 1795 1496 iis
1835 1464 1959 1507 pariter

1227 1526 1308 1559 quae
1334 1516 1373 1548 ad
1401 1515 1602 1555 Gattaeciam,
1621 1516 1904 1559 Cantabriamque,
1926 1521 1959 1548 et

1228 1579 1360 1611 regnum
1384 1569 1534 1611 Legionis
1548 1569 1693 1609 attinent,
1713 1580 1783 1602 cun]
1801 1569 1878 1602 locis
1896 1574 1959 1602 ter-

1227 1621 1336 1664 risque
1362 1621 1596 1654 adiacentibus.

1271 1684 1320 1707 iu.
1347 1674 1381 1706 In
1407 1684 1508 1716 regno
1532 1674 1714 1708 Lusitaniae
1740 1685 1776 1708 ex
1798 1680 1960 1709 monaste-

1227 1727 1282 1759 riis
1313 1738 1395 1770 quae
1420 1727 1506 1760 Ordo
1531 1728 1675 1770 possidet
1698 1727 1731 1760 in
1754 1728 1959 1772 Maragnione

1227 1780 1310 1822 apud
1335 1780 1458 1813 Indiam
1492 1780 1684 1814 orientalem
1718 1781 1889 1814 constituta
1913 1786 1961 1815 est

1228 1834 1386 1876 quaedam
1409 1833 1629 1876 congregatio,
1648 1839 1679 1867 et
1699 1834 1790 1877 quasi
1815 1835 1961 1878 vicepro-

1227 1886 1332 1919 vincia
1367 1888 1425 1920 sub
1462 1897 1528 1919 uno
1565 1886 1784 1920 commissario
1817 1887 1961 1929 generali

1228 1940 1405 1979 moderata,
1424 1939 1450 1971 si
1472 1950 1534 1982 qua
1560 1950 1634 1972 vcro
1659 1939 1721 1972 alia
1746 1939 1777 1971 in
1798 1940 1962 1983 praedicta

1207 1988 1319 2040 {India
1343 1992 1518 2034 erigantur,
1545 1992 1585 2025 ad
1610 1992 1757 2025 eamdem
1782 2003 1962 2035 congrega-

1231 2047 1352 2078 tionem
1380 2050 1412 2078 et
1434 2045 1645 2078 commissarii
1671 2046 1832 2087 generalis
1857 2046 1962 2079 mode-

1230 2099 1393 2131 rationem
1421 2103 1567 2140 specta1·c
1604 2097 1828 2138 decernimus,
1860 2098 1962 2131 donec

1232 2152 1402 2185 domorum
1433 2160 1584 2184 uumerus
1617 2150 1656 2183 ad
1689 2151 1856 2183 formalem
1880 2158 1963 2194 pro-

1231 2203 1371 2237 vinciam
1392 2202 1616 2246 prorinciasve
1631 2202 1802 2245 erigendas
1818 2203 1962 2236 sufficiat.

1277 2266 1319 2289 1v.
1345 2255 1468 2289 Deinde
1494 2265 1628 2297 regnum
1654 2254 1774 2288 Galliae
1795 2266 1890 2288 unam
1911 2256 1965 2289 ha-

1233 2309 1289 2342 bet
1304 2308 1512 2352 provinciam,
1530 2318 1611 2350 quae
1628 2307 1750 2340 Gallica
1767 2307 1963 2348 nominatur,

1234 2368 1266 2395 et
1288 2371 1383 2394 unam
1403 2357 1690 2403 'congregationem
1711 2361 1751 2393 ab
1775 2362 1813 2393 ea
1836 2370 1966 2404 separa-

1235 2419 1314 2453 tam,
1340 2422 1422 2456 quae
1451 2412 1640 2445 parisiensis
1671 2412 1798 2445 dicitur.
1824 2413 1866 2446 Ex
1892 2423 1966 2446 con-

1234 2466 1381 2499 ventibus
1405 2470 1512 2498 autem
1531 2464 1706 2498 Romaniae
1727 2475 1966 2509 regnorumque

1234 2518 1385 2562 Neapolis
1399 2523 1431 2551 et
1445 2517 1585 2558 Siciliae,
1602 2517 1806 2561 aliorumque
1822 2518 1967 2551 locorum

1269 2632 1282 2659 ‘l
1305 2632 1404 2660 Forsan
1425 2632 1571 2661 distinctio
1590 2634 1629 2667 (n.
1646 2632 1694 2668 τ.).

1973 503 2107 530 eminusque
2128 506 2156 526 si.

1974 530 2027 556 guttis
2042 536 2121 552 earnm.

1232 724 1323 765 regni
1348 724 1505 757 Navarrae
1531 730 1563 757 et
1593 724 1781 764 Sardiniae,
1809 724 1978 757 detractis‘
