2254 3225
251 287 300 314 An.
317 286 346 313 e.
370 285 437 313 1699
483 277 548 310 912

281 2577 436 2599 Contrariorum

254 2604 371 2629 derogatio.

444 334 636 378 aperitionis
651 335 725 375 oris,
743 334 958 368 restitutionis
972 334 1004 367 in
1017 335 1187 377 integrum,

444 388 571 422 aliudve
598 389 828 432 quodcumque
854 389 932 421 iuris
962 394 993 422 et
1025 388 1099 421 sacti
1138 389 1187 421 vel

445 442 569 484 gratiae
608 442 789 475 remedium
827 441 983 475 intentari
1009 442 1060 474 vel
1086 441 1188 484 impe—

446 495 537 536 trari,
565 506 622 528 seu
649 496 823 538 impetrato
845 522 852 536 ,
882 500 938 527 aut
962 495 1058 527 etiam
1085 499 1186 534 motu,

443 549 580 582 scientia
595 553 627 581 et
644 548 816 591 potestatis
831 547 1038 591 plenitudine
1052 547 1186 590 paribus

443 611 600 635 concesso
636 602 685 633 vel
723 605 893 639 emanato‚
930 599 1121 643 quempiam
1155 599 1187 631 in

443 654 563 687 iudicio
590 654 640 687 vel
666 658 756 686 extra
781 653 861 686 illud
896 652 943 684 uti
982 663 1038 685 seu
1070 662 1104 684 se
1141 651 1187 683 iu-

442 718 518 740 vare
555 707 623 740 ullo
664 706 762 739 modo
798 715 922 749 posse,
960 715 1022 738 nec
1054 705 1186 737 easdem

442 765 632 804 praesentes
656 760 781 793 litteras
807 759 865 791 sub
891 757 1061 802 quibusvis
1092 757 1183 790 simi-

442 814 522 847 lium
547 813 596 847 vel
622 812 833 846 dissimilium
859 812 1037 855 gratiarum
1062 821 1187 844 revoca-

443 867 596 906 tionibus
621 866 907 910 suspensionibus
926 864 1185 904 limitationibus,

443 920 553 954 aliisve
578 919 750 954 contrariis
772 918 1063 963 dispositionibus,
1088 916 1185 950 etiam

442 985 503 1019 per
528 985 585 1007 nos
611 979 643 1007 et
667 974 833 1006 Romanos
860 971 1032 1005 Pontifices
1058 980 1187 1003 succes-

443 1037 533 1061 sores
558 1032 687 1060 nostros
706 1031 737 1059 et
753 1026 870 1059 Sedem
887 1023 1090 1068 praedictam
1106 1033 1187 1067 quo-

445 1081 492 1114 vis
517 1081 615 1113 modo
646 1079 742 1113 etiam
768 1089 828 1122 per
851 1079 934 1111 viam
960 1078 1043 1120 legis
1065 1082 1096 1110 et
1113 1086 1187 1110 con-

444 1133 624 1166 stitutionis
649 1133 812 1175 generalis
831 1142 887 1165 seu
905 1131 1015 1164 statuti
1033 1129 1186 1174 perpetui

443 1187 718 1230 quandocumque
744 1185 909 1224 faciendis,
935 1193 1078 1227 unquam
1102 1193 1188 1216 com-

443 1241 626 1284 prehendi,
652 1246 705 1273 aut
740 1240 998 1283 comprehensas
1033 1237 1186 1282 censeri,

444 1295 500 1328 sed
526 1304 656 1338 semper
681 1295 720 1326 ab
747 1293 810 1326 illis
836 1298 1011 1335 exceptas,
1039 1296 1072 1324 et
1106 1302 1188 1335 quo-

445 1349 506 1381 ties
531 1349 607 1381 illae
635 1346 874 1386 emanaverint,
901 1346 995 1379 toties
1020 1346 1054 1378 in
1079 1345 1189 1388 pristi-

444 1412 521 1434 num
548 1406 579 1433 et
603 1399 838 1433 validissimum
864 1405 982 1432 statum
1007 1399 1186 1439 restitutas,

445 1454 608 1497 repositas
632 1459 664 1486 et
687 1453 837 1496 plenarie
871 1453 1086 1495 reintegratas
1108 1479 1115 1493 ‚
1151 1464 1188 1485 ac

445 1508 541 1542 etiam
566 1507 605 1540 de
630 1517 712 1540 novo
745 1506 805 1539 sub
841 1517 1045 1549 quacumque
1081 1512 1188 1549 poste-

444 1561 522 1594 riori
548 1561 621 1593 data
645 1570 705 1602 per
729 1569 783 1592 vos
808 1565 990 1591 vestrumve
1009 1559 1190 1602 quemlibet

445 1613 598 1656 eligenda
622 1622 794 1645 concessas
820 1611 973 1654 intelligi,
999 1622 1035 1644 ac
1061 1612 1100 1644 ab
1121 1622 1189 1644 om-

445 1667 541 1700 nihus
566 1672 598 1699 et
622 1665 779 1707 singulis,
807 1665 846 1698 ad
878 1675 959 1708 quos
998 1670 1123 1708 spectat
1158 1670 1189 1698 et

444 1730 505 1763 pro
530 1725 679 1762 tempore
704 1718 881 1761 spectabit,
908 1718 1141 1751 inviolabiliter
1158 1724 1190 1751 et

444 1773 636 1805 inconcusse
663 1770 829 1804 observari
855 1776 886 1803 et
910 1770 1102 1813 adimpleri,
1129 1771 1189 1804 sic-

446 1836 508 1868 que
546 1830 578 1857 et
615 1834 680 1856 non
719 1824 814 1856 aliter
848 1823 881 1855 in
914 1823 1104 1866 praemissis
1129 1834 1190 1866 per

446 1888 665 1922 quoscumque
691 1877 815 1910 iudices
840 1876 1023 1909 ordinarios
1048 1882 1080 1909 et
1104 1877 1190 1909 dele-

446 1937 549 1974 gatos,
578 1931 675 1964 etiam
697 1940 864 1963 causarum
883 1929 995 1972 palatii
1012 1929 1188 1972 apostolici

446 1984 623 2025 auditores,
648 1994 684 2016 ac
708 1983 740 2016 S.
767 1983 804 2016 R.
832 1983 867 2016 E.
898 1982 1086 2026 praedictae
1112 1993 1186 2015 car-

446 2038 592 2079 dinales,
617 2037 714 2071 etiam
741 2037 780 2070 de
806 2038 907 2069 latere
934 2037 1058 2079 legatos
1085 2044 1117 2069 et
1142 2036 1189 2068 di-

445 2097 515 2124 ctae
548 2090 640 2124 Sedis
676 2090 831 2130 nuntios,
868 2089 987 2122 aliosve
1024 2089 1190 2132 quoslibet

446 2154 649 2188 quacumque
675 2142 933 2186 praeeminentia
967 2148 998 2175 et
1028 2147 1188 2185 potestate

447 2198 619 2239 fungentes
645 2203 677 2230 et
700 2197 887 2237 suneturos,
920 2196 1045 2228 sublata
1081 2196 1127 2228 eis
1158 2202 1190 2229 et

447 2261 560 2284 eorum
585 2251 720 2284 cuilibet
750 2251 861 2294 quavis
896 2251 991 2284 aliter
1024 2250 1188 2284 iudicandi

448 2310 480 2338 et
504 2304 742 2348 interpretandi
768 2305 920 2338 facultate
939 2305 1187 2344 etauctoritate,

446 2358 586 2391 iudicari
611 2364 643 2391 et
668 2357 795 2391 deliniri
822 2359 963 2399 debere3
993 2369 1030 2391 ac
1062 2359 1190 2391 irritum

447 2418 479 2445 et
503 2411 612 2452 inane,
638 2411 665 2444 si
690 2422 784 2444 secus
800 2412 963 2454 superbis
982 2422 998 2444 a
1013 2422 1188 2456 quoquam,

449 2465 561 2509 quavis
588 2465 807 2505 auctoritate,
843 2465 986 2498 scienter
1021 2466 1068 2498 vel
1101 2466 1191 2509 igno-

447 2524 581 2558 ranter,
606 2517 781 2560 contigerit
806 2517 972 2551 attentari.

492 2574 507 2616 ἓ
532 2572 563 2604 5.
585 2572 654 2605 Non
678 2571 885 2605 obstantibus
917 2573 1115 2615 praemissis,
1142 2583 1190 2614 ac,

449 2630 606 2668 quatenus
631 2635 712 2668 opus
736 2624 801 2664 sit,
826 2627 938 2657 nostra
963 2631 994 2658 et
1019 2624 1192 2659 Cancella—

449 2677 515 2710 riae
534 2678 741 2721 Apostolicae
765 2678 880 2722 regula
900 2678 939 2711 de
956 2678 1027 2711 iure
1045 2679 1191 2723 quaesito

1025 286 1202 311 nt'ltAntUM
1227 286 1383 310 ROMANUM

1231 344 1295 367 non
1322 334 1492 375 tollendo,
1521 334 1659 378 aliisque
1684 334 1973 368 constitutionibus

1231 393 1263 420 et
1295 387 1561 420 ordinationibus
1597 388 1807 431 apostoliciS,
1845 398 1972 421 necnon

1231 441 1335 473 dictae
1360 440 1509 481 militiae,
1528 441 1664 484 aliisque
1683 440 1859 484 quibusvis,
1874 440 1972 474 etiam

1229 492 1428 533 iuramento,
1449 494 1696 526 confirmatione
1714 495 1906 536 apostolica,
1922 495 1973 527 vel

1230 545 1343 588 quavis
1368 545 1519 578 firmitate
1545 545 1609 578 alia
1632 546 1797 579 roboratis
1813 572 1820 586 ,
1845 546 1972 579 statutis

1230 602 1263 630 et
1287 598 1605 637 consuetudinibus,
1632 599 1864 632 stabilimentis
1881 626 1889 639 ‚
1913 599 1975 632 usi-

1229 651 1289 683 bus
1315 656 1347 684 et
1371 651 1498 684 naturis
1515 678 1523 692 ,
1547 651 1728 694 privilegiis
1753 663 1897 696 quoque,
1923 653 1974 685 in-

1230 703 1329 736 dultis
1354 709 1387 737 et
1406 704 1525 737 litteris
1543 705 1744 747 apostolicis,
1762 705 1869 738 eidem
1889 705 1975 738 mili-

1230 757 1304 796 tiae,
1328 756 1485 800 illiusque
1513 757 1664 790 fratribus
1689 758 1885 802 etpersonis
1907 758 1976 802 qui-

1228 809 1398 849 buslibet,
1426 811 1522 843 etiam
1548 810 1745 854 primoribus
1770 821 1825 844 seu
1846 811 1973 855 primis,

1229 863 1287 895 sub
1314 863 1574 907 quibuscumque
1600 864 1774 898 verborum
1806 865 1975 898 tenoribus

1229 921 1261 949 et
1286 917 1417 958 formis,
1442 928 1479 950 ac
1503 928 1577 950 cum
1603 918 1770 962 quibusvis
1796 919 1892 951 etiam
1920 919 1975 952 de-

1228 970 1466 1013 rogatoriarum
1491 971 1728 1014 derogatoriis,
1753 972 1892 1015 aliisque
1928 972 1975 1005 es-

1229 1023 1434 1056 ficacioribus
1454 1050 1461 1064 ‚
1489 1024 1721 1058 efficacissimis
1764 1030 1796 1057 et
1832 1024 1974 1058 insolitis

1230 1077 1386 1110 clausulis
1423 1087 1459 1109 ac
1484 1077 1634 1117 decretis,
1661 1078 1694 1111 in
1720 1088 1840 1120 genere
1864 1079 1916 1111 vel
1941 1077 1975 1111 in

1229 1131 1338 1173 specie
1355 1157 1363 1171 ,
1389 1130 1485 1163 etiam
1511 1137 1621 1171 motu,
1658 1131 1795 1164 scientia
1826 1137 1859 1164 et
1882 1137 1977 1175 pote-

1230 1184 1319 1216 statis
1343 1184 1550 1228 plenitudine
1576 1184 1709 1228 paribus
1727 1211 1735 1225 ,
1760 1190 1792 1217 et
1815 1185 1976 1218 consisto-

1231 1237 1376 1277 rialiter,
1402 1243 1432 1270 et
1456 1238 1535 1271 alias
1560 1239 1813 1282 quomodolibet
1840 1238 1873 1271 in
1898 1248 1977 1271 con·

1230 1291 1367 1323 trarium
1405 1291 1665 1334 praemissorum
1704 1291 1869 1324 concessis
1892 1318 1900 1332 ,
1939 1301 1976 1325 ac

1230 1343 1354 1386 pluries
1380 1349 1413 1376 et
1443 1345 1711 1388 quantiscumque
1742 1345 1865 1377 vicibus
1897 1355 1977 1378 con-

1231 1396 1378 1437 firmatis,
1394 1398 1590 1441 approbatis,
1602 1398 1734 1438 iteratis,
1751 1403 1782 1431 et
1798 1398 1973 1439 innovatis;

1232 1450 1349 1492 quibus
1368 1451 1522 1483 omnibus
1542 1456 1575 1484 et
1594 1451 1749 1494 singulis,
1769 1451 1896 1484 etiamsi
1914 1461 1975 1495 pro

1231 1502 1362 1535 illorum
1394 1503 1569 1536 sufficienti
1601 1504 1813 1547 derogatione
1839 1504 1880 1537 de
1908 1503 1975 1537 illis

1232 1565 1410 1599 eorumque
1438 1557 1513 1589 totis
1536 1557 1703 1589 tenoribus
1721 1557 1883 1600 specialis,
1902 1568 1976 1600 spe-

1231 1607 1342 1649 citica,
1382 1619 1539 1652 expressa
1569 1615 1600 1642 et
1635 1609 1827 1650 individua,
1861 1620 1899 1643 ac
1934 1609 1974 1643 de

1232 1662 1330 1695 verbo
1356 1662 1396 1695 ad
1421 1663 1568 1701 verbum,
1584 1674 1649 1696 non
1675 1669 1782 1696 autem
1805 1673 1865 1707 per
1890 1663 1975 1696 clau-

1232 1717 1319 1748 sulas
1332 1716 1506 1758 generales
1521 1715 1607 1748 idem
1617 1716 1840 1758 imponantes,
1852 1716 1975 1749 mentio

1232 1778 1288 1801 seu
1314 1769 1445 1811 quaevis
1464 1769 1526 1800 alia
1543 1768 1709 1811 expressio
1725 1769 1886 1808 habenda,
1919 1774 1976 1802 aut

1232 1821 1342 1864 aliqua
1366 1822 1429 1854 alia
1454 1821 1616 1864 exquisita
1636 1821 1739 1854 forma
1763 1821 1802 1854 ad
1828 1822 1892 1855 hoc
1908 1832 1976 1854 ser-

1233 1875 1336 1907 vanda
1360 1875 1466 1913 soret,
1491 1880 1624 1907 tenores
1658 1874 1846 1907 huiusmodi
1881 1885 1976 1918 prae-

1232 1927 1381 1960 sentibus
1406 1938 1466 1971 pro
1501 1929 1600 1971 plene
1630 1933 1663 1961 et
1692 1927 1891 1960 sufficienter
1921 1938 1976 1961 ex-

1232 1981 1358 2024 pressis
1377 1991 1414 2014 ac
1437 1981 1476 2014 de
1495 1981 1593 2014 verbo
1618 1981 1659 2013 ad
1682 1981 1817 2013 verbum
1838 1980 1976 2014 insertis

1232 2035 1404 2076 habentes,
1429 2034 1495 2067 illis
1520 2034 1600 2067 alias
1621 2034 1655 2066 in
1679 2045 1737 2067 suo
1762 2034 1884 2067 robore
1903 2044 1977 2077 per-

1230 2088 1392 2121 mansuris
1409 2114 1417 2128 ,
1441 2088 1481 2120 ad
1511 2087 1770 2131 praemissorum
1795 2086 1948 2120 effectum
1965 2113 1973 2129 ,

1233 2143 1294 2175 hac
1307 2143 1376 2175 vice
1390 2142 1565 2181 dumtaxat,
1578 2140 1765 2185 specialiter
1778 2145 1810 2173 et
1821 2151 1975 2184 expresse

1232 2196 1438 2238 derogamus
1454 2200 1486 2228 et
1509 2195 1700 2237 derogatum
1721 2204 1792 2227 esse
1811 2196 1972 2235 volumus;

1232 2249 1415 2292 ceterisque
1440 2247 1616 2282 contrariis
1646 2247 1922 2291 quibuscumque.

1275 2304 1394 2337 Datum
1418 2303 1551 2342 Romae,
1579 2302 1666 2345 apud
1694 2301 1725 2334 S.
1752 2301 1886 2334 Mariam
1910 2301 1974 2334 Ma-

1233 2359 1352 2399 iorem,
1380 2358 1438 2391 sub
1462 2357 1582 2390 annulo
1603 2355 1791 2395 piscatoris,
1821 2355 1873 2388 die
1899 2365 1973 2389 xxlv

1234 2412 1379 2446 octobris
1415 2421 1580 2451 nncxcix,
1620 2409 1829 2453 pontificatus
1869 2408 1973 2442 nostri

1234 2476 1320 2499 anno
1350 2476 1391 2499 lx.

1269 2528 1326 2556 Dat.
1346 2529 1391 2555 die
1407 2528 1441 2555 24
1456 2526 1575 2555 octobris
1593 2526 1669 2559 1699,
1690 2526 1791 2561 pontit.
1809 2533 1881 2553 anno
1895 2530 1931 2552 tx.

1974 287 2023 313 Λη.
2039 287 2067 314 C.
2090 288 2159 316 ¹699
