2227 3225
77 209 126 237 Αη.
142 209 170 237 C.
194 211 260 239 1005

842 211 1051 236 INNOCtzx'rttfs
1078 212 1120 235 XII
1145 214 1190 236 ΓΡ.

271 261 351 293 cede
388 259 621 302 redemptionis
661 258 881 300 captivorum,
917 259 1004 302 quod

271 314 393 347 dudum
437 312 538 345 felicis
577 311 814 344 recordationis
855 311 1003 344 Clemens

270 367 356 410 Papa
374 366 436 398 t'ltt
455 365 689 409 praedeeessor
706 370 819 398 noster
840 365 893 407 (ad
915 365 1004 397 cuius
1025 403 1026 419 1

269 419 415 452 notitiam
450 423 647 462 pervenerat
678 417 710 450 in
742 418 857 450 eodeni
884 417 1004 451 Ordine

269 472 380 515 vigere
405 482 529 505 morem
555 471 815 514 antiquissimum
835 471 874 503 ab
896 470 1004 503 inimc-

268 525 416 559 morabili
443 530 589 568 tempore
613 525 818 557 observatum
837 524 869 556 in
888 523 1002 556 dicbus

268 578 299 612 S.
327 577 519 611 Catharinae
552 577 684 619 virginis
715 582 746 609 et
770 582 940 621 martyris,
967 587 1003 609 ac

267 633 426 674 Cinci-nm,
446 638 478 666 et
501 633 626 667 Coenae
651 632 786 673 Domini,
806 642 917 665 ornnes
940 637 1002 664 tam

267 686 438 728 religiosos
465 697 558 730 quam
584 686 765 719 saeculares
791 684 943 718 nimirum
970 685 1022 726 in¹¹

267 738 404 771 ccclesia
428 743 617 781 praesentes
644 744 674 770 et
699 738 904 780 genuflexos,
932 742 1003 779 post

266 791 504 825 consessionem
520 802 536 823 a
550 791 715 824 sacerdote
729 801 838 823 coram
851 790 1001 822 omnibus
1020 783 1021 816 i

262 844 442 884 recitatam,
461 844 499 876 de
524 853 613 876 more
639 843 829 876 absolvendi
855 847 885 875 et
903 842 1000 874 bene-

265 896 406 936 dicendi,
424 901 457 928 ut
482 895 576 929 etiam
595 896 676 928 aliae
698 895 875 937 religiones
897 895 999 927 facere

263 950 514 992 consueverant)
542 949 626 982 lianc
652 950 850 987 facultatem,
873 947 999 991 praevia
1019 966 1020 970 =

264 1004 348 1037 dicta
365 1003 569 1037 consessione
586 1009 621 1035 ut
637 1003 821 1046 praefertur
847 1003 885 1034 dt·
911 1012 999 1033 more

263 1068 280 1090 a
298 1057 465 1090 sacerdote
491 1067 598 1089 coram
618 1056 768 1088 omnibus
791 1055 934 1095 recitata,
951 1055 998 1086 ab
1018 1065 1019 1087 ς

264 1109 412 1142 solvendi
431 1114 462 1141 et
478 1108 695 1141 benedicendi
717 1118 830 1140 omnes
850 1117 997 1150 praesen⁴

264 1168 309 1195 tes
324 1168 388 1195 tam
405 1161 576 1204 religiosos
594 1171 690 1204 quam
706 1161 889 1194 saeculares
905 1160 997 1192 dictis
1017 1158 1018 1184 ἶ

262 1214 577 1258 diebus,apostolica
597 1214 787 1246 auctoritate
807 1213 997 1257 approbavit

261 1274 294 1302 et
307 1267 515 1306 confirmavit,
530 1277 565 1300 ac
582 1267 687 1299 eidem
701 1266 823 1305 Ordini,
839 1271 995 1309 quatenns

262 1332 344 1364 opus
370 1326 466 1360 esset,
495 1321 534 1353 de
563 1330 646 1352 novo
673 1319 855 1359 concessit,
876 1324 907 1352 ct
924 1319 997 1351 suh-

260 1375 357 1414 inde,
383 1374 470 1407 idem
503 1373 650 1406 Clemens
681 1374 936 1416 praedecessor,
963 1379 997 1405 ut

259 1427 374 1461 similis
391 1426 553 1460 absolutio
571 1431 602 1459 et
619 1425 802 1459 benedictio
821 1426 995 1467 generalis,
1016 1447 1017 1481 ἒ

258 1480 355 1513 etiam
380 1479 468 1512 sestis
493 1478 607 1511 diebus
626 1484 813 1512 sanctorum
834 1479 995 1511 Laurentii
1016 1486 1017 1490 ’

258 1539 288 1567 et
307 1532 439 1566 Antonii
463 1532 497 1564 in
518 1531 686 1574 praedicto
714 1531 833 1565 Ordine
860 1532 994 1575 eiusque

256 1584 463 1619 monasteriis
486 1589 518 1617 et
542 1585 758 1617 conventibus
779 1584 849 1616 fieri
875 1591 992 1627 posset,

257 1639 342 1672 dicta
367 1637 562 1670 auctoritate
593 1643 753 1681 perpetuo
779 1638 939 1671 concessit
964 1645 995 1672 et

255 1691 409 1732 indulsit·‚
435 1701 473 1724 ac
499 1691 627 1724 denium
652 1691 847 1724 recolendae
874 1703 994 1725 memo-

255 1746 323 1778 riae
347 1744 496 1778 Urbanus
520 1745 605 1787 Papa
624 1745 688 1777 x'llt
714 1746 835 1788 pariter
859 1748 995 1789 praede-

255 1808 365 1832 cessor
388 1803 501 1831 noster
526 1797 640 1830 seriam
666 1799 812 1841 quintam
837 1800 870 1832 in
888 1800 993 1833 Coena

254 1851 390 1890 Domini,
412 1850 445 1883 in
470 1862 534 1894 qua
559 1851 724 1884 absolutio
750 1858 782 1884 et
806 1853 992 1887 benedictio

254 1904 419 1949 generalis
437 1903 637 1943 huiusmodi,
658 1904 742 1937 sicut
761 1906 990 1948 praemittitur,

254 1958 324 1991 fieri
348 1961 510 2001 poterant,
536 1956 569 1988 in
596 1957 681 1989 diem
713 1957 829 1990 festum
855 1958 886 1991 S.
906 1959 991 1992 Petri

253 2010 378 2045 Nolasci
393 2010 617 2050 eommutavit,
634 2015 664 2043 et
679 2010 756 2044 alias
772 2015 865 2053 prout
882 2012 914 2044 in
933 2018 992 2045 ter·
1011 2026 1012 2033 ¹

252 2064 367 2100 minis¹
384 2065 605 2109 praefatorum
629 2064 804 2098 Clementis
823 2072 853 2099 et
870 2067 990 2101 Urbani

252 2120 546 2163 praedecessorum
560 2118 678 2152 litteris
693 2119 831 2162 desuper
845 2120 877 2153 in
895 2121 990 2155 simili

251 2173 358 2205 forma
381 2171 493 2204 Brevis
519 2171 679 2214 expeditis
710 2172 841 2206 uberius
874 2173 991 2208 dicitur

252 2224 426 2258 contineri.
443 2224 521 2257 Cum
536 2229 652 2265 autem,
668 2225 752 2258 sicut
766 2227 880 2260 eadem
894 2239 991 2272 expo-

251 2278 325 2312 sitio
337 2277 568 2320 subiungebat,
579 2278 741 2320 praefatus
751 2279 898 2314 Matthias
908 2282 990 2316 vica-

251 2332 319 2365 rius
346 2336 377 2364 et
404 2336 599 2374 procurator
615 2333 775 2374 generalis
793 2335 986 2377 praemissa,

252 2397 318 2430 quo
338 2385 462 2419 firmius
487 2386 676 2427 subsistant,
692 2389 891 2430 apostolicae
916 2401 989 2423 con-

250 2438 442 2472 firmationis
474 2444 603 2472 nostrae
636 2440 818 2482 patrocinio
843 2452 988 2476 commu-

250 2492 315 2525 niri
340 2502 549 2535 summopere
575 2491 759 2526 desideret:
793 2504 863 2535 nos,
888 2495 988 2539 ipsius

285 2563 298 2589 1
316 2561 365 2589 Vel
377 2562 520 2596 praefatis
535 2561 577 2589 vel
590 2562 697 2590 eisdem
710 2563 855 2599 legendum
871 2574 919 2601 pro
935 2570 987 2595 ler-

250 2607 339 2635 minis
351 2611 390 2641 (a.
409 2607 458 2641 τ,).

358 2659 437 2688 Ball.
451 2660 535 2690 Rom.
548 2676 581 2680 —
599 2661 660 2690 Vol.
677 2661 736 2690 XX.
880 2665 915 2692 85

1048 259 1198 293 Matthiae
1212 262 1322 295 vicarii
1338 269 1368 297 et
1385 271 1606 308 procuratoris
1620 277 1783 315 generalis

1049 313 1130 346 votis
1156 314 1216 348 hac
1241 316 1273 349 in
1298 328 1345 359 re,
1372 327 1528 362 qnantum
1552 335 1623 358 eum
1648 328 1782 364 Domino

1047 375 1230 409 possumus,
1241 369 1463 406 favorabiliter
1475 385 1616 410 annuere
1626 381 1782 423 volentes,

1047 429 1186 463 eumque
1205 432 1221 454 a
1242 424 1408 465 quibusvis
1430 432 1782 475 excommunicationis,

1023 499 1025 507 ,
1045 474 1270 515 suspensionis
1297 482 1328 510 ct
1351 478 1538 521 interdicti,
1566 485 1704 529 aliisque
1730 497 1783 520 cc-

1045 525 1234 560 clesiasticis
1266 533 1454 573 sententiis,
1480 537 1626 570 censuris
1651 545 1682 572 et
1707 550 1784 582 poe-

1045 578 1114 619 nis,
1142 591 1160 613 a
1184 581 1254 615 iure
1280 585 1329 617 vel
1356 586 1395 618 ab
1422 587 1565 630 homine,
1590 592 1703 634 quavis
1729 603 1782 626 oc-

1045 633 1174 667 casione
1199 637 1248 669 vel
1274 641 1369 672 causa
1394 641 1481 682 latis,
1508 643 1534 675 si
1561 645 1679 687 quibus
1705 657 1782 689 quo-

1044 686 1228 721 modolibet
1242 689 1418 726 innodatus
1435 694 1552 735 existit,
1574 698 1612 730 ad
1631 697 1781 733 effectum

1043 741 1267 780 praesentium
1293 744 1458 779 dumtaxat
1489 753 1754 793 consequendum
1770 780 1779 794 ‚

1043 791 1159 825 harum
1185 795 1270 828 serie
1303 797 1512 834 absolventes
1535 807 1567 834 et
1590 804 1779 838 absolutum

1043 844 1112 877 sore
1149 854 1345 890 censentes,
1379 854 1675 896 supplicationibus
1712 858 1779 891 eius

1042 897 1174 931 nomine
1194 900 1290 934 nobis
1316 913 1415 946 super
1432 905 1494 938 boc
1515 907 1682 942 humiliter
1707 920 1781 952 por-

1041 951 1138 983 rectis
1176 952 1352 996 inclinati,
1393 957 1579 993 facultatem
1612 962 1650 995 de
1687 973 1779 997 more

1041 1005 1234 1040 absolvendi
1271 1014 1302 1041 et
1338 1010 1553 1046 benedicendi
1595 1026 1708 1049 ornnes
1746 1017 1779 1050 in

1041 1058 1177 1091 ecclesia
1202 1068 1391 1102 praesentes
1424 1070 1455 1097 et
1494 1068 1680 1108 genuflexos
1714 1075 1778 1102 tam

1040 1110 1214 1153 religiosos
1228 1124 1323 1156 quan]
1343 1119 1537 1159 saeculares,
1558 1121 1688 1162 praevia
1706 1133 1779 1155 con-

1040 1163 1178 1199 sessione
1196 1177 1213 1199 a
1231 1170 1400 1203 sacerdote
1426 1182 1532 1206 coram
1558 1176 1708 1209 omnibus
1727 1188 1778 1210 re-

1039 1217 1145 1257 citata,
1174 1219 1207 1251 in
1232 1222 1425 1264 supradictis
1446 1225 1561 1260 diebus
1582 1228 1614 1261 S.
1634 1228 1778 1264 cathari-

1039 1281 1099 1303 nae
1126 1271 1259 1314 virginis
1285 1280 1317 1307 et
1341 1278 1489 1321 martyris
1505 1305 1512 1318 ,
1539 1290 1575 1312 ac
1600 1281 1750 1317 Cinerum
1766 1311 1774 1325 ‚

1038 1333 1167 1357 necnon
1185 1325 1216 1358 S.
1239 1327 1417 1370 Laurentii,
1437 1332 1468 1364 S.
1487 1333 1616 1366 Antonii
1631 1341 1662 1367 et
1675 1335 1706 1368 S.
1724 1337 1777 1370 Pe·

1040 1376 1078 1408 tri
1103 1377 1238 1418 Nolasci,
1266 1380 1377 1414 Ordini
1403 1385 1547 1425 praefato
1574 1398 1774 1430 concessam,

1039 1433 1071 1460 ut
1095 1431 1288 1473 praefertur,
1315 1436 1507 1470 auctoritate
1541 1441 1715 1481 praedicta,
1733 1449 1776 1476 te-

1037 1492 1116 1515 nore
1141 1486 1375 1527 praesentium,
1402 1491 1621 1532 approbamus
1642 1499 1674 1526 et
1698 1505 1776 1528 con-

1037 1533 1213 1576 firmamus,
1227 1537 1341 1582 illique
1359 1539 1556 1576 inviolabilis
1573 1548 1774 1588 apostolicae

1014 1578 1196 1622 Ifirmitatis
1231 1592 1334 1624 robur
1367 1594 1558 1637 adiicimus,
1592 1601 1630 1631 ea
1666 1605 1775 1634 tamen

1036 1641 1108 1683 lege
1136 1647 1171 1674 ut
1194 1642 1227 1676 in
1252 1643 1439 1685 huiusmodi
1464 1648 1632 1685 iunctione
1657 1653 1696 1686 de
1725 1665 1775 1688 ce-

1037 1698 1107 1727 tero
1128 1701 1276 1729 servetur
1292 1698 1433 1733 formula
1450 1701 1664 1747 infrascripta,
1684 1706 1774 1740 vide-

1035 1746 1127 1781 licet:
1152 1749 1333 1785 Dominum
1363 1758 1512 1788 nostrum
1536 1757 1644 1791 Iesum
1672 1761 1774 1794 Chri-

1034 1806 1121 1834 stum
1146 1803 1318 1838 humiliter
1341 1806 1561 1850 deprecamur,
1589 1816 1622 1844 ul
1644 1815 1774 1855 qralz'ae

1033 1866 1111 1888 suae
1135 1857 1260 1890 lumine
1284 1858 1445 1893 illabatur
1476 1863 1622 1897 cordibus
1645 1869 1770 1910 vestris,

1012 1910 1014 1932 l
1034 1909 1181 1953 vobisque
1199 1911 1335 1955 benique
1358 1915 1508 1948 concedat
1533 1927 1640 1951 omnes
1657 1924 1685 1952 el
1701 1923 1771 1955 sin-

1033 1963 1127 2005 gulas
1153 1964 1378 2007 indulyentias
1396 1972 1424 1999 el
1442 1974 1646 2011 peccalorum
1662 1976 1771 2007 remis-

1032 2017 1136 2049 siones
1161 2020 1330 2061 consequi,
1358 2031 1438 2063 quas
1456 2022 1585 2057 Summi
1601 2025 1770 2069 Pontifices

1035 2070 1154 2104 Ordini
1187 2076 1294 2104 nostro
1329 2083 1402 2106 cum
1436 2076 1584 2118 specifica
1614 2079 1770 2121 facultate

1033 2134 1085 2156 cas
1119 2125 1440 2167 confh‘alei‘nilatz'bus
1474 2132 1593 2164 nostris
1628 2143 1770 2168 commu-

1032 2177 1167 2210 nicandi
1204 2185 1423 2213 concesserunt
1458 2182 1552 2216 iuxta
1583 2186 1770 2231 privilegio-

1032 2240 1105 2262 rum
1130 2231 1380 2273 apostolicorum
1406 2238 1559 2276 tenorem,
1585 2242 1615 2271 et
1638 2246 1769 2276 sanctae

1031 2283 1120 2317 Sedis
1143 2285 1348 2327 Apostolicae
1368 2287 1566 2323 decretorum
1585 2291 1769 2336 disposilio-

1031 2347 1114 2370 nem.
1135 2337 1329 2371 Misereatur
1344 2343 1441 2373 vestri
1453 2345 1654 2387 onznipolens
1666 2347 1764 2390 Deus,

1031 2390 1176 2424 dimittat
1213 2392 1297 2425 vobis
1329 2396 1439 2427 omnia
1472 2403 1604 2439 peccata
1641 2405 1763 2443 vestra,

1032 2444 1144 2477 liberet
1168 2455 1220 2477 vos
1244 2445 1280 2478 ab
1312 2448 1399 2480 omni
1423 2449 1521 2490 malo,
1549 2452 1713 2494 confirmet
1737 2460 1766 2489 et

1029 2503 1187 2531 conservet
1212 2499 1248 2531 in
1272 2501 1362 2532 omni
1386 2512 1475 2544 opere
1496 2503 1585 2544 bono,
1606 2513 1634 2538 el
1650 2508 1767 2549 perdu-

1030 2557 1079 2584 cat
1102 2563 1151 2584 ros
1175 2552 1217 2585 ad
1241 2554 1342 2586 vitam
1367 2560 1541 2598 aeternam,
1561 2560 1670 2602 quiin
1699 2562 1766 2595 Tri-

1031 2604 1134 2638 nitate
1154 2606 1295 2649 perfecta
1311 2607 1386 2641 ι’ἰυὶι
1406 2613 1434 2642 ee
1452 2615 1566 2654 reyneri
1583 2612 1620 2645 in
1635 2614 1765 2648 saecula

1685 218 1748 251 (1753
1793 230 1840 256 An.
1859 230 1886 257 C.
1910 231 1976 259 1⁶05
