2227 3225
120 219 168 246 Αη.
185 218 213 244 C.
236 218 298 245 4691

173 1962 241 1983 Curti
258 1962 281 1982 V.

161 1989 190 2009 De
217 1993 316 2015 magistro

132 2016 267 2036 studentium.

893 209 1100 234 txxocnxssn's
1127 208 1169 230 ΧΠ
1195 208 1242 230 FP.

313 275 424 298 omnes
449 263 624 296 matutinas
650 260 833 300 cantandas,
853 259 892 292 ad
918 259 1048 291 missam
1093 256 1141 295 rit,
1168 256 1331 298 simulque
1367 254 1565 297 approbatus
1602 255 1707 294 fuerit,
1733 259 1763 288 et
1795 261 1828 287 ut

313 319 425 351 beatae
436 315 575 358 Virginis
592 315 624 347 in
642 313 787 353 sabbato,
808 313 846 346 ad
871 312 1049 345 orationem

313 370 489 402 mentalem
513 377 647 412 vespere
673 372 704 400 et
728 376 833 406 mane,
854 370 885 398 ct
910 364 1050 407 denique

314 423 352 456 ad
374 423 552 466 capitulum
571 420 803 465 quotidianum,
824 424 853 452 et
872 428 935 451 non
954 419 1048 450 ultra.

314 476 375 509 Pro
407 486 441 508 se
473 475 605 508 missam
630 484 728 506 unam
753 471 920 506 celebrare
946 476 1053 514 potest

313 534 445 572 praeter
469 528 664 570 assignatam
695 521 727 559 a'
744 525 985 558 constitutione.
1014 523 1052 556 O-

315 583 401 615 leum
428 592 487 625 pro
513 581 622 614 studio
658 580 851 622 cuicumque
889 578 1002 611 lectori
1035 587 1052 609 a

316 641 478 668 conventu
495 634 666 667 tribuatur.
685 633 786 666 Locus
805 642 915 665 eorum
942 631 979 663 ad
1006 630 1052 662 in-

315 688 418 721 vicem
441 689 474 720 in
498 687 624 720 actibus
648 692 678 719 et
695 685 911 719 functionibus
933 685 1054 717 littera-

315 742 372 774 riis
397 742 438 774 sit
462 751 564 784 penes
589 739 814 783 antiquitatem
838 739 992 771 lecturae.

360 805 403 828 lx.
426 794 469 827 De
494 799 604 827 cetero
629 792 868 832 constituimus,
895 797 941 831 ut⁷
967 791 1054 822 iuxta

1094 308 1165 341 talis
1191 308 1221 340 in
1248 307 1436 351 provinciae
1463 307 1546 340 libro
1571 313 1752 350 susceptus.

1136 371 1169 394 11.
1198 361 1297 394 Huius
1323 366 1430 393 autem
1454 361 1492 392 sit
1518 371 1633 393 munus
1664 361 1829 404 indispen-

1093 415 1192 448 sabile
1211 414 1360 448 omnibus
1378 413 1539 456 teologiae
1557 414 1766 447 conferentiis
1783 425 1831 447 as-

1094 469 1217 509 sistere,
1236 474 1268 500 et
1292 467 1473 500 alternatim
1495 478 1566 500 cum
1585 467 1720 510 singulis
1737 468 1831 501 theo·

1094 522 1199 564 legiae
1224 521 1400 554 lectoribus
1421 530 1533 553 eorum
1552 520 1698 561 materiis
1718 526 1749 553 et
1766 520 1834 563 opi-

1096 575 1247 607 nionibus
1273 574 1468 618 praesidere,
1506 584 1642 616 quorum
1669 574 1776 606 sensui
1803 579 1833 607 et

1097 628 1216 660 iudicio
1241 627 1272 660 in
1299 627 1364 660 illis
1390 626 1606 660 defendendis
1624 627 1834 670 acquiescere

1096 685 1127 712 ct
1150 679 1334 712 consentire
1361 679 1490 712 debeat.
1509 679 1542 711 ln
1568 679 1835 712 conclusionibus

1096 743 1171 766 vero
1190 732 1326 772 sabbati,
1345 736 1376 765 et
1396 737 1487 765 extra
1507 732 1674 772 ordinem,
1691 733 1837 766 eamdem

1098 786 1197 818 vicem
1212 785 1419 829 praesidendi
1437 791 1469 818 et
1485 785 1644 828 arguendi
1662 796 1733 818 cum
1748 795 1839 828 prae-

317 847 482 880 decretum
508 845 640 890 capituli
665 844 814 888 Optensis
841 854 857 876 a
881 843 934 877 SS.
961 843 996 876 D.
1016 841 1052 874 N.
1099 839 1192 871 dictis
1218 838 1394 872 lectoribus
1420 838 1586 871 sortiatur.
1610 838 1704 871 Horis
1730 838 1837 871 studio

317 899 507 932 Innocentio
519 898 557 931 XI
576 897 811 938 confirmatum,
829 897 892 940 qui,
912 895 1056 929 decursis
1100 892 1274 934 designatis
1299 892 1472 934 diligenter
1487 891 1595 924 visitet
1613 891 1791 931 auditores,
1808 896 1839 924 et

318 952 468 986 omnibus
503 952 647 984 lecturae
684 950 875 990 curriculis,
900 949 961 982 iam
997 959 1057 991 pro
1100 945 1124 978 si
1157 955 1238 989 quos
1273 946 1478 988 negligentes
1509 945 1678 987 invenerit⁷
1704 950 1839 987 regente

318 1004 507 1047 magisterio
524 1003 676 1037 meritum
702 1002 962 1045 adimpleverint,
982 1012 1059 1044 gau-
1076 985 1082 1034 i
1101 1009 1165 1031 non
1191 998 1346 1038 adstante,
1378 998 1491 1041 puniat
1516 1003 1571 1030 aut
1595 998 1702 1041 puniri
1728 998 1838 1030 faciat.

321 1059 418 1091 deant
443 1058 537 1091 titulo
554 1056 684 1090 lectoris
701 1056 838 1095 iubilati,
859 1060 890 1089 et
907 1055 1058 1088 omnibus

321 1110 588 1149 immunitatibus,
607 1120 687 1153 quas
705 1108 918 1152 praesentatis
945 1109 982 1141 de
1004 1118 1060 1140 nu-

321 1173 412 1195 mero
449 1167 481 1195 et
515 1162 639 1194 iustitia
675 1161 894 1200 concedimus,
926 1166 1059 1203 excepto

323 1214 478 1258 suffragio
510 1215 543 1247 in
563 1214 705 1258 capitulo
729 1214 929 1257 provinciali,
955 1213 1059 1255 sitque

322 1269 413 1301 locus
438 1278 548 1301 eorum
573 1267 768 1301 novissimus
793 1267 879 1299 inter
899 1266 970 1299 illos
996 1272 1059 1298 tam

324 1321 363 1353 de
388 1321 510 1353 lectura
534 1330 629 1362 quam
647 1319 785 1362 pulpito,
806 1319 849 1351 ita
871 1324 906 1350 ut
929 1328 1062 1360 praece-

324 1373 402 1406 dant
426 1382 541 1405 omnes
567 1376 792 1414 praesentatos
810 1371 848 1404 de
867 1371 977 1413 gratia,
997 1381 1062 1403 ser-

323 1426 401 1459 vatis
423 1431 530 1458 tamen
556 1426 640 1468 apud
665 1424 754 1468 ipsos
771 1424 925 1457 iubilatos
946 1423 1060 1456 ordine

324 1482 355 1510 et
375 1476 567 1519 antiquitate
594 1477 749 1509 lecturae.

366 1539 397 1562 x.
417 1529 581 1568 Lectores,
598 1529 652 1572 qui
674 1529 713 1562 ad
733 1527 932 1571 provinciam
951 1528 1060 1560 Italiae

325 1581 493 1614 mittantur
517 1591 533 1613 a
558 1581 712 1623 magistro
744 1591 815 1613 cum
842 1581 990 1613 facultate
1016 1581 1062 1612 le·

326 1634 444 1676 gendi,
470 1640 525 1666 aut
562 1634 724 1676 designati
750 1634 869 1667 fuerint
896 1633 928 1665 in
954 1633 1062 1676 aliqua

325 1686 411 1720 illius
437 1686 622 1730 provinciae
647 1688 780 1727 lectura,
798 1685 931 1719 omnino
958 1687 1062 1719 decla-

325 1749 436 1772 ramus
462 1740 598 1779 habiles,
624 1745 669 1779 ut,
695 1740 756 1772 rite
780 1739 925 1782 probatis
951 1749 1061 1772 eorum

327 1794 431 1831 annis,
457 1798 488 1825 et
511 1793 654 1825 lecturae
680 1792 850 1825 curriculis
869 1793 901 1825 in
920 1793 1061 1835 praefata

327 1845 437 1878 Italiae
447 1845 611 1888 provincia
620 1845 771 1887 peractis,
782 1845 898 1887 gradus
912 1845 1061 1878 obtinere

327 1901 456 1932 valeant
481 1900 513 1931 in
539 1898 692 1942 propriis.

370 1963 394 1986 1.
417 1952 603 1985 Ubertatem
629 1951 778 1983 litterarii
804 1951 923 1983 fructus
941 1951 1064 1985 deside-

325 2010 445 2045 rantes,
476 2015 518 2037 ne
543 2005 576 2037 in
601 2004 727 2036 defectu
761 2005 905 2037 culturae
931 2004 1062 2047 langue-

325 2064 403 2098 scat,
430 2058 490 2090 hac
525 2057 564 2090 de
599 2058 694 2089 causa
729 2057 945 2095 decernimus,
971 2063 1003 2089 ut
1029 2058 1061 2090 in

326 2112 472 2156 qualibet
492 2111 588 2143 domo
612 2110 661 2142 vel
688 2109 827 2151 collegio
853 2110 891 2142 ad
917 2111 1061 2154 discipli-

324 2175 399 2198 nam
431 2163 619 2205 theologiae
640 2163 826 2204 designatis,
848 2169 978 2206 praeter
999 2168 1061 2196 tres

323 2219 466 2251 lectores
490 2216 689 2259 praedictos,
723 2215 805 2248 alius
837 2216 1060 2256 constituatur,

324 2271 379 2314 qui
415 2271 457 2303 sit
490 2269 644 2311 magister
673 2267 883 2307 studentium,
909 2269 948 2301 ad
974 2270 1060 2311 quod

323 2333 442 2356 munus
473 2322 660 2355 nullatenus
693 2325 885 2361 assumatur,
911 2321 973 2354 nisi
999 2322 1060 2355 iarn

322 2386 383 2419 per
406 2374 581 2408 triennium
605 2374 763 2407 lecturam
781 2373 896 2406 artium
914 2375 1062 2407 laudabi-

323 2429 398 2462 liter
420 2426 616 2471 impleverit,
641 2431 676 2458 ut
706 2425 843 2458 ulterius
868 2426 901 2458 in
932 2426 1062 2469 opposi-

324 2481 466 2514 tionibus
491 2479 696 2523 generalibus
713 2489 772 2521 pro
789 2479 911 2511 lectura
936 2479 1062 2512 theolo-

326 2534 398 2576 giae
415 2543 475 2576 per
490 2543 588 2566 unam
607 2532 721 2565 horam
743 2531 892 2564 lectionis
917 2532 1063 2564 alteram-

326 2597 387 2630 que
412 2590 676 2629 argumentorum
700 2583 844 2627 legitime
869 2584 1057 2617 decertave-

1146 1061 1194 1084 111.
1221 1051 1396 1084 Praeterea
1421 1050 1570 1083 omnibus
1588 1050 1702 1083 diebus
1720 1049 1840 1083 feriatis

1102 1104 1185 1136 intra
1216 1104 1412 1137 curriculum
1438 1103 1571 1136 dubium
1601 1105 1651 1137 vel
1678 1103 1842 1146 quaestio-

1103 1167 1177 1189 nem
1194 1156 1366 1189 litteralem
1384 1156 1499 1188 Sacrae
1513 1156 1709 1199 Scripturae,
1727 1155 1841 1188 eodem

1103 1220 1193 1242 more
1219 1214 1251 1242 et
1268 1210 1371 1242 forma
1387 1220 1450 1252 qua
1467 1210 1551 1242 solet
1567 1219 1657 1242 casus
1676 1208 1843 1241 conscien-

1104 1263 1359 1305 tiae,proponat‚
1374 1262 1412 1294 ad
1427 1272 1523 1304 quam
1541 1273 1654 1295 omnes
1672 1262 1710 1295 de
1729 1262 1843 1295 schola

1104 1315 1279 1354 confluant,
1308 1320 1336 1348 et
1357 1325 1417 1357 pro
1435 1315 1528 1347 libito
1546 1315 1692 1357 magistri
1711 1315 1844 1347 studen-

1104 1367 1182 1399 tium
1208 1367 1406 1410 respondeat
1431 1367 1568 1400 obiectis
1605 1378 1688 1400 unus
1714 1368 1752 1400 de
1779 1373 1845 1400 stu-

1104 1420 1256 1453 dentibus
1281 1421 1320 1452 ab
1345 1429 1384 1452 eo
1409 1419 1604 1462 designatus,
1643 1420 1693 1452 cui
1721 1420 1845 1464 praesi-

1104 1474 1177 1506 deat
1202 1473 1326 1516 ipse‚et
1352 1472 1480 1505 tandem
1506 1474 1647 1505 resolvat
1672 1473 1819 1505 dubium.

1147 1536 1190 1559 1v.
1217 1525 1274 1564 Oui
1300 1525 1345 1557 sic
1371 1535 1448 1568 ergo
1467 1525 1498 1557 in
1516 1525 1578 1558 hoc
1595 1536 1729 1559 munere
1749 1525 1846 1558 fuerit

1103 1578 1322 1621 plausibiliter
1347 1588 1517 1621 operosus,
1531 1588 1643 1611 omnes
1666 1589 1766 1611 annos
1783 1589 1843 1622 pro

1105 1631 1258 1675 gradibus
1283 1632 1513 1675 promerendis
1535 1637 1709 1674 comparet,
1728 1636 1791 1664 tam
1817 1632 1843 1665 si

1104 1695 1215 1718 revera
1251 1695 1305 1718 eos
1340 1685 1480 1727 legendo
1505 1684 1709 1727 peregisset,
1745 1685 1844 1718 modo

1104 1738 1261 1782 procedat
1295 1737 1483 1770 informatio
1523 1737 1666 1779 legitima
1704 1737 1742 1770 de
1779 1737 1843 1770 illis

1104 1797 1200 1834 prout
1224 1791 1263 1824 de
1289 1790 1422 1833 reliquis
1441 1790 1617 1822 lectoribus
1635 1790 1704 1822 sieri
1723 1790 1845 1830 consti>-

1106 1845 1236 1876 tuimus.
1262 1844 1395 1876 Praeter
1416 1843 1479 1875 hoc
1508 1847 1623 1883 autem,
1649 1843 1699 1875 ius
1725 1843 1844 1876 haheat

1106 1897 1144 1929 ad
1168 1897 1306 1940 primam
1331 1896 1494 1935 lecturam,
1514 1906 1595 1938 quae
1621 1895 1766 1938 proxime
1791 1906 1844 1927 va-

1105 1950 1225 1982 caverit
1260 1949 1293 1981 in
1329 1954 1488 1981 conventu
1524 1954 1579 1981 aut
1613 1948 1751 1991 collegio
1786 1948 1842 1981 ubi

1105 2013 1221 2035 munus
1246 2002 1331 2034 istud
1357 2001 1488 2040 obierit,
1516 2001 1702 2044 eisdemque
1729 2001 1841 2043 gratiis

1105 2061 1136 2088 et
1170 2055 1430 2098 exemptionibus
1456 2054 1612 2096 gaudeat,
1639 2055 1755 2097 quibus
1791 2065 1843 2087 ce-

1105 2108 1163 2141 teri
1185 2110 1322 2141 lectores
1342 2109 1482 2140 actuales
1508 2107 1708 2149 theologiae.

1147 2172 1174 2193 v.
1202 2161 1239 2193 Et
1264 2160 1341 2193 lieet
1364 2171 1424 2203 pro
1445 2159 1561 2192 studiis
1582 2160 1699 2192 artium
1723 2159 1842 2202 magis-

1105 2220 1153 2247 ter
1177 2213 1378 2246 studentium
1403 2222 1532 2256 semper
1561 2212 1658 2245 fuerit
1681 2213 1841 2246 hactenus

1104 2267 1217 2299 solitus
1242 2266 1383 2306 institui,
1416 2266 1454 2298 de
1480 2270 1587 2298 cetero
1611 2264 1839 2308 praecipimus,

1103 2327 1138 2353 ut
1151 2326 1274 2352 tantuin
1292 2319 1480 2361 designetur
1500 2319 1529 2351 in
1550 2318 1700 2352 domibus
1726 2318 1840 2351 artium

1103 2373 1211 2407 studio
1237 2371 1403 2405 destinatis
1429 2372 1550 2414 absque
1575 2372 1640 2404 ulla
1663 2381 1797 2414 prorsus
1823 2381 1841 2403 a

1103 2427 1205 2459 choro
1231 2430 1262 2458 et
1285 2424 1375 2457 altari
1402 2424 1621 2467 exemptione.

1146 2488 1169 2512 1.
1196 2479 1230 2511 ln
1255 2477 1400 2521 qualibet
1428 2476 1596 2520 provincia
1630 2486 1695 2509 non
1731 2476 1840 2519 plures

1717 197 1780 230 5317
1829 206 1920 232 amc.
1946 205 1999 232 ¹69

1881 2480 1949 2501 capu-r
1964 2478 1999 2500 Vl.

1877 2507 1906 2528 [le
1928 2506 2032 2531 magistris

1103 2542 1198 2576 quam
1235 2530 1405 2564 duodecim
1443 2529 1613 2572 magistros
1653 2529 2031 2571 theologiaeupraeseuiaus.

1103 2584 1305 2627 suscipimus,
1321 2593 1426 2627 neque
1445 2582 1583 2626 amplius
1601 2592 1697 2625 quam
1713 2581 1841 2625 viginti-
