2254 3225
447 231 511 265 970
997 241 1173 267 narratura
1199 242 1349 270 nonnum

500 294 536 326 ad
567 295 644 328 alios
674 296 801 329 abbates
837 306 1111 339 qnorumenmspie
1146 296 1410 328 monasteriorum
1448 296 1586 329 eiusdem
1616 296 1740 330 Ordinis
1765 297 1941 331 extendisse

495 354 619 399 rgarrah
649 349 685 382 12
711 361 751 385 a:
777 349 989 393 haeejomnia
1024 349 1185 382 confirmat
1219 349 1357 382 Pontifex
1375 377 1382 390 ,
1408 350 1448 382 19,
1473 351 1504 390 bg
1531 350 1670 383 eiusdem
1703 350 1827 385 Ordinis
1859 362 1938 395 eqn—

495 402 688 444 gregationis
722 403 943 446 Hispaniarum
978 402 1146 435 concordia
1182 413 1235 434 seu
1271 403 1438 436 transactio
1473 414 1567 447 snper
1592 404 1749 438 erectione
1775 405 1941 438 cathedrae

498 453 673 497 theologiae
711 456 738 487 in
777 455 978 488 universitate
1010 455 1136 488 Oscensi
1170 455 1241 487 inita
1269 455 1349 488 inter
1374 457 1459 499 ipsos
1484 468 1519 489 ae
1545 458 1749 501 episcopum,
1781 458 1941 501 aliosque,

497 506 716 547 confirmatur,
741 507 803 540 ⁶227
830 507 844 539 b
870 513 899 540 et.
923 518 1000 551 seq.;
1026 506 1285 540 Cisterciensihus
1311 509 1564 551 congregationis
1597 510 1804 553 Portugalliae
1828 511 1940 544 deere-

496 565 560 592 tnm
587 561 744 604 quoddam
783 561 907 604 capituli
934 560 1110 593 intermedii
1147 560 1247 593 dietae
1284 561 1559 603 congregationis,
1588 561 1626 594 de
1658 572 1720 594 non
1756 563 1944 606 recipiendis

498 613 668 655 illegitimi<
685 619 714 645 et
739 625 755 645 a
781 614 889 656 quavis
906 614 964 645 alia
984 613 1136 656 religione
1153 614 1300 657 expulsis,
1322 614 1538 654 confirmatur,
1559 613 1622 647 496
1647 626 1666 647 α
1693 619 1722 647 et
1738 626 1809 658 seq.;
1827 615 1944 648 eisdem

498 667 751 708 congregationis
779 666 929 699 Castellae
960 667 988 699 in
1016 677 1112 709 regno
1140 667 1348 710 portugalliae
1377 667 1557 700 constitutio
1582 667 1749 702 Clementis
1775 668 1860 708 VIII,
1885 679 1946 712 qua

499 718 575 761 ipsis
599 719 795 753 interdicitur
815 720 983 763 appellatio
1008 720 1046 753 ad
1072 725 1196 753 exteros
1222 721 1339 753 iudices
1364 726 1393 753 et
1418 721 1624 754 manifestatio
1648 722 1848 764 negotiorum
1873 732 1948 755 eon-

499 772 702 814 gregationis,
724 773 942 815 confirmatur,
969 773 1032 806 609
1057 785 1077 806 α
1102 779 1131 807 et,
1154 785 1226 818 seq.;
1251 773 1367 807 eisdem
1394 774 1647 817 congregationis
1671 775 1708 808 de
1733 775 1893 809 Alcobatia
1917 775 1949 808 in

498 835 598 867 regno
625 825 836 869 Portugalliae
861 827 1042 860 constitutio
1067 826 1233 861 Clementis
1255 827 1317 860 VIlI
1342 832 1451 860 contra
1475 833 1665 871 occupantes
1694 828 1739 861 vel
1766 829 1949 873 perturban-

501 883 546 910 tes
571 879 653 911 bona
684 880 937 922 congregationis
967 881 1105 914 eiusdem
1122 908 1129 921 ,
1154 881 1381 921 confirmatur,
1406 880 1470 914 860
1494 882 1510 914 b
1535 887 1564 915 et
1587 894 1663 926 δαίμ
1696 883 1949 926 congregationis

503 932 691 965 reformatae
727 933 755 966 S.
789 933 938 965 Bernardi
975 934 1100 967 decreta
1136 934 1289 978 quaedam
1325 935 1355 967 in
1393 935 1529 978 capitulo
1563 936 1702 978 generali
1728 936 1809 970 edita
1842 937 1951 970 recitat,

505 985 654 1025 Pontifex,
684 986 747 1018 923
772 998 808 1025 [ι;
835 993 863 1019 et
889 988 1067 1029 confirmat,
1094 988 1157 1021 925
1182 999 1201 1020 a
1226 994 1255 1020 et
1280 987 1304 1020 b.
1796 1010 1807 1020 a

415 1037 557 1070 Illonaehi
583 1038 707 1071 Ordinis
733 1039 956 1074 Cluniaeensis.
983 1042 1126 1084 Ipsorum
1152 1041 1278 1074 decreta
1310 1041 1464 1085 quaedam
1491 1042 1615 1076 condita
1641 1043 1670 1076 in
1696 1042 1834 1087 capitulo
1862 1054 1953 1087 gene-

504 1091 562 1123 rali
589 1092 827 1134 confirmantur,
854 1093 917 1126 683
942 1106 961 1126 α
986 1100 1015 1127 et
1039 1106 1097 1138 seq.

417 1143 566 1176 Moniales
591 1145 849 1179 Annunciationis
874 1146 905 1179 B.
931 1147 967 1180 M.
993 1148 1026 1179 V.
1054 1147 1218 1188 Caelestes,
1234 1149 1405 1192 vulgariter
1420 1159 1493 1183 vero
1518 1150 1545 1183 le
1568 1150 1726 1183 Turclzine
1746 1156 1954 1195 nuncupatae,

505 1197 543 1230 ad
569 1198 748 1232 fruitionem
775 1200 1040 1243 indulgentiarum
1067 1201 1191 1235 Ordinis
1216 1203 1312 1235 saneti
1339 1203 1504 1246 Augustini
1529 1203 1747 1245 admittuntur,
1772 1203 1834 1238 747
1860 1205 1889 1238 b.

419 1250 567 1283 Moniales
592 1251 802 1293 Visitauonis,
827 1255 894 1286 vide
918 1254 1142 1297 Indulgentiae.

418 1302 552 1336 Montem
579 1305 762 1345 vacabilem,
787 1307 960 1350 Religionis
984 1315 1211 1353 nuncupatum,
1236 1310 1274 1343 ab
1300 1311 1481 1344 Innocentio
1508 1311 1546 1345 XI
1572 1316 1722 1352 ereetum,
1748 1312 1877 1356 eiusque
1901 1312 1957 1346 do-

509 1363 569 1390 tem
596 1369 633 1391 ex
669 1359 822 1393 fructibus
846 1361 1115 1394 viee-cancellarii
1140 1368 1169 1395 et
1193 1364 1397 1397 summatoris
1429 1365 1604 1398 litterarum
1637 1366 1881 1409 apostolicarum
1918 1365 1957 1398 ab

510 1411 621 1444 eodem
648 1412 820 1445 institutam
847 1414 952 1455 fuisse,
976 1416 1082 1458 legere
1101 1422 1146 1449 est
1166 1417 1248 1460 apud
1266 1417 1476 1451 Alexandrum
1499 1418 1579 1461 VIII⁷
1601 1418 1643 1452 40
1667 1431 1687 1452 α
1704 1423 1734 1453 et
1750 1420 1780 1459 b;
1807 1426 1840 1452 ut
1857 1420 1958 1453 eidem

511 1465 604 1497 Monti
637 1466 766 1498 vat-abili
794 1467 966 1509 Religionis
992 1469 1152 1502 restitutos
1179 1470 1458 1505 vire-eaneellario
1483 1477 1512 1504 et
1543 1473 1730 1505 suntniatori
1758 1473 1899 1513 fructus,
1929 1473 1959 1505 in

514 1517 618 1550 dotem
643 1518 716 1551 dieti
742 1520 854 1552 Montis
878 1522 951 1553 olim
977 1523 1162 1565 assignatos,
1187 1524 1316 1557 Camera
1340 1525 1519 1568 Apostoliea
1545 1525 1691 1565 solveret,
1717 1537 1753 1558 ex
1780 1532 1851 1559 voto
1882 1536 1961 1569 par-

515 1570 653 1603 ticularis
677 1572 938 1615 Congu-egationis
964 1581 992 1608 et
1019 1576 1125 1618 vigore
1151 1578 1294 1620 specialis
1319 1578 1496 1612 Sanctitatis
1521 1578 1602 1612 Suae
1626 1579 1850 1623 chyrographi,
1876 1589 1961 1612 man-

515 1623 616 1665 datur,
641 1623 678 1657 41
708 1636 728 1658 α
754 1631 783 1658 et
805 1637 865 1670 seq.

1183 1736 1206 1769 N

428 1838 593 1883 Neophyti.
614 1840 850 1884 Neophytorum
877 1841 906 1873 in
932 1842 1026 1874 indiis
1051 1842 1249 1875 existentium
1276 1844 1376 1886 gratia
1402 1843 1561 1876 facultates
1585 1843 1751 1877 nonnullas
1775 1843 1965 1888 presbyteris

519 1892 682 1925 Societatis
707 1893 772 1925 Iesu
799 1895 951 1927 concessit
980 1896 1154 1929 Alexander
1181 1897 1265 1938 VIII,
1292 1895 1332 1931 48
1365 1909 1383 1930 α
1414 1902 1443 1930 et
1474 1908 1547 1941 seqx,
1577 1898 1703 1931 nomine
1734 1897 1965 1942 neophytorum

521 1946 573 1989 qui
598 1946 732 1986 veniant,
756 1947 857 1987 docet,
882 1947 923 1981 50
948 1960 977 1982 a.

432 2001 567 2044 Nepotes
592 1999 722 2032 Romani
749 2000 919 2043 Pontiam,
946 2003 1014 2035 vide
1039 2004 1197 2037 Romanus
1224 2004 1373 2038 Pontifex.

1187 2162 1211 2196 O

435 2272 653 2313 observantes,
679 2272 749 2303 ride
774 2271 908 2304 Minores
933 2271 970 2303 de
995 2271 1212 2304 ensem-anua.

437 2326 617 2369 Officiornm
644 2325 847 2363 raealJilium,
873 2335 952 2367 (niae
977 2324 1176 2357 Innocentius
1203 2324 1238 2356 XI
1263 2333 1279 2356 a
1306 2321 1561 2355 vicecancellario
1586 2320 1875 2360 dismembraverat,
1907 2320 1972 2352 sru-

526 2385 593 2412 ctus
618 2389 737 2417 onmes,
773 2384 956 2422 proventus,
994 2379 1197 2411 obventiones
1222 2383 1251 2409 et
1283 2377 1442 2417 redditus,
1479 2381 1659 2409 remanente
1693 2374 1972 2407 dismembratione

527 2433 703 2476 praedicta,
743 2442 778 2463 ex
805 2432 1005 2475 particularis
1041 2430 1299 2473 Congregationis
1325 2436 1408 2470 voto,
1433 2435 1462 2462 et
1488 2429 1598 2472 vigore
1629 2427 1772 2471 specialis
1807 2426 1970 2459 cuiusdam

527 2487 703 2521 Sanctitatis
731 2487 811 2520 Suae
836 2486 1059 2529 chyrographi,
1095 2485 1195 2517 eidem
1234 2483 1488 2517 vicecancellario
1524 2481 1658 2515 restituit
1682 2479 1857 2513 Alexander
1892 2480 1971 2522 V111,

528 2542 570 2574 40
595 2553 615 2574 ιι
640 2546 666 2573 et
692 2552 744 2583 seq
765 2551 771 2578 ;
798 2540 898 2571 ot'tieia
925 2539 1084 2580 nonnulla⁷
1110 2538 1261 2570 nimirum
1287 2547 1453 2570 causarum
1480 2535 1585 2569 euriae
1603 2534 1751 2568 Gamerae
1776 2533 1972 2577 Apostolicae

529 2594 684 2638 generalis
709 2593 875 2633 auditoris,
901 2603 936 2625 ae
961 2592 1101 2624 eiusdem
1127 2591 1273 2625 Gamerae
1300 2596 1364 2623 tum
1391 2588 1576 2622 thesaurarii
1603 2587 1767 2630 generalis,
1805 2592 1868 2619 tum
1894 2586 1972 2620 duo-

530 2648 630 2682 decim
665 2648 852 2682 elerieorum
884 2645 1151 2691 praesidentium,
1176 2655 1298 2679 necnon
1329 2643 1456 2678 alterius
1481 2640 1708 2687 praesidentis,
1735 2639 1971 2675 rationabilibus
