2227 3225
117 261 164 285 Λιι.
182 259 210 286 C.
234 259 296 285 ism

150 1696 219 1718 Cama·
234 1697 257 1718 X.

136 1722 166 1742 he
187 1724 293 1749 deposita-

110 1756 146 1770 rus
161 1754 284 1771 conventus.

890 260 1097 283 inmutatus
1125 261 1167 282 λιι
1193 261 1240 283 re.

309 309 416 351 ipsum
441 307 627 350 magistrum
647 308 832 349 generalem
851 318 910 351 pro
930 318 1048 350 expeu-
1067 307 1069 360 l

1066 365 1068 407 ι’
1089 361 1191 393 libros
1211 372 1323 394 omnes
1340 362 1403 394 dati
1424 368 1455 394 et
1470 364 1602 406 accepti,
1622 369 1654 395 ct.
1678 365 1822 397 onmium

307 361 350 393 sis
369 365 401 393 et
424 362 528 393 causis
552 361 714 393 Romanae
739 360 852 393 Curiae
886 361 1044 393 mittatur.

1726 255 1783 286 :301

1135 319 1182 340 111.
1211 308 1257 340 ‚td
1283 318 1339 340 eos
1376 308 1507 351 quidem
1540 311 1679 352 pertinet
1710 322 1823 353 regere

350 425 380 447 x.
406 414 612 447 Declaramus
642 413 772 446 tandem
799 413 837 446 ad
864 413 949 446 lianc
971 414 1045 446 dixi·
1088 425 1195 447 rerum
1221 425 1302 458 quae
1320 415 1486 458 pertinent
1507 416 1544 448 ad
1563 422 1756 449 conventum
1774 428 1824 450 ra-

307 467 431 500 sionem
457 472 488 499 et
512 472 622 510 partes
648 476 714 499 non
739 466 913 510 pertinere,
939 477 1044 509 neque
1090 467 1210 500 tionem
1237 469 1379 508 habere,
1411 474 1442 501 ct
1474 470 1648 502 secundum
1675 471 1822 513 proprias

307 520 394 552 inter
418 520 524 563 spolia
548 519 729 563 reputanda
754 530 835 559 csse,
861 530 897 552 ca
923 519 1044 560 debita,
1089 531 1198 553 earum
1223 521 1348 564 species
1375 527 1401 554 et
1431 521 1601 564 ‹ptulitatcs
1626 522 1770 555 diversos
1793 523 1823 555 li·

308 573 425 616 quihus
460 578 641 606 eonvcntus
678 573 795 616 aliquis
824 573 1046 615 adstringatur

308 626 398 658 fratri
424 625 594 659 decedenti
619 626 743 658 ratione
768 626 981 659 commendac
1005 627 1044 659 ab

308 690 346 713 eo
365 679 579 722 gubernatae,
599 685 630 712 et
647 680 672 712 si
688 679 765 722 quid
781 680 819 712 de
835 680 896 712 lior
915 679 946 712 in
964 690 1046 712 com-

308 733 394 776 putis
420 738 451 766 ct
474 733 653 766 rationibus
673 734 744 766 talis
761 739 936 766 conventus
952 744 1046 777 prae-

308 787 394 820 dicto
421 787 509 819 fratri
535 787 679 820 debitum
706 787 901 830 apparuerit,
928 798 965 820 eo
992 787 1046 820 de-

308 840 428 879 functo,
454 840 548 873 cedat
572 840 602 872 in
637 838 830 872 beneficium
856 846 1043 881 conventus,

306 898 337 926 et
362 892 507 925 deleatur
531 903 548 924 a
573 892 702 924 debitis.

350 955 393 978 xi.
420 945 510 979 Circa
540 945 626 978 bona
650 951 756 978 autem
785 955 867 988 quae
893 946 1046 989 magister

307 999 433 1033 Ordinis
450 999 610 1032 decedens
628 999 666 1032 ad
685 1009 716 1032 sc
738 1009 798 1042 pro
817 1010 875 1033 suo
895 1005 1044 1043 tempore

308 1052 506 1096 pertinentia
530 1051 719 1095 reliquerit,
745 1052 896 1085 distincte
921 1053 1046 1095 pracci-

308 1106 414 1149 pimus
432 1105 622 1148 provinciali
641 1105 709 1137 eius
727 1105 913 1148 provinciae
932 1106 964 1138 in
983 1117 1045 1148 qua

309 1158 495 1202 praedictus
513 1158 668 1200 magister
688 1158 814 1198 obierit,
832 1164 864 1190 ut
884 1169 920 1191 ea
938 1159 1045 1192 omnia

308 1218 470 1255 tamquam
505 1212 591 1244 bona
631 1211 760 1244 Ordinis
797 1211 1044 1254 diligentissime

307 1265 450 1307 colligat,
476 1269 507 1296 et
531 1264 562 1297 in
590 1265 700 1307 aliquo
728 1265 878 1308 deposito
904 1265 1045 1298 fideliter

307 1317 520 1350 custodienda
545 1324 694 1360 reponat.
718 1317 760 1349 Ex
781 1318 911 1360 quibus,
929 1319 1042 1352 solutIs

307 1370 399 1414 prius
417 1369 568 1403 omnibus
595 1370 713 1402 <tebius
738 1371 882 1412 magistri
905 1377 936 1403 et
954 1372 1044 1404 Ordi-

306 1423 366 1462 nis,
389 1422 413 1455 si
440 1433 504 1466 qua
529 1422 662 1462 suerint,
689 1423 814 1466 reliqua
839 1423 945 1457 futuro
971 1435 1044 1467 pro-

306 1477 389 1509 xime
415 1476 558 1519 generali
590 1476 746 1519 magistro
779 1477 869 1510 omni
895 1480 970 1510 cura
996 1489 1044 1511 re-

305 1534 421 1569 servet,
447 1528 562 1572 illique
586 1529 823 1572 quamprimum
849 1531 952 1564 eleeto
970 1532 1044 1564 sub-

305 1582 414 1623 iiciat,
453 1581 624 1626 eidemque
660 1582 818 1616 rationem
853 1583 968 1617 reddat
1003 1585 1042 1617 de

306 1635 382 1669 illis.

350 1699 372 1722 1.
412 1688 451 1722 Ut
486 1693 593 1722 autem
630 1689 797 1732 praedicta
830 1695 1042 1724 conventuum

303 1742 392 1774 bona
416 1741 525 1774 debita
550 1741 676 1775 ratione
695 1748 726 1775 et
743 1742 897 1776 fidelitate
915 1754 1043 1777 serven-

305 1800 354 1827 tur
379 1799 409 1828 et
427 1795 620 1837 dirigantur,
639 1795 718 1828 duos
744 1796 961 1839 depositarios
986 1808 1041 1830 seu

303 1848 461 1882 clararios
491 1848 523 1881 in
556 1848 692 1890 singulis
730 1850 881 1883 domibus
914 1850 1040 1884 institui

301 1901 535 1945 praecipimus,
555 1901 609 1944 qui
636 1901 738 1935 libere
764 1908 794 1935 et
819 1913 879 1945 per
903 1904 1041 1936 schedu-

302 1956 348 1988 las
362 1953 579 1998 suffragiaque
602 1960 729 1987 secreta
749 1955 970 1998 capitulariter
983 1956 1040 1989 eli-

301 2013 436 2052 gantur,
451 2018 511 2040 nec
536 2007 631 2040 aliter
648 2008 749 2051 possit
766 2009 850 2041 ullus
875 2019 1040 2042 commen-

303 2063 397 2095 dator
421 2061 494 2094 illos
517 2061 688 2103 designare
710 2066 762 2094 aut
785 2061 962 2102 nominare,
981 2063 1038 2096 sub

301 2116 408 2158 poena
427 2113 619 2157 privationis
641 2113 747 2154 officii,
767 2124 827 2147 nec
845 2115 957 2148 eadem
976 2115 1038 2156 dic,

301 2177 363 2210 qua
390 2166 546 2210 proponit
581 2166 802 2208 electionem,
835 2177 906 2200 eam
940 2167 1038 2211 perfi-

300 2219 373 2260 ciat,
390 2219 446 2252 sed
467 2230 568 2252 unum
597 2219 682 2252 diem
700 2220 739 2252 ad
760 2219 865 2252 minus
894 2231 953 2263 pro
974 2221 1037 2254 ele-

300 2272 409 2306 ctione
448 2272 645 2306 conserenda
684 2273 834 2306 fratribus
866 2274 1034 2308 concedat.

342 2336 377 2360 11.
405 2325 453 2359 Ad
478 2325 667 2359 huiusmodi
692 2336 808 2360 munus
834 2337 964 2370 semper
981 2328 1037 2361 eli-

299 2379 425 2423 gendus
444 2383 492 2412 est
510 2379 618 2420 frater,
637 2379 691 2422 qui
710 2379 750 2412 sit
767 2384 835 2413 arte
854 2381 1035 2414 calculandi

298 2432 496 2465 sufficienter
519 2431 670 2472 idoneus,
691 2432 913 2476 probataeque
939 2432 1036 2467 fideli-

300 2484 384 2518 tatis.
409 2484 444 2517 In
470 2485 686 2518 conventibus
705 2490 821 2525 autem,
838 2486 893 2518 ubi
914 2486 1034 2519 suerint

299 2537 457 2580 graduati,
470 2547 569 2570 unum
584 2538 696 2571 saltem
711 2549 747 2570 ex
766 2538 829 2571 illis
845 2539 1033 2573 necessario

300 2590 446 2624 duximus
471 2591 714 2631 assumendum,
733 2593 868 2625 alterum
893 2602 969 2625 vero
995 2593 1033 2626 de

297 2644 432 2679 reliouis
452 2644 604 2677 fratribus
625 2645 770 2678 eiusdem
795 2652 986 2679 conventus.

1087 573 1164 606 bros
1182 579 1337 613 statuere,
1357 574 1388 606 in
1408 574 1523 617 quibus
1541 574 1649 608 omnia
1668 586 1738 608 cum
1760 576 1823 608 dis-

1089 626 1245 659 tinctione
1272 627 1467 661 scribantur.

1131 690 1174 712 iv.
1200 679 1356 717 Quantum
1389 681 1473 713 enim
1500 682 1538 714 ad
1565 683 1738 724 pecunias,
1759 683 1823 716 illis

1088 731 1315 773 ‹list1*ieto‚sub
1333 734 1677 767 excommunicationis
1692 736 1824 768 maioris

1088 787 1194 828 poena
1218 786 1458 829 praecipimus,
1484 797 1525 819 ne
1552 787 1583 820 in
1609 788 1699 820 libris
1724 788 1822 821 ratio-

1088 839 1216 871 nalibus
1242 838 1457 882 quantitatem
1484 840 1624 884 aliquam
1643 841 1823 874 cuiuscum-

1089 902 1149 935 que
1175 892 1215 924 sit
1239 893 1368 934 generis
1395 899 1561 936 apponant
1585 899 1639 926 aut
1664 895 1821 935 scribant,

1089 956 1169 989 qnae
1196 946 1327 979 realiter
1352 956 1460 979 coram
1480 946 1557 990 ipsis
1574 957 1640 980 non
1656 948 1751 981 suerit
1768 959 1825 982 nu-

1088 1006 1210 1033 merata
1234 1006 1266 1033 ct
1291 1000 1441 1044 deposito
1471 1002 1650 1041 recondita,
1669 1003 1731 1035 nisi
1761 1009 1824 1036 sta-

1088 1053 1142 1085 tim
1169 1054 1207 1086 de
1232 1054 1288 1086 illa
1315 1053 1369 1086 siat
1393 1054 1513 1087 solutio
1539 1054 1648 1098 aliqua
1680 1056 1719 1088 ab
1744 1056 1823 1099 ipsis

1088 1117 1217 1149 quoqne
1239 1107 1447 1150 depositariis
1466 1118 1537 1140 cum
1559 1109 1824 1142 commendatore

1087 1169 1158 1191 vere
1185 1165 1217 1191 et
1249 1160 1384 1192 realiter
1415 1160 1568 1193 creditori
1601 1163 1822 1202 numerandw,

1087 1222 1155 1248 nec,
1175 1213 1236 1244 sub
1256 1213 1366 1244 eadem
1385 1215 1498 1255 poena,
1517 1214 1716 1256 permittam,
1735 1216 1822 1258 quod

1087 1270 1232 1307 sumptus
1265 1269 1297 1297 et
1333 1276 1496 1308 (·x11›ensae
1530 1266 1703 1309 omnisque
1741 1269 1823 1300 ratio

1087 1319 1150 1351 dati
1177 1324 1209 1351 et
1232 1319 1354 1362 accepti
1381 1320 1514 1352 contuse
1539 1320 1744 1359 adnotentur,
1767 1322 1824 1354 sed

1087 1371 1247 1411 distincte,
1266 1377 1296 1404 et
1315 1382 1386 1404 cuni
1405 1372 1493 1404 omni
1512 1372 1670 1413 claritate,
1689 1374 1822 1407 adiectis

1086 1423 1208 1466 pariter
1232 1424 1421 1457 nominibus
1448 1425 1553 1457 dantis
1573 1430 1601 1458 et
1624 1426 1823 1470 accipientis,

1086 1477 1151 1510 sive
1177 1477 1272 1510 etiam
1299 1478 1466 1510 vendentis
1493 1483 1523 1511 et
1549 1480 1699 1512 ementis.

1129 1540 1158 1563 v.
1179 1530 1208 1563 Si
1228 1541 1289 1573 qua
1311 1536 1414 1564 autem
1433 1531 1543 1564 debita
1557 1538 1668 1565 contra
1686 1544 1824 1566 conven-

1086 1587 1153 1615 tum
1179 1582 1211 1615 in
1237 1583 1367 1616 triennii
1393 1583 1457 1617 tine
1482 1591 1694 1626 remaneant,
1721 1586 1824 1619 invio-

1085 1636 1227 1669 labiliter
1252 1647 1289 1669 ea
1314 1637 1434 1670 debent
1465 1637 1608 1670 scribere
1639 1638 1671 1671 in
1696 1639 1822 1672 ratione

1086 1695 1117 1722 et
1142 1690 1299 1733 computis
1333 1690 1475 1733 capitulo
1509 1691 1702 1734 provinciali
1734 1693 1824 1725 exhi-

1085 1743 1217 1783 l)eudis;
1237 1744 1323 1787 quod
1343 1744 1367 1776 si
1385 1755 1449 1777 non
1467 1745 1593 1785 saciant,
1611 1745 1675 1778 illis
1693 1750 1724 1778 et
1741 1757 1823 1778 eom-

1084 1797 1265 1830 mendatori
1298 1797 1549 1831 irrelaxabititer
1584 1799 1740 1831 solvenda
1772 1810 1822 1832 rc-

1083 1849 1273 1893 linquimus,
1293 1849 1382 1890 itaut,
1402 1850 1478 1882 licet
1502 1855 1682 1883 conventus
1708 1861 1820 1884 eorum

1084 1903 1280 1935 solutionem
1307 1903 1408 1943 saciat,
1432 1903 1493 1946 ipsi
1515 1904 1660 1936 eamdem
1686 1910 1820 1937 tenean-

1084 1960 1134 1987 tur
1165 1956 1337 1988 conventui
1370 1956 1565 1989 retribuere.
1592 1957 1747 1990 Praefatis
1772 1959 1818 1991 ul-

1083 2008 1182 2042 terius
1208 2009 1416 2052 depositariis
1441 2010 1650 2052 iniungimus,
1675 2016 1710 2042 ut
1734 2021 1820 2044 com-

1082 2067 1177 2105 putos
1199 2073 1215 2094 a
1236 2063 1501 2096 commendatore
1526 2062 1595 2096 fieri
1620 2064 1820 2098 contendant

1082 2119 1228 2158 tempore
1266 2119 1297 2147 ct
1333 2115 1434 2148 forma
1471 2115 1618 2159 superins
1645 2126 1714 2160 cap.
1742 2127 1817 2151 xxm

1081 2167 1346 2200 distinctionibus
1364 2168 1613 2211 praestabilius,
1634 2174 1818 2211 praeterea-

1080 2231 1152 2263 que,
1172 2226 1206 2252 ut
1230 2221 1316 2253 bona
1342 2221 1578 2264 redemptionis
1612 2231 1648 2254 ae
1674 2222 1815 2256 debitam

1080 2274 1118 2307 de
1136 2273 1200 2306 illis
1217 2273 1377 2306 rationem
1394 2273 1642 2316 diligentissime
1660 2276 1816 2310 sumenda

1079 2332 1202 2368 curent,
1221 2326 1306 2360 iuxta
1327 2337 1362 2360 ea
1380 2337 1462 2370 quae
1489 2327 1562 2360 dist.
1579 2338 1601 2361 11
1620 2333 1650 2361 et
1667 2339 1702 2362 111
1721 2339 1816 2372 prae-

1078 2380 1225 2424 cipimus.

1120 2443 1164 2467 vi.
1190 2433 1326 2477 Insuper
1350 2434 1428 2478 ipsis
1449 2435 1764 2468 commendatoribus
1783 2441 1816 2469 et

1078 2486 1284 2530 depositariis
1309 2487 1546 2527 constituimus,
1572 2492 1607 2519 ut
1630 2489 1736 2521 nullas
1760 2499 1813 2521 ex-

1078 2544 1243 2572 ternorum
1269 2541 1462 2583 quantitates
1481 2540 1513 2572 in
1531 2541 1692 2573 communi
1714 2541 1813 2584 depo-

1077 2592 1138 2625 sito
1157 2594 1388 2626 custodiendas
1413 2593 1591 2635 suscipiant
1609 2598 1639 2626 et
1658 2593 1810 2634 inserant,

1076 2645 1136 2678 nisi
1163 2646 1223 2678 sul]
1251 2646 1309 2678 linc
1336 2647 1407 2684 leae
1453 2646 1539 2683 quod
1567 2646 1605 2679 ad
1632 2646 1811 2679 restitutio·

1837 264 1882 289 tn,
1901 263 1927 290 C.
1952 266 2013 292 thtt
