<?xml version="1.0" encoding="UTF-8"?>
<!DOCTYPE html PUBLIC "-//W3C//DTD XHTML 1.0 Transitional//EN"
    "http://www.w3.org/TR/xhtml1/DTD/xhtml1-transitional.dtd">
<html xmlns="http://www.w3.org/1999/xhtml" xml:lang="en" lang="en">
 <head>
  <title>
</title>
<meta http-equiv="Content-Type" content="text/html;charset=utf-8" />
  <meta name='ocr-system' content='tesseract 3.04.00' />
  <meta name='ocr-capabilities' content='ocr_page ocr_carea ocr_par ocr_line ocrx_word'/>
</head>
<body>
  <div class='ocr_page' id='page_1' title='image "./bullarumdiplomat20cath_0900.png"; bbox 0 0 2254 3225; ppageno 0'>
   <div class='ocr_carea' id='block_1_1' title="bbox 208 264 504 304">
    <p class='ocr_par' dir='ltr' id='par_1_1' title="bbox 208 264 504 304">
     <span class='ocr_line' id='line_1_1' title="bbox 208 264 504 304; baseline -0.01 -3"><span class='ocrx_word' id='word_1_1' title='bbox 208 276 260 303; x_wconf 73' lang='lat' dir='ltr'>An.</span> <span class='ocrx_word' id='word_1_2' title='bbox 280 275 307 304; x_wconf 84' lang='lat' dir='ltr'>c,</span> <span class='ocrx_word' id='word_1_3' title='bbox 327 274 394 301; x_wconf 76' lang='lat'>¹698</span> <span class='ocrx_word' id='word_1_4' title='bbox 440 264 504 299; x_wconf 67' lang='lat'>8⁶20</span> 
     </span>
    </p>
   </div>
   <div class='ocr_carea' id='block_1_2' title="bbox 212 1505 395 1560">
    <p class='ocr_par' dir='ltr' id='par_1_2' title="bbox 212 1505 395 1560">
     <span class='ocr_line' id='line_1_2' title="bbox 280 1505 395 1527; baseline -0.009 -1"><span class='ocrx_word' id='word_1_5' title='bbox 280 1505 395 1527; x_wconf 71' lang='lat' dir='ltr'>Concessio</span> 
     </span>
     <span class='ocr_line' id='line_1_3' title="bbox 212 1534 330 1560; baseline -0.008 -6"><span class='ocrx_word' id='word_1_6' title='bbox 212 1534 330 1560; x_wconf 81' lang='lat' dir='ltr'>praedicta.</span> 
     </span>
    </p>
   </div>
   <div class='ocr_carea' id='block_1_3' title="bbox 401 322 1158 2716">
    <p class='ocr_par' dir='ltr' id='par_1_3' title="bbox 401 322 1148 1476">
     <span class='ocr_line' id='line_1_4' title="bbox 402 322 1144 366; baseline 0 -10"><span class='ocrx_word' id='word_1_7' title='bbox 402 324 450 356; x_wconf 76' lang='lat' dir='ltr'>cia</span> <span class='ocrx_word' id='word_1_8' title='bbox 466 323 619 357; x_wconf 88' lang='lat' dir='ltr'>Franciae</span> <span class='ocrx_word' id='word_1_9' title='bbox 641 323 786 357; x_wconf 89' lang='lat' dir='ltr'>eiusdem</span> <span class='ocrx_word' id='word_1_10' title='bbox 805 322 1088 366; x_wconf 70' lang='lat' dir='ltr'>Congmgationis,</span> <span class='ocrx_word' id='word_1_11' title='bbox 1107 334 1144 356; x_wconf 88' lang='lat' dir='ltr'>ac</span> 
     </span>
     <span class='ocr_line' id='line_1_5' title="bbox 401 377 1146 421; baseline -0.001 -11"><span class='ocrx_word' id='word_1_12' title='bbox 401 378 575 421; x_wconf 75' lang='lat' dir='ltr'>praecipue</span> <span class='ocrx_word' id='word_1_13' title='bbox 596 377 628 410; x_wconf 91' lang='lat' dir='ltr'>in</span> <span class='ocrx_word' id='word_1_14' title='bbox 655 377 871 410; x_wconf 86' lang='lat' dir='ltr'>conventibus</span> <span class='ocrx_word' id='word_1_15' title='bbox 898 377 1036 410; x_wconf 85' lang='lat' dir='ltr'>civitatis</span> <span class='ocrx_word' id='word_1_16' title='bbox 1060 377 1146 410; x_wconf 89' lang='lat' dir='ltr'>Pari-</span> 
     </span>
     <span class='ocr_line' id='line_1_6' title="bbox 403 430 1142 473; baseline -0.003 -9"><span class='ocrx_word' id='word_1_17' title='bbox 403 431 521 464; x_wconf 88' lang='lat' dir='ltr'>siensis</span> <span class='ocrx_word' id='word_1_18' title='bbox 543 437 574 464; x_wconf 88' lang='lat' dir='ltr'>et</span> <span class='ocrx_word' id='word_1_19' title='bbox 599 431 745 463; x_wconf 76' lang='lat' dir='ltr'>suburbii</span> <span class='ocrx_word' id='word_1_20' title='bbox 772 431 802 464; x_wconf 84' lang='lat' dir='ltr'>S.</span> <span class='ocrx_word' id='word_1_21' title='bbox 827 431 978 464; x_wconf 85' lang='lat' dir='ltr'>Germani</span> <span class='ocrx_word' id='word_1_22' title='bbox 1004 431 1035 463; x_wconf 91' lang='lat' dir='ltr'>in</span> <span class='ocrx_word' id='word_1_23' title='bbox 1061 430 1142 473; x_wconf 75' lang='lat' dir='ltr'>Laya</span> 
     </span>
     <span class='ocr_line' id='line_1_7' title="bbox 402 485 1144 528; baseline -0.001 -11"><span class='ocrx_word' id='word_1_24' title='bbox 402 486 578 528; x_wconf 88' lang='lat' dir='ltr'>nuncupati</span> <span class='ocrx_word' id='word_1_25' title='bbox 606 485 708 518; x_wconf 90' lang='lat' dir='ltr'>dictae</span> <span class='ocrx_word' id='word_1_26' title='bbox 735 485 873 517; x_wconf 87' lang='lat' dir='ltr'>civitatis</span> <span class='ocrx_word' id='word_1_27' title='bbox 892 511 900 523; x_wconf 87' lang='lat'>,</span> <span class='ocrx_word' id='word_1_28' title='bbox 936 495 1054 526; x_wconf 74' lang='lat' dir='ltr'>magno</span> <span class='ocrx_word' id='word_1_29' title='bbox 1080 494 1144 527; x_wconf 87' lang='lat' dir='ltr'>po-</span> 
     </span>
     <span class='ocr_line' id='line_1_8' title="bbox 402 536 1145 582; baseline -0.004 -11"><span class='ocrx_word' id='word_1_30' title='bbox 402 539 470 582; x_wconf 89' lang='lat' dir='ltr'>puli</span> <span class='ocrx_word' id='word_1_31' title='bbox 497 549 652 572; x_wconf 79' lang='lat' dir='ltr'>concursu</span> <span class='ocrx_word' id='word_1_32' title='bbox 679 539 764 577; x_wconf 76' lang='lat' dir='ltr'>fiunt,</span> <span class='ocrx_word' id='word_1_33' title='bbox 792 537 913 580; x_wconf 69' lang='lat' dir='ltr'>hymni,</span> <span class='ocrx_word' id='word_1_34' title='bbox 931 548 1052 576; x_wconf 85' lang='lat' dir='ltr'>versus,</span> <span class='ocrx_word' id='word_1_35' title='bbox 1072 536 1145 569; x_wconf 88' lang='lat' dir='ltr'>alia-</span> 
     </span>
     <span class='ocr_line' id='line_1_9' title="bbox 403 591 1145 635; baseline -0.004 -11"><span class='ocrx_word' id='word_1_36' title='bbox 403 602 487 635; x_wconf 80' lang='lat' dir='ltr'>que,</span> <span class='ocrx_word' id='word_1_37' title='bbox 520 602 600 635; x_wconf 72' lang='lat' dir='ltr'>(piae</span> <span class='ocrx_word' id='word_1_38' title='bbox 637 593 672 624; x_wconf 78' lang='lat' dir='ltr'>ca</span> <span class='ocrx_word' id='word_1_39' title='bbox 709 591 879 624; x_wconf 80' lang='lat' dir='ltr'>occasione</span> <span class='ocrx_word' id='word_1_40' title='bbox 917 591 987 623; x_wconf 91' lang='lat' dir='ltr'>cani</span> <span class='ocrx_word' id='word_1_41' title='bbox 1024 591 1145 628; x_wconf 88' lang='lat' dir='ltr'>solent,</span> 
     </span>
     <span class='ocr_line' id='line_1_10' title="bbox 403 643 1144 688; baseline -0.005 -10"><span class='ocrx_word' id='word_1_42' title='bbox 403 645 501 678; x_wconf 92' lang='lat' dir='ltr'>modo</span> <span class='ocrx_word' id='word_1_43' title='bbox 527 646 623 688; x_wconf 86' lang='lat' dir='ltr'>plano</span> <span class='ocrx_word' id='word_1_44' title='bbox 650 644 815 677; x_wconf 85' lang='lat' dir='ltr'>decantari</span> <span class='ocrx_word' id='word_1_45' title='bbox 841 644 990 683; x_wconf 85' lang='lat' dir='ltr'>valeant·‚</span> <span class='ocrx_word' id='word_1_46' title='bbox 1022 643 1051 674; x_wconf 91' lang='lat' dir='ltr'>in</span> <span class='ocrx_word' id='word_1_47' title='bbox 1087 647 1144 674; x_wconf 88' lang='lat' dir='ltr'>sta-</span> 
     </span>
     <span class='ocr_line' id='line_1_11' title="bbox 404 697 1146 740; baseline -0.004 -9"><span class='ocrx_word' id='word_1_48' title='bbox 404 698 479 731; x_wconf 90' lang='lat' dir='ltr'>tutis</span> <span class='ocrx_word' id='word_1_49' title='bbox 504 708 580 730; x_wconf 88' lang='lat' dir='ltr'>vero</span> <span class='ocrx_word' id='word_1_50' title='bbox 599 697 868 740; x_wconf 78' lang='lat' dir='ltr'>Congregationis</span> <span class='ocrx_word' id='word_1_51' title='bbox 887 697 1073 740; x_wconf 69' lang='lat' dir='ltr'>praedictae</span> <span class='ocrx_word' id='word_1_52' title='bbox 1099 701 1146 727; x_wconf 88' lang='lat' dir='ltr'>to-</span> 
     </span>
     <span class='ocr_line' id='line_1_12' title="bbox 405 748 1146 792; baseline -0.004 -9"><span class='ocrx_word' id='word_1_53' title='bbox 405 757 469 784; x_wconf 89' lang='lat' dir='ltr'>tum</span> <span class='ocrx_word' id='word_1_54' title='bbox 496 750 634 784; x_wconf 81' lang='lat' dir='ltr'>officium</span> <span class='ocrx_word' id='word_1_55' title='bbox 661 751 728 783; x_wconf 80' lang='lat' dir='ltr'>sine</span> <span class='ocrx_word' id='word_1_56' title='bbox 755 751 840 783; x_wconf 90' lang='lat' dir='ltr'>notis</span> <span class='ocrx_word' id='word_1_57' title='bbox 872 749 993 782; x_wconf 82' lang='lat' dir='ltr'>cantari</span> <span class='ocrx_word' id='word_1_58' title='bbox 1021 748 1146 792; x_wconf 83' lang='lat' dir='ltr'>praeci-</span> 
     </span>
     <span class='ocr_line' id='line_1_13' title="bbox 403 804 1146 848; baseline -0.004 -11"><span class='ocrx_word' id='word_1_59' title='bbox 403 805 532 848; x_wconf 82' lang='lat' dir='ltr'>piatur:</span> <span class='ocrx_word' id='word_1_60' title='bbox 555 804 617 848; x_wconf 86' lang='lat' dir='ltr'>ipsi</span> <span class='ocrx_word' id='word_1_61' title='bbox 636 809 847 847; x_wconf 77' lang='lat' dir='ltr'>exponentcS,</span> <span class='ocrx_word' id='word_1_62' title='bbox 867 804 1006 847; x_wconf 71' lang='lat' dir='ltr'>hymnos</span> <span class='ocrx_word' id='word_1_63' title='bbox 1024 814 1059 835; x_wconf 89' lang='lat' dir='ltr'>ac</span> <span class='ocrx_word' id='word_1_64' title='bbox 1077 812 1146 845; x_wconf 89' lang='lat' dir='ltr'>pre-</span> 
     </span>
     <span class='ocr_line' id='line_1_14' title="bbox 403 856 1144 901; baseline -0.004 -11"><span class='ocrx_word' id='word_1_65' title='bbox 403 868 455 891; x_wconf 89' lang='lat' dir='ltr'>ces</span> <span class='ocrx_word' id='word_1_66' title='bbox 480 857 675 897; x_wconf 89' lang='lat' dir='ltr'>huiusmodi,</span> <span class='ocrx_word' id='word_1_67' title='bbox 703 868 785 901; x_wconf 88' lang='lat' dir='ltr'>quae</span> <span class='ocrx_word' id='word_1_68' title='bbox 820 857 852 889; x_wconf 89' lang='lat' dir='ltr'>in</span> <span class='ocrx_word' id='word_1_69' title='bbox 888 856 1144 899; x_wconf 71' lang='lat' dir='ltr'>expositionibus</span> 
     </span>
     <span class='ocr_line' id='line_1_15' title="bbox 404 909 1144 953; baseline -0.003 -11"><span class='ocrx_word' id='word_1_70' title='bbox 404 920 440 943; x_wconf 87' lang='lat' dir='ltr'>ac</span> <span class='ocrx_word' id='word_1_71' title='bbox 465 910 749 943; x_wconf 73' lang='lat' dir='ltr'>benedictionibus</span> <span class='ocrx_word' id='word_1_72' title='bbox 774 909 949 953; x_wconf 87' lang='lat' dir='ltr'>praedictis</span> <span class='ocrx_word' id='word_1_73' title='bbox 975 914 1144 947; x_wconf 83' lang='lat' dir='ltr'>canuntur,</span> 
     </span>
     <span class='ocr_line' id='line_1_16' title="bbox 405 963 1144 1006; baseline -0.004 -11"><span class='ocrx_word' id='word_1_74' title='bbox 405 974 556 1006; x_wconf 85' lang='lat' dir='ltr'>quaeque</span> <span class='ocrx_word' id='word_1_75' title='bbox 582 964 620 996; x_wconf 87' lang='lat' dir='ltr'>ad</span> <span class='ocrx_word' id='word_1_76' title='bbox 643 964 784 996; x_wconf 74' lang='lat' dir='ltr'>dix-inum</span> <span class='ocrx_word' id='word_1_77' title='bbox 802 963 940 996; x_wconf 77' lang='lat' dir='ltr'>osticium</span> <span class='ocrx_word' id='word_1_78' title='bbox 958 963 1144 995; x_wconf 84' lang='lat' dir='ltr'>nullatenus</span> 
     </span>
     <span class='ocr_line' id='line_1_17' title="bbox 404 1017 1144 1060; baseline -0.001 -11"><span class='ocrx_word' id='word_1_79' title='bbox 404 1018 572 1060; x_wconf 88' lang='lat' dir='ltr'>pertinere</span> <span class='ocrx_word' id='word_1_80' title='bbox 605 1017 763 1058; x_wconf 86' lang='lat' dir='ltr'>videntur,</span> <span class='ocrx_word' id='word_1_81' title='bbox 791 1018 876 1050; x_wconf 90' lang='lat' dir='ltr'>dicto</span> <span class='ocrx_word' id='word_1_82' title='bbox 913 1017 1011 1049; x_wconf 89' lang='lat' dir='ltr'>modo</span> <span class='ocrx_word' id='word_1_83' title='bbox 1045 1017 1144 1059; x_wconf 80' lang='lat' dir='ltr'>plano</span> 
     </span>
     <span class='ocr_line' id='line_1_18' title="bbox 405 1070 1146 1114; baseline -0.003 -11"><span class='ocrx_word' id='word_1_84' title='bbox 405 1075 436 1103; x_wconf 88' lang='lat' dir='ltr'>et</span> <span class='ocrx_word' id='word_1_85' title='bbox 472 1082 543 1103; x_wconf 88' lang='lat' dir='ltr'>cum</span> <span class='ocrx_word' id='word_1_86' title='bbox 581 1071 686 1109; x_wconf 87' lang='lat' dir='ltr'>notis,</span> <span class='ocrx_word' id='word_1_87' title='bbox 712 1076 811 1114; x_wconf 89' lang='lat' dir='ltr'>prout</span> <span class='ocrx_word' id='word_1_88' title='bbox 847 1070 996 1103; x_wconf 87' lang='lat' dir='ltr'>similiter</span> <span class='ocrx_word' id='word_1_89' title='bbox 1031 1070 1146 1102; x_wconf 84' lang='lat' dir='ltr'>missas</span> 
     </span>
     <span class='ocr_line' id='line_1_19' title="bbox 405 1122 1146 1167; baseline -0.003 -11"><span class='ocrx_word' id='word_1_90' title='bbox 405 1123 639 1163; x_wconf 77' lang='lat' dir='ltr'>defunctorum,</span> <span class='ocrx_word' id='word_1_91' title='bbox 667 1124 821 1167; x_wconf 84' lang='lat' dir='ltr'>praefatis</span> <span class='ocrx_word' id='word_1_92' title='bbox 845 1124 968 1156; x_wconf 88' lang='lat' dir='ltr'>scilicet</span> <span class='ocrx_word' id='word_1_93' title='bbox 993 1122 1146 1155; x_wconf 82' lang='lat' dir='ltr'>christifi-</span> 
     </span>
     <span class='ocr_line' id='line_1_20' title="bbox 405 1176 1147 1220; baseline 0 -12"><span class='ocrx_word' id='word_1_94' title='bbox 405 1176 530 1209; x_wconf 82' lang='lat' dir='ltr'>delibus</span> <span class='ocrx_word' id='word_1_95' title='bbox 555 1177 694 1220; x_wconf 89' lang='lat' dir='ltr'>idipsum</span> <span class='ocrx_word' id='word_1_96' title='bbox 717 1177 978 1220; x_wconf 66' lang='lat' dir='ltr'>exposcentibus,</span> <span class='ocrx_word' id='word_1_97' title='bbox 996 1176 1147 1209; x_wconf 88' lang='lat' dir='ltr'>solemni-</span> 
     </span>
     <span class='ocr_line' id='line_1_21' title="bbox 405 1230 1147 1274; baseline -0.001 -11"><span class='ocrx_word' id='word_1_98' title='bbox 405 1234 455 1263; x_wconf 85' lang='lat' dir='ltr'>ter</span> <span class='ocrx_word' id='word_1_99' title='bbox 479 1230 653 1263; x_wconf 87' lang='lat' dir='ltr'>decantare</span> <span class='ocrx_word' id='word_1_100' title='bbox 676 1241 780 1274; x_wconf 87' lang='lat' dir='ltr'>posse,</span> <span class='ocrx_word' id='word_1_101' title='bbox 801 1241 837 1263; x_wconf 91' lang='lat' dir='ltr'>ac</span> <span class='ocrx_word' id='word_1_102' title='bbox 861 1231 999 1274; x_wconf 87' lang='lat' dir='ltr'>proinde</span> <span class='ocrx_word' id='word_1_103' title='bbox 1026 1240 1147 1274; x_wconf 87' lang='lat' dir='ltr'>oppor-</span> 
     </span>
     <span class='ocr_line' id='line_1_22' title="bbox 405 1284 1147 1328; baseline -0.001 -11"><span class='ocrx_word' id='word_1_104' title='bbox 405 1289 514 1317; x_wconf 82' lang='lat' dir='ltr'>tunam</span> <span class='ocrx_word' id='word_1_105' title='bbox 534 1284 572 1317; x_wconf 90' lang='lat' dir='ltr'>ad</span> <span class='ocrx_word' id='word_1_106' title='bbox 590 1284 769 1328; x_wconf 89' lang='lat' dir='ltr'>praemissa</span> <span class='ocrx_word' id='word_1_107' title='bbox 795 1285 979 1317; x_wconf 77' lang='lat' dir='ltr'>facultatem</span> <span class='ocrx_word' id='word_1_108' title='bbox 999 1295 1056 1328; x_wconf 91' lang='lat' dir='ltr'>pro</span> <span class='ocrx_word' id='word_1_109' title='bbox 1074 1294 1147 1328; x_wconf 81' lang='lat' dir='ltr'>eon-</span> 
     </span>
     <span class='ocr_line' id='line_1_23' title="bbox 404 1337 1147 1380; baseline -0.001 -11"><span class='ocrx_word' id='word_1_110' title='bbox 404 1337 553 1370; x_wconf 86' lang='lat' dir='ltr'>ventibus</span> <span class='ocrx_word' id='word_1_111' title='bbox 577 1337 765 1380; x_wconf 88' lang='lat' dir='ltr'>provinciae</span> <span class='ocrx_word' id='word_1_112' title='bbox 791 1338 996 1380; x_wconf 85' lang='lat' dir='ltr'>supradictae</span> <span class='ocrx_word' id='word_1_113' title='bbox 1022 1337 1147 1369; x_wconf 87' lang='lat' dir='ltr'>dumta-</span> 
     </span>
     <span class='ocr_line' id='line_1_24' title="bbox 404 1390 1148 1434; baseline 0 -12"><span class='ocrx_word' id='word_1_114' title='bbox 404 1395 458 1423; x_wconf 81' lang='lat' dir='ltr'>xat</span> <span class='ocrx_word' id='word_1_115' title='bbox 481 1390 542 1423; x_wconf 87' lang='lat' dir='ltr'>sibi</span> <span class='ocrx_word' id='word_1_116' title='bbox 568 1402 585 1424; x_wconf 91' lang='lat' dir='ltr'>a</span> <span class='ocrx_word' id='word_1_117' title='bbox 610 1390 704 1424; x_wconf 88' lang='lat' dir='ltr'>nobis</span> <span class='ocrx_word' id='word_1_118' title='bbox 730 1391 864 1424; x_wconf 85' lang='lat' dir='ltr'>concedi</span> <span class='ocrx_word' id='word_1_119' title='bbox 890 1391 1068 1434; x_wconf 86' lang='lat' dir='ltr'>plurimum</span> <span class='ocrx_word' id='word_1_120' title='bbox 1094 1390 1148 1422; x_wconf 90' lang='lat' dir='ltr'>de-</span> 
     </span>
     <span class='ocr_line' id='line_1_25' title="bbox 406 1443 561 1476; baseline 0 0"><span class='ocrx_word' id='word_1_121' title='bbox 406 1443 561 1476; x_wconf 87' lang='lat' dir='ltr'>siderant.</span> 
     </span>
    </p>

    <p class='ocr_par' dir='ltr' id='par_1_4' title="bbox 407 1496 1158 2716">
     <span class='ocr_line' id='line_1_26' title="bbox 451 1496 1149 1541; baseline -0.001 -11"><span class='ocrx_word' id='word_1_122' title='bbox 451 1497 465 1540; x_wconf 70' lang='lat'>§</span> <span class='ocrx_word' id='word_1_123' title='bbox 489 1497 520 1530; x_wconf 76' lang='lat'>⁶2.</span> <span class='ocrx_word' id='word_1_124' title='bbox 540 1496 605 1530; x_wconf 90' lang='lat' dir='ltr'>Nos</span> <span class='ocrx_word' id='word_1_125' title='bbox 624 1497 731 1540; x_wconf 78' lang='lat' dir='ltr'>igitur,</span> <span class='ocrx_word' id='word_1_126' title='bbox 753 1497 842 1541; x_wconf 87' lang='lat' dir='ltr'>ipsos</span> <span class='ocrx_word' id='word_1_127' title='bbox 858 1503 1057 1541; x_wconf 79' lang='lat' dir='ltr'>exponentes</span> <span class='ocrx_word' id='word_1_128' title='bbox 1079 1507 1149 1540; x_wconf 84' lang='lat' dir='ltr'>spe-</span> 
     </span>
     <span class='ocr_line' id='line_1_27' title="bbox 408 1550 1149 1594; baseline -0.003 -10"><span class='ocrx_word' id='word_1_129' title='bbox 408 1550 545 1584; x_wconf 83' lang='lat' dir='ltr'>cialibus</span> <span class='ocrx_word' id='word_1_130' title='bbox 561 1551 724 1584; x_wconf 83' lang='lat' dir='ltr'>savoribus</span> <span class='ocrx_word' id='word_1_131' title='bbox 742 1558 773 1584; x_wconf 60' lang='lat' dir='ltr'>et,</span> <span class='ocrx_word' id='word_1_132' title='bbox 791 1551 900 1593; x_wconf 80' lang='lat' dir='ltr'>gratiis</span> <span class='ocrx_word' id='word_1_133' title='bbox 918 1550 1071 1594; x_wconf 84' lang='lat' dir='ltr'>prosequi</span> <span class='ocrx_word' id='word_1_134' title='bbox 1096 1560 1149 1582; x_wconf 79' lang='lat' dir='ltr'>vo-</span> 
     </span>
     <span class='ocr_line' id='line_1_28' title="bbox 407 1604 1149 1647; baseline -0.001 -11"><span class='ocrx_word' id='word_1_135' title='bbox 407 1604 523 1643; x_wconf 85' lang='lat' dir='ltr'>lentes,</span> <span class='ocrx_word' id='word_1_136' title='bbox 543 1609 575 1637; x_wconf 89' lang='lat' dir='ltr'>et</span> <span class='ocrx_word' id='word_1_137' title='bbox 601 1614 712 1637; x_wconf 90' lang='lat' dir='ltr'>eorum</span> <span class='ocrx_word' id='word_1_138' title='bbox 737 1604 918 1646; x_wconf 75' lang='lat' dir='ltr'>singulares</span> <span class='ocrx_word' id='word_1_139' title='bbox 935 1604 1101 1647; x_wconf 81' lang='lat' dir='ltr'>&#39;personas</span> <span class='ocrx_word' id='word_1_140' title='bbox 1133 1613 1149 1635; x_wconf 86' lang='lat' dir='ltr'>a</span> 
     </span>
     <span class='ocr_line' id='line_1_29' title="bbox 408 1656 1151 1700; baseline -0.001 -11"><span class='ocrx_word' id='word_1_141' title='bbox 408 1656 574 1700; x_wconf 85' lang='lat' dir='ltr'>quibusvis</span> <span class='ocrx_word' id='word_1_142' title='bbox 592 1657 947 1698; x_wconf 80' lang='lat' dir='ltr'>excommunicationis,</span> <span class='ocrx_word' id='word_1_143' title='bbox 965 1656 1151 1700; x_wconf 88' lang='lat' dir='ltr'>suspensio-</span> 
     </span>
     <span class='ocr_line' id='line_1_30' title="bbox 408 1708 1150 1754; baseline -0.004 -11"><span class='ocrx_word' id='word_1_144' title='bbox 408 1710 458 1743; x_wconf 87' lang='lat' dir='ltr'>nis</span> <span class='ocrx_word' id='word_1_145' title='bbox 485 1715 517 1743; x_wconf 86' lang='lat' dir='ltr'>et</span> <span class='ocrx_word' id='word_1_146' title='bbox 539 1710 722 1751; x_wconf 85' lang='lat' dir='ltr'>interdicti,</span> <span class='ocrx_word' id='word_1_147' title='bbox 755 1711 892 1754; x_wconf 84' lang='lat' dir='ltr'>aliisque</span> <span class='ocrx_word' id='word_1_148' title='bbox 920 1708 1150 1743; x_wconf 85' lang='lat' dir='ltr'>ecclesiasticis</span> 
     </span>
     <span class='ocr_line' id='line_1_31' title="bbox 409 1763 1150 1807; baseline -0.001 -11"><span class='ocrx_word' id='word_1_149' title='bbox 409 1764 588 1804; x_wconf 83' lang='lat' dir='ltr'>sententiis,</span> <span class='ocrx_word' id='word_1_150' title='bbox 605 1764 750 1797; x_wconf 80' lang='lat' dir='ltr'>censuris</span> <span class='ocrx_word' id='word_1_151' title='bbox 772 1768 803 1798; x_wconf 90' lang='lat' dir='ltr'>et</span> <span class='ocrx_word' id='word_1_152' title='bbox 820 1763 944 1807; x_wconf 84' lang='lat' dir='ltr'>poenis,</span> <span class='ocrx_word' id='word_1_153' title='bbox 969 1774 986 1795; x_wconf 87' lang='lat' dir='ltr'>a</span> <span class='ocrx_word' id='word_1_154' title='bbox 1010 1763 1078 1796; x_wconf 87' lang='lat' dir='ltr'>iure</span> <span class='ocrx_word' id='word_1_155' title='bbox 1102 1764 1150 1795; x_wconf 87' lang='lat' dir='ltr'>vel</span> 
     </span>
     <span class='ocr_line' id='line_1_32' title="bbox 410 1817 1150 1860; baseline -0.001 -10"><span class='ocrx_word' id='word_1_156' title='bbox 410 1817 450 1850; x_wconf 85' lang='lat' dir='ltr'>ab</span> <span class='ocrx_word' id='word_1_157' title='bbox 479 1817 623 1857; x_wconf 80' lang='lat' dir='ltr'>homine,</span> <span class='ocrx_word' id='word_1_158' title='bbox 641 1817 751 1860; x_wconf 72' lang='lat' dir='ltr'>(piaris</span> <span class='ocrx_word' id='word_1_159' title='bbox 779 1817 951 1850; x_wconf 86' lang='lat' dir='ltr'>occasione</span> <span class='ocrx_word' id='word_1_160' title='bbox 980 1817 1030 1850; x_wconf 76' lang='lat' dir='ltr'>vel</span> <span class='ocrx_word' id='word_1_161' title='bbox 1056 1819 1150 1850; x_wconf 76' lang='lat' dir='ltr'>causa</span> 
     </span>
     <span class='ocr_line' id='line_1_33' title="bbox 410 1870 1151 1914; baseline 0.001 -12"><span class='ocrx_word' id='word_1_162' title='bbox 410 1870 491 1911; x_wconf 87' lang='lat' dir='ltr'>latis,</span> <span class='ocrx_word' id='word_1_163' title='bbox 510 1870 535 1903; x_wconf 95' lang='lat' dir='ltr'>si</span> <span class='ocrx_word' id='word_1_164' title='bbox 564 1870 679 1914; x_wconf 90' lang='lat' dir='ltr'>quibus</span> <span class='ocrx_word' id='word_1_165' title='bbox 706 1870 954 1914; x_wconf 87' lang='lat' dir='ltr'>quomodolibet</span> <span class='ocrx_word' id='word_1_166' title='bbox 978 1870 1151 1904; x_wconf 75' lang='lat' dir='ltr'>innodatae</span> 
     </span>
     <span class='ocr_line' id='line_1_34' title="bbox 411 1923 1153 1968; baseline 0.001 -12"><span class='ocrx_word' id='word_1_167' title='bbox 411 1923 562 1964; x_wconf 85' lang='lat' dir='ltr'>existunt,</span> <span class='ocrx_word' id='word_1_168' title='bbox 588 1925 627 1957; x_wconf 92' lang='lat' dir='ltr'>ad</span> <span class='ocrx_word' id='word_1_169' title='bbox 654 1924 803 1957; x_wconf 82' lang='lat' dir='ltr'>effectum</span> <span class='ocrx_word' id='word_1_170' title='bbox 827 1925 1047 1968; x_wconf 85' lang='lat' dir='ltr'>praesentium</span> <span class='ocrx_word' id='word_1_171' title='bbox 1067 1925 1153 1957; x_wconf 92' lang='lat' dir='ltr'>dum—</span> 
     </span>
     <span class='ocr_line' id='line_1_35' title="bbox 413 1978 1154 2020; baseline 0.003 -11"><span class='ocrx_word' id='word_1_172' title='bbox 413 1981 496 2010; x_wconf 86' lang='lat' dir='ltr'>taxat</span> <span class='ocrx_word' id='word_1_173' title='bbox 515 1978 795 2020; x_wconf 87' lang='lat' dir='ltr'>consequendum,</span> <span class='ocrx_word' id='word_1_174' title='bbox 814 1978 928 2011; x_wconf 89' lang='lat' dir='ltr'>barum</span> <span class='ocrx_word' id='word_1_175' title='bbox 947 1978 1030 2011; x_wconf 89' lang='lat' dir='ltr'>serie</span> <span class='ocrx_word' id='word_1_176' title='bbox 1049 1979 1154 2012; x_wconf 87' lang='lat' dir='ltr'>absol-</span> 
     </span>
     <span class='ocr_line' id='line_1_36' title="bbox 409 2032 1153 2075; baseline 0.003 -13"><span class='ocrx_word' id='word_1_177' title='bbox 409 2035 522 2064; x_wconf 84' lang='lat' dir='ltr'>ventes</span> <span class='ocrx_word' id='word_1_178' title='bbox 548 2036 580 2064; x_wconf 90' lang='lat' dir='ltr'>et</span> <span class='ocrx_word' id='word_1_179' title='bbox 597 2032 759 2064; x_wconf 87' lang='lat' dir='ltr'>absolutas</span> <span class='ocrx_word' id='word_1_180' title='bbox 779 2032 846 2065; x_wconf 87' lang='lat' dir='ltr'>sore</span> <span class='ocrx_word' id='word_1_181' title='bbox 875 2038 1055 2072; x_wconf 82' lang='lat' dir='ltr'>censentes,</span> <span class='ocrx_word' id='word_1_182' title='bbox 1079 2042 1153 2075; x_wconf 89' lang='lat' dir='ltr'>sup-</span> 
     </span>
     <span class='ocr_line' id='line_1_37' title="bbox 410 2083 1153 2130; baseline 0.003 -14"><span class='ocrx_word' id='word_1_183' title='bbox 410 2083 638 2126; x_wconf 88' lang='lat' dir='ltr'>plicationibus</span> <span class='ocrx_word' id='word_1_184' title='bbox 657 2095 769 2118; x_wconf 85' lang='lat' dir='ltr'>eorum</span> <span class='ocrx_word' id='word_1_185' title='bbox 786 2086 919 2119; x_wconf 89' lang='lat' dir='ltr'>nomine</span> <span class='ocrx_word' id='word_1_186' title='bbox 938 2086 1034 2119; x_wconf 89' lang='lat' dir='ltr'>nobis</span> <span class='ocrx_word' id='word_1_187' title='bbox 1053 2096 1153 2130; x_wconf 88' lang='lat' dir='ltr'>super</span> 
     </span>
     <span class='ocr_line' id='line_1_38' title="bbox 412 2138 1154 2182; baseline 0.004 -13"><span class='ocrx_word' id='word_1_188' title='bbox 412 2138 474 2170; x_wconf 88' lang='lat' dir='ltr'>hoc</span> <span class='ocrx_word' id='word_1_189' title='bbox 498 2138 666 2171; x_wconf 86' lang='lat' dir='ltr'>humiliter</span> <span class='ocrx_word' id='word_1_190' title='bbox 690 2139 853 2182; x_wconf 80' lang='lat' dir='ltr'>porrectis</span> <span class='ocrx_word' id='word_1_191' title='bbox 870 2139 1029 2181; x_wconf 87' lang='lat' dir='ltr'>inclinati,</span> <span class='ocrx_word' id='word_1_192' title='bbox 1048 2139 1087 2173; x_wconf 89' lang='lat' dir='ltr'>de</span> <span class='ocrx_word' id='word_1_193' title='bbox 1107 2151 1154 2173; x_wconf 86' lang='lat' dir='ltr'>ve-</span> 
     </span>
     <span class='ocr_line' id='line_1_39' title="bbox 411 2190 1152 2226; baseline 0.004 -4"><span class='ocrx_word' id='word_1_194' title='bbox 411 2190 606 2223; x_wconf 87' lang='lat' dir='ltr'>nerabilium</span> <span class='ocrx_word' id='word_1_195' title='bbox 632 2191 768 2224; x_wconf 80' lang='lat' dir='ltr'>fratrum</span> <span class='ocrx_word' id='word_1_196' title='bbox 790 2198 975 2225; x_wconf 88' lang='lat' dir='ltr'>nostrorum</span> <span class='ocrx_word' id='word_1_197' title='bbox 1007 2192 1038 2225; x_wconf 84' lang='lat' dir='ltr'>S.</span> <span class='ocrx_word' id='word_1_198' title='bbox 1059 2193 1096 2225; x_wconf 84' lang='lat' dir='ltr'>R.</span> <span class='ocrx_word' id='word_1_199' title='bbox 1116 2193 1152 2226; x_wconf 91' lang='lat' dir='ltr'>E.</span> 
     </span>
     <span class='ocr_line' id='line_1_40' title="bbox 413 2243 1154 2287; baseline 0.004 -11"><span class='ocrx_word' id='word_1_200' title='bbox 413 2243 628 2277; x_wconf 75' lang='lat' dir='ltr'>cardinalium</span> <span class='ocrx_word' id='word_1_201' title='bbox 652 2245 794 2287; x_wconf 78' lang='lat' dir='ltr'>negotiis</span> <span class='ocrx_word' id='word_1_202' title='bbox 812 2250 843 2278; x_wconf 90' lang='lat' dir='ltr'>et</span> <span class='ocrx_word' id='word_1_203' title='bbox 860 2246 1154 2279; x_wconf 83' lang='lat' dir='ltr'>consultationibus</span> 
     </span>
     <span class='ocr_line' id='line_1_41' title="bbox 414 2296 1155 2343; baseline 0.005 -14"><span class='ocrx_word' id='word_1_204' title='bbox 414 2296 642 2340; x_wconf 88' lang='lat' dir='ltr'>episcoporum</span> <span class='ocrx_word' id='word_1_205' title='bbox 670 2303 701 2330; x_wconf 87' lang='lat' dir='ltr'>et</span> <span class='ocrx_word' id='word_1_206' title='bbox 724 2299 933 2341; x_wconf 77' lang='lat' dir='ltr'>regularium,</span> <span class='ocrx_word' id='word_1_207' title='bbox 949 2300 1004 2343; x_wconf 85' lang='lat' dir='ltr'>qui</span> <span class='ocrx_word' id='word_1_208' title='bbox 1028 2300 1155 2333; x_wconf 84' lang='lat' dir='ltr'>relatio-</span> 
     </span>
     <span class='ocr_line' id='line_1_42' title="bbox 414 2350 1156 2397; baseline 0.005 -16"><span class='ocrx_word' id='word_1_209' title='bbox 414 2360 489 2382; x_wconf 88' lang='lat' dir='ltr'>nem</span> <span class='ocrx_word' id='word_1_210' title='bbox 512 2350 709 2383; x_wconf 74' lang='lat' dir='ltr'>venerabilis</span> <span class='ocrx_word' id='word_1_211' title='bbox 735 2351 841 2384; x_wconf 77' lang='lat' dir='ltr'>fratris</span> <span class='ocrx_word' id='word_1_212' title='bbox 866 2352 960 2385; x_wconf 86' lang='lat' dir='ltr'>Marci</span> <span class='ocrx_word' id='word_1_213' title='bbox 992 2353 1156 2397; x_wconf 83' lang='lat' dir='ltr'>archiepi-</span> 
     </span>
     <span class='ocr_line' id='line_1_43' title="bbox 415 2403 1155 2449; baseline 0.004 -13"><span class='ocrx_word' id='word_1_214' title='bbox 415 2403 506 2447; x_wconf 88' lang='lat' dir='ltr'>scopi</span> <span class='ocrx_word' id='word_1_215' title='bbox 524 2404 724 2443; x_wconf 89' lang='lat' dir='ltr'>Damasceni,</span> <span class='ocrx_word' id='word_1_216' title='bbox 740 2405 825 2448; x_wconf 88' lang='lat' dir='ltr'>apud</span> <span class='ocrx_word' id='word_1_217' title='bbox 844 2406 1043 2439; x_wconf 88' lang='lat' dir='ltr'>carissimum</span> <span class='ocrx_word' id='word_1_218' title='bbox 1070 2407 1155 2449; x_wconf 89' lang='lat' dir='ltr'>pari-</span> 
     </span>
     <span class='ocr_line' id='line_1_44' title="bbox 415 2456 1154 2493; baseline 0.004 -4"><span class='ocrx_word' id='word_1_219' title='bbox 415 2461 464 2489; x_wconf 88' lang='lat' dir='ltr'>ter</span> <span class='ocrx_word' id='word_1_220' title='bbox 484 2456 516 2489; x_wconf 89' lang='lat' dir='ltr'>in</span> <span class='ocrx_word' id='word_1_221' title='bbox 530 2456 659 2490; x_wconf 87' lang='lat' dir='ltr'>Christo</span> <span class='ocrx_word' id='word_1_222' title='bbox 677 2456 776 2490; x_wconf 82' lang='lat' dir='ltr'>filium</span> <span class='ocrx_word' id='word_1_223' title='bbox 794 2463 942 2491; x_wconf 90' lang='lat' dir='ltr'>nostrum</span> <span class='ocrx_word' id='word_1_224' title='bbox 956 2460 1154 2493; x_wconf 78' lang='lat' dir='ltr'>Ludovicuni</span> 
     </span>
     <span class='ocr_line' id='line_1_45' title="bbox 415 2510 1156 2553; baseline 0.005 -10"><span class='ocrx_word' id='word_1_225' title='bbox 415 2510 613 2544; x_wconf 85' lang='lat' dir='ltr'>Francorum</span> <span class='ocrx_word' id='word_1_226' title='bbox 639 2521 750 2553; x_wconf 82' lang='lat' dir='ltr'>regem</span> <span class='ocrx_word' id='word_1_227' title='bbox 780 2511 1083 2546; x_wconf 79' lang='lat' dir='ltr'>christianissimum</span> <span class='ocrx_word' id='word_1_228' title='bbox 1104 2524 1156 2547; x_wconf 90' lang='lat' dir='ltr'>no-</span> 
     </span>
     <span class='ocr_line' id='line_1_46' title="bbox 416 2563 1157 2610; baseline 0.004 -14"><span class='ocrx_word' id='word_1_229' title='bbox 416 2563 475 2596; x_wconf 84' lang='lat' dir='ltr'>stri</span> <span class='ocrx_word' id='word_1_230' title='bbox 500 2569 532 2596; x_wconf 90' lang='lat' dir='ltr'>et</span> <span class='ocrx_word' id='word_1_231' title='bbox 556 2564 762 2608; x_wconf 87' lang='lat' dir='ltr'>Apostolicae</span> <span class='ocrx_word' id='word_1_232' title='bbox 788 2564 879 2597; x_wconf 90' lang='lat' dir='ltr'>Sedis</span> <span class='ocrx_word' id='word_1_233' title='bbox 904 2566 1027 2607; x_wconf 85' lang='lat' dir='ltr'>nuncii,</span> <span class='ocrx_word' id='word_1_234' title='bbox 1059 2577 1157 2610; x_wconf 90' lang='lat' dir='ltr'>super</span> 
     </span>
     <span class='ocr_line' id='line_1_47' title="bbox 415 2617 1155 2660; baseline 0.004 -11"><span class='ocrx_word' id='word_1_235' title='bbox 415 2617 604 2660; x_wconf 84' lang='lat' dir='ltr'>praemissis</span> <span class='ocrx_word' id='word_1_236' title='bbox 620 2617 851 2658; x_wconf 85' lang='lat' dir='ltr'>transmissam,</span> <span class='ocrx_word' id='word_1_237' title='bbox 864 2629 990 2652; x_wconf 88' lang='lat' dir='ltr'>necnon</span> <span class='ocrx_word' id='word_1_238' title='bbox 1002 2619 1155 2652; x_wconf 82' lang='lat' dir='ltr'>dilectum</span> 
     </span>
     <span class='ocr_line' id='line_1_48' title="bbox 415 2668 1158 2716; baseline 0.004 -13"><span class='ocrx_word' id='word_1_239' title='bbox 415 2668 516 2703; x_wconf 84' lang='lat' dir='ltr'>filium</span> <span class='ocrx_word' id='word_1_240' title='bbox 530 2670 733 2705; x_wconf 86' lang='lat' dir='ltr'>Valerianum</span> <span class='ocrx_word' id='word_1_241' title='bbox 751 2682 768 2705; x_wconf 86' lang='lat' dir='ltr'>a</span> <span class='ocrx_word' id='word_1_242' title='bbox 792 2671 821 2706; x_wconf 85' lang='lat' dir='ltr'>S.</span> <span class='ocrx_word' id='word_1_243' title='bbox 839 2671 957 2706; x_wconf 89' lang='lat' dir='ltr'>Cecilia</span> <span class='ocrx_word' id='word_1_244' title='bbox 973 2677 1158 2716; x_wconf 86' lang='lat' dir='ltr'>procurato-</span> 
     </span>
    </p>
   </div>
   <div class='ocr_carea' id='block_1_4' title="bbox 978 272 1339 298">
    <p class='ocr_par' dir='ltr' id='par_1_5' title="bbox 978 272 1339 298">
     <span class='ocr_line' id='line_1_49' title="bbox 978 272 1339 298; baseline -0.003 -1"><span class='ocrx_word' id='word_1_245' title='bbox 978 273 1158 298; x_wconf 72' lang='lat' dir='ltr'>BULLARIUM</span> <span class='ocrx_word' id='word_1_246' title='bbox 1183 272 1339 297; x_wconf 73' lang='lat' dir='ltr'><strong>ROMANUM</strong></span> 
     </span>
    </p>
   </div>
   <div class='ocr_carea' id='block_1_5' title="bbox 1164 327 1179 2603">
    <p class='ocr_par' dir='ltr' id='par_1_6' title="bbox 1164 327 1179 2603">
     <span class='ocr_line' id='line_1_50' title="bbox 1164 327 1179 2603; baseline 0 0"><span class='ocrx_word' id='word_1_247' title='bbox 1164 327 1179 2603; x_wconf 95' lang='lat' dir='ltr'> </span> 
     </span>
    </p>
   </div>
   <div class='ocr_carea' id='block_1_6' title="bbox 1187 317 1930 573">
    <p class='ocr_par' dir='ltr' id='par_1_7' title="bbox 1187 317 1930 573">
     <span class='ocr_line' id='line_1_51' title="bbox 1188 317 1926 366; baseline -0.007 -10"><span class='ocrx_word' id='word_1_248' title='bbox 1188 334 1255 356; x_wconf 89' lang='lat' dir='ltr'>rem</span> <span class='ocrx_word' id='word_1_249' title='bbox 1293 322 1479 366; x_wconf 82' lang='lat' dir='ltr'>generalem</span> <span class='ocrx_word' id='word_1_250' title='bbox 1520 321 1622 354; x_wconf 89' lang='lat' dir='ltr'>dictae</span> <span class='ocrx_word' id='word_1_251' title='bbox 1659 317 1926 363; x_wconf 80' lang='lat' dir='ltr'>Congregationis</span> 
     </span>
     <span class='ocr_line' id='line_1_52' title="bbox 1188 372 1929 417; baseline -0.005 -8"><span class='ocrx_word' id='word_1_252' title='bbox 1188 377 1389 415; x_wconf 76' lang='lat' dir='ltr'>audiverunt,</span> <span class='ocrx_word' id='word_1_253' title='bbox 1417 375 1565 415; x_wconf 79' lang='lat' dir='ltr'>consilio,</span> <span class='ocrx_word' id='word_1_254' title='bbox 1587 374 1708 408; x_wconf 89' lang='lat' dir='ltr'>eisdem</span> <span class='ocrx_word' id='word_1_255' title='bbox 1735 372 1929 417; x_wconf 87' lang='lat' dir='ltr'>exponenti-</span> 
     </span>
     <span class='ocr_line' id='line_1_53' title="bbox 1187 428 1926 474; baseline -0.004 -12"><span class='ocrx_word' id='word_1_256' title='bbox 1187 430 1247 463; x_wconf 85' lang='lat' dir='ltr'>bus</span> <span class='ocrx_word' id='word_1_257' title='bbox 1272 430 1406 474; x_wconf 87' lang='lat' dir='ltr'>petitum</span> <span class='ocrx_word' id='word_1_258' title='bbox 1431 429 1594 462; x_wconf 89' lang='lat' dir='ltr'>indultum</span> <span class='ocrx_word' id='word_1_259' title='bbox 1620 439 1677 471; x_wconf 92' lang='lat' dir='ltr'>pro</span> <span class='ocrx_word' id='word_1_260' title='bbox 1712 433 1806 461; x_wconf 87' lang='lat' dir='ltr'>cantu</span> <span class='ocrx_word' id='word_1_261' title='bbox 1829 428 1926 470; x_wconf 87' lang='lat' dir='ltr'>plano</span> 
     </span>
     <span class='ocr_line' id='line_1_54' title="bbox 1189 482 1929 526; baseline -0.005 -10"><span class='ocrx_word' id='word_1_262' title='bbox 1189 494 1260 516; x_wconf 90' lang='lat' dir='ltr'>cum</span> <span class='ocrx_word' id='word_1_263' title='bbox 1287 484 1370 516; x_wconf 90' lang='lat' dir='ltr'>notis</span> <span class='ocrx_word' id='word_1_264' title='bbox 1396 484 1428 516; x_wconf 92' lang='lat' dir='ltr'>in</span> <span class='ocrx_word' id='word_1_265' title='bbox 1450 483 1578 526; x_wconf 73' lang='lat' dir='ltr'>hymnis</span> <span class='ocrx_word' id='word_1_266' title='bbox 1606 487 1639 515; x_wconf 91' lang='lat' dir='ltr'>et</span> <span class='ocrx_word' id='word_1_267' title='bbox 1663 482 1814 525; x_wconf 79' lang='lat' dir='ltr'>precibus</span> <span class='ocrx_word' id='word_1_268' title='bbox 1839 490 1929 524; x_wconf 86' lang='lat' dir='ltr'>prae-</span> 
     </span>
     <span class='ocr_line' id='line_1_55' title="bbox 1189 536 1930 573; baseline -0.004 -4"><span class='ocrx_word' id='word_1_269' title='bbox 1189 537 1345 569; x_wconf 86' lang='lat' dir='ltr'>dictarum</span> <span class='ocrx_word' id='word_1_270' title='bbox 1382 536 1638 569; x_wconf 84' lang='lat' dir='ltr'>celebrationum</span> <span class='ocrx_word' id='word_1_271' title='bbox 1664 540 1796 573; x_wconf 88' lang='lat' dir='ltr'>tantum,</span> <span class='ocrx_word' id='word_1_272' title='bbox 1825 539 1930 567; x_wconf 84' lang='lat' dir='ltr'>aucto-</span> 
     </span>
    </p>
   </div>
   <div class='ocr_carea' id='block_1_7' title="bbox 1165 586 1930 632">
    <p class='ocr_par' dir='ltr' id='par_1_8' title="bbox 1165 586 1930 632">
     <span class='ocr_line' id='line_1_56' title="bbox 1165 586 1930 632; baseline -0.004 -10"><span class='ocrx_word' id='word_1_273' title='bbox 1165 615 1166 622; x_wconf 67' lang='grc'>,</span> <span class='ocrx_word' id='word_1_274' title='bbox 1188 589 1281 621; x_wconf 83' lang='lat' dir='ltr'>ritate</span> <span class='ocrx_word' id='word_1_275' title='bbox 1299 589 1483 632; x_wconf 78' lang='lat' dir='ltr'>apostolica,</span> <span class='ocrx_word' id='word_1_276' title='bbox 1503 594 1615 621; x_wconf 87' lang='lat' dir='ltr'>tenore</span> <span class='ocrx_word' id='word_1_277' title='bbox 1634 587 1863 631; x_wconf 89' lang='lat' dir='ltr'>praesentium,</span> <span class='ocrx_word' id='word_1_278' title='bbox 1877 586 1930 619; x_wconf 89' lang='lat' dir='ltr'>be·</span> 
     </span>
    </p>
   </div>
   <div class='ocr_carea' id='block_1_8' title="bbox 1189 642 1942 2491">
    <p class='ocr_par' dir='ltr' id='par_1_9' title="bbox 1189 642 1535 685">
     <span class='ocr_line' id='line_1_57' title="bbox 1189 642 1535 685; baseline 0 -11"><span class='ocrx_word' id='word_1_279' title='bbox 1189 642 1287 685; x_wconf 77' lang='lat' dir='ltr'>nigne</span> <span class='ocrx_word' id='word_1_280' title='bbox 1313 642 1535 675; x_wconf 75' lang='lat' dir='ltr'>concedimus.</span> 
     </span>
    </p>

    <p class='ocr_par' dir='ltr' id='par_1_10' title="bbox 1189 694 1940 2287">
     <span class='ocr_line' id='line_1_58' title="bbox 1234 694 1931 738; baseline -0.003 -10"><span class='ocrx_word' id='word_1_281' title='bbox 1234 696 1248 738; x_wconf 59' lang='grc' dir='ltr'>,ξ</span> <span class='ocrx_word' id='word_1_282' title='bbox 1274 695 1305 728; x_wconf 78' lang='lat'>3.</span> <span class='ocrx_word' id='word_1_283' title='bbox 1333 695 1561 735; x_wconf 84' lang='lat' dir='ltr'>Decernentes,</span> <span class='ocrx_word' id='word_1_284' title='bbox 1589 694 1716 727; x_wconf 82' lang='lat' dir='ltr'>easdem</span> <span class='ocrx_word' id='word_1_285' title='bbox 1741 698 1931 737; x_wconf 87' lang='lat' dir='ltr'>praesentes</span> 
     </span>
     <span class='ocr_line' id='line_1_59' title="bbox 1189 747 1929 792; baseline -0.001 -12"><span class='ocrx_word' id='word_1_286' title='bbox 1189 749 1312 781; x_wconf 85' lang='lat' dir='ltr'>litteras</span> <span class='ocrx_word' id='word_1_287' title='bbox 1338 759 1465 792; x_wconf 82' lang='lat' dir='ltr'>semper</span> <span class='ocrx_word' id='word_1_288' title='bbox 1486 748 1601 788; x_wconf 84' lang='lat' dir='ltr'>firmas,</span> <span class='ocrx_word' id='word_1_289' title='bbox 1621 747 1743 781; x_wconf 77' lang='lat' dir='ltr'>validas</span> <span class='ocrx_word' id='word_1_290' title='bbox 1768 751 1798 781; x_wconf 90' lang='lat' dir='ltr'>et</span> <span class='ocrx_word' id='word_1_291' title='bbox 1822 747 1929 780; x_wconf 84' lang='lat' dir='ltr'>effica-</span> 
     </span>
     <span class='ocr_line' id='line_1_60' title="bbox 1189 800 1930 844; baseline -0.003 -10"><span class='ocrx_word' id='word_1_292' title='bbox 1189 812 1242 834; x_wconf 87' lang='lat' dir='ltr'>ces</span> <span class='ocrx_word' id='word_1_293' title='bbox 1269 802 1407 834; x_wconf 77' lang='lat' dir='ltr'>existere</span> <span class='ocrx_word' id='word_1_294' title='bbox 1434 806 1464 834; x_wconf 88' lang='lat' dir='ltr'>et</span> <span class='ocrx_word' id='word_1_295' title='bbox 1490 801 1569 843; x_wconf 88' lang='lat' dir='ltr'>sore,</span> <span class='ocrx_word' id='word_1_296' title='bbox 1596 811 1738 844; x_wconf 87' lang='lat' dir='ltr'>suosque</span> <span class='ocrx_word' id='word_1_297' title='bbox 1764 800 1930 844; x_wconf 85' lang='lat' dir='ltr'>plenarios</span> 
     </span>
     <span class='ocr_line' id='line_1_61' title="bbox 1190 854 1930 897; baseline -0.003 -10"><span class='ocrx_word' id='word_1_298' title='bbox 1190 860 1222 887; x_wconf 87' lang='lat' dir='ltr'>et</span> <span class='ocrx_word' id='word_1_299' title='bbox 1247 855 1393 897; x_wconf 77' lang='lat' dir='ltr'>integros</span> <span class='ocrx_word' id='word_1_300' title='bbox 1420 854 1554 888; x_wconf 73' lang='lat' dir='ltr'>effectus</span> <span class='ocrx_word' id='word_1_301' title='bbox 1580 854 1688 888; x_wconf 87' lang='lat' dir='ltr'>sortiri</span> <span class='ocrx_word' id='word_1_302' title='bbox 1714 859 1744 887; x_wconf 86' lang='lat' dir='ltr'>et</span> <span class='ocrx_word' id='word_1_303' title='bbox 1772 854 1930 894; x_wconf 85' lang='lat' dir='ltr'>obtinere,</span> 
     </span>
     <span class='ocr_line' id='line_1_62' title="bbox 1189 908 1931 951; baseline -0.003 -11"><span class='ocrx_word' id='word_1_304' title='bbox 1189 918 1224 940; x_wconf 88' lang='lat' dir='ltr'>ac</span> <span class='ocrx_word' id='word_1_305' title='bbox 1246 908 1320 947; x_wconf 84' lang='lat' dir='ltr'>illis,</span> <span class='ocrx_word' id='word_1_306' title='bbox 1340 908 1378 940; x_wconf 88' lang='lat' dir='ltr'>ad</span> <span class='ocrx_word' id='word_1_307' title='bbox 1404 918 1483 951; x_wconf 85' lang='lat' dir='ltr'>quos</span> <span class='ocrx_word' id='word_1_308' title='bbox 1506 913 1632 951; x_wconf 84' lang='lat' dir='ltr'>spectat</span> <span class='ocrx_word' id='word_1_309' title='bbox 1653 912 1684 940; x_wconf 86' lang='lat' dir='ltr'>et</span> <span class='ocrx_word' id='word_1_310' title='bbox 1701 918 1761 951; x_wconf 89' lang='lat' dir='ltr'>pro</span> <span class='ocrx_word' id='word_1_311' title='bbox 1783 912 1931 950; x_wconf 84' lang='lat' dir='ltr'>tempore</span> 
     </span>
     <span class='ocr_line' id='line_1_63' title="bbox 1189 960 1933 1004; baseline 0 -12"><span class='ocrx_word' id='word_1_312' title='bbox 1189 961 1357 1003; x_wconf 75' lang='lat' dir='ltr'>spectabit,</span> <span class='ocrx_word' id='word_1_313' title='bbox 1384 961 1415 993; x_wconf 90' lang='lat' dir='ltr'>in</span> <span class='ocrx_word' id='word_1_314' title='bbox 1441 961 1590 993; x_wconf 81' lang='lat' dir='ltr'>omnibus</span> <span class='ocrx_word' id='word_1_315' title='bbox 1607 966 1638 994; x_wconf 88' lang='lat' dir='ltr'>et</span> <span class='ocrx_word' id='word_1_316' title='bbox 1654 971 1714 1004; x_wconf 88' lang='lat' dir='ltr'>per</span> <span class='ocrx_word' id='word_1_317' title='bbox 1731 960 1840 993; x_wconf 91' lang='lat' dir='ltr'>omnia</span> <span class='ocrx_word' id='word_1_318' title='bbox 1865 961 1933 1003; x_wconf 89' lang='lat' dir='ltr'>ple-</span> 
     </span>
     <span class='ocr_line' id='line_1_64' title="bbox 1189 1012 1931 1057; baseline -0.003 -11"><span class='ocrx_word' id='word_1_319' title='bbox 1189 1014 1323 1047; x_wconf 80' lang='lat' dir='ltr'>nissime</span> <span class='ocrx_word' id='word_1_320' title='bbox 1348 1013 1538 1056; x_wconf 75' lang='lat' dir='ltr'>suffragari,</span> <span class='ocrx_word' id='word_1_321' title='bbox 1555 1014 1666 1057; x_wconf 84' lang='lat' dir='ltr'>sicque</span> <span class='ocrx_word' id='word_1_322' title='bbox 1688 1013 1721 1045; x_wconf 90' lang='lat' dir='ltr'>in</span> <span class='ocrx_word' id='word_1_323' title='bbox 1743 1012 1931 1056; x_wconf 88' lang='lat' dir='ltr'>praemissis</span> 
     </span>
     <span class='ocr_line' id='line_1_65' title="bbox 1190 1065 1934 1111; baseline -0.004 -11"><span class='ocrx_word' id='word_1_324' title='bbox 1190 1078 1247 1110; x_wconf 86' lang='lat' dir='ltr'>per</span> <span class='ocrx_word' id='word_1_325' title='bbox 1275 1078 1497 1111; x_wconf 86' lang='lat' dir='ltr'>quoscumque</span> <span class='ocrx_word' id='word_1_326' title='bbox 1529 1067 1654 1099; x_wconf 89' lang='lat' dir='ltr'>iudices</span> <span class='ocrx_word' id='word_1_327' title='bbox 1686 1065 1872 1099; x_wconf 85' lang='lat' dir='ltr'>ordinarios</span> <span class='ocrx_word' id='word_1_328' title='bbox 1901 1069 1934 1098; x_wconf 90' lang='lat' dir='ltr'>et</span> 
     </span>
     <span class='ocr_line' id='line_1_66' title="bbox 1190 1118 1934 1163; baseline -0.004 -10"><span class='ocrx_word' id='word_1_329' title='bbox 1190 1121 1368 1163; x_wconf 71' lang='lat' dir='ltr'>delegatos,</span> <span class='ocrx_word' id='word_1_330' title='bbox 1400 1120 1496 1152; x_wconf 88' lang='lat' dir='ltr'>etiam</span> <span class='ocrx_word' id='word_1_331' title='bbox 1522 1130 1695 1152; x_wconf 88' lang='lat' dir='ltr'>causarum</span> <span class='ocrx_word' id='word_1_332' title='bbox 1720 1118 1831 1162; x_wconf 87' lang='lat' dir='ltr'>palatii</span> <span class='ocrx_word' id='word_1_333' title='bbox 1857 1128 1934 1161; x_wconf 85' lang='lat' dir='ltr'>apo-</span> 
     </span>
     <span class='ocr_line' id='line_1_67' title="bbox 1190 1169 1934 1213; baseline -0.005 -7"><span class='ocrx_word' id='word_1_334' title='bbox 1190 1174 1295 1206; x_wconf 90' lang='lat' dir='ltr'>stolici</span> <span class='ocrx_word' id='word_1_335' title='bbox 1337 1173 1522 1213; x_wconf 83' lang='lat' dir='ltr'>auditores,</span> <span class='ocrx_word' id='word_1_336' title='bbox 1564 1172 1698 1205; x_wconf 85' lang='lat' dir='ltr'>iudicari</span> <span class='ocrx_word' id='word_1_337' title='bbox 1736 1177 1768 1205; x_wconf 87' lang='lat' dir='ltr'>et</span> <span class='ocrx_word' id='word_1_338' title='bbox 1804 1169 1934 1204; x_wconf 83' lang='lat' dir='ltr'>definiri</span> 
     </span>
     <span class='ocr_line' id='line_1_68' title="bbox 1192 1226 1933 1275; baseline -0.003 -16"><span class='ocrx_word' id='word_1_339' title='bbox 1192 1227 1314 1259; x_wconf 86' lang='lat' dir='ltr'>debere</span> <span class='ocrx_word' id='word_1_340' title='bbox 1335 1238 1342 1267; x_wconf 92' lang='lat'>;</span> <span class='ocrx_word' id='word_1_341' title='bbox 1378 1237 1414 1259; x_wconf 89' lang='lat' dir='ltr'>ac</span> <span class='ocrx_word' id='word_1_342' title='bbox 1439 1226 1567 1275; x_wconf 77' lang='lat' dir='ltr'>irritum</span> <span class='ocrx_word' id='word_1_343' title='bbox 1593 1232 1625 1259; x_wconf 89' lang='lat' dir='ltr'>et</span> <span class='ocrx_word' id='word_1_344' title='bbox 1649 1226 1757 1266; x_wconf 89' lang='lat' dir='ltr'>inane,</span> <span class='ocrx_word' id='word_1_345' title='bbox 1788 1226 1814 1258; x_wconf 90' lang='lat' dir='ltr'>si</span> <span class='ocrx_word' id='word_1_346' title='bbox 1840 1235 1933 1258; x_wconf 85' lang='lat' dir='ltr'>secus</span> 
     </span>
     <span class='ocr_line' id='line_1_69' title="bbox 1190 1278 1935 1324; baseline -0.003 -11"><span class='ocrx_word' id='word_1_347' title='bbox 1190 1291 1287 1324; x_wconf 86' lang='lat' dir='ltr'>super</span> <span class='ocrx_word' id='word_1_348' title='bbox 1312 1281 1362 1313; x_wconf 86' lang='lat' dir='ltr'>his</span> <span class='ocrx_word' id='word_1_349' title='bbox 1388 1292 1406 1313; x_wconf 86' lang='lat' dir='ltr'>a</span> <span class='ocrx_word' id='word_1_350' title='bbox 1431 1291 1618 1324; x_wconf 84' lang='lat' dir='ltr'>quoquam,</span> <span class='ocrx_word' id='word_1_351' title='bbox 1650 1280 1759 1324; x_wconf 82' lang='lat' dir='ltr'>quavis</span> <span class='ocrx_word' id='word_1_352' title='bbox 1792 1278 1935 1312; x_wconf 87' lang='lat' dir='ltr'>auctori-</span> 
     </span>
     <span class='ocr_line' id='line_1_70' title="bbox 1191 1332 1935 1377; baseline -0.003 -10"><span class='ocrx_word' id='word_1_353' title='bbox 1191 1338 1264 1374; x_wconf 86' lang='lat' dir='ltr'>tate,</span> <span class='ocrx_word' id='word_1_354' title='bbox 1290 1334 1430 1367; x_wconf 87' lang='lat' dir='ltr'>scienter</span> <span class='ocrx_word' id='word_1_355' title='bbox 1454 1336 1505 1367; x_wconf 88' lang='lat' dir='ltr'>vel</span> <span class='ocrx_word' id='word_1_356' title='bbox 1531 1334 1729 1377; x_wconf 82' lang='lat' dir='ltr'>ignoranter,</span> <span class='ocrx_word' id='word_1_357' title='bbox 1756 1332 1935 1376; x_wconf 82' lang='lat' dir='ltr'>contigerit</span> 
     </span>
     <span class='ocr_line' id='line_1_71' title="bbox 1191 1386 1935 1431; baseline -0.001 -11"><span class='ocrx_word' id='word_1_358' title='bbox 1191 1388 1354 1421; x_wconf 88' lang='lat' dir='ltr'>attentari.</span> <span class='ocrx_word' id='word_1_359' title='bbox 1374 1387 1443 1421; x_wconf 87' lang='lat' dir='ltr'>Non</span> <span class='ocrx_word' id='word_1_360' title='bbox 1462 1388 1666 1420; x_wconf 86' lang='lat' dir='ltr'>obstantibus</span> <span class='ocrx_word' id='word_1_361' title='bbox 1684 1386 1883 1431; x_wconf 89' lang='lat' dir='ltr'>praemissis,</span> <span class='ocrx_word' id='word_1_362' title='bbox 1899 1396 1935 1419; x_wconf 88' lang='lat' dir='ltr'>ac</span> 
     </span>
     <span class='ocr_line' id='line_1_72' title="bbox 1191 1441 1936 1483; baseline 0 -10"><span class='ocrx_word' id='word_1_363' title='bbox 1191 1441 1478 1474; x_wconf 87' lang='lat' dir='ltr'>constitutionibus</span> <span class='ocrx_word' id='word_1_364' title='bbox 1505 1447 1537 1474; x_wconf 90' lang='lat' dir='ltr'>et</span> <span class='ocrx_word' id='word_1_365' title='bbox 1565 1441 1828 1474; x_wconf 85' lang='lat' dir='ltr'>ordinationibus</span> <span class='ocrx_word' id='word_1_366' title='bbox 1858 1450 1936 1483; x_wconf 86' lang='lat' dir='ltr'>apo-</span> 
     </span>
     <span class='ocr_line' id='line_1_73' title="bbox 1192 1494 1933 1538; baseline 0 -11"><span class='ocrx_word' id='word_1_367' title='bbox 1192 1495 1338 1536; x_wconf 87' lang='lat' dir='ltr'>stolicis,</span> <span class='ocrx_word' id='word_1_368' title='bbox 1372 1505 1501 1528; x_wconf 87' lang='lat' dir='ltr'>necnon</span> <span class='ocrx_word' id='word_1_369' title='bbox 1536 1494 1827 1537; x_wconf 67' lang='lat' dir='ltr'>Congregafionis,</span> <span class='ocrx_word' id='word_1_370' title='bbox 1853 1504 1933 1538; x_wconf 89' lang='lat' dir='ltr'>pro-</span> 
     </span>
     <span class='ocr_line' id='line_1_74' title="bbox 1192 1547 1932 1591; baseline -0.001 -11"><span class='ocrx_word' id='word_1_371' title='bbox 1192 1548 1314 1581; x_wconf 90' lang='lat' dir='ltr'>vinciae</span> <span class='ocrx_word' id='word_1_372' title='bbox 1347 1554 1379 1581; x_wconf 92' lang='lat' dir='ltr'>et</span> <span class='ocrx_word' id='word_1_373' title='bbox 1403 1547 1637 1582; x_wconf 78' lang='lat' dir='ltr'>conventuum¹</span> <span class='ocrx_word' id='word_1_374' title='bbox 1669 1548 1907 1591; x_wconf 84' lang='lat' dir='ltr'>praedictorum</span> <span class='ocrx_word' id='word_1_375' title='bbox 1924 1573 1932 1588; x_wconf 87' lang='lat'>‚</span> 
     </span>
     <span class='ocr_line' id='line_1_75' title="bbox 1193 1601 1936 1644; baseline 0 -10"><span class='ocrx_word' id='word_1_376' title='bbox 1193 1602 1289 1634; x_wconf 85' lang='lat' dir='ltr'>etiam</span> <span class='ocrx_word' id='word_1_377' title='bbox 1314 1601 1510 1642; x_wconf 88' lang='lat' dir='ltr'>iuramento,</span> <span class='ocrx_word' id='word_1_378' title='bbox 1537 1601 1785 1634; x_wconf 79' lang='lat' dir='ltr'>confirmatione</span> <span class='ocrx_word' id='word_1_379' title='bbox 1804 1606 1936 1644; x_wconf 88' lang='lat' dir='ltr'>aposto-</span> 
     </span>
     <span class='ocr_line' id='line_1_76' title="bbox 1194 1653 1933 1698; baseline -0.001 -11"><span class='ocrx_word' id='word_1_380' title='bbox 1194 1655 1265 1695; x_wconf 75' lang='lat' dir='ltr'>lica,</span> <span class='ocrx_word' id='word_1_381' title='bbox 1286 1656 1335 1688; x_wconf 88' lang='lat' dir='ltr'>vel</span> <span class='ocrx_word' id='word_1_382' title='bbox 1359 1655 1470 1698; x_wconf 85' lang='lat' dir='ltr'>quavis</span> <span class='ocrx_word' id='word_1_383' title='bbox 1496 1654 1648 1687; x_wconf 83' lang='lat' dir='ltr'>firmitate</span> <span class='ocrx_word' id='word_1_384' title='bbox 1673 1655 1734 1688; x_wconf 66' lang='lat' dir='ltr'>alia</span> <span class='ocrx_word' id='word_1_385' title='bbox 1758 1653 1933 1694; x_wconf 88' lang='lat' dir='ltr'>roboratis,</span> 
     </span>
     <span class='ocr_line' id='line_1_77' title="bbox 1194 1706 1938 1750; baseline -0.003 -9"><span class='ocrx_word' id='word_1_386' title='bbox 1194 1709 1319 1741; x_wconf 82' lang='lat' dir='ltr'>statutis</span> <span class='ocrx_word' id='word_1_387' title='bbox 1352 1714 1384 1742; x_wconf 87' lang='lat' dir='ltr'>et</span> <span class='ocrx_word' id='word_1_388' title='bbox 1418 1708 1724 1748; x_wconf 88' lang='lat' dir='ltr'>consuetudinibus,</span> <span class='ocrx_word' id='word_1_389' title='bbox 1758 1706 1938 1750; x_wconf 79' lang='lat' dir='ltr'>privilegiis</span> 
     </span>
     <span class='ocr_line' id='line_1_78' title="bbox 1195 1761 1938 1807; baseline -0.003 -12"><span class='ocrx_word' id='word_1_390' title='bbox 1195 1773 1336 1807; x_wconf 87' lang='lat' dir='ltr'>quoque,</span> <span class='ocrx_word' id='word_1_391' title='bbox 1355 1763 1488 1795; x_wconf 90' lang='lat' dir='ltr'>indultis</span> <span class='ocrx_word' id='word_1_392' title='bbox 1510 1768 1542 1795; x_wconf 90' lang='lat' dir='ltr'>et</span> <span class='ocrx_word' id='word_1_393' title='bbox 1558 1762 1674 1796; x_wconf 87' lang='lat' dir='ltr'>litteris</span> <span class='ocrx_word' id='word_1_394' title='bbox 1696 1761 1884 1805; x_wconf 83' lang='lat' dir='ltr'>apostolicis</span> <span class='ocrx_word' id='word_1_395' title='bbox 1904 1761 1938 1793; x_wconf 90' lang='lat' dir='ltr'>in</span> 
     </span>
     <span class='ocr_line' id='line_1_79' title="bbox 1196 1814 1940 1860; baseline -0.004 -10"><span class='ocrx_word' id='word_1_396' title='bbox 1196 1816 1395 1850; x_wconf 84' lang='lat' dir='ltr'>contrarium</span> <span class='ocrx_word' id='word_1_397' title='bbox 1419 1816 1673 1860; x_wconf 84' lang='lat' dir='ltr'>praemissorum</span> <span class='ocrx_word' id='word_1_398' title='bbox 1694 1814 1940 1859; x_wconf 86' lang='lat' dir='ltr'>quomodolibet</span> 
     </span>
     <span class='ocr_line' id='line_1_80' title="bbox 1196 1867 1940 1911; baseline -0.003 -9"><span class='ocrx_word' id='word_1_399' title='bbox 1196 1870 1371 1909; x_wconf 87' lang='lat' dir='ltr'>concessis,</span> <span class='ocrx_word' id='word_1_400' title='bbox 1398 1869 1597 1902; x_wconf 76' lang='lat' dir='ltr'>confirmatis</span> <span class='ocrx_word' id='word_1_401' title='bbox 1616 1874 1647 1902; x_wconf 90' lang='lat' dir='ltr'>et</span> <span class='ocrx_word' id='word_1_402' title='bbox 1663 1868 1842 1909; x_wconf 87' lang='lat' dir='ltr'>innovatis·,</span> <span class='ocrx_word' id='word_1_403' title='bbox 1870 1867 1940 1911; x_wconf 89' lang='lat' dir='ltr'>qui-</span> 
     </span>
     <span class='ocr_line' id='line_1_81' title="bbox 1196 1923 1935 1965; baseline -0.003 -9"><span class='ocrx_word' id='word_1_404' title='bbox 1196 1924 1254 1956; x_wconf 84' lang='lat' dir='ltr'>bus</span> <span class='ocrx_word' id='word_1_405' title='bbox 1272 1924 1423 1957; x_wconf 89' lang='lat' dir='ltr'>omnibus</span> <span class='ocrx_word' id='word_1_406' title='bbox 1442 1929 1472 1957; x_wconf 91' lang='lat' dir='ltr'>et</span> <span class='ocrx_word' id='word_1_407' title='bbox 1490 1923 1639 1965; x_wconf 79' lang='lat' dir='ltr'>singulis,</span> <span class='ocrx_word' id='word_1_408' title='bbox 1655 1923 1785 1956; x_wconf 90' lang='lat' dir='ltr'>illorum</span> <span class='ocrx_word' id='word_1_409' title='bbox 1804 1927 1935 1955; x_wconf 85' lang='lat' dir='ltr'>tenores</span> 
     </span>
     <span class='ocr_line' id='line_1_82' title="bbox 1196 1975 1939 2021; baseline -0.005 -10"><span class='ocrx_word' id='word_1_410' title='bbox 1196 1978 1421 2021; x_wconf 86' lang='lat' dir='ltr'>praesentibus</span> <span class='ocrx_word' id='word_1_411' title='bbox 1453 1987 1512 2020; x_wconf 89' lang='lat' dir='ltr'>pro</span> <span class='ocrx_word' id='word_1_412' title='bbox 1548 1977 1644 2020; x_wconf 86' lang='lat' dir='ltr'>plene</span> <span class='ocrx_word' id='word_1_413' title='bbox 1679 1981 1710 2009; x_wconf 91' lang='lat' dir='ltr'>et</span> <span class='ocrx_word' id='word_1_414' title='bbox 1741 1975 1939 2009; x_wconf 81' lang='lat' dir='ltr'>sufficienter</span> 
     </span>
     <span class='ocr_line' id='line_1_83' title="bbox 1197 2029 1940 2075; baseline -0.004 -11"><span class='ocrx_word' id='word_1_415' title='bbox 1197 2031 1359 2075; x_wconf 87' lang='lat' dir='ltr'>expressis</span> <span class='ocrx_word' id='word_1_416' title='bbox 1386 2041 1420 2063; x_wconf 87' lang='lat' dir='ltr'>ac</span> <span class='ocrx_word' id='word_1_417' title='bbox 1441 2031 1479 2063; x_wconf 88' lang='lat' dir='ltr'>ad</span> <span class='ocrx_word' id='word_1_418' title='bbox 1500 2030 1631 2063; x_wconf 83' lang='lat' dir='ltr'>verbum</span> <span class='ocrx_word' id='word_1_419' title='bbox 1657 2029 1787 2063; x_wconf 87' lang='lat' dir='ltr'>insertis</span> <span class='ocrx_word' id='word_1_420' title='bbox 1815 2029 1940 2062; x_wconf 85' lang='lat' dir='ltr'>haben-</span> 
     </span>
     <span class='ocr_line' id='line_1_84' title="bbox 1198 2082 1938 2127; baseline -0.004 -9"><span class='ocrx_word' id='word_1_421' title='bbox 1198 2090 1256 2124; x_wconf 87' lang='lat' dir='ltr'>tes,</span> <span class='ocrx_word' id='word_1_422' title='bbox 1277 2085 1341 2118; x_wconf 90' lang='lat' dir='ltr'>illis</span> <span class='ocrx_word' id='word_1_423' title='bbox 1356 2085 1435 2118; x_wconf 71' lang='lat' dir='ltr'>alias</span> <span class='ocrx_word' id='word_1_424' title='bbox 1451 2085 1482 2116; x_wconf 89' lang='lat' dir='ltr'>in</span> <span class='ocrx_word' id='word_1_425' title='bbox 1498 2094 1554 2117; x_wconf 88' lang='lat' dir='ltr'>suo</span> <span class='ocrx_word' id='word_1_426' title='bbox 1568 2084 1687 2117; x_wconf 84' lang='lat' dir='ltr'>robore</span> <span class='ocrx_word' id='word_1_427' title='bbox 1702 2082 1938 2127; x_wconf 88' lang='lat' dir='ltr'>permansuris,</span> 
     </span>
     <span class='ocr_line' id='line_1_85' title="bbox 1197 2137 1940 2181; baseline -0.003 -10"><span class='ocrx_word' id='word_1_428' title='bbox 1197 2139 1234 2171; x_wconf 87' lang='lat' dir='ltr'>ad</span> <span class='ocrx_word' id='word_1_429' title='bbox 1250 2139 1503 2181; x_wconf 88' lang='lat' dir='ltr'>praemissorum</span> <span class='ocrx_word' id='word_1_430' title='bbox 1522 2137 1680 2177; x_wconf 72' lang='lat' dir='ltr'>effectum,</span> <span class='ocrx_word' id='word_1_431' title='bbox 1694 2137 1755 2170; x_wconf 87' lang='lat' dir='ltr'>hac</span> <span class='ocrx_word' id='word_1_432' title='bbox 1769 2137 1837 2170; x_wconf 90' lang='lat' dir='ltr'>vice</span> <span class='ocrx_word' id='word_1_433' title='bbox 1853 2137 1940 2169; x_wconf 90' lang='lat' dir='ltr'>dum-</span> 
     </span>
     <span class='ocr_line' id='line_1_86' title="bbox 1198 2190 1939 2234; baseline -0.001 -11"><span class='ocrx_word' id='word_1_434' title='bbox 1198 2196 1294 2231; x_wconf 84' lang='lat' dir='ltr'>taxat,</span> <span class='ocrx_word' id='word_1_435' title='bbox 1307 2190 1496 2234; x_wconf 84' lang='lat' dir='ltr'>specialiter</span> <span class='ocrx_word' id='word_1_436' title='bbox 1510 2196 1541 2223; x_wconf 87' lang='lat' dir='ltr'>et</span> <span class='ocrx_word' id='word_1_437' title='bbox 1555 2200 1710 2234; x_wconf 82' lang='lat' dir='ltr'>expresse</span> <span class='ocrx_word' id='word_1_438' title='bbox 1725 2190 1939 2232; x_wconf 82' lang='lat' dir='ltr'>derogamus;</span> 
     </span>
     <span class='ocr_line' id='line_1_87' title="bbox 1197 2243 1866 2287; baseline -0.003 -11"><span class='ocrx_word' id='word_1_439' title='bbox 1197 2243 1379 2287; x_wconf 86' lang='lat' dir='ltr'>ceterisque</span> <span class='ocrx_word' id='word_1_440' title='bbox 1397 2243 1567 2276; x_wconf 87' lang='lat' dir='ltr'>contrariis</span> <span class='ocrx_word' id='word_1_441' title='bbox 1597 2243 1866 2286; x_wconf 85' lang='lat' dir='ltr'>quibuscumque.</span> 
     </span>
    </p>

    <p class='ocr_par' dir='ltr' id='par_1_11' title="bbox 1199 2294 1942 2491">
     <span class='ocr_line' id='line_1_88' title="bbox 1241 2294 1942 2340; baseline -0.003 -11"><span class='ocrx_word' id='word_1_442' title='bbox 1241 2297 1356 2330; x_wconf 87' lang='lat' dir='ltr'>Datum</span> <span class='ocrx_word' id='word_1_443' title='bbox 1381 2297 1519 2335; x_wconf 82' lang='lat' dir='ltr'>Romae,</span> <span class='ocrx_word' id='word_1_444' title='bbox 1546 2296 1633 2340; x_wconf 90' lang='lat' dir='ltr'>apud</span> <span class='ocrx_word' id='word_1_445' title='bbox 1663 2295 1694 2329; x_wconf 88' lang='lat' dir='ltr'>S.</span> <span class='ocrx_word' id='word_1_446' title='bbox 1722 2295 1852 2328; x_wconf 87' lang='lat' dir='ltr'>Mariam</span> <span class='ocrx_word' id='word_1_447' title='bbox 1880 2294 1942 2327; x_wconf 88' lang='lat' dir='ltr'>Ma-</span> 
     </span>
     <span class='ocr_line' id='line_1_89' title="bbox 1199 2348 1940 2391; baseline 0 -9"><span class='ocrx_word' id='word_1_448' title='bbox 1199 2350 1313 2391; x_wconf 86' lang='lat' dir='ltr'>iorem,</span> <span class='ocrx_word' id='word_1_449' title='bbox 1348 2350 1406 2383; x_wconf 89' lang='lat' dir='ltr'>sub</span> <span class='ocrx_word' id='word_1_450' title='bbox 1439 2351 1563 2383; x_wconf 90' lang='lat' dir='ltr'>annulo</span> <span class='ocrx_word' id='word_1_451' title='bbox 1594 2348 1779 2390; x_wconf 81' lang='lat' dir='ltr'>Piscatoris,</span> <span class='ocrx_word' id='word_1_452' title='bbox 1807 2349 1858 2381; x_wconf 89' lang='lat' dir='ltr'>die</span> <span class='ocrx_word' id='word_1_453' title='bbox 1874 2358 1940 2382; x_wconf 82' lang='lat' dir='ltr'>xvn</span> 
     </span>
     <span class='ocr_line' id='line_1_90' title="bbox 1200 2402 1942 2447; baseline -0.003 -11"><span class='ocrx_word' id='word_1_454' title='bbox 1200 2404 1306 2437; x_wconf 90' lang='lat' dir='ltr'>martii</span> <span class='ocrx_word' id='word_1_455' title='bbox 1331 2413 1507 2445; x_wconf 67' lang='lat' dir='ltr'>iincxcviu,</span> <span class='ocrx_word' id='word_1_456' title='bbox 1521 2402 1728 2447; x_wconf 82' lang='lat' dir='ltr'>pontificatus</span> <span class='ocrx_word' id='word_1_457' title='bbox 1753 2402 1858 2435; x_wconf 88' lang='lat' dir='ltr'>nostri</span> <span class='ocrx_word' id='word_1_458' title='bbox 1883 2412 1942 2434; x_wconf 84' lang='lat' dir='ltr'>an-</span> 
     </span>
     <span class='ocr_line' id='line_1_91' title="bbox 1200 2468 1325 2491; baseline 0.008 -1"><span class='ocrx_word' id='word_1_459' title='bbox 1200 2468 1241 2490; x_wconf 92' lang='lat' dir='ltr'>no</span> <span class='ocrx_word' id='word_1_460' title='bbox 1270 2468 1325 2491; x_wconf 82' lang='lat' dir='ltr'>vn.</span> 
     </span>
    </p>
   </div>
   <div class='ocr_carea' id='block_1_9' title="bbox 1235 2518 1885 2555">
    <p class='ocr_par' dir='ltr' id='par_1_12' title="bbox 1235 2518 1885 2555">
     <span class='ocr_line' id='line_1_92' title="bbox 1235 2518 1885 2555; baseline -0.002 -8"><span class='ocrx_word' id='word_1_461' title='bbox 1235 2521 1297 2547; x_wconf 83' lang='lat' dir='ltr'>Dat.</span> <span class='ocrx_word' id='word_1_462' title='bbox 1316 2520 1360 2548; x_wconf 87' lang='lat' dir='ltr'>die</span> <span class='ocrx_word' id='word_1_463' title='bbox 1376 2521 1408 2548; x_wconf 86' lang='lat'>17</span> <span class='ocrx_word' id='word_1_464' title='bbox 1424 2519 1516 2547; x_wconf 87' lang='lat' dir='ltr'>martii</span> <span class='ocrx_word' id='word_1_465' title='bbox 1534 2519 1612 2553; x_wconf 82' lang='lat'>1698,</span> <span class='ocrx_word' id='word_1_466' title='bbox 1636 2518 1734 2555; x_wconf 80' lang='lat' dir='ltr'>pontis.</span> <span class='ocrx_word' id='word_1_467' title='bbox 1751 2527 1822 2547; x_wconf 85' lang='lat' dir='ltr'>anno</span> <span class='ocrx_word' id='word_1_468' title='bbox 1839 2525 1885 2546; x_wconf 85' lang='lat' dir='ltr'>vtt.</span> 
     </span>
    </p>
   </div>
   <div class='ocr_carea' id='block_1_10' title="bbox 1200 2635 1940 2717">
    <p class='ocr_par' dir='ltr' id='par_1_13' title="bbox 1200 2635 1940 2717">
     <span class='ocr_line' id='line_1_93' title="bbox 1236 2635 1940 2671; baseline -0.001 -8"><span class='ocrx_word' id='word_1_469' title='bbox 1236 2637 1248 2663; x_wconf 86' lang='lat'>1</span> <span class='ocrx_word' id='word_1_470' title='bbox 1270 2636 1435 2663; x_wconf 87' lang='lat' dir='ltr'>Particulam</span> <span class='ocrx_word' id='word_1_471' title='bbox 1462 2639 1538 2671; x_wconf 78' lang='lat' dir='ltr'>lum,</span> <span class='ocrx_word' id='word_1_472' title='bbox 1560 2635 1619 2663; x_wconf 85' lang='lat' dir='ltr'>heic</span> <span class='ocrx_word' id='word_1_473' title='bbox 1645 2635 1799 2671; x_wconf 83' lang='lat' dir='ltr'>importune</span> <span class='ocrx_word' id='word_1_474' title='bbox 1825 2635 1940 2663; x_wconf 84' lang='lat' dir='ltr'>interie-</span> 
     </span>
     <span class='ocr_line' id='line_1_94' title="bbox 1200 2682 1546 2717; baseline -0.003 -8"><span class='ocrx_word' id='word_1_475' title='bbox 1200 2685 1282 2717; x_wconf 84' lang='lat' dir='ltr'>ctam,</span> <span class='ocrx_word' id='word_1_476' title='bbox 1302 2682 1424 2710; x_wconf 88' lang='lat' dir='ltr'>delemus</span> <span class='ocrx_word' id='word_1_477' title='bbox 1442 2684 1478 2717; x_wconf 61' lang='grc' dir='ltr'>(ἢ.</span> <span class='ocrx_word' id='word_1_478' title='bbox 1495 2682 1546 2717; x_wconf 86' lang='grc' dir='ltr'>Τ.),</span> 
     </span>
    </p>
   </div>
   <div class='ocr_carea' id='block_1_11' title="bbox 1930 269 2119 298">
    <p class='ocr_par' dir='ltr' id='par_1_14' title="bbox 1930 269 2119 298">
     <span class='ocr_line' id='line_1_95' title="bbox 1930 269 2119 298; baseline 0.011 -2"><span class='ocrx_word' id='word_1_479' title='bbox 1930 269 1983 298; x_wconf 80' lang='lat' dir='ltr'>An.</span> <span class='ocrx_word' id='word_1_480' title='bbox 2005 269 2034 298; x_wconf 87' lang='lat' dir='ltr'>C.</span> <span class='ocrx_word' id='word_1_481' title='bbox 2052 270 2119 298; x_wconf 82' lang='lat'>¹698</span> 
     </span>
    </p>
   </div>
   <div class='ocr_carea' id='block_1_12' title="bbox 1970 711 2087 732">
    <p class='ocr_par' dir='ltr' id='par_1_15' title="bbox 1970 711 2087 732">
     <span class='ocr_line' id='line_1_96' title="bbox 1970 711 2087 732; baseline 0.009 -1"><span class='ocrx_word' id='word_1_482' title='bbox 1970 711 2087 732; x_wconf 68' lang='lat' dir='ltr'>clausulae.</span> 
     </span>
    </p>
   </div>
  </div>
 </body>
</html>
