2227 3225
123 254 175 280 An.
189 253 218 279 C.
243 251 310 279 ¹090

919 245 1103 269 Atttxitxtffin
1130 245 1184 268 Vlll
1210 245 1257 267 PP.

315 301 412 333 etiam
436 298 593 338 veriores,
620 294 849 341 praesentibus
873 305 932 338 pro
958 295 1055 337 plene

315 358 348 386 et
371 351 568 385 sufficienter
592 349 755 394 expressis
775 360 810 382 ac
829 349 868 382 de
889 347 986 380 verbo
1016 347 1056 379 ad

314 405 448 438 verbum
474 403 605 436 insertis
631 408 664 436 et
696 401 896 436 exactissime
929 399 1058 444 specifi-

316 459 395 493 catis
432 458 605 497 habentes,
641 462 731 490 motu
767 455 916 500 proprio,
953 464 988 486 ac
1020 463 1055 486 ex

316 515 402 546 certa
431 511 568 545 scientia
600 516 632 544 et
655 506 781 543 matura
818 508 1057 542 deliberatione

317 565 456 604 nostris,
505 565 611 608 deque
654 563 854 607 apostolicae
889 559 1058 605 potestatis

316 618 532 662 plenitudine,
550 617 659 650 omnia
677 622 708 650 et
725 616 861 659 singula,
888 625 970 658 quae
993 619 1058 646 tam

317 671 425 714 quoad
451 671 676 704 extensionem
694 669 773 702 iuris
792 667 943 711 regaliae,
963 676 1058 710 quam

318 724 424 766 quoad
447 722 700 757 declarationem
719 722 757 755 de
776 725 937 765 potestate
959 720 1061 752 eccle-

317 777 457 817 siastica,
479 788 516 810 ac
534 781 676 820 quatuor
693 776 724 809 in
743 777 781 809 ea
798 780 967 809 contentas
989 784 1063 817 pro·

317 830 496 874 positiones
524 830 556 862 in
587 829 783 873 supradictis
814 828 954 861 comitiis
978 827 1060 863 Cleri

319 883 476 917 Gallicani
510 893 596 916 anno
628 892 799 917 nnetxxxu
836 881 957 915 habitis
992 886 1063 914 acta

320 942 347 970 et
375 943 464 979 gesta
489 938 628 977 suerunt,
655 948 727 970 cuni
753 935 906 970 omnibus
942 939 975 968 et
998 935 1060 968 sin·

319 991 404 1032 gulis
430 990 602 1031 mandatis,
627 989 771 1030 arrestis,
804 988 1063 1023 confirmationi-

321 1044 392 1082 bus,
419 1043 714 1083 declarationibus,
741 1042 902 1086 epistolis,
936 1041 1062 1078 edictis,

322 1097 470 1135 decretis,
497 1106 514 1128 a
538 1096 706 1140 quibusvis
731 1095 899 1141 personis,
917 1095 985 1128 sive
1012 1105 1064 1128 ec-

322 1149 528 1189 clesiasticis,
564 1149 631 1182 sive
666 1149 777 1188 laicis,
815 1148 1064 1192 quomodolibet

324 1203 528 1245 qualiticatis,
564 1202 675 1245 quavis
701 1202 890 1234 auctoritate
916 1206 948 1234 et
971 1206 1063 1244 pote-

323 1261 403 1288 state
448 1257 542 1288 etiam
576 1255 775 1288 individuam
815 1253 1062 1297 expressionem

324 1308 511 1351 requirente
539 1307 768 1350 fungentibus,
794 1307 888 1340 editis
922 1317 978 1340 seu
1004 1317 1062 1350 pu-

323 1361 460 1399 blicatis,
487 1371 545 1394 nec
578 1370 643 1393 non
675 1360 805 1403 reliqua
829 1360 938 1393 omnia
972 1365 1062 1402 quot-

324 1424 462 1456 cumque
499 1418 530 1446 et
561 1414 810 1456 qualiacumque
848 1413 954 1446 eidem
987 1412 1060 1446 Sedi

326 1466 530 1510 Apostolicae
556 1466 787 1509 Romanaeque
812 1466 987 1505 Ecclesiae,
1012 1467 1061 1499 vel

325 1518 557 1558 iurisdictioni,
596 1518 790 1551 immunitati
826 1519 876 1551 vel
918 1518 1060 1551 libertati

327 1572 578 1612 ecclesiasticae,
604 1582 660 1605 seu
693 1572 772 1605 alias
804 1572 961 1612 ecclesiis,
995 1583 1063 1605 mo-

326 1625 490 1665 nasteriis,
516 1625 715 1668 illorumque
748 1625 927 1668 respective
953 1635 1063 1668 perso-

328 1679 386 1718 nis,
413 1679 521 1718 rebus,
546 1678 648 1718 bonis,
674 1677 865 1721 privilegiis,
889 1689 1063 1722 praeroga-

329 1732 398 1764 tivis
425 1737 457 1764 et
480 1732 608 1764 iuribus
639 1731 899 1774 quibuscumque
928 1742 1064 1775 quomo-

328 1785 452 1818 dolibet
475 1784 718 1827 praeiudicialia
734 1811 741 1824 ‚
767 1784 801 1816 in
840 1785 926 1817 dicto
964 1795 1065 1827 regno

328 1843 457 1881 peracta
482 1842 514 1869 et
536 1842 640 1880 gesta,
675 1847 747 1869 cum
772 1837 921 1870 omnibus
944 1843 976 1870 et
999 1838 1066 1870 sin-

329 1891 413 1933 gulis
429 1891 700 1934 quandocumque
714 1896 746 1924 et
763 1891 1065 1935 quomodocumque

330 1944 405 1977 inde
448 1943 569 1977 secutis
605 1949 636 1976 et
671 1954 878 1988 quocumque
918 1950 1065 1989 tempore

330 1997 502 2037 secuturis,
529 1996 599 2040 ipso
624 1997 692 2029 iure
718 1998 818 2037 nulla,
842 1997 947 2038 irrita,
982 1998 1067 2030 inva-

328 2050 407 2091 lida,
433 2049 554 2090 inania,
588 2050 775 2094 viribusque
808 2056 840 2084 et
871 2050 986 2084 effectu
1011 2062 1068 2094 pe-

330 2102 416 2136 nitus
441 2108 473 2136 et
507 2103 641 2136 omnino
671 2113 772 2136 vacua
796 2104 836 2136 ab
872 2104 942 2147 ipso
977 2105 1067 2138 initio

331 2156 430 2189 fuisse
456 2161 489 2189 et
512 2166 582 2189 esse
617 2166 653 2189 ac
679 2163 840 2200 perpetuo
859 2157 938 2198 sore,
965 2158 1068 2191 nemi·

331 2219 471 2253 nemque
497 2210 536 2243 ad
561 2210 703 2251 illorum,
731 2221 787 2243 seu
812 2210 983 2244 cuiuslibet
1014 2222 1068 2245 eo-

331 2274 420 2303 rum,
462 2263 588 2296 etiamsi
623 2264 806 2298 iuramento
841 2265 960 2298 vallata
995 2266 1067 2306 sint,

332 2316 566 2349 observantiam
593 2317 705 2358 teneri,
730 2327 835 2361 neque
860 2328 897 2351 ex
916 2318 979 2352 illis
1000 2319 1068 2352 cui-

333 2379 429 2412 quam
454 2370 588 2413 aliquod
614 2370 672 2408 ius,
686 2371 734 2403 vel
761 2370 929 2412 actionem,
952 2377 1005 2404 aut
1032 2372 1069 2404 ti-

333 2423 448 2463 tulum,
465 2423 561 2456 etiam
586 2423 777 2463 coloratum,
803 2424 853 2456 vel
878 2424 1068 2467 possidendi

335 2480 390 2509 aut
412 2475 656 2518 praescribendi
682 2486 823 2516 causam,
851 2476 976 2509 etiamsi
1001 2477 1071 2510 lon-

336 2527 455 2569 gissimi
482 2534 513 2560 et
536 2528 803 2562 immemorabilis
827 2529 983 2572 temporis
1002 2540 1071 2572 pos-

335 2580 451 2619 sessio,
478 2581 573 2612 etiam
598 2581 677 2614 citra
708 2583 807 2614 ullam
833 2582 1071 2625 interpellatio-

1100 294 1149 326 vel
1174 294 1403 336 subsequatur,
1431 293 1621 336 acquisitum
1648 294 1742 326 fuisse
1781 306 1839 328 uec

1101 356 1183 385 esse,
1208 345 1383 389 minusque
1411 347 1476 379 ullo
1499 352 1645 389 tempore
1665 348 1787 389 acquiri
1810 353 1840 380 et

1100 406 1299 443 competere,
1327 411 1433 443 neque
1460 400 1515 433 illa
1541 400 1639 433 ullum
1661 406 1778 433 statum
1800 403 1841 433 sa-

1101 464 1174 486 cere
1211 455 1259 487 vel
1302 454 1434 493 secisse,
1470 453 1715 497 sed,perinde
1741 465 1776 486 ac
1814 456 1840 487 si

1102 517 1267 550 nunquam
1294 513 1500 540 emanassent
1518 508 1565 541 vel
1588 508 1670 541 sacta
1696 508 1839 548 fuissent,

1103 571 1162 603 pro
1188 571 1252 594 non
1272 561 1456 595 extantibus
1477 568 1508 595 et
1524 573 1590 595 non
1610 563 1700 595 sactis
1725 573 1842 606 perpe-

1104 620 1157 647 tuo
1184 614 1297 647 haberi
1325 615 1455 654 debere,
1479 621 1594 649 tenore
1620 617 1840 660 praesentium

1103 667 1319 701 declaramus.
1335 668 1660 711 Etnihilomin11s,ad
1676 674 1843 706 abundan-

1103 721 1221 754 tiorem
1247 722 1417 763 cautelam,
1443 733 1478 755 ac
1505 729 1664 767 quatenus
1682 737 1764 769 opus
1790 727 1841 767 sit,

1104 779 1173 806 acta
1191 780 1223 808 et
1242 780 1332 817 gesta
1350 776 1505 819 praefata,
1523 778 1650 822 aliaque
1668 781 1843 823 praemissa

1105 828 1222 868 omnia,
1247 833 1351 869 motu,
1378 829 1525 871 scientia,
1552 832 1786 867 deliberatione
1812 840 1843 867 et

1106 882 1278 924 potestatis
1303 883 1509 925 plenitudine
1544 885 1692 928 paribus,
1721 887 1843 932 impro-

1106 934 1239 975 bamus,
1267 946 1450 978 cassamus,
1481 938 1648 972 irritamus
1673 946 1704 974 et
1732 942 1844 975 annul-

1106 989 1220 1029 lamus,
1246 989 1436 1034 viribusque
1461 997 1493 1024 et
1518 992 1632 1026 effectu
1661 994 1788 1036 penitus
1813 1002 1844 1028 et

1106 1042 1239 1075 omnino
1264 1053 1446 1084 vacuamus,
1473 1050 1501 1077 et
1521 1051 1633 1078 contra
1651 1047 1719 1088 illa,
1739 1048 1843 1092 deque

1107 1105 1218 1127 eorum
1238 1096 1386 1129 nullitate
1403 1107 1512 1130 coram
1530 1098 1596 1131 Deo
1611 1105 1841 1142 protestamur.

1149 1148 1164 1191 ξ,
1189 1147 1221 1180 3.
1249 1148 1468 1183 Decernentes
1502 1152 1631 1185 easdem
1655 1161 1844 1197 praesentes

1106 1199 1239 1240 litteras,
1256 1207 1287 1233 et
1308 1201 1339 1234 in
1362 1202 1407 1235 eis
1426 1209 1579 1237 contenta
1604 1216 1842 1251 quaecumque,

1105 1253 1199 1286 etiam
1225 1264 1261 1286 ex
1295 1265 1333 1287 eo
1367 1256 1455 1298 quod
1480 1257 1675 1302 quicumque
1698 1259 1729 1292 in
1754 1271 1843 1304 prae-

1105 1306 1210 1339 missis
1235 1307 1395 1341 interesse
1422 1309 1592 1350 habentes,
1618 1312 1715 1345 etiam
1740 1324 1844 1357 speci-

1105 1359 1163 1392 fica
1196 1365 1228 1393 et
1253 1360 1421 1395 individua
1457 1364 1621 1397 mentione
1647 1366 1750 1408 digni,
1778 1367 1842 1401 illis

1105 1423 1168 1446 uon
1209 1415 1448 1456 consenserint,
1485 1427 1545 1449 nec
1580 1418 1619 1450 ad
1655 1429 1693 1451 ea
1725 1421 1842 1461 vocati,

1106 1466 1193 1499 citati
1220 1472 1250 1499 et
1275 1467 1389 1508 auditi,
1417 1479 1522 1512 neque
1548 1480 1676 1511 causae,
1707 1479 1846 1516 propter

1106 1530 1184 1562 quas
1232 1521 1366 1553 eaedem
1404 1528 1597 1564 praesentes
1642 1526 1843 1565 emanarint,

1107 1572 1306 1606 sufficienter
1349 1575 1507 1608 adductae
1529 1603 1536 1616 ,
1574 1577 1757 1611 verificatae
1793 1586 1846 1612 aut

1106 1626 1172 1658 ullo
1207 1627 1305 1659 modo
1331 1627 1522 1661 iustificatae
1554 1629 1684 1671 suerint,
1720 1637 1775 1664 aut
1808 1643 1844 1665 ex

1106 1679 1168 1711 alia
1193 1690 1394 1723 quacumque
1412 1684 1514 1721 causa,
1533 1683 1652 1723 colore,
1679 1691 1846 1727 praetextu

1108 1738 1139 1765 et
1163 1732 1279 1776 capite,
1297 1734 1394 1766 etiam
1414 1735 1445 1766 in
1467 1746 1601 1779 corpore
1623 1737 1702 1770 iuris
1723 1739 1845 1778 clauso,

1108 1786 1199 1818 nullo
1221 1796 1363 1830 unquam
1390 1793 1536 1830 tempore
1563 1789 1601 1822 de
1626 1790 1845 1833 subreptionis

1107 1839 1158 1871 vel
1183 1839 1388 1882 obreptionis
1414 1844 1466 1874 aut
1491 1842 1651 1875 nullitatis
1685 1844 1734 1876 vel
1761 1846 1847 1877 inva-

1109 1892 1242 1925 liditatis
1267 1893 1367 1932 vitio,
1401 1904 1457 1926 seu
1490 1894 1683 1928 intentionis
1716 1903 1845 1929 nostrae

1110 1950 1164 1977 aut
1202 1945 1361 1978 interesse
1405 1946 1595 1979 habentium
1634 1949 1682 1982 vel
1727 1950 1846 1982 babere

1109 1998 1392 2041 praetendentium
1419 2009 1610 2040 consensus,
1638 2002 1742 2034 aliove
1769 2013 1846 2045 quo-

1110 2062 1249 2095 cumque
1275 2052 1371 2085 etiam
1397 2054 1638 2095 quantumlibet
1669 2065 1785 2098 magno
1812 2068 1847 2089 as*

1110 2105 1287 2147 incogitato
1312 2105 1622 2150 inexcogitabilique
1641 2109 1777 2148 defectu,
1793 2117 1847 2143 aut

1111 2169 1147 2191 ex
1172 2158 1236 2191 alio
1262 2158 1376 2202 quovis
1401 2159 1515 2202 capite,
1541 2170 1557 2192 a
1582 2160 1662 2201 iure,
1678 2163 1726 2195 vel
1753 2163 1845 2202 sacto,

1110 2217 1165 2244 aut
1189 2216 1319 2252 statuto,
1345 2213 1593 2253 consuetudine,
1609 2215 1657 2246 vel
1679 2216 1847 2258 privilegio

1111 2266 1304 2305 resultante,
1318 2265 1437 2305 notari,
1453 2266 1649 2309 impugnari,
1665 2267 1846 2309 iuvalidari,

1111 2317 1289 2357 retractari,
1316 2317 1348 2349 in
1367 2319 1622 2352 controversiam
1646 2321 1763 2361 vocari,
1790 2333 1847 2355 seu

1111 2371 1149 2403 ad
1167 2370 1324 2403 terminos
1342 2370 1421 2403 iuris
1436 2371 1546 2404 reduci
1562 2373 1723 2406 ullatenus
1740 2385 1847 2417 posse;

1110 2424 1167 2457 sed
1190 2424 1277 2468 ipsas
1302 2430 1492 2468 praesentes
1518 2426 1642 2459 litteras
1668 2437 1798 2471 semper
1818 2434 1849 2461 et

1112 2483 1270 2521 perpetuo
1285 2477 1401 2517 firmas,
1422 2479 1544 2511 validas
1569 2484 1598 2511 et
1625 2479 1771 2513 efficaces
1785 2482 1848 2513 exi-

1111 2534 1197 2563 stere
1228 2536 1260 2563 et
1285 2530 1363 2570 sore,
1388 2541 1526 2574 suosque
1556 2532 1720 2574 plenarios
1744 2538 1776 2565 et
1800 2533 1848 2565 in-

1113 2589 1222 2625 tegros
1254 2582 1387 2616 effectus
1421 2584 1530 2616 sortiri
1560 2590 1591 2616 et
1626 2584 1786 2622 obtinere,
1812 2595 1847 2617 ac

333 2641 410 2666 nem
434 2633 482 2665 vel
508 2633 794 2676 interruptionem,
821 2635 996 2668 subsecuta
1030 2635 1069 2668 sit
1113 2636 1151 2668 ab
1177 2635 1329 2668 omnibus
1360 2642 1391 2668 et
1416 2636 1567 2679 siugulis,
1596 2637 1634 2668 ad
1662 2647 1742 2680 quos
1775 2647 1847 2680 sse-

1759 236 1800 268 nt)
1847 247 1895 272 An.
1914 248 1941 273 r..
1966 248 2032 274 intio

1883 1161 1904 1180 Cl
1913 1162 2001 1181 msulae.
