2227 3225
121 234 169 262 Αη.
189 236 210 261 G
238 235 306 264 1690

128 1091 234 1111 statutum
245 1097 304 1117 prae-

120 1117 199 1138 ‹lu-tum
214 1118 240 1137 da
259 1124 303 1139 cer·

120 1147 146 1163 tis
175 1145 253 1165 cate-us
283 1146 304 1166 el

122 1171 238 1191 tibialibus.

151 2306 199 2327 Clau
213 2308 268 2329 ulae.

905 235 1089 259 ALEXANDER
1115 235 1171 258 vm
1195 236 1241 259 ΓΡ.

1745 229 1786 260 :W
1833 239 1881 264 An.
1902 239 1931 265 C.
1950 238 2017 266 1690

314 294 438 317 morem
481 282 670 317 huiusmodi
705 283 842 327 pedibus
878 282 1049 316 denudatis
1089 283 1154 316 rios
1172 289 1204 316 et
1219 284 1505 326 delegatos,et=am
1526 294 1692 319 causarum
1714 288 1822 330 palatii

313 335 486 369 incedendi
511 337 685 380 plurimum
703 336 893 370 eorumdem
918 335 1049 368 clerico·
1090 336 1259 379 apostolici
1284 337 1463 376 auditores,
1482 337 1616 371 iudicari
1643 344 1675 371 et
1699 339 1824 372 definiri

312 399 385 423 rum
409 390 588 424 valetudini
612 390 748 430 obesse,
773 390 900 433 aliaque
932 390 1049 423 exinde

311 443 518 477 incommoda
560 442 591 476 in
630 443 843 477 laudabilium
883 443 1048 486 praefatae

311 495 579 539 Congregationis
613 495 836 530 institutorum
871 496 1049 540 perniciem

311 550 485 589 resultare,
510 549 630 582 adeout
654 549 758 582 dictae
783 548 1048 593 Congregationis

312 603 500 646 superiores
532 604 716 637 calceorum
753 613 847 635 usum
883 602 1048 646 plerisque

313 656 415 700 ipsius
440 656 709 700 Congregationis
734 656 861 690 clericis
891 666 951 700 pro
972 666 1048 689 eon-

313 709 496 743 servatione
513 719 625 743 eorum
648 709 806 749 sanitatis,
826 709 893 743 sive
911 709 952 743 ob
969 709 1048 742 alias

313 763 525 796 rationabiles
550 773 673 803 causas,
700 763 887 806 frequenter
916 763 1050 806 permit-

314 821 382 849 tere
407 820 576 859 eogantur‚
593 820 690 860 atque
708 815 783 849 inde
802 815 890 849 aliud
914 815 1050 848 ulterius

312 868 344 902 in
366 869 625 912 Congregatione
641 869 828 913 supradicta
845 868 1048 902 omnimodae

312 922 345 956 in
363 933 424 955 usu
441 922 575 956 vestium
592 922 810 956 conformitati
829 928 999 966 tantopere
1018 923 1048 955 in

313 976 443 1010 familiis
468 975 672 1019 regularibus
697 975 943 1010 commendatae
959 986 1050 1020 prae-

312 1029 468 1063 iudicium
491 1029 667 1062 inseratur:

358 1083 373 1126 ξ,
393 1082 424 1115 ⁶2.
452 1082 533 1116 Hine
557 1087 605 1115 est
621 1083 708 1126 quod
734 1092 803 1123 nos,
823 1082 932 1116 audita
952 1093 1050 1126 super

315 1135 500 1179 praemissis
536 1135 643 1168 dilecti
676 1135 734 1168 filii
766 1136 867 1169 nostri
899 1135 1048 1179 Gasparis

314 1188 347 1221 S.
373 1188 410 1221 R.
436 1188 470 1221 E.
498 1187 678 1232 presbyteri
703 1188 877 1222 cardinalis
900 1188 1048 1232 Carpinei

315 1241 490 1284 nuncupati
514 1241 546 1273 in
573 1242 655 1274 alma
678 1241 764 1274 Urbe
796 1241 905 1275 vicarii
931 1241 963 1274 in
987 1241 1050 1285 spi-

315 1294 483 1328 ritualibus
508 1294 671 1337 generalis
691 1301 722 1327 et
746 1294 850 1329 dietae
874 1295 1049 1338 Congrega-

315 1347 410 1380 tionis
435 1348 520 1391 apud
545 1357 604 1379 nos
636 1352 667 1380 et
691 1347 805 1380 Sedem
832 1348 1050 1391 Apostolicam

315 1400 510 1444 protectoris
546 1400 718 1441 relatione,
745 1401 777 1433 in
802 1401 925 1434 eisdem
957 1412 1050 1444 prae-

315 1453 422 1486 missis
456 1458 640 1497 opportune
673 1453 844 1496 providere
877 1455 1047 1495 volentes,

315 1511 405 1539 motu
430 1505 584 1550 proprio,
609 1510 641 1539 et
669 1516 707 1538 ex
739 1508 827 1539 certa
858 1506 994 1540 seientia
1018 1511 1050 1540 et

314 1561 439 1593 matura
454 1558 687 1592 deliberatione
704 1559 837 1600 nostris,
857 1558 963 1604 deque
979 1570 1051 1604 apo-

315 1612 448 1646 stolicae
483 1611 654 1655 potestatis
690 1612 920 1656 plenitudine,
945 1618 981 1645 ut
1012 1614 1050 1647 do

315 1671 424 1698 cetero
440 1676 553 1699 omnes
569 1670 601 1697 et
619 1665 738 1707 singuli
758 1671 955 1699 memoratae
972 1666 1052 1699 Con-

316 1718 513 1762 gregationis
538 1718 648 1751 elerici
673 1718 793 1762 ubique
818 1720 964 1753 locorum
991 1721 1052 1754 eal-

315 1772 396 1804 ceati
421 1771 580 1811 incedant,
606 1771 649 1804 ita
675 1777 780 1805 tamen
805 1777 839 1804 ut
862 1772 961 1806 calcei
989 1772 1052 1805 sint

316 1824 401 1867 nigri
425 1824 554 1863 coloris,
573 1824 789 1857 humilitatem
810 1830 842 1858 et
864 1825 1052 1870 simplicita-

319 1883 382 1910 tem
408 1877 675 1921 praeseferentes,
695 1887 731 1909 ae
748 1878 842 1921 proni
868 1879 937 1912 sine
966 1881 1053 1913 oeul-

319 1930 368 1970 lis,
393 1936 425 1964 et
449 1930 570 1969 clausi,
596 1940 662 1962 non
687 1930 750 1963 alio
776 1942 872 1974 quam
897 1942 1052 1966 coreaceo

319 1983 464 2016 eiusdem
489 1982 572 2026 nigri
598 1983 717 2016 coloris
742 1983 894 2027 ligamine
919 1985 1055 2021 adstrin-

318 2036 425 2080 gendi,
443 2047 481 2069 ae
497 2036 746 2080 prominentiori
770 2038 921 2071 calcaneo
946 2049 1056 2071 caren-

319 2094 383 2127 tes,
410 2089 531 2122 tibialia
554 2099 632 2122 vero
656 2089 787 2122 nonnisi
811 2100 847 2122 ex
874 2091 946 2124 lana
971 2091 1055 2135 nigri

318 2143 442 2187 pariter
484 2141 605 2175 coloris
650 2142 881 2186 permittantur
896 2171 904 2185 ‚
941 2149 1055 2180 tenore

319 2195 549 2240 praesentium,
570 2199 728 2240 perpetuo
753 2196 924 2230 statuimus
949 2203 981 2231 et
1005 2209 1056 2232 or-

321 2249 480 2283 dinamus.

362 2301 378 2345 ᾗ
401 2301 432 2336 3.
454 2302 672 2336 Deeernentes
699 2303 831 2336 easdem
863 2311 1056 2348 praesentes

320 2355 444 2388 litteras
468 2365 596 2399 semper
619 2355 736 2396 firmas,
757 2356 878 2390 validas
899 2364 932 2391 et
955 2359 1056 2392 effica-

320 2418 372 2442 ces
398 2409 537 2442 existere
567 2413 599 2442 et
627 2409 708 2449 sore,
735 2420 771 2442 ac
798 2410 875 2451 illis,
901 2411 939 2444 ad
973 2423 1054 2456 quos

319 2467 445 2506 spectat
464 2467 497 2495 et
519 2472 581 2505 pro
605 2466 754 2506 tempore
777 2464 954 2507 spectabit,
987 2466 1056 2508 ple-

319 2514 454 2548 nissime
482 2514 661 2559 suffragari,
680 2521 711 2549 et
726 2517 766 2549 ab
788 2516 851 2549 illis
875 2517 1054 2560 respective

319 2567 555 2602 inviolabiliter
576 2569 755 2610 observari,
778 2570 889 2614 sieque
911 2570 942 2603 in
968 2581 1056 2614 prae·

321 2620 424 2654 missis
448 2631 510 2665 per
537 2632 758 2666 quoscumque
783 2623 906 2656 iudices
927 2624 1058 2657 ordina·

1092 389 1234 429 debere,
1263 400 1300 422 ae
1324 389 1452 422 irritum
1478 395 1509 423 et
1540 390 1635 424 inane
1669 392 1694 424 si
1731 403 1824 425 secus

1090 453 1189 486 super
1224 442 1275 475 his
1306 453 1323 475 a
1348 453 1526 486 quoquam,
1552 444 1662 487 quavis
1687 446 1825 478 auetori-

1092 501 1165 536 tate,
1190 495 1334 530 scienter
1352 497 1402 530 vel
1428 496 1630 540 ignoranter,
1657 498 1829 541 eontigerit

1090 550 1255 583 attentari.

1135 603 1149 647 ἓ
1174 603 1205 636 4.
1225 603 1295 637 Non
1313 604 1519 637 obstantibus
1540 604 1676 648 praefati
1692 605 1829 639 Alexan-

1091 657 1140 690 dri
1155 662 1186 690 et
1199 656 1373 691 Clementis
1389 658 1678 701 praedecessorum
1696 659 1826 698 littoris,

1090 708 1228 755 aliisque
1252 710 1511 744 ordinationibus
1541 716 1573 744 et
1595 711 1830 745 constitutioni-

1091 763 1150 796 bus
1173 763 1381 807 apostolieis,
1408 774 1537 797 necnon
1563 765 1667 798 dictae
1691 764 1831 807 Congre-

1091 816 1238 859 gationis‚
1257 816 1353 849 etiam
1371 817 1566 857 iuramento,
1584 817 1830 851 confirmatione

1092 870 1283 914 apostolica,
1310 870 1358 902 vel
1377 870 1488 914 quavis
1514 870 1667 904 firmitate
1692 871 1755 904 alia
1781 882 1832 904 ro-

1091 923 1226 964 boratis,
1250 923 1375 956 statutis
1396 928 1428 956 et
1448 924 1750 962 consuetudinibus,
1768 924 1832 968 pri-

1092 976 1218 1020 vilegiis
1244 986 1384 1020 quoque,
1409 976 1543 1009 indultis
1569 982 1601 1010 et
1622 977 1739 1010 litteris
1757 988 1832 1021 apo-

1092 1029 1212 1063 stolicis
1224 1029 1256 1062 in
1271 1028 1467 1061 eontrarium
1484 1030 1735 1073 praemissorum
1751 1041 1830 1074 quo-

1091 1083 1270 1116 modolibet
1291 1083 1471 1123 concessis,
1497 1083 1696 1117 confirmatis
1729 1090 1761 1118 et
1783 1085 1831 1118 in-

1092 1137 1195 1177 vatis·,
1237 1137 1352 1181 quibus
1394 1137 1543 1170 omnibus
1588 1142 1622 1170 et
1668 1137 1827 1181 singulis,

1091 1191 1222 1224 illorum
1241 1195 1373 1224 tenores
1396 1191 1625 1235 praesentibus
1649 1202 1710 1235 pro
1732 1193 1827 1235 plenr

1091 1249 1123 1277 et
1149 1243 1350 1277 sufficienter
1375 1244 1541 1288 expressis
1560 1255 1594 1277 ac
1615 1245 1654 1278 de
1674 1245 1773 1278 verbo
1791 1247 1828 1277 :ul

1090 1297 1224 1329 verbum
1252 1297 1386 1330 insertis
1414 1298 1586 1337 habentes,
1613 1298 1678 1331 illis
1699 1298 1779 1331 alias
1796 1299 1829 1331 in

1091 1360 1150 1383 suo
1167 1351 1286 1383 robore
1305 1350 1538 1393 permansuris,
1571 1351 1610 1383 ad
1636 1351 1831 1394 praemisso-

1091 1413 1160 1435 rum
1176 1401 1343 1442 effectum,
1356 1403 1417 1435 hac
1434 1402 1500 1435 vice
1516 1403 1688 1443 dumtaxat,
1703 1404 1832 1447 specia-

1092 1456 1166 1489 liter
1182 1460 1213 1488 et
1229 1466 1382 1499 expresse
1404 1455 1620 1499 deroganuis;
1647 1456 1831 1499 ceterisque

1090 1507 1262 1541 contrariis
1288 1507 1564 1551 quibuscumque.

1135 1561 1202 1605 55.
1226 1561 1378 1594 Volumus
1411 1565 1517 1593 autem
1550 1566 1584 1593 ut,
1609 1562 1829 1604 praesentium
1882 1571 1942 1592 ma<
1969 1574 2023 1593 ‹rau-

1093 1614 1320 1658 transumptis.
1349 1624 1445 1646 manu
1474 1613 1609 1647 alicuius
1635 1615 1752 1648 notarii
1778 1602 1977 1659 pu-w'nwmm'

1093 1667 1166 1701 bliei
1191 1666 1399 1710 subscriptis,
1426 1673 1459 1700 et
1482 1667 1588 1710 sigillo
1612 1677 1774 1711 personae
1798 1669 1830 1701 in

1093 1719 1312 1754 ecclesiastiea
1331 1719 1489 1762 dignitate
1515 1720 1708 1754 constitutae
1729 1721 1833 1753 muni-

1095 1773 1143 1813 tis,
1155 1773 1266 1806 eadem
1280 1783 1412 1816 prorsus
1425 1773 1504 1806 tides
1520 1773 1550 1806 in
1565 1773 1686 1807 iudicio
1698 1779 1729 1807 et
1743 1780 1833 1807 extra

1094 1826 1298 1865 adhibeatur,
1312 1836 1395 1869 quae
1410 1826 1638 1868 praesentibus
1655 1826 1732 1870 ipsis
1745 1827 1833 1859 adlii·

1094 1881 1229 1912 beretur
1246 1878 1271 1911 si
1291 1879 1398 1911 forent
1416 1879 1579 1912 exhibitae
1600 1881 1649 1913 vel
1667 1885 1831 1913 ostensae.

1137 1932 1251 1965 Datum
1270 1932 1400 1972 Romae,
1420 1932 1506 1975 apud
1531 1932 1563 1965 S.
1585 1932 1714 1966 Mariam
1736 1933 1833 1966 Maio-

1096 1995 1179 2025 rem,
1198 1986 1259 2018 sub
1283 1986 1406 2018 annulo
1429 1985 1610 2025 piscatoris,
1630 1986 1681 2019 die
1701 1997 1765 2020 xxu
1791 1987 1834 2019 se-

1095 2038 1215 2071 bruarii
1233 2048 1350 2077 tinette,
1365 2038 1574 2082 pontificatus
1589 2039 1691 2072 nostri
1709 2050 1794 2072 anno
1808 2050 1831 2074 1.

1129 2099 1189 2127 Dat.
1207 2099 1251 2127 die
1271 2100 1304 2126 22
1323 2099 1454 2127 februarii
1477 2100 1556 2135 1690,
1577 2100 1673 2137 pontif.
1695 2107 1801 2129 annot.

1907 621 2021 643 normantia

1839 649 1998 668 contrariorum.

1427 2233 1506 2267 Xlll.

1097 2305 1338 2348 Confirmantur
1351 2308 1459 2338 volum
1481 2305 1749 2349 Conyreyatioms
1761 2317 1836 2350 par-

1142 2357 1291 2391 ticularis
1322 2362 1351 2391 et
1382 2358 1642 2402 clziroqraphum
1667 2369 1763 2403 super
1786 2370 1835 2392 re-

1139 2411 1310 2444 stitutione
1333 2412 1501 2454 fructuum
1521 2411 1784 2446 vicecancellario
1807 2417 1836 2445 et

1139 2464 1363 2497 sunzmatori'.

1134 2545 1144 2571 1
1167 2543 1206 2571 Ab
1228 2543 1383 2571 innocentio
1402 2543 1434 2571 XI
1454 2545 1561 2572 constit.
1577 2545 1620 2572 ed.
1636 2551 1776 2577 Moenum
1792 2545 1835 2572 die

1100 2590 1129 2616 tt
1149 2589 1312 2621 decembris,
1334 2590 1428 2625 pontif.
1449 2598 1487 2623 lv,
1510 2594 1652 2625 segregata
1677 2590 1753 2617 fuere
1773 2590 1834 2616 offi-

1097 2633 1137 2660 eia
1157 2633 1286 2660 vacabilia
1313 2634 1346 2661 ab
1373 2634 1461 2662 officio
1490 2634 1716 2666 vicecancellaiii,
1747 2637 1771 2661 et
1799 2634 1833 2661 ab
