2254 3225
197 222 249 249 An.
265 222 293 249 C.
316 221 383 249 1695

228 970 278 990 Item
296 973 385 990 revoca-

201 999 230 1016 tio
248 1002 319 1016 nurum
330 1001 384 1022 quae

203 1026 259 1047 gesta
275 1025 322 1042 sunt.
335 1028 384 1042 con-

203 1052 232 1068 tia
246 1050 322 1068 dictam
335 1054 384 1068 con—

201 1076 339 1096 stitutionem.

429 211 493 246 72⁶2

390 271 509 305 liorum
549 271 711 304 Romanae
751 270 863 304 Curiae
903 271 1124 314 praelatorum

391 334 489 367 super
521 324 693 368 disciplina
721 324 863 367 regulari
889 323 1077 367 specialiter
1109 332 1126 353 a

390 378 486 410 nobis
512 378 739 421 deputatorum
774 377 921 417 consilio,
958 387 994 409 ac
1030 375 1126 408 etiam

391 435 482 464 motu
508 431 641 474 proprio
660 457 667 471 ‚
693 436 723 463 et
749 441 786 463 ex
811 430 898 462 certa
931 428 1065 461 scientia
1090 438 1126 460 ac

391 485 515 517 matura
540 483 776 517 deliberatione
802 482 932 521 nostris,
965 481 1070 523 deque
1095 490 1127 512 a·

391 537 571 581 postolicae
596 537 764 580 potestatis
790 534 1007 578 plenitudine,
1034 542 1127 576 prae-

393 591 532 623 insertas
556 589 737 622 Innocentii
762 585 1024 631 praedecessoris
1046 585 1128 617 litte-

394 654 456 682 ras,
470 643 643 685 omniaque
661 647 691 674 et
708 642 838 683 singula
858 640 891 672 in
909 639 955 672 eis
973 643 1127 671 contenta

395 701 427 729 et
452 705 616 738 expressa,
637 700 749 727 tenore
767 692 988 737 praesentium
1013 701 1129 734 appro-

393 749 509 781 bamus
535 753 565 780 et
589 746 818 780 confirmamus
851 756 887 778 ac
915 745 1104 777 innovamus
1120 770 1127 783 ‚

395 800 526 844 illisque
552 798 749 832 inviolabilis
773 804 805 831 et
829 796 1073 839 irress'ragabins
1099 806 1129 828 a·

395 853 576 898 postolicae
603 852 762 885 firmitatis
786 851 860 892 vim,
881 851 979 883 robur
996 855 1027 883 et
1043 859 1130 892 prae-

396 907 512 940 sidium
537 905 755 947 adiungimus.

440 960 454 1002 ἓ
479 959 510 992 3.
537 958 720 998 Praeterea,
748 963 848 997 motu,
875 955 1027 995 scientia,
1053 955 1131 988 deli-

395 1011 563 1044 beratione
590 1014 620 1044 et
637 1010 804 1053 potestatis
825 1009 1029 1053 plenitudine
1048 1008 1131 1040 simi-

395 1066 492 1105 libus,
518 1064 625 1098 omnia
651 1069 682 1097 et
707 1064 845 1105 singula,
874 1073 957 1105 quae
982 1062 1048 1095 sive
1073 1071 1131 1104 per

396 1117 603 1151 collationem
628 1115 806 1159 magisterii
831 1115 1036 1157 aliorumque
1061 1125 1131 1156 gra-

397 1172 495 1204 duum
515 1181 571 1203 sen
590 1170 772 1203 officiorum
791 1179 890 1211 supra
911 1178 1081 1201 numeram
1098 1167 1130 1200 in

395 1224 542 1267 capitulis
575 1223 782 1266 generalibus
807 1222 883 1255 dicti
909 1221 1037 1254 Ordinis
1070 1231 1130 1264 pro

392 1279 588 1320 unaquaque
613 1276 781 1319 provincia
806 1274 905 1318 ipsius
931 1274 1058 1307 Ordinis
1083 1284 1130 1306 re-

394 1330 536 1374 spective
562 1328 797 1373 praefinitum',
823 1328 886 1359 sive
919 1338 978 1370 per
1005 1327 1130 1360 numeri

393 1383 581 1416 huiusmodi
608 1382 866 1425 ampliationem,
886 1381 952 1413 sive
978 1391 1037 1424 per
1061 1391 1130 1424 pro-

393 1435 573 1469 motionem
598 1435 635 1467 ad
656 1435 786 1467 eosdem
807 1434 926 1475 gradus
951 1443 1008 1465 seu
1027 1433 1130 1465 officia

394 1499 454 1531 pro
485 1488 565 1520 locis
593 1487 751 1520 vacaturis
777 1485 865 1519 sivc³
897 1485 1016 1528 absque
1048 1485 1130 1528 peti-

394 1541 483 1573 tione
508 1540 611 1583 ipsius
637 1539 825 1583 provinciae
850 1549 910 1582 per
935 1538 1130 1571 constitutio-

394 1605 452 1627 nes
489 1594 618 1627 Ordinis
651 1593 809 1636 praedicti
842 1603 879 1625 ae
914 1592 1130 1635 capitulorum

396 1646 596 1690 generalium
622 1645 806 1679 huiusmodi
833 1645 1055 1678 ordinationes
1080 1655 1131 1678 re-

396 1700 526 1741 quisita,
540 1699 605 1731 sive
621 1709 678 1741 per
695 1698 833 1741 aliquam
847 1708 863 1730 a
878 1698 979 1730 choro
996 1698 1130 1730 aliamve

396 1752 536 1785 cuiusvis
554 1751 683 1794 generis
709 1751 950 1793 exemptionem
967 1756 1021 1783 aut
1038 1760 1130 1793 prae·
1151 1782 1152 1785 ,

1150 1813 1152 1823 v
1173 1800 1315 1833 labiliter
1337 1806 1369 1832 et
1385 1799 1575 1832 inconcusse
1593 1800 1766 1841 observari,
1785 1812 1845 1834 nec
1870 1802 1910 1835 de

395 1805 571 1848 rogativam
592 1805 655 1838 loci
676 1805 963 1837 baccalaureorum
990 1809 1020 1836 et
1044 1803 1131 1837 vocis

394 1858 429 1890 in
454 1857 605 1901 capitulis
626 1857 876 1901 provincialibus
890 1867 1075 1890 concessam
1094 1856 1131 1888 iis

394 1911 548 1944 fratribus
566 1910 619 1954 qui
637 1910 768 1943 realiter
787 1915 818 1942 et
843 1920 914 1942 cum
933 1909 1047 1942 etl'ectu
1065 1920 1132 1942 non

396 1969 504 1997 autem
522 1974 580 2006 per
598 1963 825 2006 aequipollens
842 1963 1049 1995 laudabiliter
1065 1973 1130 1995 non

396 2017 601 2050 exercuerint
625 2022 720 2059 atquc
739 2016 974 2059 compleverint
990 2016 1047 2049 illa
1068 2016 1132 2049 osti-

397 2070 446 2103 cia
470 2076 503 2103 et
534 2081 600 2103 non
636 2070 903 2113 supportaverint
931 2069 1041 2102 onmia
1076 2070 1133 2102 illa

397 2134 497 2156 onera
514 2133 594 2166 quae
620 2123 706 2156 iuxta
722 2123 961 2166 praescriptum
981 2123 1132 2155 constitu-

396 2177 521 2209 tionum
537 2182 567 2209 et
588 2176 803 2219 capitulorum
822 2176 1021 2219 generalium
1038 2187 1132 2219 prac-

397 2229 556 2263 dictorum
570 2229 608 2261 ad
624 2229 820 2261 obtinendos
835 2229 962 2271 gradus,
978 2228 1083 2262 ossicia
1100 2234 1133 2262 et

397 2281 619 2325 exemptiones
634 2281 818 2314 huiusmodi
840 2282 1025 2315 necessario
1042 2292 1132 2325 prac-

397 2334 513 2369 cedere
532 2334 660 2373 debent,
679 2333 744 2366 sive
763 2334 890 2366 demum
915 2344 973 2377 per
997 2333 1059 2367 alia
1084 2334 1132 2366 in-

398 2388 487 2421 dulta
517 2393 547 2420 et
573 2387 691 2429 gratias
724 2386 755 2419 id
779 2386 884 2429 ipsum
909 2387 1129 2430 importantia,
1151 2377 1153 2399 ‘¹

397 2446 512 2477 contra
535 2439 777 2483 praedictarum
795 2439 973 2472 Innocentii
998 2441 1131 2483 praede—

397 2493 534 2527 cessoris
559 2493 740 2525 litterarum
776 2492 912 2524 sormam
938 2497 969 2524 et
994 2492 1132 2536 disposi-

432 2565 445 2591 1
468 2564 538 2591 Edit.
554 2563 632 2590 Maia.
650 2563 714 2598 legit
726 2563 915 2597 praefinitam
931 2564 970 2596 (n.
987 2564 1035 2597 T.).

433 2609 449 2636 2
463 2608 599 2636 Particula
613 2609 670 2636 siz-e
686 2607 799 2635 delenda
815 2607 918 2635 videtur
931 2608 969 2643 (n.
985 2608 1033 2643 T.)-

985 218 1164 246 BULLARIUM
1187 218 1340 244 ROMANUM

1165 269 1285 302 tionem
1318 270 1474 301 hactenus
1511 267 1759 311 quomodolibet
1791 266 1897 299 forsan

1167 326 1246 361 acta,
1272 327 1362 363 gesta
1385 332 1441 354 seu
1467 326 1622 354 attentata
1656 321 1805 361 suerunt,
1841 329 1898 362 pe-

1168 374 1254 406 nitus
1280 379 1311 406 et
1335 374 1467 407 omnino
1486 375 1583 415 nulla,
1605 374 1724 413 inania,
1745 373 1898 411 invalida,

1167 427 1266 466 irrita,
1302 427 1487 470 nulliusque
1525 427 1650 460 roboris
1682 432 1712 460 et
1742 426 1897 460 momenti

1168 489 1237 511 esse
1263 484 1294 512 et
1318 479 1397 518 sore,
1431 481 1615 512 earumdem
1653 484 1766 512 tenore
1806 489 1899 522 prae-

1168 532 1307 564 sentium
1332 532 1550 572 declaramus3
1576 538 1607 564 et
1631 532 1843 564 nihilominus
1861 533 1900 564 ad

1168 583 1322 616 maiorem
1339 586 1503 624 cautelam,
1519 589 1558 623 et,
1575 588 1732 626 quatenus
1753 594 1834 626 opus
1851 584 1899 624 sit,

1169 635 1224 668 illa
1247 636 1356 669 onmia
1380 642 1411 669 et
1447 637 1596 679 singula,
1621 642 1727 677 motu,
1752 636 1899 676 scientia,

1170 688 1408 722 deliberatione
1433 695 1465 722 et
1497 689 1667 732 potestatis
1699 689 1902 732 plenitudine

1170 742 1316 785 paribus,
1334 743 1450 775 harum
1475 743 1558 776 serie
1583 751 1779 782 revocamus,
1800 753 1904 775 cassa-

1171 806 1251 835 mus,
1285 795 1458 835 irritamus,
1485 796 1691 828 annullamus
1727 801 1771 829 et·
1793 795 1905 829 abole-

1171 859 1254 889 mus,
1290 848 1480 892 viribusque
1506 854 1538 883 et
1563 849 1675 882 etl'ectu
1711 850 1839 893 penitus
1875 854 1907 882 et

1172 902 1304 935 omnino
1330 913 1512 944 vacuamus,
1528 908 1559 936 et
1576 914 1635 947 pro
1654 903 1823 944 revocatis,
1843 914 1907 936 cas·

1172 954 1256 994 satis,
1282 955 1392 995 irritis,
1413 955 1524 995 nullis,
1545 956 1693 989 invalidis
1713 961 1743 989 et
1765 955 1905 997 abolitis,

1173 1007 1360 1050 viribusque
1386 1013 1418 1040 et
1443 1007 1558 1040 effectu
1575 1008 1704 1051 penitus
1723 1013 1754 1041 et
1775 1008 1906 1042 omnino

1172 1060 1279 1093 vacuis
1306 1060 1419 1093 haberi
1441 1061 1559 1094 debere
1585 1061 1787 1094 decernimus
1804 1067 1833 1095 et
1852 1073 1908 1105 pa-

1173 1113 1252 1146 riter
1273 1113 1497 1155 deelaramus;
1517 1114 1587 1147 sine
1606 1115 1673 1147 ullo
1691 1121 1798 1148 tamen
1816 1125 1909 1158 prae-

1173 1166 1293 1199 iudicio
1329 1166 1460 1199 illorum
1499 1167 1654 1208 fratrum,
1693 1168 1771 1210 qui,
1810 1167 1908 1200 dicta-

1173 1229 1243 1252 rum
1260 1219 1441 1252 Innocentii
1456 1220 1717 1263 praedecessoris
1730 1220 1908 1254 litterarum

1173 1272 1337 1305 mentione
1362 1272 1457 1312 sacta,
1495 1283 1670 1316 earumque
1696 1273 1908 1315 derogatione

1170 1325 1315 1367 lesitime
1340 1325 1481 1364 obtenta,
1508 1325 1597 1359 Sedis
1625 1327 1833 1370 Apostolicae
1859 1338 1909 1359 au-

1172 1378 1320 1411 ctoritate
1346 1378 1487 1421 promoti
1524 1389 1582 1412 seu
1609 1379 1750 1423 exempti
1777 1390 1908 1423 quomo-

1172 1430 1296 1463 dolibet
1321 1431 1540 1473 reperiuntur.

1216 1483 1274 1526 gli.
1289 1483 1507 1516 Decernentes
1521 1484 1656 1527 pariter,
1671 1485 1801 1518 easdem
1817 1496 1910 1528 prae-

1172 1542 1278 1569 sentes
1303 1536 1425 1569 litteras
1452 1547 1584 1580 semper
1603 1537 1721 1577 firmas,
1740 1538 1861 1571 validas
1879 1544 1909 1571 ct

1172 1589 1316 1622 efficaces
1343 1589 1477 1622 existere
1504 1595 1535 1622 et
1553 1590 1629 1629 sore,
1643 1600 1784 1634 suosque
1803 1591 1911 1633 plena-

1172 1641 1237 1674 rios
1263 1646 1294 1674 et
1317 1641 1461 1684 integros
1487 1641 1617 1675 effectus
1643 1642 1750 1675 sortiri
1777 1648 1808 1675 et
1832 1643 1911 1676 obti-

1172 1704 1261 1734 nere,
1286 1704 1320 1726 ac
1346 1695 1385 1727 ab
1411 1694 1486 1734 illis,
1504 1695 1542 1727 ad
1562 1705 1642 1738 quos
1660 1700 1786 1738 spectat
1803 1701 1835 1728 et
1851 1707 1910 1739 pro

1173 1752 1321 1790 tempore
1340 1747 1607 1790 quandocumque
1625 1748 1794 1790 spectabit,
1813 1748 1912 1782 invio·

1173 1853 1396 1896 subreptionis
1410 1854 1472 1886 ·vel
1504 1853 1708 1896 obreptionis
1734 1859 1789 1887 aut
1813 1855 1911 1888 nulli-

1175 1906 1245 1938 tatis
1271 1905 1355 1946 vitio,
1388 1916 1445 1938 seu
1478 1906 1669 1940 intentionis
1694 1912 1824 1940 nostrae
1855 1913 1910 1940 aut

1173 1958 1333 1992 interesse
1365 1959 1555 1991 habentium
1590 1962 1769 1992 consensus
1804 1961 1909 1994 aliove

1174 2012 1322 2058 quolibet
1353 2012 1449 2044 etiam
1481 2013 1686 2055 quantumvis
1714 2014 1842 2047 formali
1875 2025 1910 2047 ac

1173 2065 1371 2098 individuam
1390 2065 1634 2107 expressionem
1654 2066 1841 2109 requirente
1861 2067 1911 2100 de-

1173 2119 1258 2151 fectu
1283 2117 1397 2157 notari,
1422 2117 1617 2160 impugnari,
1635 2118 1777 2161 infringi,
1799 2119 1910 2152 redar-

1174 2172 1240 2215 gui,
1267 2171 1299 2204 in
1335 2171 1588 2204 controversiam
1624 2173 1741 2211 vocari,
1778 2183 1832 2205 seu
1870 2173 1909 2205 ad

1174 2225 1328 2258 terminos
1353 2225 1431 2256 iuris
1457 2223 1579 2263 reduci,
1598 2229 1650 2256 aut
1667 2225 1818 2257 adversus
1836 2225 1908 2258 illas

1173 2278 1390 2311 restitutionis
1417 2278 1448 2310 in
1468 2278 1641 2319 integrum,
1659 2278 1851 2320 aperitionis
1875 2289 1910 2311 o-

1174 2332 1228 2373 ris,
1256 2332 1383 2365 aliudve
1408 2331 1638 2374 quodcumque
1656 2331 1744 2372 iuris,
1765 2331 1838 2364 sacti
1859 2333 1910 2365 vel

1175 2385 1296 2428 gratiae
1321 2385 1499 2418 remedium
1524 2384 1693 2427 impetrari
1731 2386 1780 2418 vel
1804 2385 1911 2418 inten-

1175 2440 1246 2479 tari,
1274 2450 1329 2472 seu
1370 2439 1561 2481 impetrato,
1586 2443 1641 2470 aut
1680 2438 1777 2471 etiam
1810 2444 1910 2480 motu,

1175 2491 1310 2526 scientia
1336 2497 1367 2524 et
1390 2491 1561 2534 potestatis
1594 2491 1798 2534 plenitudine
1823 2492 1910 2524 simi-

1175 2547 1259 2579 libus
1285 2555 1439 2578 concesso
1464 2545 1513 2577 vel
1546 2549 1691 2577 emanato
1727 2545 1910 2587 quempiam

1175 2600 1206 2633 in
1230 2599 1351 2633 iudicio
1384 2598 1433 2631 vel
1467 2602 1555 2630 extra
1586 2597 1667 2630 illud
1701 2597 1748 2629 uti
1779 2607 1838 2630 seu
1873 2607 1908 2630 se

1904 216 1955 242 An.
1975 215 2004 242 C.
2025 216 2091 243 1105

1948 1495 2068 1517 Clausulam
