2227 3225
104 221 154 248 An.
176 221 203 246 C.
223 219 287 247 169¹

895 216 1100 242 mnocmvrffls

295 268 374 302 alios
399 277 474 300 vero
502 267 680 300 electorum
707 266 909 309 generalium
936 265 1030 298 titulo

295 320 435 364 gaudere
477 319 716 353 constituimus.
758 319 800 351 Ex
834 319 885 352 bis
924 323 1031 351 autem

295 372 445 406 omnibus
470 372 610 416 primum
642 373 749 405 locum
786 371 929 404 habeant
957 381 1032 414 pro-

294 425 460 465 vinciales,
488 425 606 458 deinde
633 424 821 458 definitores
846 424 1030 467 generaleS,

294 489 375 522 quos
408 477 648 521 subsequantur
680 478 839 521 electores
867 477 952 509 iuxta
976 486 1032 508 an-

295 531 474 575 tiquitatem
498 530 752 575 provinciarum.

299 590 301 592 '
339 596 381 618 iv.
409 584 541 618 Vocales
567 584 724 628 insuper,
758 593 841 626 quos
873 583 1033 616 electores

295 638 465 681 generales
492 636 637 677 dicimus,
664 641 786 669 tantum
817 635 961 669 habeant.
984 645 1033 668 vo-

295 701 364 724 cem
402 696 434 723 et
458 689 642 732 suffragium
668 689 700 722 in
725 688 849 722 actibus
875 687 964 732 pleni
986 697 1034 719 ca-

295 744 408 787 pituli,
430 743 556 777 seilicet
574 742 606 775 in
624 741 862 785 qualificatione
877 741 1033 774 vocalium

295 801 370 830 ante
396 796 607 835 electionem,
634 801 666 828 et
700 796 732 828 in
766 795 838 838 ipsa
873 794 1032 827 electione

296 849 441 893 magistri
466 855 497 882 et
522 849 750 892 designatione
776 849 890 882 domus
910 847 1034 890 capitu-

295 902 388 943 laris,
413 913 479 936 non
503 907 610 935 autem
635 902 667 934 in
700 901 771 934 aliis
808 900 1034 943 congregatio-

296 955 398 995 nibus,
426 966 505 999 quas
524 954 742 988 definitorium
762 954 800 987 ad
819 953 1033 987 differentiam

296 1009 428 1052 capituli
453 1018 692 1051 nuncupamus.

340 1073 368 1094 v.
388 1061 481 1094 Prior
493 1066 600 1094 autem
614 1058 1033 1099 Barchinonensis,etiamsi

297 1125 364 1148 non
390 1114 431 1147 sit
455 1114 592 1147 vicarius
618 1113 777 1156 generalis
807 1123 912 1156 neque
943 1122 1035 1155 prae-

298 1168 403 1201 sideat
428 1167 592 1211 capitulo,
618 1177 731 1199 vocem
764 1166 863 1199 habet
887 1176 952 1198 non
983 1176 1035 1198 so-

298 1223 366 1255 lum
393 1221 425 1254 in
451 1220 666 1254 electionibus
692 1220 793 1260 illius,
813 1219 870 1252 sed
889 1218 985 1252 etiam
1002 1219 1035 1251 in

299 1273 492 1307 delinitoriis
524 1272 824 1316 subsequentibus,
860 1277 892 1304 et
929 1272 1035 1304 locum

297 1331 371 1371 post
385 1326 598 1370 provinciales
610 1325 812 1368 vicariosque
823 1325 1036 1368 provinciales

298 1379 533 1419 immediatum;
559 1389 672 1411 vocem
697 1383 803 1411 tamen
828 1377 861 1410 in
886 1378 1036 1411 omnibus

296 1436 371 1464 ante
396 1431 472 1464 illos
497 1441 610 1464 omnes
637 1431 794 1464 obtineat.

340 1494 384 1517 v1.
417 1482 563 1523 Deinde,
602 1483 654 1525 qui
692 1483 725 1515 in
761 1483 907 1517 Romana
941 1483 1036 1516 Curia

297 1541 429 1570 strenue
452 1540 484 1568 et
508 1546 582 1568 cum
606 1536 843 1578 approbatione
872 1538 1035 1570 communi

296 1590 330 1623 in
355 1589 461 1622 officio
483 1589 706 1631 procuratoris
724 1589 884 1631 generalis
909 1600 943 1623 se
969 1601 1037 1633 ges-

297 1642 400 1676 serint
424 1652 484 1686 per
509 1641 783 1685 quinquennium,
810 1653 867 1675 seu
889 1644 1036 1686 magistri

298 1706 355 1729 seu
389 1696 491 1729 solius
526 1700 793 1738 praesentaturae
819 1696 918 1738 gradu
943 1708 1038 1740 prae-

298 1750 453 1792 fulgeant,
479 1760 588 1782 vocem
615 1749 737 1782 habent
761 1749 793 1781 in
819 1750 962 1793 capitulo
988 1762 1038 1794 ge-

298 1802 400 1836 nerali
422 1802 569 1846 proxime
596 1802 791 1835 celebrando
810 1803 986 1845 dumtaxat,
1007 1810 1038 1838 et

297 1866 363 1889 non
380 1861 503 1888 tantum
516 1855 549 1888 in
561 1855 775 1888 electionibus
791 1856 878 1899 pleni
893 1857 1037 1900 capituli,

298 1919 411 1942 verum
427 1909 523 1941 etiam
536 1908 568 1941 in
580 1908 729 1941 omnibus
745 1908 814 1941 eius
831 1909 1035 1952 delinitoriis,

299 1973 401 2007 usque
423 1963 462 1995 ad
481 1962 722 1995 absolutionem
744 1967 775 1995 et
798 1962 896 1995 tinem
921 1964 1037 2008 ipsius,

298 2027 335 2049 ex
362 2016 495 2049 decreto
516 2015 648 2059 capituli
668 2016 829 2058 generalis
848 2015 1000 2060 Optensis
1021 2028 1038 2051 a

297 2069 351 2104 SS.
371 2070 407 2103 D.
427 2068 464 2102 N.
484 2069 675 2107 Innocentio
694 2069 733 2101 XI
751 2069 953 2103 confirmato.

341 2133 398 2157 vn.
425 2122 523 2162 Cum,
550 2121 750 2165 temporibus
786 2124 980 2165 opportunis
1007 2130 1039 2158 et

298 2176 425 2211 casibus
449 2186 466 2208 a
491 2175 721 2208 constitutione
747 2178 859 2208 nostra
883 2178 1037 2220 praevisis

298 2235 330 2263 et
355 2229 523 2268 ordinatis,
548 2228 663 2271 possit,
690 2229 722 2261 in
750 2229 878 2262 defectu
904 2230 1037 2264 alicuius

298 2283 338 2316 de
363 2282 538 2326 praedictis
564 2281 764 2315 electoribus
789 2288 842 2315 aut
862 2283 1039 2316 definitori—

298 2336 369 2376 bus,
396 2345 499 2369 novus
525 2335 607 2368 alius
634 2337 708 2368 vera
737 2341 768 2368 et
792 2336 950 2369 canonica
975 2337 1037 2370 ele-

298 2389 404 2423 ctione
429 2399 447 2422 a
464 2387 648 2422 definitorio
667 2388 857 2432 provinciali
876 2390 1037 2431 substitui,

299 2452 396 2486 super
411 2441 473 2475 hoc
491 2442 561 2485 ipso
580 2441 791 2481 declaramus,
809 2442 894 2475 iuxta
908 2443 1039 2476 decreta

300 2494 497 2539 praesentis¹
523 2495 656 2538 capituli
683 2495 842 2538 generalis
868 2496 1036 2539 Optensis,

300 2548 382 2581 hanc
408 2547 675 2581 substitutionem
699 2548 803 2581 solum
830 2558 902 2581 esse
921 2549 1038 2583 intelli-

336 2608 346 2634 1
371 2606 471 2634 Forsan
488 2608 620 2642 praefati
642 2608 681 2635 rel
698 2608 898 2642 praecedentis
926 2610 966 2644 (n.
987 2609 1035 2644 Τ.).

405 2662 484 2690 Butt.
503 2663 581 2691 [ἰοηι.
599 2677 633 2683 ·-
655 2664 710 2690 ῑύἰ.
730 2664 787 2690 XX.

935 2665 965 2692 ω

1129 219 1169 241 ιιι
1197 220 1241 241 rr.

1075 265 1212 306 gendam
1238 270 1269 298 et
1294 275 1390 308 posse
1416 266 1483 299 fieri
1510 268 1637 310 aliquo·
1659 278 1695 301 ex
1718 280 1814 312 prae-

1075 317 1169 350 dictis
1206 317 1369 361 suffragiis
1405 325 1494 353 certo
1531 325 1564 353 et
1599 321 1815 356 determinate

1073 381 1186 403 vacare
1212 372 1386 413 contigerit
1410 372 1442 404 in
1468 372 1595 412 effectu,
1616 386 1680 408 non
1707 382 1814 409 autem

1075 424 1117 456 ob
1138 425 1241 457 solam
1266 426 1521 467 contingentiam
1552 429 1600 460 vel
1623 439 1733 461 casum
1752 441 1815 472 quo

1076 476 1159 509 forte
1184 477 1217 510 in
1252 477 1370 510 itinere
1405 484 1460 510 aut
1497 479 1527 511 in
1565 480 1636 522 ipso
1672 482 1817 524 capitulo

1076 529 1188 572 quovis
1213 530 1311 563 modo
1337 530 1485 573 impediri
1504 533 1609 574 possit
1626 539 1681 566 aut
1698 534 1818 568 defice-

1076 592 1122 614 re.
1142 581 1234 620 Quod
1260 588 1293 615 ut
1318 583 1565 618 immutabiliter
1583 586 1765 629 impleatur,
1786 594 1818 621 et,

1077 646 1142 668 non
1173 636 1217 669 ita
1249 637 1313 670 late
1349 637 1399 669 via
1433 643 1544 680 pateat
1578 641 1816 683 multiplicandi

1077 688 1238 732 suffragia,
1258 700 1320 723 nec
1345 691 1492 733 pluribus
1517 703 1613 735 quam
1633 704 1690 736 par
1707 700 1756 727 est
1773 701 1818 727 te-

1077 752 1166 775 mere
1199 748 1230 775 et
1254 742 1324 775 sine
1355 746 1453 776 causa
1484 745 1699 778 determinata
1729 747 1818 782 adire

1077 795 1256 838 capitulum
1281 796 1387 836 liceat,
1405 798 1567 839 praesenti
1586 799 1819 834 constitutione

1077 848 1305 891 praecipimus,
1332 850 1457 882 nullum
1483 851 1661 884 electorem
1688 857 1741 885 aut
1765 865 1820 887 vo-

1078 902 1193 941 calem,
1223 901 1253 934 in
1280 903 1385 935 locum
1422 904 1556 936 alterius
1593 905 1818 948 subrogatum,

1078 965 1172 997 posse
1216 955 1255 987 de
1290 960 1401 987 cetero
1438 956 1563 989 admitti
1600 958 1633 990 in
1674 960 1820 1001 generali

1078 1007 1220 1051 capitulo
1255 1008 1293 1041 ad
1330 1008 1470 1051 aliquem
1507 1009 1575 1042 eius
1612 1016 1726 1051 actum,
1757 1012 1820 1045 nisi

1078 1060 1225 1093 exhibito
1251 1071 1380 1104 semper
1404 1067 1435 1094 et
1460 1062 1591 1095 realiter
1611 1070 1820 1106 praesentato

1079 1114 1268 1147 authentico
1296 1114 1483 1148 testimonio
1508 1116 1540 1148 in
1567 1116 1634 1159 ipsa
1656 1118 1705 1150 sui
1731 1129 1822 1152 crea-

1080 1167 1166 1200 tione
1203 1178 1221 1199 a
1257 1166 1446 1200 delinitor-io
1481 1170 1675 1211 provinciali
1708 1182 1822 1205 conce-

1079 1220 1195 1259 dendo,
1213 1225 1310 1263 prout
1334 1220 1470 1253 inferius
1489 1221 1521 1253 in
1540 1222 1600 1255 liac
1617 1223 1687 1265 ipsa
1713 1223 1824 1257 distin-

1079 1272 1185 1304 ctione
1213 1283 1362 1316 cap.xx11
1389 1273 1572 1315 ordinatur,
1600 1286 1663 1318 quo
1690 1276 1823 1310 eviden-

1081 1330 1129 1357 ter
1157 1324 1301 1357 constat³
1326 1326 1364 1358 de
1390 1326 1517 1359 defectu
1544 1328 1762 1362 determinato
1789 1336 1822 1363 et

1079 1377 1225 1420 legitimo
1250 1377 1485 1420 impedimento
1511 1378 1597 1413 illius
1630 1381 1684 1423 qui
1711 1383 1750 1415 ad
1778 1388 1823 1415 ta·

1080 1432 1142 1464 lem
1179 1441 1290 1463 vocem
1326 1431 1512 1464 habendam
1538 1432 1569 1464 in
1595 1434 1738 1476 capitulo
1770 1446 1822 1478 ge-

1080 1483 1182 1517 nerali
1208 1484 1330 1516 electus
1356 1484 1506 1517 fueritin
1531 1496 1607 1519 suae
1632 1488 1821 1530 provinciae

1080 1537 1270 1581 provinciali
1296 1537 1448 1580 capitulo.

1123 1601 1194 1623 vin.
1216 1589 1377 1628 Quantum
1401 1601 1476 1624 vero
1503 1592 1541 1624 ad
1569 1592 1739 1635 eligendos
1764 1606 1821 1629 eos

1081 1643 1134 1686 qui
1159 1653 1271 1676 vocem
1298 1643 1458 1685 passivam
1476 1643 1614 1677 habeant
1634 1646 1666 1679 in
1684 1658 1823 1690 congre-

1080 1696 1212 1739 gatione
1249 1696 1408 1739 generali,
1447 1698 1615 1731 statuimus
1652 1700 1757 1742 primo
1782 1702 1821 1735 ad

1081 1749 1265 1791 magistrum
1290 1750 1478 1792 generalem
1504 1760 1568 1783 non
1594 1762 1821 1797 quoscumque

1081 1802 1120 1835 de
1137 1802 1257 1835 Ordine
1276 1812 1344 1834 esse
1363 1812 1492 1845 semper
1511 1803 1649 1843 habiles,
1665 1806 1720 1838 sed
1736 1806 1823 1840 inter

1081 1855 1149 1887 eius
1173 1854 1357 1898 provincias
1380 1860 1410 1886 et
1432 1865 1532 1897 regna
1550 1863 1741 1899 sequentem
1759 1869 1821 1891 ser-

1080 1907 1216 1940 vandam
1242 1906 1308 1939 fore
1334 1907 1569 1947 alternativam,
1596 1909 1637 1942 ita
1663 1910 1822 1951 videlicet,

1080 1965 1114 1992 ut
1138 1961 1238 1993 semel
1263 1960 1303 1992 sit
1328 1970 1364 1992 ex
1392 1962 1456 1992 tota
1480 1964 1601 1994 corona
1627 1963 1821 2004 Aragoniae,

1080 2013 1213 2053 Galliae,
1240 2012 1358 2053 Italiae,
1386 2013 1544 2056 regnique
1566 2014 1748 2056 Navarrae;
1775 2028 1822 2050 se-

1080 2067 1143 2099 mel
1180 2076 1257 2099 vero
1293 2076 1330 2098 ex
1368 2068 1434 2098 tota
1465 2068 1584 2099 corona
1608 2067 1766 2102 Castellae
1791 2074 1823 2104 et

1080 2119 1320 2162 portugalliae,
1354 2118 1489 2152 inclusis
1526 2120 1702 2162 provinciis
1732 2122 1818 2155 Van-

1081 2173 1207 2213 daliae,
1246 2177 1276 2205 et
1308 2172 1471 2205 indiarum
1504 2173 1752 2207 occidentalium
1785 2186 1822 2209 ac

1080 2226 1175 2259 etiam
1194 2225 1400 2258 orientalium
1419 2226 1671 2269 congregatione
1689 2238 1745 2260 seu
1763 2228 1824 2261 do·

1079 2280 1197 2313 milius.

1124 2344 1166 2366 ix.
1192 2332 1285 2371 Quod
1321 2332 1452 2376 quidem
1490 2332 1739 2375 intelligendum
1772 2339 1822 2367 est.

1080 2386 1118 2419 de
1140 2386 1213 2419 filiis
1238 2386 1394 2418 dictarum
1412 2385 1652 2428 provinciarum
1670 2398 1724 2419 seu
1743 2397 1820 2420 con-

1079 2439 1307 2482 gregationum
1333 2443 1385 2471 aut
1410 2439 1592 2479 domorum,
1619 2439 1673 2482 qui
1700 2439 1731 2472 iu
1758 2440 1820 2472 eis·

1079 2493 1151 2525 dem
1188 2502 1262 2526 vere
1295 2492 1533 2536 professionem
1558 2493 1736 2533 emiserint,
1760 2503 1826 2527 nec.

1116 2565 1125 2590 1
1150 2563 1263 2590 Videtur
1282 2562 1426 2598 legendum
1447 2571 1513 2590 casu
1533 2571 1585 2604 ¹quo
1605 2566 1644 2599 (a.
1662 2565 1711 2593 T.)-

1113 2607 1128 2635 2
1147 2608 1242 2644 Aptius
1261 2608 1319 2644 lege
1339 2610 1444 2636 constet
1466 2614 1501 2640 (a.
1524 2606 1572 2641 m.

1713 211 1776 246 320
1823 222 1871 247 Λιι,
1894 219 1920 246 13.
1941 220 2000 246 tuat
