2227 3225
156 185 208 210 Αιι.
230 183 259 209 C.
279 183 348 209 ⁸690

182 1043 338 1064 Contrariorum

155 1069 276 1095 derogatio.

200 2522 263 2541 rma.-
288 2524 344 2544 tran-

160 2550 298 2574 'mutatorum

352 236 447 270 tutas,
469 230 628 274 repositas
647 233 678 261 et
694 228 841 272 plenarie
864 228 1087 270 reintegratus,

349 291 381 318 et
404 285 444 318 de
469 294 552 317 novo
577 284 672 316 etiam
703 283 763 315 sub
795 293 1001 326 quacumque
1034 293 1090 325 po-

348 337 480 371 steriori
520 337 594 370 data
628 337 898 380 quandocumque
939 337 1090 379 eligenda

348 402 520 425 concessas
551 401 622 424 esse
652 397 683 424 et
716 391 794 431 sore,
819 391 946 434 ipsique
977 391 1088 424 Ordini

348 446 384 480 B.
418 446 534 478 Mariae
564 445 603 478 de
634 445 780 478 Mercede
814 444 1002 487 suffragari3
1030 444 1089 477 sie-

349 509 435 542 que,
470 503 502 531 et
534 509 599 532 non
632 495 735 538 alias,
773 508 832 540 per
864 508 1089 540 (piosctunque

349 552 491 592 iudices,
524 552 620 585 etiam
658 561 824 584 causarum
861 551 973 594 palatii
1012 561 1089 593 apo-

349 605 457 638 stolici
483 605 671 645 auditores,
697 615 733 637 ac
758 604 902 637 eiusdem
928 604 960 636 S.
988 604 1024 636 R.
1052 604 1086 636 E.

349 659 546 698 cardinales,
566 658 661 691 etiam
681 657 719 690 de
739 658 839 690 latere
858 658 993 699 legatos,
1012 657 1090 689 ticc-

349 713 482 754 legatos,
508 722 545 744 ac
562 711 654 744 Sedis
673 711 878 754 Apostolicae
904 710 1089 753 praedictae

349 765 494 805 nuncios,
522 764 655 798 iudicari
682 769 714 797 et
739 764 865 797 deliniri
891 764 1031 802 debere,
1053 764 1092 795 ir-

349 818 445 850 ritum
475 828 605 861 quoque
635 822 667 851 et
695 817 789 850 inane
811 817 968 861 quidquid
999 827 1091 850 secus

351 881 451 915 super
476 871 527 904 his
553 881 571 903 a
595 881 770 914 quoquam,
786 871 898 914 quavis
919 870 1092 903 auctorita—

349 930 397 966 te,
434 925 573 959 scienter
595 925 645 958 vel
673 925 885 967 ignoranter,
917 923 1092 967 contigerit

352 978 515 1012 attentari.

394 1032 408 1075 ἓ
435 1032 468 1065 lt.
498 1031 567 1065 Non
599 1031 806 1066 obstantibus
835 1030 1031 1074 praemissis,
1057 1041 1093 1063 ac

351 1086 516 1129 quibusvis
540 1084 743 1128 apostolicis,
769 1090 799 1117 et
823 1084 855 1117 in
880 1084 1092 1128 synodalibus

351 1138 668 1181 provincialibusque
694 1143 727 1170 et
750 1137 990 1170 universalibus
1023 1147 1095 1169 con-

353 1191 437 1224 ciliis
461 1190 570 1229 editis,
589 1190 787 1233 specialibus
812 1190 860 1223 vel
876 1190 1092 1232 generalibus,

351 1243 635 1277 constitutionibus
664 1248 695 1276 et
726 1243 998 1281 ordinationibus,
1024 1253 1094 1275 nec.

351 1307 415 1330 non
441 1296 637 1338 regularium
671 1297 850 1335 domorum,
883 1297 1030 1329 locorum
1064 1302 1095 1328 et

350 1349 479 1382 Ordinis
519 1349 721 1386 huiusmodi,
764 1349 860 1382 etiam
900 1349 1093 1388 iuramento,

350 1402 597 1435 confirmatione
619 1402 814 1446 apostolica,
834 1403 883 1436 vel
909 1402 1021 1445 quavis
1042 1402 1095 1434 su·-

350 1455 461 1488 mitate
480 1455 541 1488 alia
559 1455 729 1494 roboratis,
749 1455 876 1488 statutis
902 1461 932 1488 ct
957 1466 1095 1488 consue-

351 1508 520 1541 tudinibus
536 1535 543 1548 ,
569 1508 748 1551 privilegiis
773 1519 903 1552 quoque
919 1536 926 1548 ,
960 1509 1094 1542 indultis

352 1567 384 1595 et
408 1561 526 1595 litteris
552 1562 746 1604 apostolicis,
773 1562 927 1605 illiusque
952 1563 1097 1605 superio-

351 1614 442 1648 ribus
465 1619 496 1648 et
519 1615 677 1658 personis,
694 1615 726 1647 in
752 1626 871 1658 genere
898 1616 947 1649 vel
966 1615 998 1648 in
1024 1627 1097 1659 spe-

351 1668 411 1708 cie,
429 1678 464 1701 ac
482 1667 554 1701 aliis
572 1668 631 1700 sub
649 1668 908 1711 quibuscumque
929 1670 1096 1703 tenoribus

352 1727 384 1755 et
410 1720 531 1761 formis,
556 1731 592 1754 ac
616 1731 687 1753 cum
704 1721 871 1764 quibusvis
890 1723 1044 1755 clausulis
1066 1729 1096 1756 et

353 1773 504 1814 decretis,
528 1773 626 1806 etiam
651 1773 775 1807 iteratis
806 1774 930 1808 vicibus
961 1786 1097 1818 quomo-

353 1827 479 1860 dolibet
503 1827 677 1867 concessis,
702 1827 903 1861 confirmatis
921 1834 952 1861 et
968 1829 1096 1862 innova-

353 1880 408 1920 tis;
428 1880 544 1923 quibus
562 1881 725 1920 omnibus,
746 1881 871 1914 etiamsi
887 1892 947 1924 pro
965 1881 1095 1915 illorum

353 1933 526 1966 sufficienti
553 1934 765 1976 derogatione
791 1934 869 1968 alias
895 1935 934 1967 de
960 1935 1023 1968 iltis
1043 1946 1096 1969 eo-

352 1997 490 2030 rumque
517 1987 591 2020 totis
619 1987 784 2020 tenoribus
813 1988 975 2031 specialis,
996 1990 1097 2032 speci·

352 2039 423 2079 fica,
451 2050 603 2083 expressa
628 2046 659 2073 et
683 2040 857 2081 individua,
878 2052 914 2074 ac
939 2042 979 2075 de
997 2044 1096 2077 verbo

353 2093 393 2125 ad
425 2093 571 2133 verbum,
599 2103 665 2126 non
702 2099 809 2127 autem
842 2106 900 2138 per
935 2096 1095 2130 clausulas

353 2147 525 2189 generales
545 2146 629 2179 idem
647 2146 872 2191 importantes,
892 2149 1016 2182 mentio
1038 2160 1095 2183 seu

353 2199 486 2242 quaevis
511 2199 573 2233 alia
598 2201 766 2244 expressio
788 2202 939 2235 habenda
967 2209 1023 2236 aut
1040 2204 1097 2237 ali-

354 2263 418 2296 qua
442 2253 505 2286 alia
530 2253 688 2297 exquisita
720 2254 823 2288 forma
858 2256 898 2289 ad
935 2256 998 2290 hoc
1030 2267 1097 2290 ser-

353 2306 457 2339 vanda
489 2306 586 2348 soret,
616 2307 681 2341 illis
714 2308 792 2341 alias
822 2308 855 2342 in
887 2320 946 2343 suo
978 2310 1096 2344 robore

355 2360 589 2402 permansuris,
606 2361 668 2393 hac
694 2361 762 2394 vice
788 2362 1097 2406 dumtaxat,specia-

355 2412 430 2446 liter
455 2418 487 2446 et
502 2423 656 2457 expresse
676 2415 890 2458 derogamus;
910 2416 1095 2460 ceterisque

357 2466 528 2499 contrariis
553 2467 829 2511 quibuscumque.

398 2518 469 2562 55.
508 2519 664 2553 Volumus
696 2527 802 2555 autem
835 2523 920 2564 quod
953 2522 1096 2565 ipsarum

354 2573 575 2616 praesentium
600 2575 770 2618 exemplis,
797 2586 853 2608 seu
874 2577 1094 2620 transumptis,

464 2635 544 2664 Bull.
560 2637 640 2666 Rom.
658 2653 693 2658 —
713 2639 771 2666 t'ot.
789 2640 847 2666 XX.
993 2641 1009 2667 O

959 178 1141 203 ALthANDEn
1170 180 1222 203 t'ttt
1248 181 1294 204 PF.

1789 171 1830 204 05

1131 229 1227 262 etiam
1264 229 1445 272 impressis,
1479 231 1613 264 alicuius
1646 242 1805 274 personae
1838 233 1870 265 in

1132 282 1292 325 dignitate
1321 283 1541 316 ecclesiastica
1565 285 1760 318 constitutae
1785 286 1873 328 sigil-

1132 337 1164 370 lo
1189 341 1221 369 et
1245 337 1363 369 notarii
1400 337 1522 380 publici
1559 349 1655 370 manu
1681 340 1870 381 obsignatis,

1132 396 1247 431 stetur,
1261 392 1441 435 eademque
1457 403 1589 435 prorsus
1605 393 1684 425 tides
1703 393 1735 425 in
1754 394 1872 427 iudicio

1133 451 1164 477 et
1189 451 1278 478 extra
1295 445 1504 485 adhibeatur,
1533 456 1612 488 quac
1632 446 1754 479 eisdem
1781 459 1874 490 prac-

1133 499 1279 531 sentibus
1298 498 1510 531 adhiberetur
1526 499 1552 531 si
1574 499 1682 532 forent
1707 499 1873 533 exhibitae

1132 553 1182 584 vel
1209 557 1374 585 ostensae.

1175 606 1292 638 Datum
1317 606 1450 645 Romae,
1474 607 1557 649 apud
1579 606 1610 640 S.
1630 607 1759 640 Mariani
1780 607 1876 640 Maio-

1134 669 1210 699 rem,
1230 659 1288 692 sub
1306 661 1429 693 annulo
1447 660 1634 699 Piscatoris,
1655 661 1707 693 die
1729 672 1779 694 xx¹
1807 660 1874 694 iulii

1133 722 1254 752 nocxc,
1281 712 1490 755 pontificatus
1516 713 1620 746 nostri
1641 724 1727 746 anno
1752 724 1774 747 1.

1170 773 1228 801 Dat.
1245 773 1289 801 die
1305 774 1334 801 21
1353 774 1411 801 iulii
1431 776 1509 807 ¹690,
1527 775 1627 809 pontif.
1649 783 1721 802 auno
1738 781 1756 802 ι.

1473 919 1540 952 XX.

1134 999 1335 1032 Extenclilur
1358 1001 1509 1032 senarius
1532 1010 1689 1032 numerus
1710 1001 1882 1042 maqr'slro-

1178 1063 1253 1084 rum
1272 1053 1313 1084 ad
1330 1052 1572 1084 duodenarium
1592 1054 1625 1085 in
1646 1053 1796 1092 Quilensr'
1810 1064 1881 1096 pro-

1179 1106 1287 1138 vincid
1305 1106 1520 1137 eremitarum
1542 1106 1572 1138 S.
1588 1106 1772 1148 Augyuslz'ni
1796 1107 1804 1122 ¹

1334 1186 1501 1212 Alexander
1523 1186 1603 1220 Papa
1625 1186 1704 1218 vm,

1260 1232 1298 1257 ad
1318 1234 1495 1265 perpetuam
1515 1231 1559 1258 rei
1579 1231 1760 1258 memoriam.

1181 1302 1195 1344 ᾖ
1213 1301 1244 1333 1.
1264 1301 1388 1343 Exponi
1406 1301 1501 1333 nobis
1520 1312 1625 1344 nuper
1649 1301 1726 1335 fecit
1740 1302 1880 1335 dilectus
1927 1309 1949 1330 td
1966 1308 2074 1329 doenum

1137 1352 1222 1386 filius
1234 1353 1406 1396 Philippus
1422 1354 1460 1386 de
1475 1354 1618 1393 Zaniora,
1637 1356 1737 1388 frater
1751 1367 1879 1398 expres-
1890 1336 1959 1382 iiiiorat
1981 1342 2074 1386 'an-’nemu

1890 1395 1943 1410 anno
1959 1396 2075 1411 nitebant.

1138 1416 1173 1439 se
1194 1406 1360 1449 professus
1398 1412 1429 1438 et
1461 1412 1656 1449 procurator
1690 1407 1879 1451 provinciae

1137 1459 1303 1498 Quitensis
1311 1458 1438 1492 Ordinis
1448 1459 1656 1492 eremitarum
1667 1460 1696 1493 S.
1710 1462 1882 1503 Augustini

1139 1513 1172 1544 in
1205 1514 1296 1545 sacra
1328 1513 1473 1556 teologia
1505 1518 1756 1556 praesentatus,
1794 1514 1883 1556 quod

1140 1565 1226 1607 (curn
1244 1565 1276 1597 in
1297 1566 1445 1608 proximo
1466 1566 1643 1609 praeterito
1663 1567 1805 1609 capitulo
1829 1578 1883 1609 ge-

1139 1618 1244 1651 nerali
1271 1618 1346 1651 dicti
1371 1618 1512 1659 Ordinis,
1526 1629 1611 1652 anno
1636 1629 1804 1653 unc-Lxxxv
1831 1631 1883 1653 ce-

1139 1671 1275 1712 lebrato,
1296 1682 1355 1714 pro
1382 1672 1495 1705 eadem
1521 1671 1691 1716 provincia
1723 1672 1882 1705 sancitum

1139 1724 1246 1765 suerit,
1272 1730 1307 1756 ut
1331 1725 1371 1757 ad
1397 1724 1486 1758 illam
1512 1724 1621 1758 omnia
1638 1725 1777 1765 decreta,
1800 1736 1882 1768 quae

1138 1788 1199 1821 pro
1214 1778 1334 1811 ceteris
1355 1778 1519 1811 lndiarum
1536 1778 1791 1811 Occidentalium
1807 1789 1883 1821 pro-

1139 1831 1251 1864 vinciis
1269 1831 1346 1864 dicti
1363 1831 1492 1865 Ordinis
1511 1831 1595 1864 edita
1617 1832 1883 1870 sue1·ant‚exten-

1139 1885 1245 1918 denda
1270 1890 1405 1925 essent·‚
1437 1885 1468 1916 in
1494 1885 1609 1918 eodem
1635 1895 1711 1917 vero
1737 1885 1881 1928 capitulo

1139 1937 1283 1981 generali
1305 1937 1389 1969 inter
1419 1943 1526 1970 cetera
1549 1948 1608 1980 pro
1627 1937 1789 1970 illexieana
1807 1948 1883 1980 pro-

1138 1991 1241 2024 vincia
1265 1991 1413 2024 eiusdem
1432 1991 1561 2024 Ordinis
1588 1991 1754 2024 decretum
1773 1991 1881 2032 suerit,

1138 2045 1224 2088 quod
1264 2045 1412 2077 senarius
1452 2045 1684 2087 magistrorum
1725 2055 1881 2077 numerus

1138 2108 1244 2141 usque
1269 2098 1308 2130 ad
1330 2098 1567 2130 duodenarium
1593 2098 1835 2136 extenderetur,
1855 2098 1881 2129 si

1140 2157 1246 2184 tamen
1272 2152 1414 2194 desuper
1439 2152 1536 2184 huius
1561 2151 1697 2184 Sanctae
1722 2151 1815 2184 Sedis
1839 2151 1883 2183 sa-

1138 2206 1239 2238 cultas
1264 2205 1456 2247 accederet)
1475 2204 1545 2247 ipse
1572 2204 1742 2247 Philippus
1764 2215 1883 2248 procu-

1139 2262 1229 2290 rator
1264 2257 1440 2301 plurimum
1465 2257 1618 2300 expedire
1642 2257 1812 2298 existimat,
1838 2263 1881 2296 ut,

1138 2321 1206 2344 non
1231 2310 1435 2344 obstantibus
1471 2311 1666 2354 quibusdam
1700 2311 1804 2343 felicis
1836 2321 1884 2344 re-

1139 2363 1336 2397 cordationis
1361 2363 1536 2397 Clementis
1563 2363 1622 2396 ΡΙ).
1650 2363 1713 2396 vul
1744 2364 1882 2406 praede-

1176 2454 1185 2480 1
1209 2452 1310 2480 Similis
1330 2453 1449 2480 extensio
1471 2461 1519 2488 pro
1544 2453 1682 2488 provincia
1703 2452 1791 2480 Betica
1811 2456 1884 2479 extat

1138 2498 1165 2524 in
1182 2502 1266 2524 const.
1289 2497 1354 2524 edit.
1376 2504 1472 2529 uncxc,
1490 2498 1533 2525 die
1549 2499 1577 2524 21
1602 2497 1726 2528 ianuarii,
1748 2496 1841 2531 pontif.
1863 2503 1881 2529 1,

1139 2545 1166 2569 et
1180 2551 1228 2576 pro
1244 2542 1380 2578 provincia
1397 2542 1542 2573 Mexicaua,
1555 2543 1581 2568 in
1594 2542 1741 2568 innocentii
1755 2541 1800 2567 Xll
1819 2548 1883 2566 ron-

1140 2586 1195 2613 stit.
1212 2586 1255 2614 ed.
1277 2593 1398 2621 mncxfflt,
1414 2587 1457 2614 die
1477 2588 1509 2613 ‘28
1531 2586 1705 2622 septembris,
1728 2585 1822 2621 pontif.
1840 2591 1880 2611 111.

1877 182 1925 206 Au.
1947 181 1974 206 (ἰ.
1995 181 2062 207 tta]
