2227 3225
114 272 163 299 Αη.
181 270 208 299 C.
233 269 298 298 ¹697

138 595 295 617 Contrariorum

112 622 230 648 derogatio.

886 263 1093 288 INNOCENTIUS
1119 264 1163 288 111
1188 264 1237 288 ΓΡ.

306 316 399 351 candi
418 320 450 349 et
463 313 702 358 interpretandi
722 313 883 353 facultate,
903 312 1038 346 iudicari

306 375 337 404 et
361 368 489 402 definiri
514 368 644 409 debere,
667 378 702 401 ac
727 367 854 400 irritum
879 371 909 399 et
933 366 1038 405 inane,

1716 257 1778 286 >1⁰55
1826 261 1874 286 An.
1892 259 1920 286 c,
1947 259 2011 285 1697

1125 312 1239 345 Datum
1264 311 1394 351 Rornae,
1420 311 1505 356 apud
1527 310 1558 343 S.
1577 311 1705 343 Mariam
1723 311 1820 343 Maio-

1082 375 1160 406 rem,
1179 365 1238 398 sub
1257 365 1378 398 annulo
1396 364 1579 404 piscatoris,
1598 364 1648 396 die
1666 375 1704 396 xx
1726 373 1821 405 augu-

305 423 330 455 si
357 432 451 455 secus
475 431 576 465 super
600 420 650 454 his
676 431 693 453 a
718 430 905 464 quoquam,
931 418 1040 462 quavis
1083 417 1120 451 sti
1136 428 1303 458 nincxcvu,
1320 416 1531 461 pontificatus
1546 416 1649 448 nostri
1663 426 1747 447 anno
1762 426 1818 448 vn.

305 475 508 516 auctoritate,
527 474 668 508 scienter
684 475 733 518 vel
752 473 950 517 ignoranter,
971 482 1041 505 con-

306 527 418 571 tigerit
442 528 607 561 attentari.

349 581 364 624 ἓ
388 580 420 613 4.
456 580 525 614 Non
558 580 763 614 obstantibus
781 578 979 624 praemissis,
1006 589 1042 612 ae

306 634 592 668 constitutionibus
617 639 649 668 et
672 633 935 668 ordinationibus
966 643 1044 675 apo-

307 687 444 729 stolicis,
471 698 599 721 necnon
625 688 728 722 dictae
762 685 1041 730 Congregationis,

309 741 405 775 etiam
424 741 629 782 iuramento,
656 740 903 774 confirmatione
921 744 1045 782 aposto-

276 823 283 829 .
307 794 384 834 lica,
403 800 458 827 aut
483 794 592 838 quavis
617 794 765 828 firmitate
787 793 848 826 alia
868 790 1041 832 roboratis,

308 847 435 881 statutis
470 853 501 881 et
524 847 817 881 consuetudinibus
832 873 840 887 ,
865 844 1043 889 privilegiis

308 910 436 944 quoque
453 928 460 942 ,
486 901 619 934 indultis
644 906 677 934 et
701 899 817 934 litteris
843 898 1041 942 apostolicis,

307 955 368 988 sub
394 955 651 999 quibuscumque
676 955 849 988 verborum
874 953 1043 987 tenoribus

309 1013 339 1040 et
364 1007 495 1049 formis,
523 1019 559 1041 ae
581 1019 651 1041 cum
678 1007 844 1051 quibusvis
869 1007 965 1039 etiam
991 1006 1044 1039 de-

308 1060 549 1103 rogatoriarum
575 1060 799 1102 derogatoriis,
817 1059 952 1102 aliisque
979 1059 1044 1092 effi-

309 1113 498 1153 cacioribus,
515 1113 744 1146 efficacissimis
760 1118 791 1145 et
807 1112 945 1146 insolitis
961 1112 1046 1144 clau-

310 1166 390 1200 sulis
416 1172 448 1199 et
473 1166 630 1205 decretis,
657 1166 751 1198 etiam
777 1170 884 1205 motu,
909 1165 1045 1197 scientia

311 1224 343 1252 et
355 1218 527 1262 potestatis
542 1219 745 1262 plenitudine
762 1218 908 1262 paribus,
924 1223 955 1251 et
969 1218 1046 1251 alias

310 1272 565 1316 quomodolibet,
585 1272 616 1304 in
637 1272 836 1304 contrarium
857 1271 1047 1315 praemisso-

309 1335 381 1358 rum
400 1325 576 1366 concessis,
596 1324 791 1358 confirmatis
814 1330 846 1357 et
862 1324 1044 1364 innovatis3

310 1377 429 1422 quibus
454 1378 604 1411 omnibus
622 1383 652 1411 et
673 1377 819 1420 singulis,
846 1376 970 1410 etiamsi
988 1387 1046 1420 pro

309 1430 440 1464 illorum
466 1430 637 1463 sufficienti
671 1430 885 1472 derogatione
919 1431 957 1463 de
983 1429 1046 1462 illis

310 1493 488 1527 eorumque
514 1482 588 1515 totis
605 1482 772 1515 tenoribus
790 1482 951 1526 specialis,
975 1493 1046 1526 spc-

310 1535 402 1569 cifica
426 1541 457 1569 et
480 1535 656 1576 individua,
675 1546 710 1568 ac
735 1535 774 1568 de
800 1536 899 1568 verbo
918 1536 956 1568 ad
979 1546 1047 1569 ver-

308 1589 399 1630 bum,
419 1599 484 1623 non
503 1594 609 1622 autern
627 1599 686 1632 per
700 1590 862 1623 clausulas
881 1589 1047 1632 generales

297 1642 398 1676 'idem
422 1643 657 1686 importantes,
691 1642 812 1676 mentio
837 1653 892 1675 seu
918 1643 1047 1686 quaevis

160 2184 182 2206 Fi
192 2186 222 2206 les
248 2188 305 2207 tran-

121 2217 256 2240 Stl'nplnz‘um.

312 1697 375 1730 alia
400 1696 566 1740 expressio
592 1696 752 1736 habenda,
778 1701 831 1728 aut
855 1696 964 1738 aliqua
987 1697 1048 1729 alia

313 1749 472 1793 exquisita
497 1751 598 1782 forma
623 1751 662 1782 ad
688 1750 749 1782 hoc
775 1750 931 1782 servanda
956 1751 1048 1787 soret,

312 1808 443 1836 tenores
459 1803 643 1836 huiusmodi
663 1803 889 1846 praesentibus
905 1814 964 1846 pro
981 1805 1050 1846 ple-

312 1867 354 1890 ne
382 1862 414 1890 et
439 1856 637 1890 sufficienter
668 1856 829 1899 expressis
859 1867 893 1889 ac
919 1857 957 1889 ad
983 1868 1048 1890 ver-

312 1909 389 1943 bum
415 1909 545 1943 insertis
571 1909 740 1947 habentes,
761 1909 826 1942 illis
843 1909 921 1942 alias
940 1910 972 1942 in
993 1921 1049 1943 suo

313 1963 434 1996 robore
462 1961 697 2006 permansuris,
726 1962 764 1994 ad
795 1962 1051 2005 praemissorum

315 2015 473 2056 effectum,
492 2015 553 2048 hac
574 2015 641 2047 vice
668 2015 844 2055 dumtaxat,
865 2016 1052 2058 specialiter

315 2074 348 2102 et
367 2079 522 2113 expresse
541 2069 753 2111 derogamus3
775 2069 953 2114 ceterisque
975 2081 1052 2104 con-

315 2122 424 2156 trariis
449 2122 720 2166 quibuscumque.

359 2175 375 2219 ἓ
403 2174 435 2208 5.
470 2175 623 2208 Volumus
656 2181 762 2209 autem
799 2182 834 2208 ut
867 2178 1052 2210 earumdem

315 2229 537 2273 praesentium
558 2229 737 2262 litterarum
765 2231 978 2273 transumptis,
999 2242 1051 2264 seu

316 2282 484 2326 exempliS,
511 2282 606 2314 etiam
632 2282 810 2325 impressis,
836 2293 931 2315 manu
957 2283 1054 2316 alicu-

315 2336 363 2369 ius
389 2335 509 2369 notarii
532 2336 654 2380 publici
679 2336 880 2379 subscriptis,
901 2343 931 2369 et
948 2337 1053 2379 sigillo

316 2399 475 2432 personae
501 2389 533 2422 in
560 2389 779 2423 ecclesiastica
805 2391 962 2432 dignitate
983 2402 1054 2424 con-

316 2442 443 2475 stitutae
474 2442 632 2484 munitis,
665 2444 776 2477 eadem
805 2454 939 2487 prorsus
973 2443 1053 2477 tides

317 2495 436 2538 ubique
468 2497 615 2529 locorum
646 2501 711 2530 tam
745 2496 777 2529 in
809 2496 930 2530 iudicio
957 2508 1053 2540 quam

317 2553 404 2580 extra
438 2548 518 2581 illud
542 2550 719 2589 habeatur,
757 2560 841 2593 quae
877 2550 1054 2583 baberetur

316 2601 396 2643 ipsis
426 2602 651 2643 praesentibus
684 2602 709 2635 si
749 2602 856 2636 forent
888 2602 1050 2636 exhibitae

316 2656 367 2687 vel
393 2659 558 2687 ostensae.

1065 1167 1171 1213 rlasox
1199 1171 1230 1198 et
1245 1165 1413 1206 Mendoza,
1441 1165 1515 1197 dum
1538 1164 1623 1204 vixit,
1650 1164 1845 1206 episcopus*
1863 1178 1887 1197 ix»
1934 1152 1960 1191 ,ἠ
1999 1177 2010 1189 u

1120 481 1178 508 Dat.
1201 481 1245 509 die
1264 481 1299 508 20
1319 480 1426 516 augusti
1448 480 1527 512 1697,
1549 478 1646 515 pontif.
1667 486 1711 505 an.
1733 483 1778 504 vn.

1404 623 1501 658 CLIV.

1088 704 1333 746 Confirmanlnr
1355 707 1477 736 statuta
1507 712 1567 745 pro
1600 701 1702 734 tribus
1727 699 1823 732 semi-

1129 757 1234 790 nariis
1254 757 1290 789 in
1310 756 1447 789 dioecesi
1469 753 1777 799 Anqelopolitand‘.

1260 836 1461 864 Innocentius
1482 836 1563 869 Papa
1577 835 1646 866 XII.

1209 883 1245 908 ad
1275 882 1410 908 futuram
1438 880 1484 908 rei
1513 880 1698 907 memoriam.

1130 953 1144 996 g
1162 952 1191 985 1.
1215 952 1341 995 Exponi
1362 952 1457 985 nobis
1475 962 1581 995 nuper
1599 951 1675 984 fecit
1692 960 1825 984 venera·
1862 960 2018 1001 onumlrvro·

1087 1007 1162 1039 bilis
1188 1007 1285 1039 frater
1309 1006 1498 1038 Emmanuel
1524 1005 1698 1048 episcopus
1719 1005 1825 1047 Ange-
1836 992 2018 1049 iiisssssnu‘riiffss'.

1087 1060 1286 1103 lopolitanus
1302 1086 1309 1099 ‚
1338 1059 1423 1102 quod
1454 1059 1532 1092 alias
1545 1086 1552 1098 ,
1590 1068 1708 1101 nempe
1740 1067 1825 1090 anno
1837 1040 2018 1110 ‹riimraia*xiid-'3:21⁰-

1087 1123 1237 1151 Mocxriv,
1254 1112 1359 1145 bonae
1375 1112 1553 1144 memoriae
1567 1112 1705 1144 Ioannes
1722 1111 1760 1143 de
1773 1110 1826 1142 Pa-
1837 1096 1889 1139 {³:125}
1941 1094 1972 1138 ἕιύ
1984 1097 2020 1137 .ἳ.“.

1088 1219 1390 1262 Augelopolitanus,
1405 1218 1473 1251 eius
1490 1224 1685 1257 antecessor,
1701 1217 1761 1249 tria
1779 1226 1827 1248 se-

1088 1273 1224 1307 minaria
1241 1273 1394 1305 iuvenum
1415 1272 1511 1304 bonis
1537 1271 1652 1304 litteris
1679 1270 1826 1302 imbuen-

1089 1328 1216 1367 dorum,
1235 1337 1332 1359 unum
1350 1325 1500 1358 videlicet
1517 1325 1577 1358 sub
1591 1325 1621 1358 S.
1639 1324 1724 1357 Petri
1743 1323 1827 1366 prin-

1089 1380 1169 1423 cipis
1181 1380 1413 1422 apostolorum,
1425 1379 1564 1410 alterum
1574 1377 1632 1410 sub
1643 1377 1674 1409 S.
1686 1375 1827 1416 Ioannis,

1090 1444 1125 1466 ac
1146 1433 1306 1475 reliquum
1325 1432 1384 1464 sub
1403 1431 1434 1464 S.
1455 1431 1544 1463 Pauli
1559 1429 1700 1473 apostoli
1719 1439 1828 1472 respe-

1089 1486 1172 1519 ctive
1198 1484 1469 1522 invocationibus,
1495 1494 1512 1516 a
1537 1493 1674 1526 quorum
1699 1493 1764 1515 uno
1789 1483 1828 1515 ad

1090 1539 1186 1580 aliud,
1208 1539 1294 1571 iuxta
1318 1537 1528 1570 scientiarum
1554 1537 1587 1569 in
1612 1536 1677 1569 illis
1701 1536 1830 1569 traden-

1091 1593 1205 1626 darum
1221 1592 1382 1632 ordinem,
1401 1591 1554 1623 transitus
1568 1590 1669 1629 tieret,
1685 1590 1830 1632 congru-21

1091 1646 1138 1679 eis
1162 1645 1349 1678 reddituum
1381 1643 1600 1686 assignatione
1628 1643 1717 1682 sacta,
1744 1653 1831 1675 com-

1091 1702 1269 1743 parataque
1295 1697 1494 1730 bibliotheca
1531 1698 1683 1742 decen-ter
1707 1696 1832 1728 munita

1092 1763 1129 1785 ac
1164 1751 1315 1795 publicae
1352 1750 1575 1784 commoditati
1597 1750 1761 1793 exposita,
1792 1749 1830 1782 ad

1094 1806 1227 1838 sormam
1254 1814 1422 1837 sacrorum
1444 1814 1613 1843 canonum,
1633 1809 1664 1836 et
1683 1813 1832 1846 praeser-

1094 1858 1149 1890 tim
1173 1858 1380 1890 decretorum
1407 1856 1541 1890 Concilii
1567 1856 1760 1895 Tridentini,
1777 1856 1832 1889 ob-

1094 1917 1248 1954 tentoque
1275 1911 1418 1953 desuper
1441 1911 1547 1943 clarae
1569 1910 1745 1943 memoriae
1764 1909 1833 1942 Phi-

1094 1964 1173 2008 lippi
1198 1964 1244 2005 IV,
1271 1964 1347 1996 dum
1381 1964 1468 2004 vixit,
1492 1963 1719 2006 Hispaniarum
1747 1962 1832 2004 regis

1094 2017 1246 2050 catholici
1272 2016 1445 2057 consensu,
1479 2021 1643 2049 reservato
1671 2021 1779 2048 tamen
1804 2014 1832 2048 ei

1095 2071 1239 2115 ipsorum
1281 2070 1527 2103 seminariorum
1567 2069 1810 2113 iurepatronatu
1825 2095 1832 2108 ,

1096 2124 1210 2165 erexit,
1235 2123 1376 2156 instituit
1401 2128 1432 2156 et
1456 2123 1610 2163 fundavit,
1625 2133 1736 2155 eorum
1763 2132 1835 2154 ere-

1096 2177 1236 2210 ctionem
1261 2177 1446 2209 liuiusmodi
1467 2187 1484 2209 a
1510 2176 1611 2209 felicis
1636 2175 1835 2209 recordatio-

1097 2231 1145 2263 nis
1180 2230 1371 2263 lnnocentio
1405 2230 1490 2272 Papa
1521 2229 1546 2261 X
1582 2229 1834 2272 praedecessore

1097 2288 1216 2323 nostro,
1231 2293 1290 2326 per
1314 2283 1383 2315 eius
1409 2283 1534 2315 litteras
1561 2282 1704 2325 desuper
1727 2281 1759 2314 in
1785 2281 1830 2314 si-

1096 2337 1165 2370 mili
1185 2338 1286 2369 forma
1300 2337 1408 2369 Brevis
1429 2336 1480 2369 die
1496 2345 1561 2369 xxn
1577 2336 1651 2368 maii
1669 2345 1835 2369 Mocxrvnr

1132 2443 1143 2469 ¹
1167 2441 1196 2468 In
1209 2445 1294 2469 const.
1312 2441 1355 2468 ed.
1373 2448 1500 2475 nncxcvr,
1515 2441 1560 2468 die
1571 2441 1585 2468 7
1601 2440 1680 2475 iunii,
1697 2440 1793 2476 pontif.
1806 2448 1833 2474 v,

1096 2491 1167 2514 extat
1180 2487 1347 2513 confirmatio
1363 2490 1526 2513 statutorum
1543 2494 1590 2521 pro
1602 2485 1715 2520 collegio
1730 2485 1835 2520 ilunga-

1095 2532 1151 2558 rico
1172 2536 1199 2558 et
1213 2531 1371 2558 Germanico
1388 2531 1421 2558 de
1436 2530 1507 2558 Urbe
1522 2535 1566 2563 ;et
1579 2531 1607 2556 in
1624 2529 1762 2556 Benedicti
1778 2528 1835 2557 2111

1096 2577 1203 2603 constit.
1229 2576 1295 2603 edit.
1321 2583 1454 2609 moccxxv,
1479 2575 1522 2602 die
1549 2575 1583 2601 30
1606 2574 1683 2609 maii,
1703 2574 1832 2609 pontif.1‚

1095 2621 1262 2649 confirmatio
1283 2623 1449 2649 statutorum
1469 2628 1516 2655 pro
1537 2619 1680 2646 seminario
1701 2618 1835 2646 Caesena-

1097 2669 1180 2695 tense.
