2227 3225
110 260 160 289 An.
181 260 209 289 C.
229 260 295 289 ¹599

143 1649 264 1671 Exordium.

894 261 1101 285 txxoct-:NTtt's
1128 262 1169 284 ΧΠ
1196 263 1243 285 ΓΡ.

307 310 417 350 tionis,
437 308 670 349 concessionis,
688 309 931 352 impartitionis,
947 310 1049 342 horta-

307 363 410 402 tionis,
426 362 603 405 rogationis
622 367 651 394 et
670 362 840 395 voluntatis
860 361 1048 404 intringere,

305 417 353 449 vel
371 415 400 449 ei
423 426 502 448 ausu
524 415 696 447 temerario
723 415 903 454 contrair1=3
931 414 956 446 si
980 414 1050 457 quis
1071 410 1072 425 ³

305 474 412 501 autem
434 468 497 501 lioc
523 473 683 500 attentare
710 467 977 511 praesumpserit,
1004 467 1050 499 in-

305 639 339 662 se
361 629 488 662 noverit
518 628 737 660 incursurum.

350 682 464 715 Datum
490 682 624 721 Romae,
653 681 738 724 apud
764 681 795 714 S.
824 681 952 714 Mariam
986 681 1049 714 Ma-
1071 684 1072 688 ’

306 736 422 775 iorem,
462 746 548 768 anno
590 735 824 768 lucarnationis
864 735 1049 768 Dominicae

307 798 454 827 uncxcix,
480 798 520 821 xv
545 788 699 821 kalendas
724 787 817 828 iunii,
840 788 1049 831 pontificatus
1071 793 1072 802 ¹

307 841 410 874 nostri
436 851 519 873 anno
546 851 614 874 rui.

342 903 401 931 Dat.
422 903 466 930 die
490 902 520 930 18
540 902 605 929 maii
627 902 705 933 1699,
723 901 820 938 pontif.
842 910 912 930 anno
933 908 990 929 vui.

500 1045 647 1079 cmm
676 1045 734 1089 (ai.
763 1044 857 1089 182).

356 1287 570 1321 Christianae
587 1286 625 1320 de
648 1286 729 1320 L‘rbe
753 1287 871 1327 emissi,
891 1287 958 1318 unci
980 1297 1052 1318 cum

354 1340 448 1373 iltius
472 1340 706 1377 declaratione,
733 1345 761 1372 et
794 1339 922 1372 indulto
946 1340 1051 1371 susci-

350 1392 468 1436 piendi
491 1392 622 1425 ordines
646 1393 687 1425 ad
714 1392 849 1425 titulum
876 1393 1054 1435 Conyreya-

356 1445 455 1478 tionis
474 1444 495 1478 ¹.

486 1525 684 1553 Innocentius
706 1525 783 1559 Papa
804 1526 871 1559 XII,

448 1571 486 1598 ad
504 1571 644 1597 futuram
664 1570 712 1598 rei
732 1571 916 1598 memoriam.

355 1641 564 1686 Apostolieae
598 1641 840 1681 sollicitudinis,
866 1652 961 1685 quam
987 1652 1055 1674 me-

314 1694 384 1728 ritis
410 1694 486 1728 licet
511 1700 541 1727 et
565 1693 689 1726 viribus
721 1695 817 1736 longe
844 1695 983 1737 impares
1010 1694 1055 1727 di-

312 1747 386 1780 vina
421 1746 611 1789 dignatione
648 1746 800 1788 gerimus,
826 1747 908 1779 ratio
943 1746 1052 1789 exigit,

313 1805 347 1833 ut
383 1800 460 1840 illis,
485 1810 567 1843 quae
603 1810 621 1831 a
656 1799 810 1832 Romanis
844 1800 1055 1832 Pontificibus

312 1852 622 1898 praedecessoribus
647 1853 765 1885 nostris
787 1853 825 1885 ad
852 1852 995 1886 virorum
1022 1853 1054 1885 in

314 1912 437 1940 sortem
472 1905 601 1939 Domini
634 1911 826 1938 vocatorum
857 1906 1055 1950 pietatisque

314 1959 428 1993 officiis
465 1959 592 1992 assidue
629 1958 890 1992 incumbentium
921 1970 1056 2002 congre-

315 2013 463 2057 gationes
490 2013 548 2046 sub
574 2013 760 2046 salubribus
798 2024 910 2046 earum
936 2014 1057 2055 regulis

315 2073 410 2111 atque
447 2066 603 2099 institutis
639 2066 853 2100 continendas
891 2067 1058 2110 sapienter

316 2119 475 2162 disposita
500 2129 570 2152 esse
595 2125 787 2159 noscuntur,
813 2129 877 2162 quo
914 2118 1058 2151 firmiora

317 2172 382 2205 sint
417 2177 449 2205 et
483 2177 655 2204 serventur
691 2171 852 2213 exactius,
885 2172 1056 2214 apostolici

315 2224 505 2258 muniminis
529 2225 634 2258 nostri
659 2225 874 2268 patrocinium
903 2225 1058 2268 adiunga-

316 2289 397 2320 mus,
424 2289 460 2312 ac
494 2279 574 2312 alias
610 2279 783 2322 pastoralis
821 2279 918 2312 officii
955 2278 1057 2310 nostri

315 2338 423 2377 partes
459 2333 599 2377 desuper
634 2333 888 2376 interponamus,
915 2332 998 2364 sicut
1027 2332 1057 2364 in

316 2386 451 2419 Domino
477 2385 631 2429 expedire
655 2385 863 2418 arbitramur.

355 2485 365 2508 1
389 2483 481 2510 Const.
503 2483 626 2517 Gregorii
647 2483 692 2509 XV
718 2482 789 2509 infra
808 2483 916 2510 citatur.
938 2483 977 2510 Ab
999 2482 1059 2509 Ale-

319 2526 421 2554 xandro
436 2527 483 2554 vlt
505 2528 579 2562 ligati
599 2528 674 2554 fuere
696 2527 781 2554 tribus
803 2528 869 2554 votis
890 2533 974 2554 const.
993 2529 1055 2555 edit.

319 2577 427 2604 renem,
448 2571 491 2597 die
511 2574 544 2598 :36
564 2572 744 2607 septembris,
766 2576 791 2599 et
812 2572 838 2598 in
860 2572 1007 2599 Clementis
1026 2573 1059 2600 Xl

320 2620 406 2643 const.
421 2615 464 2642 ed.
477 2623 604 2648 »inccxvn
616 2616 659 2643 die
670 2617 703 2644 29
715 2617 886 2652 septembris,
900 2618 992 2653 pontif.
1005 2625 1058 2652 xvi,

320 2659 410 2696 agitur
425 2659 459 2686 de
475 2664 533 2687 voto
549 2662 776 2695 perseverantiae.

411 2714 492 2744 Butt.
512 2715 598 2744 Rom.
613 2730 648 2737 —-
667 2716 727 2745 Vol.
749 2716 810 2746 XX.
956 2716 1003 2744 111

1071 472 1072 506 ξ
1094 472 1125 498 et
1150 467 1345 499 clericorum
1368 467 1636 510 Congregationis
1661 468 1831 501 Doctrinae
1844 463 2026 512 fissssss’fflussfssed..

305 521 530 565 dignationem
555 521 790 564 omnipotentis
820 521 874 553 Dei
909 532 943 553 ao
976 520 1072 553 bea-¹

307 582 414 608 torum
440 575 526 608 Petri
552 580 583 607 et
609 574 699 608 Pauli
726 575 952 618 apostolorum
982 575 1072 627 eius:

1731 253 1789 288 881
1840 264 1888 290 An.
1909 263 1937 291 c.
1956 264 2023 291 1699

1137 310 1151 352 ξ
1176 309 1208 342 ’1.
1234 309 1362 342 Dudum
1380 309 1541 352 siquidem
1559 310 1660 344 felicis
1682 312 1831 345 recorda·
1854 325 2023 351 Aorogurinxv

1095 362 1190 395 tionis
1205 362 1364 405 Gregorio
1382 363 1432 395 XV
1458 364 1704 406 praedecessori
1722 372 1830 399 nostro
1842 354 2026 400 i.¹1'¹[⁰¹'¹¹¹'ri»¹1¹1⁸1¹1-'

1093 426 1152 457 pro
1182 421 1275 458 parte
1309 421 1383 448 tune
1415 416 1621 449 existentium
1654 419 1831 460 praepositi
1844 406 1874 454 (⁰0¹3
1947 414 1977 426 '¹¹‘

1980 466 2027 479 uril-

1093 519 1351 559 Cti1·isiianae,in
1370 520 1507 553 ccclesia
1521 520 1552 553 S.
1566 520 1708 563 Agatliae
1723 520 1833 554 Trans-
1844 516 1885 534 ‘²³'

1095 572 1228 616 tyberim
1263 573 1302 606 de
1329 573 1414 606 Urbe
1440 573 1630 612 institutae,
1665 574 1832 616 exposito,

1094 626 1182 669 quod
1213 626 1322 661 cleriei
1360 626 1505 659 eiusdem
1537 626 1832 670 Congregationis,

1094 680 1206 722 elapso
1233 679 1406 712 novitiatus
1433 690 1527 719 anno,
1553 685 1662 712 votum
1687 691 1761 712 cum
1787 680 1836 712 iu-

1094 738 1242 764 ramento
1268 731 1301 764 in
1335 732 1447 764 eadem
1476 732 1736 774 Congregatione
1765 743 1836 775 per-

1093 789 1190 827 petuo
1219 785 1372 817 manendi
1398 785 1500 818 libera
1525 791 1553 817 et
1581 787 1761 828 spontanea
1786 796 1837 818 vo-

1094 839 1218 871 luntate
1244 839 1453 878 emittebant;
1473 838 1621 871 nonnulli
1642 849 1717 871 vcro
1736 849 1835 881 super

1095 895 1166 925 voto
1185 898 1216 925 et
1233 892 1417 925 iuramento
1436 892 1599 935 praefatis,
1620 892 1717 924 invita
1738 892 1835 924 etiam

1094 944 1353 988 Congregationo
1373 945 1567 985 huiusmodi,
1591 945 1791 988 d1spensare‚
1805 950 1837 977 et

1094 998 1149 1030 illa
1173 1004 1371 1031 commutare
1398 998 1520 1030 licitum
1548 998 1715 1041 putabant,
1739 1003 1770 1030 et
1795 997 1835 1031 do

1095 1052 1178 1084 sacto
1211 1051 1242 1084 in
1281 1051 1424 1084 eiusdem
1450 1051 1716 1094 congregauonis
1741 1061 1837 1094 prae-

310 1127 532 1169 Confirmalur
575 1126 764 1159 constitutio
806 1126 957 1169 Greyoril.
997 1100 1072 1159 ἵν]
1095 1104 1251 1137 iudicium
1271 1103 1503 1147 dispensabant
1528 1110 1559 1137 et
1577 1103 1836 1137 commutabant:

353 1181 440 1212 circa
453 1179 726 1223 dispensationem
745 1180 809 1212 voti
822 1190 859 1211 ac
874 1179 1054 1211 iuramenti
1072 1191 1074 1218 ς

353 1245 373 1266 a
412 1233 538 1266 clericis
574 1234 840 1276 Coizyresyationis
879 1220 1074 1266 Doctrinae?
1097 1212 1241 1244 ”ombus
1273 1212 1463 1244 eorumdem
1487 1217 1666 1255 ΡΙΉΕΡΟδῙΠ
1693 1217 1726 1244 ⁶³²
1749 1211 1839 1244 ⁶¹3¹*

1073 1271 1074 1283 *
1096 1275 1206 1297 corum
1232 1264 1363 1296 nomine
1381 1264 1442 1296 sibi
1468 1275 1568 1307 super
1586 1265 1648 1297 hoc
1669 1264 1838 1297 humiliter

1095 1158 1181 1190 idem
1207 1157 1383 1200 Gregorius
1409 1157 1652 1200 praedecessor,
1669 1157 1837 1201 supplica-

1096 1317 1258 1361 porrectis
1282 1318 1466 1358 inclinatus,
1485 1318 1569 1350 inter
1586 1322 1706 1358 cetera,
1728 1322 1839 1351 aucto-

1098 1371 1190 1404 ritate
1217 1371 1399 1414 apostolica
1425 1371 1572 1404 decrevit
1605 1377 1636 1404 et
1667 1371 1837 1411 ordinavit,

1074 1426 1183 1467 tquod
1211 1425 1249 1457 de
1277 1431 1384 1457 cetero
1420 1435 1493 1457 cum
1531 1424 1658 1458 clericis
1692 1424 1839 1457 eiusdem

1097 1478 1380 1520 Congregauonis,
1398 1488 1496 1521 super
1511 1483 1584 1511 voto
1604 1483 1635 1511 et
1653 1478 1838 1511 iuramento

1097 1531 1285 1574 praedictis,
1312 1531 1373 1563 nisi
1410 1542 1470 1574 per
1505 1531 1611 1574 ipsum
1644 1530 1839 1573 Gregorium

1098 1584 1387 1629 praedecessorem
1420 1590 1473 1616 aut
1498 1584 1679 1617 Romanum
1708 1583 1841 1617 Pontifi-

1098 1649 1167 1671 cem
1183 1649 1243 1682 pro
1263 1644 1408 1681 tempore
1427 1638 1619 1671 existentem
1645 1638 1838 1681 dispensari,

1099 1696 1153 1724 aut
1187 1697 1296 1724 votum
1333 1696 1364 1724 et
1398 1691 1616 1724 iuramentum
1653 1690 1841 1724 huiusmodi

1099 1743 1292 1777 commutari
1317 1745 1503 1776 nullatenus
1530 1748 1675 1787 possent,
1693 1754 1753 1776 nec
1775 1754 1841 1776 non

1100 1798 1283 1830 facultatem
1309 1797 1448 1840 desuper
1466 1797 1678 1840 dispensandi
1708 1807 1763 1830 seu
1790 1807 1843 1830 ea-

1100 1851 1173 1883 dem
1197 1856 1268 1883 vota
1293 1850 1514 1883 commutandi
1547 1850 1607 1882 sibi
1639 1855 1671 1883 et
1696 1850 1842 1883 Romano

1100 1904 1248 1938 Pontifici
1285 1915 1345 1948 pro
1383 1910 1529 1947 tempore
1562 1904 1713 1937 existenti
1739 1915 1843 1937 reser-

1101 1958 1194 1998 vavit,
1212 1964 1243 1990 et
1268 1955 1357 1998 alias,
1375 1963 1472 2001 prout
1496 1957 1530 1990 in
1556 1957 1703 1990 eiusdem
1721 1956 1843 2000 Grego-

1102 2011 1139 2044 rii
1177 2011 1440 2054 praedeeessoris
1480 2010 1597 2043 litteris
1634 2011 1774 2053 desuper
1810 2010 1842 2042 in

1101 2065 1199 2098 simili
1232 2065 1336 2098 forma
1366 2064 1479 2098 Brevis
1510 2065 1561 2098 die
1586 2075 1631 2098 xii
1655 2064 1842 2097 novembris

1101 2128 1219 2152 MDCXXI
1238 2118 1405 2161 expeditis,
1428 2128 1567 2161 quarum
1585 2123 1734 2151 tenorem
1753 2128 1844 2161 prae-

1102 2171 1248 2204 sentibus
1285 2182 1346 2215 pro
1383 2172 1480 2215 plene
1507 2176 1538 2204 et
1562 2171 1763 2204 sufficienter
1789 2181 1843 2204 ex-

1102 2235 1214 2267 presso
1240 2230 1270 2258 et
1295 2225 1418 2258 inserto
1446 2225 1559 2257 haberi
1586 2226 1747 2266 volumus,
1764 2225 1844 2257 ube-

1102 2279 1168 2312 rius
1195 2279 1395 2311 continetur.

1145 2334 1159 2376 §
1184 2332 1215 2364 ἓ.
1236 2332 1313 2365 Cum
1333 2337 1450 2371 autem,
1473 2331 1555 2364 sicut
1573 2331 1681 2364 dilecti
1701 2330 1755 2364 filii
1776 2332 2039 2380 nio-declffffifirffissfl

1103 2386 1193 2418 derni
1213 2385 1423 2429 praepositus
1441 2390 1471 2417 et
1489 2383 1674 2428 presbyteri
1694 2383 1843 2417 seniores
1857 2386 1929 2434 3¹1³}ng
1942 2389 1962 2406 ¹1¹
1977 2386 2040 2407 *uru-

1102 2439 1287 2482 praedietae
1313 2437 1583 2480 Congregationis
1615 2436 1710 2469 nobis
1743 2446 1847 2479 nuper

1103 2492 1222 2536 exponi
1256 2492 1415 2530 fecerunt,
1442 2490 1516 2534 ipsi,
1538 2501 1601 2532 quo
1632 2489 1737 2522 dictae
1762 2489 1846 2522 Con-

1103 2545 1303 2588 gregationis
1323 2544 1420 2577 statui
1444 2549 1476 2576 et
1501 2542 1630 2575 utilitati
1648 2542 1846 2585 peramplius

1102 2600 1287 2632 consultum
1313 2598 1363 2637 sit,
1390 2596 1551 2640 praefatas
1576 2595 1726 2637 Gregorii
1751 2606 1847 2638 prae-

1103 2652 1281 2687 decessoris
1306 2651 1431 2686 litteras
1457 2648 1657 2694 apostolicae
1678 2647 1847 2683 confirma·
