<?xml version="1.0" encoding="UTF-8"?>
<!DOCTYPE html PUBLIC "-//W3C//DTD XHTML 1.0 Transitional//EN"
    "http://www.w3.org/TR/xhtml1/DTD/xhtml1-transitional.dtd">
<html xmlns="http://www.w3.org/1999/xhtml" xml:lang="en" lang="en">
 <head>
  <title>
</title>
<meta http-equiv="Content-Type" content="text/html;charset=utf-8" />
  <meta name='ocr-system' content='tesseract 3.04.00' />
  <meta name='ocr-capabilities' content='ocr_page ocr_carea ocr_par ocr_line ocrx_word'/>
</head>
<body>
  <div class='ocr_page' id='page_1' title='image "./bullarumdiplomat20cath_0566.png"; bbox 0 0 2254 3225; ppageno 0'>
   <div class='ocr_carea' id='block_1_1' title="bbox 237 219 421 247">
    <p class='ocr_par' dir='ltr' id='par_1_1' title="bbox 237 219 421 247">
     <span class='ocr_line' id='line_1_1' title="bbox 237 219 421 247; baseline -0.011 0"><span class='ocrx_word' id='word_1_1' title='bbox 237 221 284 247; x_wconf 76' lang='lat' dir='ltr'>An.</span> <span class='ocrx_word' id='word_1_2' title='bbox 302 220 330 247; x_wconf 86' lang='lat' dir='ltr'>C.</span> <span class='ocrx_word' id='word_1_3' title='bbox 355 219 421 246; x_wconf 69' lang='lat'>1093</span> 
     </span>
    </p>
   </div>
   <div class='ocr_carea' id='block_1_2' title="bbox 467 209 530 243">
    <p class='ocr_par' dir='ltr' id='par_1_2' title="bbox 467 209 530 243">
     <span class='ocr_line' id='line_1_2' title="bbox 467 209 530 243; baseline 0 0"><span class='ocrx_word' id='word_1_4' title='bbox 467 209 530 243; x_wconf 70' lang='lat'>498</span> 
     </span>
    </p>
   </div>
   <div class='ocr_carea' id='block_1_3' title="bbox 426 263 1185 2643">
    <p class='ocr_par' dir='ltr' id='par_1_3' title="bbox 426 263 1185 2643">
     <span class='ocr_line' id='line_1_3' title="bbox 426 263 1164 307; baseline -0.005 -6"><span class='ocrx_word' id='word_1_5' title='bbox 426 268 545 301; x_wconf 88' lang='lat' dir='ltr'>babeat</span> <span class='ocrx_word' id='word_1_6' title='bbox 569 263 767 300; x_wconf 73' lang='lat' dir='ltr'>auctoritatis</span> <span class='ocrx_word' id='word_1_7' title='bbox 796 270 827 299; x_wconf 88' lang='lat' dir='ltr'>et</span> <span class='ocrx_word' id='word_1_8' title='bbox 847 264 1016 307; x_wconf 78' lang='lat' dir='ltr'>firmitatis,</span> <span class='ocrx_word' id='word_1_9' title='bbox 1033 265 1164 299; x_wconf 88' lang='lat' dir='ltr'>uberio-</span> 
     </span>
     <span class='ocr_line' id='line_1_4' title="bbox 427 319 1162 365; baseline -0.005 -10"><span class='ocrx_word' id='word_1_10' title='bbox 427 331 565 365; x_wconf 85' lang='lat' dir='ltr'>remque</span> <span class='ocrx_word' id='word_1_11' title='bbox 590 321 629 354; x_wconf 88' lang='lat' dir='ltr'>ad</span> <span class='ocrx_word' id='word_1_12' title='bbox 655 321 759 354; x_wconf 89' lang='lat' dir='ltr'>cultus</span> <span class='ocrx_word' id='word_1_13' title='bbox 779 319 875 353; x_wconf 86' lang='lat' dir='ltr'>divini</span> <span class='ocrx_word' id='word_1_14' title='bbox 896 319 1162 364; x_wconf 78' lang='lat' dir='ltr'>propagationem</span> 
     </span>
     <span class='ocr_line' id='line_1_5' title="bbox 429 372 1163 416; baseline -0.005 -8"><span class='ocrx_word' id='word_1_15' title='bbox 429 385 465 408; x_wconf 87' lang='lat' dir='ltr'>ac</span> <span class='ocrx_word' id='word_1_16' title='bbox 490 374 668 407; x_wconf 87' lang='lat' dir='ltr'>animarum</span> <span class='ocrx_word' id='word_1_17' title='bbox 701 373 836 406; x_wconf 88' lang='lat' dir='ltr'>salutem</span> <span class='ocrx_word' id='word_1_18' title='bbox 872 373 996 416; x_wconf 84' lang='lat' dir='ltr'>Deique</span> <span class='ocrx_word' id='word_1_19' title='bbox 1029 372 1163 416; x_wconf 84' lang='lat' dir='ltr'>gloriam</span> 
     </span>
     <span class='ocr_line' id='line_1_6' title="bbox 428 425 1163 472; baseline -0.005 -11"><span class='ocrx_word' id='word_1_20' title='bbox 428 428 534 472; x_wconf 88' lang='lat' dir='ltr'>pariat</span> <span class='ocrx_word' id='word_1_21' title='bbox 546 427 698 466; x_wconf 78' lang='lat' dir='ltr'>fructum,</span> <span class='ocrx_word' id='word_1_22' title='bbox 713 425 884 469; x_wconf 86' lang='lat' dir='ltr'>providere</span> <span class='ocrx_word' id='word_1_23' title='bbox 897 427 1056 465; x_wconf 80' lang='lat' dir='ltr'>volentes,</span> <span class='ocrx_word' id='word_1_24' title='bbox 1075 425 1163 458; x_wconf 71' lang='lat' dir='ltr'>vobis</span> 
     </span>
     <span class='ocr_line' id='line_1_7' title="bbox 429 478 1162 520; baseline -0.007 -5"><span class='ocrx_word' id='word_1_25' title='bbox 429 486 462 515; x_wconf 91' lang='lat' dir='ltr'>et</span> <span class='ocrx_word' id='word_1_26' title='bbox 485 485 628 520; x_wconf 87' lang='lat' dir='ltr'>vestrum</span> <span class='ocrx_word' id='word_1_27' title='bbox 656 480 808 519; x_wconf 80' lang='lat' dir='ltr'>cuilibet,</span> <span class='ocrx_word' id='word_1_28' title='bbox 835 479 919 512; x_wconf 86' lang='lat' dir='ltr'>eirca</span> <span class='ocrx_word' id='word_1_29' title='bbox 943 478 1162 511; x_wconf 82' lang='lat' dir='ltr'>visitationem</span> 
     </span>
     <span class='ocr_line' id='line_1_8' title="bbox 430 531 1165 579; baseline -0.005 -11"><span class='ocrx_word' id='word_1_30' title='bbox 430 535 543 579; x_wconf 81' lang='lat' dir='ltr'>ipsam,</span> <span class='ocrx_word' id='word_1_31' title='bbox 558 536 660 577; x_wconf 80' lang='lat' dir='ltr'>eaque</span> <span class='ocrx_word' id='word_1_32' title='bbox 676 533 819 573; x_wconf 78' lang='lat' dir='ltr'>durante,</span> <span class='ocrx_word' id='word_1_33' title='bbox 833 531 982 565; x_wconf 88' lang='lat' dir='ltr'>mandata</span> <span class='ocrx_word' id='word_1_34' title='bbox 999 542 1165 575; x_wconf 87' lang='lat' dir='ltr'>quaecum-</span> 
     </span>
     <span class='ocr_line' id='line_1_9' title="bbox 430 585 1163 632; baseline -0.004 -11"><span class='ocrx_word' id='word_1_35' title='bbox 430 599 505 632; x_wconf 89' lang='lat' dir='ltr'>que,</span> <span class='ocrx_word' id='word_1_36' title='bbox 525 587 619 620; x_wconf 86' lang='lat' dir='ltr'>etiam</span> <span class='ocrx_word' id='word_1_37' title='bbox 639 586 728 619; x_wconf 87' lang='lat' dir='ltr'>vivae</span> <span class='ocrx_word' id='word_1_38' title='bbox 752 585 836 618; x_wconf 90' lang='lat' dir='ltr'>vocis</span> <span class='ocrx_word' id='word_1_39' title='bbox 861 585 1006 626; x_wconf 89' lang='lat' dir='ltr'>oraculo,</span> <span class='ocrx_word' id='word_1_40' title='bbox 1025 596 1084 628; x_wconf 89' lang='lat' dir='ltr'>per</span> <span class='ocrx_word' id='word_1_41' title='bbox 1109 596 1163 618; x_wconf 90' lang='lat' dir='ltr'>vos</span> 
     </span>
     <span class='ocr_line' id='line_1_10' title="bbox 430 638 1164 682; baseline -0.003 -8"><span class='ocrx_word' id='word_1_42' title='bbox 430 653 448 675; x_wconf 87' lang='lat' dir='ltr'>a</span> <span class='ocrx_word' id='word_1_43' title='bbox 472 640 567 673; x_wconf 89' lang='lat' dir='ltr'>nobis</span> <span class='ocrx_word' id='word_1_44' title='bbox 601 643 751 682; x_wconf 89' lang='lat' dir='ltr'>accepta,</span> <span class='ocrx_word' id='word_1_45' title='bbox 777 638 841 671; x_wconf 89' lang='lat' dir='ltr'>illis</span> <span class='ocrx_word' id='word_1_46' title='bbox 872 638 911 670; x_wconf 90' lang='lat' dir='ltr'>ad</span> <span class='ocrx_word' id='word_1_47' title='bbox 944 648 1026 681; x_wconf 88' lang='lat' dir='ltr'>quos</span> <span class='ocrx_word' id='word_1_48' title='bbox 1051 649 1089 672; x_wconf 88' lang='lat' dir='ltr'>ea</span> <span class='ocrx_word' id='word_1_49' title='bbox 1112 649 1164 672; x_wconf 88' lang='lat' dir='ltr'>res</span> 
     </span>
     <span class='ocr_line' id='line_1_11' title="bbox 429 690 1163 738; baseline -0.001 -12"><span class='ocrx_word' id='word_1_50' title='bbox 429 693 572 738; x_wconf 82' lang='lat' dir='ltr'>pertinet</span> <span class='ocrx_word' id='word_1_51' title='bbox 597 690 778 731; x_wconf 80' lang='lat' dir='ltr'>deserendi,</span> <span class='ocrx_word' id='word_1_52' title='bbox 796 695 828 724; x_wconf 89' lang='lat' dir='ltr'>et</span> <span class='ocrx_word' id='word_1_53' title='bbox 845 695 998 724; x_wconf 79' lang='lat' dir='ltr'>oretenus</span> <span class='ocrx_word' id='word_1_54' title='bbox 1023 701 1081 734; x_wconf 86' lang='lat' dir='ltr'>per</span> <span class='ocrx_word' id='word_1_55' title='bbox 1104 702 1163 725; x_wconf 91' lang='lat' dir='ltr'>nos</span> 
     </span>
     <span class='ocr_line' id='line_1_12' title="bbox 430 742 1165 787; baseline -0.001 -9"><span class='ocrx_word' id='word_1_56' title='bbox 430 746 581 779; x_wconf 85' lang='lat' dir='ltr'>ordinata</span> <span class='ocrx_word' id='word_1_57' title='bbox 605 742 779 777; x_wconf 87' lang='lat' dir='ltr'>mandandi</span> <span class='ocrx_word' id='word_1_58' title='bbox 805 743 939 787; x_wconf 88' lang='lat' dir='ltr'>(quibus</span> <span class='ocrx_word' id='word_1_59' title='bbox 963 744 1111 777; x_wconf 87' lang='lat' dir='ltr'>relationi</span> <span class='ocrx_word' id='word_1_60' title='bbox 1129 755 1165 777; x_wconf 88' lang='lat' dir='ltr'>ac</span> 
     </span>
     <span class='ocr_line' id='line_1_13' title="bbox 429 796 1166 832; baseline -0.004 0"><span class='ocrx_word' id='word_1_61' title='bbox 429 798 590 832; x_wconf 88' lang='lat' dir='ltr'>mandatis</span> <span class='ocrx_word' id='word_1_62' title='bbox 618 796 732 831; x_wconf 84' lang='lat' dir='ltr'>vestris</span> <span class='ocrx_word' id='word_1_63' title='bbox 769 802 801 830; x_wconf 92' lang='lat' dir='ltr'>et</span> <span class='ocrx_word' id='word_1_64' title='bbox 828 796 1002 830; x_wconf 88' lang='lat' dir='ltr'>cuiuslibet</span> <span class='ocrx_word' id='word_1_65' title='bbox 1025 803 1166 830; x_wconf 88' lang='lat' dir='ltr'>vestrum</span> 
     </span>
     <span class='ocr_line' id='line_1_14' title="bbox 430 849 1166 893; baseline -0.004 -8"><span class='ocrx_word' id='word_1_66' title='bbox 430 852 470 885; x_wconf 89' lang='lat' dir='ltr'>de</span> <span class='ocrx_word' id='word_1_67' title='bbox 495 852 610 885; x_wconf 84' lang='lat' dir='ltr'>ordine</span> <span class='ocrx_word' id='word_1_68' title='bbox 636 855 748 883; x_wconf 86' lang='lat' dir='ltr'>nostro</span> <span class='ocrx_word' id='word_1_69' title='bbox 774 849 863 883; x_wconf 86' lang='lat' dir='ltr'>sactis</span> <span class='ocrx_word' id='word_1_70' title='bbox 888 850 1071 883; x_wconf 88' lang='lat' dir='ltr'>huiusmodi</span> <span class='ocrx_word' id='word_1_71' title='bbox 1096 851 1166 893; x_wconf 90' lang='lat' dir='ltr'>ple-</span> 
     </span>
     <span class='ocr_line' id='line_1_15' title="bbox 429 902 1167 938; baseline -0.003 0"><span class='ocrx_word' id='word_1_72' title='bbox 429 915 505 938; x_wconf 88' lang='lat' dir='ltr'>nam</span> <span class='ocrx_word' id='word_1_73' title='bbox 520 909 552 938; x_wconf 89' lang='lat' dir='ltr'>et</span> <span class='ocrx_word' id='word_1_74' title='bbox 567 902 734 937; x_wconf 82' lang='lat' dir='ltr'>indubiam</span> <span class='ocrx_word' id='word_1_75' title='bbox 747 902 843 935; x_wconf 81' lang='lat' dir='ltr'>tidem</span> <span class='ocrx_word' id='word_1_76' title='bbox 860 902 899 935; x_wconf 90' lang='lat' dir='ltr'>ab</span> <span class='ocrx_word' id='word_1_77' title='bbox 913 903 1061 936; x_wconf 90' lang='lat' dir='ltr'>omnibus</span> <span class='ocrx_word' id='word_1_78' title='bbox 1078 903 1167 936; x_wconf 86' lang='lat' dir='ltr'>adhi-</span> 
     </span>
     <span class='ocr_line' id='line_1_16' title="bbox 429 955 1167 1000; baseline -0.005 -8"><span class='ocrx_word' id='word_1_79' title='bbox 429 957 500 992; x_wconf 88' lang='lat' dir='ltr'>beri</span> <span class='ocrx_word' id='word_1_80' title='bbox 515 962 611 1000; x_wconf 89' lang='lat' dir='ltr'>atque</span> <span class='ocrx_word' id='word_1_81' title='bbox 624 955 761 989; x_wconf 82' lang='lat' dir='ltr'>tirmiter</span> <span class='ocrx_word' id='word_1_82' title='bbox 772 955 989 998; x_wconf 81' lang='lat' dir='ltr'>obtemperari</span> <span class='ocrx_word' id='word_1_83' title='bbox 1003 960 1167 999; x_wconf 87' lang='lat' dir='ltr'>tamquam</span> 
     </span>
     <span class='ocr_line' id='line_1_17' title="bbox 430 1007 1168 1051; baseline -0.005 -7"><span class='ocrx_word' id='word_1_84' title='bbox 430 1010 589 1044; x_wconf 88' lang='lat' dir='ltr'>mandatis</span> <span class='ocrx_word' id='word_1_85' title='bbox 614 1008 732 1042; x_wconf 87' lang='lat' dir='ltr'>nostris</span> <span class='ocrx_word' id='word_1_86' title='bbox 757 1007 945 1051; x_wconf 89' lang='lat' dir='ltr'>apostolicis</span> <span class='ocrx_word' id='word_1_87' title='bbox 970 1008 1119 1041; x_wconf 91' lang='lat' dir='ltr'>volumus</span> <span class='ocrx_word' id='word_1_88' title='bbox 1137 1013 1168 1041; x_wconf 90' lang='lat' dir='ltr'>et</span> 
     </span>
     <span class='ocr_line' id='line_1_18' title="bbox 430 1061 1168 1105; baseline -0.005 -9"><span class='ocrx_word' id='word_1_89' title='bbox 430 1063 609 1105; x_wconf 82' lang='lat' dir='ltr'>iubemus);</span> <span class='ocrx_word' id='word_1_90' title='bbox 633 1061 783 1094; x_wconf 85' lang='lat' dir='ltr'>mandata</span> <span class='ocrx_word' id='word_1_91' title='bbox 800 1071 929 1104; x_wconf 89' lang='lat' dir='ltr'>quoque</span> <span class='ocrx_word' id='word_1_92' title='bbox 947 1066 978 1094; x_wconf 91' lang='lat' dir='ltr'>et</span> <span class='ocrx_word' id='word_1_93' title='bbox 993 1065 1168 1104; x_wconf 86' lang='lat' dir='ltr'>praecepta</span> 
     </span>
     <span class='ocr_line' id='line_1_19' title="bbox 432 1113 1167 1161; baseline -0.005 -12"><span class='ocrx_word' id='word_1_94' title='bbox 432 1125 656 1161; x_wconf 87' lang='lat' dir='ltr'>quaecumque</span> <span class='ocrx_word' id='word_1_95' title='bbox 667 1113 848 1147; x_wconf 87' lang='lat' dir='ltr'>necessaria</span> <span class='ocrx_word' id='word_1_96' title='bbox 860 1118 1092 1157; x_wconf 86' lang='lat' dir='ltr'>etopportuna,</span> <span class='ocrx_word' id='word_1_97' title='bbox 1102 1113 1167 1146; x_wconf 89' lang='lat' dir='ltr'>illis</span> 
     </span>
     <span class='ocr_line' id='line_1_20' title="bbox 431 1166 1168 1211; baseline -0.007 -8"><span class='ocrx_word' id='word_1_98' title='bbox 431 1170 465 1203; x_wconf 93' lang='lat' dir='ltr'>in</span> <span class='ocrx_word' id='word_1_99' title='bbox 495 1169 594 1202; x_wconf 86' lang='lat' dir='ltr'>rebus</span> <span class='ocrx_word' id='word_1_100' title='bbox 628 1177 709 1211; x_wconf 91' lang='lat' dir='ltr'>quae</span> <span class='ocrx_word' id='word_1_101' title='bbox 748 1166 943 1200; x_wconf 78' lang='lat' dir='ltr'>visitationis</span> <span class='ocrx_word' id='word_1_102' title='bbox 982 1166 1168 1200; x_wconf 88' lang='lat' dir='ltr'>huiusmodi</span> 
     </span>
     <span class='ocr_line' id='line_1_21' title="bbox 431 1221 1170 1267; baseline -0.007 -11"><span class='ocrx_word' id='word_1_103' title='bbox 431 1221 726 1267; x_wconf 82' lang='lat' dir='ltr'>praeparationem,</span> <span class='ocrx_word' id='word_1_104' title='bbox 751 1224 880 1259; x_wconf 86' lang='lat' dir='ltr'>statum,</span> <span class='ocrx_word' id='word_1_105' title='bbox 906 1230 1114 1263; x_wconf 79' lang='lat' dir='ltr'>progressum</span> <span class='ocrx_word' id='word_1_106' title='bbox 1138 1224 1170 1252; x_wconf 88' lang='lat' dir='ltr'>et</span> 
     </span>
     <span class='ocr_line' id='line_1_22' title="bbox 433 1272 1169 1313; baseline -0.007 -4"><span class='ocrx_word' id='word_1_107' title='bbox 433 1275 658 1310; x_wconf 81' lang='lat' dir='ltr'>executionem</span> <span class='ocrx_word' id='word_1_108' title='bbox 675 1277 882 1312; x_wconf 83' lang='lat' dir='ltr'>concernunt,</span> <span class='ocrx_word' id='word_1_109' title='bbox 900 1273 1108 1313; x_wconf 83' lang='lat' dir='ltr'>decernendi,</span> <span class='ocrx_word' id='word_1_110' title='bbox 1126 1272 1169 1305; x_wconf 82' lang='lat' dir='ltr'>fa-</span> 
     </span>
     <span class='ocr_line' id='line_1_23' title="bbox 433 1325 1169 1371; baseline -0.005 -8"><span class='ocrx_word' id='word_1_111' title='bbox 433 1329 542 1363; x_wconf 88' lang='lat' dir='ltr'>ciendi</span> <span class='ocrx_word' id='word_1_112' title='bbox 566 1333 664 1371; x_wconf 86' lang='lat' dir='ltr'>atque</span> <span class='ocrx_word' id='word_1_113' title='bbox 694 1325 812 1369; x_wconf 84' lang='lat' dir='ltr'>exequi</span> <span class='ocrx_word' id='word_1_114' title='bbox 836 1325 986 1366; x_wconf 88' lang='lat' dir='ltr'>iubendi;</span> <span class='ocrx_word' id='word_1_115' title='bbox 1011 1335 1169 1369; x_wconf 79' lang='lat' dir='ltr'>personas</span> 
     </span>
     <span class='ocr_line' id='line_1_24' title="bbox 435 1378 1171 1427; baseline -0.004 -12"><span class='ocrx_word' id='word_1_116' title='bbox 435 1391 579 1427; x_wconf 87' lang='lat' dir='ltr'>quasque</span> <span class='ocrx_word' id='word_1_117' title='bbox 620 1385 684 1414; x_wconf 87' lang='lat' dir='ltr'>tam</span> <span class='ocrx_word' id='word_1_118' title='bbox 719 1378 954 1412; x_wconf 86' lang='lat' dir='ltr'>ecclesiasticas</span> <span class='ocrx_word' id='word_1_119' title='bbox 990 1380 1171 1412; x_wconf 82' lang='lat' dir='ltr'>saeculares</span> 
     </span>
     <span class='ocr_line' id='line_1_25' title="bbox 436 1430 1172 1471; baseline -0.005 -3"><span class='ocrx_word' id='word_1_120' title='bbox 436 1440 469 1469; x_wconf 89' lang='lat' dir='ltr'>et</span> <span class='ocrx_word' id='word_1_121' title='bbox 493 1433 634 1467; x_wconf 91' lang='lat' dir='ltr'>cuiusvis</span> <span class='ocrx_word' id='word_1_122' title='bbox 665 1432 804 1471; x_wconf 83' lang='lat' dir='ltr'>Ordinis,</span> <span class='ocrx_word' id='word_1_123' title='bbox 831 1431 926 1464; x_wconf 87' lang='lat' dir='ltr'>etiam</span> <span class='ocrx_word' id='word_1_124' title='bbox 950 1430 1172 1465; x_wconf 84' lang='lat' dir='ltr'>Cisterciensis</span> 
     </span>
     <span class='ocr_line' id='line_1_26' title="bbox 437 1483 1172 1524; baseline -0.007 -3"><span class='ocrx_word' id='word_1_125' title='bbox 437 1499 472 1521; x_wconf 83' lang='lat' dir='ltr'>ac</span> <span class='ocrx_word' id='word_1_126' title='bbox 501 1486 604 1520; x_wconf 90' lang='lat' dir='ltr'>sancti</span> <span class='ocrx_word' id='word_1_127' title='bbox 640 1484 772 1518; x_wconf 87' lang='lat' dir='ltr'>Antonii</span> <span class='ocrx_word' id='word_1_128' title='bbox 797 1483 1007 1524; x_wconf 75' lang='lat' dir='ltr'>Viennensis,</span> <span class='ocrx_word' id='word_1_129' title='bbox 1043 1494 1172 1517; x_wconf 87' lang='lat' dir='ltr'>necnon</span> 
     </span>
     <span class='ocr_line' id='line_1_27' title="bbox 437 1536 1173 1583; baseline -0.007 -8"><span class='ocrx_word' id='word_1_130' title='bbox 437 1538 710 1583; x_wconf 81' lang='lat' dir='ltr'>congregationis,</span> <span class='ocrx_word' id='word_1_131' title='bbox 730 1537 904 1578; x_wconf 79' lang='lat' dir='ltr'>societatiS,</span> <span class='ocrx_word' id='word_1_132' title='bbox 926 1537 1020 1570; x_wconf 87' lang='lat' dir='ltr'>etiam</span> <span class='ocrx_word' id='word_1_133' title='bbox 1037 1536 1119 1578; x_wconf 86' lang='lat' dir='ltr'>Iesu,</span> <span class='ocrx_word' id='word_1_134' title='bbox 1138 1548 1173 1570; x_wconf 89' lang='lat' dir='ltr'>ac</span> 
     </span>
     <span class='ocr_line' id='line_1_28' title="bbox 437 1589 1174 1634; baseline -0.005 -6"><span class='ocrx_word' id='word_1_135' title='bbox 437 1593 590 1634; x_wconf 89' lang='lat' dir='ltr'>instituti,</span> <span class='ocrx_word' id='word_1_136' title='bbox 615 1601 744 1625; x_wconf 85' lang='lat' dir='ltr'>necnon</span> <span class='ocrx_word' id='word_1_137' title='bbox 770 1590 968 1631; x_wconf 80' lang='lat' dir='ltr'>militiarum,</span> <span class='ocrx_word' id='word_1_138' title='bbox 995 1589 1091 1623; x_wconf 85' lang='lat' dir='ltr'>etiam</span> <span class='ocrx_word' id='word_1_139' title='bbox 1115 1590 1174 1624; x_wconf 90' lang='lat' dir='ltr'>ho-</span> 
     </span>
     <span class='ocr_line' id='line_1_29' title="bbox 438 1643 1175 1691; baseline -0.005 -11"><span class='ocrx_word' id='word_1_140' title='bbox 438 1646 564 1691; x_wconf 89' lang='lat' dir='ltr'>spitalis</span> <span class='ocrx_word' id='word_1_141' title='bbox 581 1645 613 1678; x_wconf 89' lang='lat' dir='ltr'>S.</span> <span class='ocrx_word' id='word_1_142' title='bbox 628 1644 757 1677; x_wconf 90' lang='lat' dir='ltr'>Ioannis</span> <span class='ocrx_word' id='word_1_143' title='bbox 774 1643 1068 1687; x_wconf 86' lang='lat' dir='ltr'>Hierosolymitani,</span> <span class='ocrx_word' id='word_1_144' title='bbox 1084 1654 1175 1687; x_wconf 83' lang='lat' dir='ltr'>regu-</span> 
     </span>
     <span class='ocr_line' id='line_1_30' title="bbox 439 1696 1176 1742; baseline -0.007 -9"><span class='ocrx_word' id='word_1_145' title='bbox 439 1702 535 1740; x_wconf 87' lang='lat' dir='ltr'>lares,</span> <span class='ocrx_word' id='word_1_146' title='bbox 560 1708 655 1742; x_wconf 87' lang='lat' dir='ltr'>quam</span> <span class='ocrx_word' id='word_1_147' title='bbox 682 1697 778 1730; x_wconf 88' lang='lat' dir='ltr'>etiam</span> <span class='ocrx_word' id='word_1_148' title='bbox 803 1696 911 1737; x_wconf 78' lang='lat' dir='ltr'>laicas,</span> <span class='ocrx_word' id='word_1_149' title='bbox 937 1706 996 1739; x_wconf 88' lang='lat' dir='ltr'>pro</span> <span class='ocrx_word' id='word_1_150' title='bbox 1021 1696 1118 1729; x_wconf 88' lang='lat' dir='ltr'>rebus</span> <span class='ocrx_word' id='word_1_151' title='bbox 1144 1702 1176 1729; x_wconf 91' lang='lat' dir='ltr'>et</span> 
     </span>
     <span class='ocr_line' id='line_1_31' title="bbox 439 1748 1176 1796; baseline -0.007 -9"><span class='ocrx_word' id='word_1_152' title='bbox 439 1752 579 1796; x_wconf 81' lang='lat' dir='ltr'>negotiis</span> <span class='ocrx_word' id='word_1_153' title='bbox 600 1751 639 1784; x_wconf 87' lang='lat' dir='ltr'>ad</span> <span class='ocrx_word' id='word_1_154' title='bbox 664 1749 879 1783; x_wconf 86' lang='lat' dir='ltr'>visitationem</span> <span class='ocrx_word' id='word_1_155' title='bbox 896 1748 1082 1782; x_wconf 86' lang='lat' dir='ltr'>huiusmodi</span> <span class='ocrx_word' id='word_1_156' title='bbox 1108 1759 1176 1792; x_wconf 85' lang='lat' dir='ltr'>per-</span> 
     </span>
     <span class='ocr_line' id='line_1_32' title="bbox 440 1801 1177 1845; baseline -0.007 -5"><span class='ocrx_word' id='word_1_157' title='bbox 440 1805 629 1843; x_wconf 88' lang='lat' dir='ltr'>tinentibus,</span> <span class='ocrx_word' id='word_1_158' title='bbox 647 1804 685 1837; x_wconf 90' lang='lat' dir='ltr'>ad</span> <span class='ocrx_word' id='word_1_159' title='bbox 706 1813 760 1835; x_wconf 85' lang='lat' dir='ltr'>vos</span> <span class='ocrx_word' id='word_1_160' title='bbox 785 1801 919 1836; x_wconf 87' lang='lat' dir='ltr'>vocandi</span> <span class='ocrx_word' id='word_1_161' title='bbox 944 1806 976 1834; x_wconf 92' lang='lat' dir='ltr'>et</span> <span class='ocrx_word' id='word_1_162' title='bbox 1001 1801 1040 1835; x_wconf 89' lang='lat' dir='ltr'>ad</span> <span class='ocrx_word' id='word_1_163' title='bbox 1064 1812 1177 1845; x_wconf 84' lang='lat' dir='ltr'>perso-</span> 
     </span>
     <span class='ocr_line' id='line_1_33' title="bbox 440 1854 1173 1898; baseline -0.007 -6"><span class='ocrx_word' id='word_1_164' title='bbox 440 1859 557 1892; x_wconf 85' lang='lat' dir='ltr'>naliter</span> <span class='ocrx_word' id='word_1_165' title='bbox 588 1866 696 1890; x_wconf 88' lang='lat' dir='ltr'>coram</span> <span class='ocrx_word' id='word_1_166' title='bbox 725 1855 815 1888; x_wconf 90' lang='lat' dir='ltr'>vobis</span> <span class='ocrx_word' id='word_1_167' title='bbox 847 1854 1100 1898; x_wconf 85' lang='lat' dir='ltr'>comparendum</span> <span class='ocrx_word' id='word_1_168' title='bbox 1126 1855 1173 1888; x_wconf 90' lang='lat' dir='ltr'>ci-</span> 
     </span>
     <span class='ocr_line' id='line_1_34' title="bbox 442 1906 1178 1954; baseline -0.005 -9"><span class='ocrx_word' id='word_1_169' title='bbox 442 1911 530 1945; x_wconf 85' lang='lat' dir='ltr'>tandi</span> <span class='ocrx_word' id='word_1_170' title='bbox 548 1908 806 1954; x_wconf 87' lang='lat' dir='ltr'>opportunisque</span> <span class='ocrx_word' id='word_1_171' title='bbox 824 1907 903 1940; x_wconf 88' lang='lat' dir='ltr'>iuris</span> <span class='ocrx_word' id='word_1_172' title='bbox 929 1912 961 1940; x_wconf 91' lang='lat' dir='ltr'>et</span> <span class='ocrx_word' id='word_1_173' title='bbox 985 1906 1057 1940; x_wconf 85' lang='lat' dir='ltr'>sacti</span> <span class='ocrx_word' id='word_1_174' title='bbox 1075 1918 1178 1941; x_wconf 91' lang='lat' dir='ltr'>reme-</span> 
     </span>
     <span class='ocr_line' id='line_1_35' title="bbox 443 1960 1178 2006; baseline -0.004 -9"><span class='ocrx_word' id='word_1_175' title='bbox 443 1965 504 1998; x_wconf 82' lang='lat' dir='ltr'>diis</span> <span class='ocrx_word' id='word_1_176' title='bbox 524 1961 763 2006; x_wconf 78' lang='lat' dir='ltr'>compellendi;</span> <span class='ocrx_word' id='word_1_177' title='bbox 786 1960 908 1994; x_wconf 90' lang='lat' dir='ltr'>similes</span> <span class='ocrx_word' id='word_1_178' title='bbox 926 1960 1003 1994; x_wconf 90' lang='lat' dir='ltr'>item</span> <span class='ocrx_word' id='word_1_179' title='bbox 1019 1970 1178 2004; x_wconf 86' lang='lat' dir='ltr'>personas</span> 
     </span>
     <span class='ocr_line' id='line_1_36' title="bbox 444 2013 1179 2061; baseline -0.005 -11"><span class='ocrx_word' id='word_1_180' title='bbox 444 2025 676 2061; x_wconf 88' lang='lat' dir='ltr'>quascumque,</span> <span class='ocrx_word' id='word_1_181' title='bbox 696 2019 728 2047; x_wconf 89' lang='lat' dir='ltr'>et</span> <span class='ocrx_word' id='word_1_182' title='bbox 749 2019 912 2057; x_wconf 86' lang='lat' dir='ltr'>tamquam</span> <span class='ocrx_word' id='word_1_183' title='bbox 931 2013 1129 2057; x_wconf 84' lang='lat' dir='ltr'>principales</span> <span class='ocrx_word' id='word_1_184' title='bbox 1148 2019 1179 2047; x_wconf 90' lang='lat' dir='ltr'>et</span> 
     </span>
     <span class='ocr_line' id='line_1_37' title="bbox 446 2067 1179 2113; baseline -0.007 -9"><span class='ocrx_word' id='word_1_185' title='bbox 446 2076 608 2113; x_wconf 81' lang='lat' dir='ltr'>tamquam</span> <span class='ocrx_word' id='word_1_186' title='bbox 633 2073 740 2108; x_wconf 85' lang='lat' dir='ltr'>testes,</span> <span class='ocrx_word' id='word_1_187' title='bbox 759 2078 815 2100; x_wconf 91' lang='lat' dir='ltr'>seu</span> <span class='ocrx_word' id='word_1_188' title='bbox 830 2072 993 2110; x_wconf 85' lang='lat' dir='ltr'>tamquam</span> <span class='ocrx_word' id='word_1_189' title='bbox 1016 2067 1179 2110; x_wconf 89' lang='lat' dir='ltr'>principa-</span> 
     </span>
     <span class='ocr_line' id='line_1_38' title="bbox 444 2120 1179 2166; baseline -0.005 -9"><span class='ocrx_word' id='word_1_190' title='bbox 444 2125 493 2158; x_wconf 89' lang='lat' dir='ltr'>les</span> <span class='ocrx_word' id='word_1_191' title='bbox 519 2122 624 2166; x_wconf 87' lang='lat' dir='ltr'>quoad</span> <span class='ocrx_word' id='word_1_192' title='bbox 650 2131 695 2161; x_wconf 92' lang='lat' dir='ltr'>se,</span> <span class='ocrx_word' id='word_1_193' title='bbox 722 2125 754 2153; x_wconf 90' lang='lat' dir='ltr'>et</span> <span class='ocrx_word' id='word_1_194' title='bbox 779 2125 940 2163; x_wconf 87' lang='lat' dir='ltr'>tamquam</span> <span class='ocrx_word' id='word_1_195' title='bbox 961 2125 1058 2153; x_wconf 87' lang='lat' dir='ltr'>testes</span> <span class='ocrx_word' id='word_1_196' title='bbox 1073 2120 1179 2163; x_wconf 90' lang='lat' dir='ltr'>quoad</span> 
     </span>
     <span class='ocr_line' id='line_1_39' title="bbox 446 2173 1180 2217; baseline -0.007 -7"><span class='ocrx_word' id='word_1_197' title='bbox 446 2177 539 2217; x_wconf 85' lang='lat' dir='ltr'>alios,</span> <span class='ocrx_word' id='word_1_198' title='bbox 554 2174 771 2214; x_wconf 84' lang='lat' dir='ltr'>examinandi,</span> <span class='ocrx_word' id='word_1_199' title='bbox 791 2179 822 2207; x_wconf 88' lang='lat' dir='ltr'>et</span> <span class='ocrx_word' id='word_1_200' title='bbox 838 2179 873 2206; x_wconf 91' lang='lat' dir='ltr'>ut</span> <span class='ocrx_word' id='word_1_201' title='bbox 893 2173 1019 2206; x_wconf 87' lang='lat' dir='ltr'>veritati</span> <span class='ocrx_word' id='word_1_202' title='bbox 1039 2173 1180 2206; x_wconf 89' lang='lat' dir='ltr'>testimo-</span> 
     </span>
     <span class='ocr_line' id='line_1_40' title="bbox 446 2226 1181 2271; baseline -0.005 -9"><span class='ocrx_word' id='word_1_203' title='bbox 446 2230 538 2263; x_wconf 88' lang='lat' dir='ltr'>nium</span> <span class='ocrx_word' id='word_1_204' title='bbox 562 2227 758 2271; x_wconf 86' lang='lat' dir='ltr'>perhibeant</span> <span class='ocrx_word' id='word_1_205' title='bbox 788 2226 983 2259; x_wconf 90' lang='lat' dir='ltr'>admonendi</span> <span class='ocrx_word' id='word_1_206' title='bbox 1017 2235 1053 2258; x_wconf 87' lang='lat' dir='ltr'>ac</span> <span class='ocrx_word' id='word_1_207' title='bbox 1086 2227 1181 2259; x_wconf 88' lang='lat' dir='ltr'>etiam</span> 
     </span>
     <span class='ocr_line' id='line_1_41' title="bbox 448 2278 1181 2325; baseline -0.007 -9"><span class='ocrx_word' id='word_1_208' title='bbox 448 2281 597 2325; x_wconf 78' lang='lat' dir='ltr'>cogendi,</span> <span class='ocrx_word' id='word_1_209' title='bbox 616 2280 798 2313; x_wconf 88' lang='lat' dir='ltr'>iuramenta</span> <span class='ocrx_word' id='word_1_210' title='bbox 823 2279 869 2312; x_wconf 90' lang='lat' dir='ltr'>eis</span> <span class='ocrx_word' id='word_1_211' title='bbox 895 2278 1063 2312; x_wconf 81' lang='lat' dir='ltr'>deserendi</span> <span class='ocrx_word' id='word_1_212' title='bbox 1089 2284 1120 2312; x_wconf 88' lang='lat' dir='ltr'>et</span> <span class='ocrx_word' id='word_1_213' title='bbox 1143 2279 1181 2311; x_wconf 90' lang='lat' dir='ltr'>ab</span> 
     </span>
     <span class='ocr_line' id='line_1_42' title="bbox 449 2331 1182 2376; baseline -0.005 -8"><span class='ocrx_word' id='word_1_214' title='bbox 449 2335 495 2369; x_wconf 89' lang='lat' dir='ltr'>eis</span> <span class='ocrx_word' id='word_1_215' title='bbox 520 2333 671 2376; x_wconf 75' lang='lat' dir='ltr'>exigendi</span> <span class='ocrx_word' id='word_1_216' title='bbox 697 2337 729 2365; x_wconf 90' lang='lat' dir='ltr'>et</span> <span class='ocrx_word' id='word_1_217' title='bbox 753 2332 932 2375; x_wconf 89' lang='lat' dir='ltr'>recipiendi</span> <span class='ocrx_word' id='word_1_218' title='bbox 958 2331 997 2365; x_wconf 87' lang='lat' dir='ltr'>ad</span> <span class='ocrx_word' id='word_1_219' title='bbox 1017 2342 1182 2365; x_wconf 87' lang='lat' dir='ltr'>sacrorum</span> 
     </span>
     <span class='ocr_line' id='line_1_43' title="bbox 449 2384 1183 2429; baseline -0.004 -8"><span class='ocrx_word' id='word_1_220' title='bbox 449 2397 611 2421; x_wconf 90' lang='lat' dir='ltr'>canonum</span> <span class='ocrx_word' id='word_1_221' title='bbox 647 2384 907 2429; x_wconf 86' lang='lat' dir='ltr'>praescriptum,</span> <span class='ocrx_word' id='word_1_222' title='bbox 935 2395 970 2418; x_wconf 91' lang='lat' dir='ltr'>ac</span> <span class='ocrx_word' id='word_1_223' title='bbox 994 2390 1183 2418; x_wconf 83' lang='lat' dir='ltr'>recusantes</span> 
     </span>
     <span class='ocr_line' id='line_1_44' title="bbox 450 2437 1185 2485; baseline -0.004 -11"><span class='ocrx_word' id='word_1_224' title='bbox 450 2451 509 2485; x_wconf 88' lang='lat' dir='ltr'>per</span> <span class='ocrx_word' id='word_1_225' title='bbox 526 2448 679 2473; x_wconf 84' lang='lat' dir='ltr'>censuras</span> <span class='ocrx_word' id='word_1_226' title='bbox 697 2437 929 2471; x_wconf 84' lang='lat' dir='ltr'>ecclesiasticas</span> <span class='ocrx_word' id='word_1_227' title='bbox 947 2438 1090 2481; x_wconf 86' lang='lat' dir='ltr'>aliasque</span> <span class='ocrx_word' id='word_1_228' title='bbox 1108 2448 1185 2480; x_wconf 90' lang='lat' dir='ltr'>poe-</span> 
     </span>
     <span class='ocr_line' id='line_1_45' title="bbox 450 2491 1184 2534; baseline -0.005 -7"><span class='ocrx_word' id='word_1_229' title='bbox 450 2504 509 2527; x_wconf 90' lang='lat' dir='ltr'>nas</span> <span class='ocrx_word' id='word_1_230' title='bbox 540 2492 635 2526; x_wconf 83' lang='lat' dir='ltr'>etiam</span> <span class='ocrx_word' id='word_1_231' title='bbox 675 2491 861 2534; x_wconf 85' lang='lat' dir='ltr'>corporales</span> <span class='ocrx_word' id='word_1_232' title='bbox 892 2491 982 2523; x_wconf 85' lang='lat' dir='ltr'>vobis</span> <span class='ocrx_word' id='word_1_233' title='bbox 1017 2491 1184 2523; x_wconf 87' lang='lat' dir='ltr'>benevisas</span> 
     </span>
     <span class='ocr_line' id='line_1_46' title="bbox 452 2543 1183 2589; baseline -0.005 -10"><span class='ocrx_word' id='word_1_234' title='bbox 452 2545 704 2589; x_wconf 74' lang='lat' dir='ltr'>compescendi,</span> <span class='ocrx_word' id='word_1_235' title='bbox 730 2544 931 2576; x_wconf 80' lang='lat' dir='ltr'>memorialia</span> <span class='ocrx_word' id='word_1_236' title='bbox 963 2543 1057 2576; x_wconf 88' lang='lat' dir='ltr'>etiam</span> <span class='ocrx_word' id='word_1_237' title='bbox 1089 2544 1183 2576; x_wconf 89' lang='lat' dir='ltr'>nobis</span> 
     </span>
     <span class='ocr_line' id='line_1_47' title="bbox 452 2595 1184 2643; baseline -0.005 -10"><span class='ocrx_word' id='word_1_238' title='bbox 452 2598 607 2643; x_wconf 78' lang='lat' dir='ltr'>inscripta</span> <span class='ocrx_word' id='word_1_239' title='bbox 624 2602 655 2631; x_wconf 89' lang='lat' dir='ltr'>et</span> <span class='ocrx_word' id='word_1_240' title='bbox 676 2597 807 2638; x_wconf 84' lang='lat' dir='ltr'>directa,</span> <span class='ocrx_word' id='word_1_241' title='bbox 834 2601 928 2641; x_wconf 87' lang='lat' dir='ltr'>atque</span> <span class='ocrx_word' id='word_1_242' title='bbox 947 2595 1184 2638; x_wconf 84' lang='lat' dir='ltr'>instructiones,</span> 
     </span>
    </p>
   </div>
   <div class='ocr_carea' id='block_1_4' title="bbox 993 216 1350 242">
    <p class='ocr_par' dir='ltr' id='par_1_4' title="bbox 993 216 1350 242">
     <span class='ocr_line' id='line_1_48' title="bbox 993 216 1350 242; baseline -0.003 0"><span class='ocrx_word' id='word_1_243' title='bbox 993 217 1172 242; x_wconf 74' lang='lat' dir='ltr'>BULLARIUM</span> <span class='ocrx_word' id='word_1_244' title='bbox 1196 216 1350 242; x_wconf 73' lang='lat' dir='ltr'>ROMANUM</span> 
     </span>
    </p>
   </div>
   <div class='ocr_carea' id='block_1_5' title="bbox 1205 264 1956 2639">
    <p class='ocr_par' dir='ltr' id='par_1_5' title="bbox 1205 264 1956 2639">
     <span class='ocr_line' id='line_1_49' title="bbox 1207 264 1937 308; baseline 0.001 -11"><span class='ocrx_word' id='word_1_245' title='bbox 1207 264 1402 305; x_wconf 86' lang='lat' dir='ltr'>relationes,</span> <span class='ocrx_word' id='word_1_246' title='bbox 1430 265 1629 306; x_wconf 85' lang='lat' dir='ltr'>delationes,</span> <span class='ocrx_word' id='word_1_247' title='bbox 1656 265 1804 308; x_wconf 85' lang='lat' dir='ltr'>querelas</span> <span class='ocrx_word' id='word_1_248' title='bbox 1841 265 1937 299; x_wconf 88' lang='lat' dir='ltr'>etiam</span> 
     </span>
     <span class='ocr_line' id='line_1_50' title="bbox 1206 323 1938 362; baseline 0.003 -12"><span class='ocrx_word' id='word_1_249' title='bbox 1206 323 1348 351; x_wconf 86' lang='lat' dir='ltr'>secretas</span> <span class='ocrx_word' id='word_1_250' title='bbox 1385 323 1497 351; x_wconf 87' lang='lat' dir='ltr'>contra</span> <span class='ocrx_word' id='word_1_251' title='bbox 1526 329 1745 362; x_wconf 86' lang='lat' dir='ltr'>quascumque</span> <span class='ocrx_word' id='word_1_252' title='bbox 1781 329 1938 362; x_wconf 85' lang='lat' dir='ltr'>personas</span> 
     </span>
     <span class='ocr_line' id='line_1_51' title="bbox 1206 371 1937 414; baseline 0.001 -11"><span class='ocrx_word' id='word_1_253' title='bbox 1206 371 1384 414; x_wconf 84' lang='lat' dir='ltr'>accipiendi</span> <span class='ocrx_word' id='word_1_254' title='bbox 1410 376 1442 404; x_wconf 90' lang='lat' dir='ltr'>et</span> <span class='ocrx_word' id='word_1_255' title='bbox 1465 372 1560 404; x_wconf 86' lang='lat' dir='ltr'>nobis</span> <span class='ocrx_word' id='word_1_256' title='bbox 1582 372 1757 412; x_wconf 80' lang='lat' dir='ltr'>referendi,</span> <span class='ocrx_word' id='word_1_257' title='bbox 1775 383 1829 405; x_wconf 88' lang='lat' dir='ltr'>seu</span> <span class='ocrx_word' id='word_1_258' title='bbox 1850 372 1937 412; x_wconf 76' lang='lat' dir='ltr'>alias,</span> 
     </span>
     <span class='ocr_line' id='line_1_52' title="bbox 1206 425 1940 468; baseline 0.004 -13"><span class='ocrx_word' id='word_1_259' title='bbox 1206 429 1304 466; x_wconf 90' lang='lat' dir='ltr'>prout</span> <span class='ocrx_word' id='word_1_260' title='bbox 1327 434 1436 456; x_wconf 86' lang='lat' dir='ltr'>rerum</span> <span class='ocrx_word' id='word_1_261' title='bbox 1461 429 1492 456; x_wconf 88' lang='lat' dir='ltr'>et</span> <span class='ocrx_word' id='word_1_262' title='bbox 1512 435 1722 466; x_wconf 86' lang='lat' dir='ltr'>personarum</span> <span class='ocrx_word' id='word_1_263' title='bbox 1736 425 1874 468; x_wconf 84' lang='lat' dir='ltr'>qualitas</span> <span class='ocrx_word' id='word_1_264' title='bbox 1889 435 1940 458; x_wconf 82' lang='lat' dir='ltr'>re-</span> 
     </span>
     <span class='ocr_line' id='line_1_53' title="bbox 1206 475 1940 518; baseline 0.005 -12"><span class='ocrx_word' id='word_1_265' title='bbox 1206 475 1322 518; x_wconf 85' lang='lat' dir='ltr'>quiret,</span> <span class='ocrx_word' id='word_1_266' title='bbox 1339 475 1425 508; x_wconf 78' lang='lat' dir='ltr'>iuxta</span> <span class='ocrx_word' id='word_1_267' title='bbox 1443 476 1665 509; x_wconf 84' lang='lat' dir='ltr'>ordinationes</span> <span class='ocrx_word' id='word_1_268' title='bbox 1683 482 1808 510; x_wconf 88' lang='lat' dir='ltr'>nostras</span> <span class='ocrx_word' id='word_1_269' title='bbox 1827 488 1863 510; x_wconf 80' lang='lat' dir='ltr'>ex</span> <span class='ocrx_word' id='word_1_270' title='bbox 1885 488 1940 510; x_wconf 84' lang='lat' dir='ltr'>au·</span> 
     </span>
     <span class='ocr_line' id='line_1_54' title="bbox 1206 527 1939 572; baseline 0.003 -12"><span class='ocrx_word' id='word_1_271' title='bbox 1206 527 1351 561; x_wconf 88' lang='lat' dir='ltr'>ctoritate</span> <span class='ocrx_word' id='word_1_272' title='bbox 1375 528 1466 561; x_wconf 91' lang='lat' dir='ltr'>vobis</span> <span class='ocrx_word' id='word_1_273' title='bbox 1493 528 1607 561; x_wconf 71' lang='lat' dir='ltr'>tradita</span> <span class='ocrx_word' id='word_1_274' title='bbox 1624 529 1836 572; x_wconf 78' lang='lat' dir='ltr'>providendi3</span> <span class='ocrx_word' id='word_1_275' title='bbox 1862 540 1939 562; x_wconf 89' lang='lat' dir='ltr'>con-</span> 
     </span>
     <span class='ocr_line' id='line_1_55' title="bbox 1206 580 1938 625; baseline 0.004 -13"><span class='ocrx_word' id='word_1_276' title='bbox 1206 580 1410 623; x_wconf 81' lang='lat' dir='ltr'>gregationes</span> <span class='ocrx_word' id='word_1_277' title='bbox 1424 581 1603 624; x_wconf 87' lang='lat' dir='ltr'>aliquarum</span> <span class='ocrx_word' id='word_1_278' title='bbox 1617 592 1842 624; x_wconf 89' lang='lat' dir='ltr'>personarum,</span> <span class='ocrx_word' id='word_1_279' title='bbox 1858 592 1938 625; x_wconf 87' lang='lat' dir='ltr'>quae</span> 
     </span>
     <span class='ocr_line' id='line_1_56' title="bbox 1205 632 1941 677; baseline 0.003 -12"><span class='ocrx_word' id='word_1_280' title='bbox 1205 632 1295 665; x_wconf 89' lang='lat' dir='ltr'>vohis</span> <span class='ocrx_word' id='word_1_281' title='bbox 1313 633 1345 665; x_wconf 91' lang='lat' dir='ltr'>in</span> <span class='ocrx_word' id='word_1_282' title='bbox 1360 634 1529 666; x_wconf 77' lang='lat' dir='ltr'>consilium</span> <span class='ocrx_word' id='word_1_283' title='bbox 1544 643 1641 677; x_wconf 89' lang='lat' dir='ltr'>super</span> <span class='ocrx_word' id='word_1_284' title='bbox 1653 634 1839 677; x_wconf 87' lang='lat' dir='ltr'>praemissis</span> <span class='ocrx_word' id='word_1_285' title='bbox 1853 634 1941 667; x_wconf 84' lang='lat' dir='ltr'>adlii-</span> 
     </span>
     <span class='ocr_line' id='line_1_57' title="bbox 1206 686 1941 728; baseline 0.003 -9"><span class='ocrx_word' id='word_1_286' title='bbox 1206 686 1332 719; x_wconf 88' lang='lat' dir='ltr'>bendae</span> <span class='ocrx_word' id='word_1_287' title='bbox 1350 686 1556 727; x_wconf 89' lang='lat' dir='ltr'>videbuntur,</span> <span class='ocrx_word' id='word_1_288' title='bbox 1574 687 1720 728; x_wconf 83' lang='lat' dir='ltr'>faciendi,</span> <span class='ocrx_word' id='word_1_289' title='bbox 1742 692 1773 720; x_wconf 90' lang='lat' dir='ltr'>et</span> <span class='ocrx_word' id='word_1_290' title='bbox 1789 687 1861 720; x_wconf 90' lang='lat' dir='ltr'>illas</span> <span class='ocrx_word' id='word_1_291' title='bbox 1878 698 1941 721; x_wconf 85' lang='lat' dir='ltr'>eas-</span> 
     </span>
     <span class='ocr_line' id='line_1_58' title="bbox 1207 740 1939 783; baseline 0 -11"><span class='ocrx_word' id='word_1_292' title='bbox 1207 740 1279 773; x_wconf 89' lang='lat' dir='ltr'>dem</span> <span class='ocrx_word' id='word_1_293' title='bbox 1294 750 1449 783; x_wconf 83' lang='lat' dir='ltr'>personas</span> <span class='ocrx_word' id='word_1_294' title='bbox 1467 740 1656 773; x_wconf 87' lang='lat' dir='ltr'>auctoritate</span> <span class='ocrx_word' id='word_1_295' title='bbox 1671 742 1781 773; x_wconf 78' lang='lat' dir='ltr'>nostra</span> <span class='ocrx_word' id='word_1_296' title='bbox 1794 741 1939 781; x_wconf 85' lang='lat' dir='ltr'>vocandi,</span> 
     </span>
     <span class='ocr_line' id='line_1_59' title="bbox 1208 792 1941 835; baseline 0 -10"><span class='ocrx_word' id='word_1_297' title='bbox 1208 798 1240 825; x_wconf 91' lang='lat' dir='ltr'>et</span> <span class='ocrx_word' id='word_1_298' title='bbox 1263 803 1333 825; x_wconf 89' lang='lat' dir='ltr'>cum</span> <span class='ocrx_word' id='word_1_299' title='bbox 1356 792 1402 825; x_wconf 90' lang='lat' dir='ltr'>eis</span> <span class='ocrx_word' id='word_1_300' title='bbox 1428 792 1466 825; x_wconf 90' lang='lat' dir='ltr'>de</span> <span class='ocrx_word' id='word_1_301' title='bbox 1491 792 1635 835; x_wconf 81' lang='lat' dir='ltr'>negociis</span> <span class='ocrx_word' id='word_1_302' title='bbox 1665 793 1855 827; x_wconf 84' lang='lat' dir='ltr'>visitationis</span> <span class='ocrx_word' id='word_1_303' title='bbox 1880 794 1941 825; x_wconf 89' lang='lat' dir='ltr'>hu-</span> 
     </span>
     <span class='ocr_line' id='line_1_60' title="bbox 1208 845 1942 886; baseline 0.001 -8"><span class='ocrx_word' id='word_1_304' title='bbox 1208 845 1344 879; x_wconf 88' lang='lat' dir='ltr'>iusmodi</span> <span class='ocrx_word' id='word_1_305' title='bbox 1361 846 1531 886; x_wconf 84' lang='lat' dir='ltr'>tractandi,</span> <span class='ocrx_word' id='word_1_306' title='bbox 1551 846 1754 879; x_wconf 88' lang='lat' dir='ltr'>consultandi</span> <span class='ocrx_word' id='word_1_307' title='bbox 1772 851 1803 879; x_wconf 91' lang='lat' dir='ltr'>et</span> <span class='ocrx_word' id='word_1_308' title='bbox 1820 846 1942 880; x_wconf 91' lang='lat' dir='ltr'>delibe-</span> 
     </span>
     <span class='ocr_line' id='line_1_61' title="bbox 1208 899 1942 942; baseline 0.003 -11"><span class='ocrx_word' id='word_1_309' title='bbox 1208 899 1317 939; x_wconf 73' lang='lat' dir='ltr'>randi,</span> <span class='ocrx_word' id='word_1_310' title='bbox 1344 899 1609 942; x_wconf 87' lang='lat' dir='ltr'>quotiescumque</span> <span class='ocrx_word' id='word_1_311' title='bbox 1630 900 1726 932; x_wconf 90' lang='lat' dir='ltr'>etiam</span> <span class='ocrx_word' id='word_1_312' title='bbox 1739 900 1829 933; x_wconf 87' lang='lat' dir='ltr'>vobis</span> <span class='ocrx_word' id='word_1_313' title='bbox 1853 901 1942 934; x_wconf 89' lang='lat' dir='ltr'>vide-</span> 
     </span>
     <span class='ocr_line' id='line_1_62' title="bbox 1208 952 1943 993; baseline 0.003 -8"><span class='ocrx_word' id='word_1_314' title='bbox 1208 953 1304 993; x_wconf 84' lang='lat' dir='ltr'>bitur,</span> <span class='ocrx_word' id='word_1_315' title='bbox 1325 962 1360 986; x_wconf 87' lang='lat' dir='ltr'>ac</span> <span class='ocrx_word' id='word_1_316' title='bbox 1379 952 1476 985; x_wconf 88' lang='lat' dir='ltr'>etiam</span> <span class='ocrx_word' id='word_1_317' title='bbox 1502 962 1647 986; x_wconf 89' lang='lat' dir='ltr'>seorsum</span> <span class='ocrx_word' id='word_1_318' title='bbox 1672 964 1690 986; x_wconf 90' lang='lat' dir='ltr'>a</span> <span class='ocrx_word' id='word_1_319' title='bbox 1714 954 1819 993; x_wconf 88' lang='lat' dir='ltr'>nobis,</span> <span class='ocrx_word' id='word_1_320' title='bbox 1836 959 1867 987; x_wconf 90' lang='lat' dir='ltr'>et</span> <span class='ocrx_word' id='word_1_321' title='bbox 1883 954 1943 987; x_wconf 92' lang='lat' dir='ltr'>ite-</span> 
     </span>
     <span class='ocr_line' id='line_1_63' title="bbox 1208 1005 1942 1047; baseline 0.001 -9"><span class='ocrx_word' id='word_1_322' title='bbox 1208 1006 1286 1038; x_wconf 84' lang='lat' dir='ltr'>ratis</span> <span class='ocrx_word' id='word_1_323' title='bbox 1304 1005 1439 1042; x_wconf 81' lang='lat' dir='ltr'>vicibus.</span> <span class='ocrx_word' id='word_1_324' title='bbox 1455 1005 1638 1047; x_wconf 86' lang='lat' dir='ltr'>quarumvis</span> <span class='ocrx_word' id='word_1_325' title='bbox 1656 1005 1759 1038; x_wconf 88' lang='lat' dir='ltr'>dictae</span> <span class='ocrx_word' id='word_1_326' title='bbox 1776 1005 1870 1039; x_wconf 87' lang='lat' dir='ltr'>Urbis</span> <span class='ocrx_word' id='word_1_327' title='bbox 1883 1016 1942 1040; x_wconf 91' lang='lat' dir='ltr'>seu</span> 
     </span>
     <span class='ocr_line' id='line_1_64' title="bbox 1210 1057 1942 1099; baseline 0.003 -9"><span class='ocrx_word' id='word_1_328' title='bbox 1210 1063 1299 1091; x_wconf 76' lang='lat' dir='ltr'>extra</span> <span class='ocrx_word' id='word_1_329' title='bbox 1314 1057 1414 1096; x_wconf 88' lang='lat' dir='ltr'>illam,</span> <span class='ocrx_word' id='word_1_330' title='bbox 1432 1057 1515 1089; x_wconf 88' lang='lat' dir='ltr'>intra</span> <span class='ocrx_word' id='word_1_331' title='bbox 1531 1062 1636 1090; x_wconf 87' lang='lat' dir='ltr'>tamen</span> <span class='ocrx_word' id='word_1_332' title='bbox 1650 1057 1735 1091; x_wconf 89' lang='lat' dir='ltr'>illius</span> <span class='ocrx_word' id='word_1_333' title='bbox 1751 1058 1942 1099; x_wconf 88' lang='lat' dir='ltr'>districtum,</span> 
     </span>
     <span class='ocr_line' id='line_1_65' title="bbox 1210 1110 1944 1154; baseline 0.001 -10"><span class='ocrx_word' id='word_1_334' title='bbox 1210 1110 1455 1144; x_wconf 79' lang='lat' dir='ltr'>consistentium</span> <span class='ocrx_word' id='word_1_335' title='bbox 1490 1110 1765 1153; x_wconf 86' lang='lat' dir='ltr'>patriarchalium,</span> <span class='ocrx_word' id='word_1_336' title='bbox 1791 1112 1944 1154; x_wconf 83' lang='lat' dir='ltr'>collegia-</span> 
     </span>
     <span class='ocr_line' id='line_1_66' title="bbox 1212 1163 1944 1205; baseline 0.003 -9"><span class='ocrx_word' id='word_1_337' title='bbox 1212 1169 1313 1198; x_wconf 86' lang='lat' dir='ltr'>tarum</span> <span class='ocrx_word' id='word_1_338' title='bbox 1350 1173 1404 1196; x_wconf 89' lang='lat' dir='ltr'>seu</span> <span class='ocrx_word' id='word_1_339' title='bbox 1436 1163 1571 1196; x_wconf 86' lang='lat' dir='ltr'>aliarum</span> <span class='ocrx_word' id='word_1_340' title='bbox 1596 1164 1821 1205; x_wconf 84' lang='lat' dir='ltr'>ecclesiarum,</span> <span class='ocrx_word' id='word_1_341' title='bbox 1847 1166 1944 1198; x_wconf 88' lang='lat' dir='ltr'>etiam</span> 
     </span>
     <span class='ocr_line' id='line_1_67' title="bbox 1210 1215 1946 1251; baseline 0 -1"><span class='ocrx_word' id='word_1_342' title='bbox 1210 1217 1242 1250; x_wconf 89' lang='lat' dir='ltr'>S.</span> <span class='ocrx_word' id='word_1_343' title='bbox 1263 1217 1301 1249; x_wconf 92' lang='lat' dir='ltr'>R.</span> <span class='ocrx_word' id='word_1_344' title='bbox 1318 1216 1354 1249; x_wconf 91' lang='lat' dir='ltr'>E.</span> <span class='ocrx_word' id='word_1_345' title='bbox 1383 1215 1601 1249; x_wconf 85' lang='lat' dir='ltr'>cardinalibus</span> <span class='ocrx_word' id='word_1_346' title='bbox 1633 1217 1759 1250; x_wconf 86' lang='lat' dir='ltr'>ratione</span> <span class='ocrx_word' id='word_1_347' title='bbox 1784 1217 1866 1251; x_wconf 89' lang='lat' dir='ltr'>tituli</span> <span class='ocrx_word' id='word_1_348' title='bbox 1891 1223 1946 1251; x_wconf 86' lang='lat' dir='ltr'>aut</span> 
     </span>
     <span class='ocr_line' id='line_1_68' title="bbox 1211 1269 1944 1304; baseline 0.001 -1"><span class='ocrx_word' id='word_1_349' title='bbox 1211 1269 1482 1304; x_wconf 87' lang='lat' dir='ltr'>denominationis</span> <span class='ocrx_word' id='word_1_350' title='bbox 1510 1269 1557 1302; x_wconf 93' lang='lat' dir='ltr'>sui</span> <span class='ocrx_word' id='word_1_351' title='bbox 1582 1269 1797 1303; x_wconf 85' lang='lat' dir='ltr'>cardinalatus</span> <span class='ocrx_word' id='word_1_352' title='bbox 1816 1275 1848 1303; x_wconf 90' lang='lat' dir='ltr'>et</span> <span class='ocrx_word' id='word_1_353' title='bbox 1867 1271 1944 1304; x_wconf 78' lang='lat' dir='ltr'>alias</span> 
     </span>
     <span class='ocr_line' id='line_1_69' title="bbox 1211 1321 1946 1366; baseline 0.003 -12"><span class='ocrx_word' id='word_1_354' title='bbox 1211 1322 1457 1366; x_wconf 88' lang='lat' dir='ltr'>quomodolibet</span> <span class='ocrx_word' id='word_1_355' title='bbox 1480 1321 1530 1354; x_wconf 89' lang='lat' dir='ltr'>vel</span> <span class='ocrx_word' id='word_1_356' title='bbox 1555 1332 1591 1354; x_wconf 80' lang='lat' dir='ltr'>ex</span> <span class='ocrx_word' id='word_1_357' title='bbox 1612 1322 1723 1365; x_wconf 80' lang='lat' dir='ltr'>quavis</span> <span class='ocrx_word' id='word_1_358' title='bbox 1749 1321 1844 1356; x_wconf 73' lang='lat' dir='ltr'>causa</span> <span class='ocrx_word' id='word_1_359' title='bbox 1871 1324 1946 1356; x_wconf 86' lang='lat' dir='ltr'>sub-</span> 
     </span>
     <span class='ocr_line' id='line_1_70' title="bbox 1213 1375 1946 1418; baseline 0 -9"><span class='ocrx_word' id='word_1_360' title='bbox 1213 1377 1378 1415; x_wconf 88' lang='lat' dir='ltr'>iectarum,</span> <span class='ocrx_word' id='word_1_361' title='bbox 1391 1385 1446 1408; x_wconf 90' lang='lat' dir='ltr'>seu</span> <span class='ocrx_word' id='word_1_362' title='bbox 1472 1375 1607 1408; x_wconf 80' lang='lat' dir='ltr'>cuiusvis</span> <span class='ocrx_word' id='word_1_363' title='bbox 1625 1376 1791 1418; x_wconf 87' lang='lat' dir='ltr'>cappellae</span> <span class='ocrx_word' id='word_1_364' title='bbox 1808 1377 1858 1410; x_wconf 91' lang='lat' dir='ltr'>vel</span> <span class='ocrx_word' id='word_1_365' title='bbox 1875 1387 1946 1409; x_wconf 89' lang='lat' dir='ltr'>ora-</span> 
     </span>
     <span class='ocr_line' id='line_1_71' title="bbox 1214 1427 1946 1469; baseline -0.001 -7"><span class='ocrx_word' id='word_1_366' title='bbox 1214 1429 1298 1469; x_wconf 90' lang='lat' dir='ltr'>torii,</span> <span class='ocrx_word' id='word_1_367' title='bbox 1323 1438 1451 1461; x_wconf 87' lang='lat' dir='ltr'>necnon</span> <span class='ocrx_word' id='word_1_368' title='bbox 1475 1427 1746 1461; x_wconf 87' lang='lat' dir='ltr'>monasteriorum</span> <span class='ocrx_word' id='word_1_369' title='bbox 1771 1434 1836 1462; x_wconf 90' lang='lat' dir='ltr'>tam</span> <span class='ocrx_word' id='word_1_370' title='bbox 1864 1429 1946 1462; x_wconf 89' lang='lat' dir='ltr'>viro-</span> 
     </span>
     <span class='ocr_line' id='line_1_72' title="bbox 1214 1481 1944 1525; baseline 0 -10"><span class='ocrx_word' id='word_1_371' title='bbox 1214 1493 1285 1515; x_wconf 88' lang='lat' dir='ltr'>rum</span> <span class='ocrx_word' id='word_1_372' title='bbox 1310 1492 1408 1525; x_wconf 88' lang='lat' dir='ltr'>quam</span> <span class='ocrx_word' id='word_1_373' title='bbox 1431 1481 1611 1521; x_wconf 86' lang='lat' dir='ltr'>mulierum,</span> <span class='ocrx_word' id='word_1_374' title='bbox 1637 1481 1835 1524; x_wconf 87' lang='lat' dir='ltr'>prioratuum</span> <span class='ocrx_word' id='word_1_375' title='bbox 1851 1508 1858 1522; x_wconf 93' lang='lat'>,</span> <span class='ocrx_word' id='word_1_376' title='bbox 1884 1482 1944 1515; x_wconf 89' lang='lat' dir='ltr'>do-</span> 
     </span>
     <span class='ocr_line' id='line_1_73' title="bbox 1215 1534 1948 1574; baseline -0.003 -6"><span class='ocrx_word' id='word_1_377' title='bbox 1215 1545 1340 1569; x_wconf 90' lang='lat' dir='ltr'>morum</span> <span class='ocrx_word' id='word_1_378' title='bbox 1359 1539 1390 1567; x_wconf 90' lang='lat' dir='ltr'>et</span> <span class='ocrx_word' id='word_1_379' title='bbox 1410 1535 1554 1567; x_wconf 83' lang='lat' dir='ltr'>locorum</span> <span class='ocrx_word' id='word_1_380' title='bbox 1572 1534 1799 1574; x_wconf 88' lang='lat' dir='ltr'>saecularium,</span> <span class='ocrx_word' id='word_1_381' title='bbox 1817 1544 1873 1567; x_wconf 91' lang='lat' dir='ltr'>seu</span> <span class='ocrx_word' id='word_1_382' title='bbox 1895 1545 1948 1566; x_wconf 87' lang='lat' dir='ltr'>cu-</span> 
     </span>
     <span class='ocr_line' id='line_1_74' title="bbox 1215 1587 1948 1628; baseline -0.001 -6"><span class='ocrx_word' id='word_1_383' title='bbox 1215 1589 1346 1622; x_wconf 90' lang='lat' dir='ltr'>iuslibet</span> <span class='ocrx_word' id='word_1_384' title='bbox 1363 1587 1500 1628; x_wconf 86' lang='lat' dir='ltr'>Ordinis,</span> <span class='ocrx_word' id='word_1_385' title='bbox 1520 1587 1616 1620; x_wconf 85' lang='lat' dir='ltr'>etiam</span> <span class='ocrx_word' id='word_1_386' title='bbox 1632 1587 1891 1628; x_wconf 86' lang='lat' dir='ltr'>Mendicantium,</span> <span class='ocrx_word' id='word_1_387' title='bbox 1911 1599 1948 1621; x_wconf 86' lang='lat' dir='ltr'>ac</span> 
     </span>
     <span class='ocr_line' id='line_1_75' title="bbox 1216 1640 1948 1676; baseline -0.005 0"><span class='ocrx_word' id='word_1_388' title='bbox 1216 1642 1313 1676; x_wconf 90' lang='lat' dir='ltr'>etiam</span> <span class='ocrx_word' id='word_1_389' title='bbox 1337 1640 1597 1674; x_wconf 86' lang='lat' dir='ltr'>Cisterciensium</span> <span class='ocrx_word' id='word_1_390' title='bbox 1626 1646 1658 1673; x_wconf 93' lang='lat' dir='ltr'>et</span> <span class='ocrx_word' id='word_1_391' title='bbox 1682 1641 1781 1673; x_wconf 85' lang='lat' dir='ltr'>sancti</span> <span class='ocrx_word' id='word_1_392' title='bbox 1818 1641 1948 1674; x_wconf 84' lang='lat' dir='ltr'>Antonii</span> 
     </span>
     <span class='ocr_line' id='line_1_76' title="bbox 1217 1693 1949 1735; baseline -0.001 -7"><span class='ocrx_word' id='word_1_393' title='bbox 1217 1694 1418 1730; x_wconf 73' lang='lat' dir='ltr'>Viennensis,</span> <span class='ocrx_word' id='word_1_394' title='bbox 1444 1703 1572 1726; x_wconf 89' lang='lat' dir='ltr'>necnon</span> <span class='ocrx_word' id='word_1_395' title='bbox 1596 1693 1873 1735; x_wconf 78' lang='lat' dir='ltr'>congregationis,</span> <span class='ocrx_word' id='word_1_396' title='bbox 1900 1704 1949 1727; x_wconf 89' lang='lat' dir='ltr'>so-</span> 
     </span>
     <span class='ocr_line' id='line_1_77' title="bbox 1217 1746 1947 1787; baseline -0.003 -6"><span class='ocrx_word' id='word_1_397' title='bbox 1217 1748 1351 1787; x_wconf 87' lang='lat' dir='ltr'>cietatis,</span> <span class='ocrx_word' id='word_1_398' title='bbox 1361 1747 1456 1780; x_wconf 89' lang='lat' dir='ltr'>etiam</span> <span class='ocrx_word' id='word_1_399' title='bbox 1467 1746 1547 1787; x_wconf 91' lang='lat' dir='ltr'>Iesu,</span> <span class='ocrx_word' id='word_1_400' title='bbox 1560 1757 1597 1779; x_wconf 89' lang='lat' dir='ltr'>ac</span> <span class='ocrx_word' id='word_1_401' title='bbox 1609 1746 1745 1778; x_wconf 88' lang='lat' dir='ltr'>instituti</span> <span class='ocrx_word' id='word_1_402' title='bbox 1761 1752 1791 1779; x_wconf 86' lang='lat' dir='ltr'>et</span> <span class='ocrx_word' id='word_1_403' title='bbox 1805 1746 1947 1786; x_wconf 88' lang='lat' dir='ltr'>militiae,</span> 
     </span>
     <span class='ocr_line' id='line_1_78' title="bbox 1218 1798 1951 1843; baseline -0.004 -8"><span class='ocrx_word' id='word_1_404' title='bbox 1218 1801 1312 1835; x_wconf 89' lang='lat' dir='ltr'>etiam</span> <span class='ocrx_word' id='word_1_405' title='bbox 1334 1799 1506 1843; x_wconf 87' lang='lat' dir='ltr'>hospitalis</span> <span class='ocrx_word' id='word_1_406' title='bbox 1522 1799 1554 1832; x_wconf 89' lang='lat' dir='ltr'>S.</span> <span class='ocrx_word' id='word_1_407' title='bbox 1573 1799 1700 1832; x_wconf 85' lang='lat' dir='ltr'>Ioannis</span> <span class='ocrx_word' id='word_1_408' title='bbox 1721 1798 1951 1843; x_wconf 73' lang='lat' dir='ltr'>Hierosolymi-</span> 
     </span>
     <span class='ocr_line' id='line_1_79' title="bbox 1218 1852 1952 1896; baseline -0.004 -9"><span class='ocrx_word' id='word_1_409' title='bbox 1218 1854 1293 1895; x_wconf 85' lang='lat' dir='ltr'>tani‚</span> <span class='ocrx_word' id='word_1_410' title='bbox 1311 1852 1435 1887; x_wconf 82' lang='lat' dir='ltr'>etiamsi</span> <span class='ocrx_word' id='word_1_411' title='bbox 1460 1852 1590 1885; x_wconf 91' lang='lat' dir='ltr'>illorum</span> <span class='ocrx_word' id='word_1_412' title='bbox 1614 1852 1720 1896; x_wconf 88' lang='lat' dir='ltr'>capita</span> <span class='ocrx_word' id='word_1_413' title='bbox 1739 1852 1887 1893; x_wconf 86' lang='lat' dir='ltr'>existant,</span> <span class='ocrx_word' id='word_1_414' title='bbox 1903 1863 1952 1885; x_wconf 84' lang='lat' dir='ltr'>re-</span> 
     </span>
     <span class='ocr_line' id='line_1_80' title="bbox 1219 1904 1951 1951; baseline -0.003 -11"><span class='ocrx_word' id='word_1_415' title='bbox 1219 1906 1390 1951; x_wconf 81' lang='lat' dir='ltr'>gularium,</span> <span class='ocrx_word' id='word_1_416' title='bbox 1410 1910 1442 1938; x_wconf 89' lang='lat' dir='ltr'>et</span> <span class='ocrx_word' id='word_1_417' title='bbox 1456 1905 1667 1948; x_wconf 89' lang='lat' dir='ltr'>hospitalium</span> <span class='ocrx_word' id='word_1_418' title='bbox 1692 1904 1787 1938; x_wconf 85' lang='lat' dir='ltr'>etiam</span> <span class='ocrx_word' id='word_1_419' title='bbox 1805 1905 1951 1938; x_wconf 87' lang='lat' dir='ltr'>nationa-</span> 
     </span>
     <span class='ocr_line' id='line_1_81' title="bbox 1219 1957 1951 2001; baseline -0.003 -7"><span class='ocrx_word' id='word_1_420' title='bbox 1219 1961 1295 1994; x_wconf 91' lang='lat' dir='ltr'>lium</span> <span class='ocrx_word' id='word_1_421' title='bbox 1318 1964 1349 1992; x_wconf 85' lang='lat' dir='ltr'>et</span> <span class='ocrx_word' id='word_1_422' title='bbox 1365 1958 1473 1992; x_wconf 86' lang='lat' dir='ltr'>Sancti</span> <span class='ocrx_word' id='word_1_423' title='bbox 1490 1957 1627 2001; x_wconf 89' lang='lat' dir='ltr'>Spiritus</span> <span class='ocrx_word' id='word_1_424' title='bbox 1642 1957 1673 1990; x_wconf 92' lang='lat' dir='ltr'>in</span> <span class='ocrx_word' id='word_1_425' title='bbox 1692 1957 1794 1998; x_wconf 60' lang='lat' dir='ltr'>Sana,</span> <span class='ocrx_word' id='word_1_426' title='bbox 1807 1968 1842 1991; x_wconf 86' lang='lat' dir='ltr'>ac</span> <span class='ocrx_word' id='word_1_427' title='bbox 1855 1958 1951 1992; x_wconf 88' lang='lat' dir='ltr'>etiam</span> 
     </span>
     <span class='ocr_line' id='line_1_82' title="bbox 1219 2011 1952 2055; baseline -0.001 -9"><span class='ocrx_word' id='word_1_428' title='bbox 1219 2016 1438 2055; x_wconf 85' lang='lat' dir='ltr'>exemptorum</span> <span class='ocrx_word' id='word_1_429' title='bbox 1482 2011 1642 2054; x_wconf 90' lang='lat' dir='ltr'>nobisque</span> <span class='ocrx_word' id='word_1_430' title='bbox 1680 2015 1712 2044; x_wconf 91' lang='lat' dir='ltr'>et</span> <span class='ocrx_word' id='word_1_431' title='bbox 1746 2011 1952 2054; x_wconf 81' lang='lat' dir='ltr'>Apostolicae</span> 
     </span>
     <span class='ocr_line' id='line_1_83' title="bbox 1219 2063 1953 2107; baseline -0.003 -7"><span class='ocrx_word' id='word_1_432' title='bbox 1219 2066 1310 2100; x_wconf 85' lang='lat' dir='ltr'>Sedis</span> <span class='ocrx_word' id='word_1_433' title='bbox 1336 2064 1521 2099; x_wconf 86' lang='lat' dir='ltr'>immediate</span> <span class='ocrx_word' id='word_1_434' title='bbox 1547 2063 1774 2104; x_wconf 86' lang='lat' dir='ltr'>subiectorum,</span> <span class='ocrx_word' id='word_1_435' title='bbox 1801 2069 1833 2097; x_wconf 88' lang='lat' dir='ltr'>et</span> <span class='ocrx_word' id='word_1_436' title='bbox 1856 2075 1953 2107; x_wconf 83' lang='lat' dir='ltr'>gene-</span> 
     </span>
     <span class='ocr_line' id='line_1_84' title="bbox 1220 2117 1953 2160; baseline -0.003 -8"><span class='ocrx_word' id='word_1_437' title='bbox 1220 2119 1332 2152; x_wconf 86' lang='lat' dir='ltr'>raliter</span> <span class='ocrx_word' id='word_1_438' title='bbox 1356 2126 1637 2160; x_wconf 86' lang='lat' dir='ltr'>quorumcumque</span> <span class='ocrx_word' id='word_1_439' title='bbox 1660 2117 1807 2149; x_wconf 89' lang='lat' dir='ltr'>locorum</span> <span class='ocrx_word' id='word_1_440' title='bbox 1825 2122 1858 2150; x_wconf 89' lang='lat' dir='ltr'>et</span> <span class='ocrx_word' id='word_1_441' title='bbox 1875 2127 1953 2160; x_wconf 89' lang='lat' dir='ltr'>ope-</span> 
     </span>
     <span class='ocr_line' id='line_1_85' title="bbox 1221 2168 1954 2214; baseline -0.001 -10"><span class='ocrx_word' id='word_1_442' title='bbox 1221 2183 1292 2204; x_wconf 85' lang='lat' dir='ltr'>rum</span> <span class='ocrx_word' id='word_1_443' title='bbox 1324 2170 1451 2214; x_wconf 89' lang='lat' dir='ltr'>piorum</span> <span class='ocrx_word' id='word_1_444' title='bbox 1482 2168 1728 2212; x_wconf 84' lang='lat' dir='ltr'>quomodolibet</span> <span class='ocrx_word' id='word_1_445' title='bbox 1754 2175 1954 2213; x_wconf 88' lang='lat' dir='ltr'>nuncupato-</span> 
     </span>
     <span class='ocr_line' id='line_1_86' title="bbox 1222 2220 1954 2266; baseline -0.003 -9"><span class='ocrx_word' id='word_1_446' title='bbox 1222 2235 1302 2264; x_wconf 87' lang='lat' dir='ltr'>rum,</span> <span class='ocrx_word' id='word_1_447' title='bbox 1321 2228 1351 2256; x_wconf 89' lang='lat' dir='ltr'>ct</span> <span class='ocrx_word' id='word_1_448' title='bbox 1370 2231 1570 2266; x_wconf 90' lang='lat' dir='ltr'>quocumque</span> <span class='ocrx_word' id='word_1_449' title='bbox 1583 2220 1762 2264; x_wconf 80' lang='lat' dir='ltr'>privilegio,</span> <span class='ocrx_word' id='word_1_450' title='bbox 1777 2222 1954 2266; x_wconf 79' lang='lat' dir='ltr'>exemptio-</span> 
     </span>
     <span class='ocr_line' id='line_1_87' title="bbox 1224 2273 1954 2318; baseline -0.001 -8"><span class='ocrx_word' id='word_1_451' title='bbox 1224 2288 1263 2310; x_wconf 90' lang='lat' dir='ltr'>ne</span> <span class='ocrx_word' id='word_1_452' title='bbox 1282 2281 1313 2309; x_wconf 88' lang='lat' dir='ltr'>et</span> <span class='ocrx_word' id='word_1_453' title='bbox 1332 2275 1531 2308; x_wconf 85' lang='lat' dir='ltr'>immunitate</span> <span class='ocrx_word' id='word_1_454' title='bbox 1547 2273 1759 2314; x_wconf 77' lang='lat' dir='ltr'>suffultorum,</span> <span class='ocrx_word' id='word_1_455' title='bbox 1777 2284 1954 2318; x_wconf 89' lang='lat' dir='ltr'>eorumque</span> 
     </span>
     <span class='ocr_line' id='line_1_88' title="bbox 1224 2326 1954 2374; baseline -0.001 -11"><span class='ocrx_word' id='word_1_456' title='bbox 1224 2329 1446 2374; x_wconf 88' lang='lat' dir='ltr'>capitulorum,</span> <span class='ocrx_word' id='word_1_457' title='bbox 1459 2326 1954 2369; x_wconf 86' lang='lat' dir='ltr'>conventuum,universitatum,</span> 
     </span>
     <span class='ocr_line' id='line_1_89' title="bbox 1225 2380 1942 2425; baseline -0.001 -9"><span class='ocrx_word' id='word_1_458' title='bbox 1225 2383 1446 2425; x_wconf 79' lang='lat' dir='ltr'>collegiorum,</span> <span class='ocrx_word' id='word_1_459' title='bbox 1465 2380 1762 2424; x_wconf 81' lang='lat' dir='ltr'>congregationum,</span> <span class='ocrx_word' id='word_1_460' title='bbox 1780 2381 1942 2415; x_wconf 76' lang='lat' dir='ltr'>confrater</span> 
     </span>
     <span class='ocr_line' id='line_1_90' title="bbox 1225 2432 1956 2476; baseline -0.001 -8"><span class='ocrx_word' id='word_1_461' title='bbox 1225 2435 1374 2476; x_wconf 67' lang='lat' dir='ltr'>nuatum,</span> <span class='ocrx_word' id='word_1_462' title='bbox 1389 2432 1780 2467; x_wconf 85' lang='lat' dir='ltr'>arehieonsraternitatum</span> <span class='ocrx_word' id='word_1_463' title='bbox 1794 2434 1888 2467; x_wconf 87' lang='lat' dir='ltr'>etiam</span> <span class='ocrx_word' id='word_1_464' title='bbox 1903 2434 1956 2467; x_wconf 89' lang='lat' dir='ltr'>lai-</span> 
     </span>
     <span class='ocr_line' id='line_1_91' title="bbox 1225 2486 1955 2530; baseline -0.003 -8"><span class='ocrx_word' id='word_1_465' title='bbox 1225 2498 1350 2529; x_wconf 86' lang='lat' dir='ltr'>corum,</span> <span class='ocrx_word' id='word_1_466' title='bbox 1369 2487 1464 2521; x_wconf 86' lang='lat' dir='ltr'>etiam</span> <span class='ocrx_word' id='word_1_467' title='bbox 1489 2486 1579 2520; x_wconf 92' lang='lat' dir='ltr'>nullo</span> <span class='ocrx_word' id='word_1_468' title='bbox 1601 2486 1665 2519; x_wconf 86' lang='lat' dir='ltr'>alio</span> <span class='ocrx_word' id='word_1_469' title='bbox 1689 2486 1820 2530; x_wconf 87' lang='lat' dir='ltr'>speciali</span> <span class='ocrx_word' id='word_1_470' title='bbox 1844 2491 1955 2520; x_wconf 90' lang='lat' dir='ltr'>nostro</span> 
     </span>
     <span class='ocr_line' id='line_1_92' title="bbox 1226 2540 1955 2585; baseline -0.003 -10"><span class='ocrx_word' id='word_1_471' title='bbox 1226 2547 1392 2585; x_wconf 73' lang='lat' dir='ltr'>expectato</span> <span class='ocrx_word' id='word_1_472' title='bbox 1418 2540 1531 2574; x_wconf 90' lang='lat' dir='ltr'>ordine</span> <span class='ocrx_word' id='word_1_473' title='bbox 1552 2541 1601 2573; x_wconf 92' lang='lat' dir='ltr'>vel</span> <span class='ocrx_word' id='word_1_474' title='bbox 1619 2540 1769 2573; x_wconf 87' lang='lat' dir='ltr'>mandato</span> <span class='ocrx_word' id='word_1_475' title='bbox 1786 2545 1840 2573; x_wconf 88' lang='lat' dir='ltr'>aut</span> <span class='ocrx_word' id='word_1_476' title='bbox 1860 2540 1955 2573; x_wconf 87' lang='lat' dir='ltr'>etiam</span> 
     </span>
     <span class='ocr_line' id='line_1_93' title="bbox 1227 2593 1956 2639; baseline -0.003 -10"><span class='ocrx_word' id='word_1_477' title='bbox 1227 2595 1383 2639; x_wconf 86' lang='lat' dir='ltr'>requisito</span> <span class='ocrx_word' id='word_1_478' title='bbox 1408 2604 1569 2628; x_wconf 86' lang='lat' dir='ltr'>consensu</span> <span class='ocrx_word' id='word_1_479' title='bbox 1594 2594 1643 2627; x_wconf 92' lang='lat' dir='ltr'>vel</span> <span class='ocrx_word' id='word_1_480' title='bbox 1673 2593 1825 2635; x_wconf 79' lang='lat' dir='ltr'>licentia,</span> <span class='ocrx_word' id='word_1_481' title='bbox 1849 2593 1956 2627; x_wconf 84' lang='lat' dir='ltr'>visita-</span> 
     </span>
    </p>
   </div>
   <div class='ocr_carea' id='block_1_6' title="bbox 1943 217 2128 244">
    <p class='ocr_par' dir='ltr' id='par_1_6' title="bbox 1943 217 2128 244">
     <span class='ocr_line' id='line_1_94' title="bbox 1943 217 2128 244; baseline 0.011 -1"><span class='ocrx_word' id='word_1_482' title='bbox 1943 217 1994 244; x_wconf 79' lang='grc' dir='ltr'>Αη.</span> <span class='ocrx_word' id='word_1_483' title='bbox 2015 217 2043 244; x_wconf 81' lang='lat' dir='ltr'>C,</span> <span class='ocrx_word' id='word_1_484' title='bbox 2062 217 2128 244; x_wconf 70' lang='lat'>1003</span> 
     </span>
    </p>
   </div>
  </div>
 </body>
</html>
