<?xml version="1.0" encoding="UTF-8"?>
<!DOCTYPE html PUBLIC "-//W3C//DTD XHTML 1.0 Transitional//EN"
    "http://www.w3.org/TR/xhtml1/DTD/xhtml1-transitional.dtd">
<html xmlns="http://www.w3.org/1999/xhtml" xml:lang="en" lang="en">
 <head>
  <title>
</title>
<meta http-equiv="Content-Type" content="text/html;charset=utf-8" />
  <meta name='ocr-system' content='tesseract 3.04.00' />
  <meta name='ocr-capabilities' content='ocr_page ocr_carea ocr_par ocr_line ocrx_word'/>
</head>
<body>
  <div class='ocr_page' id='page_1' title='image "./bullarumdiplomat20cath_1069.png"; bbox 0 0 2227 3225; ppageno 0'>
   <div class='ocr_carea' id='block_1_1' title="bbox 666 559 1463 650">
    <p class='ocr_par' dir='ltr' id='par_1_1' title="bbox 666 496 1463 650">
     <span class='ocr_line' id='line_1_1' title="bbox 666 559 1463 650; baseline -0.009 -2"><span class='ocrx_word' id='word_1_1' title='bbox 666 564 944 650; x_wconf 81' lang='lat' dir='ltr'><strong>INDEX</strong></span> <span class='ocrx_word' id='word_1_2' title='bbox 1011 559 1463 647; x_wconf 75' lang='lat' dir='ltr'><strong>INITIALIS.</strong></span> 
     </span>
    </p>
   </div>
   <div class='ocr_carea' id='block_1_2' title="bbox 660 1147 683 1179">
    <p class='ocr_par' dir='ltr' id='par_1_2' title="bbox 660 1147 683 1179">
     <span class='ocr_line' id='line_1_2' title="bbox 660 1147 683 1179; baseline 0 0"><span class='ocrx_word' id='word_1_3' title='bbox 660 1147 683 1179; x_wconf 89' lang='lat' dir='ltr'><strong>A</strong></span> 
     </span>
    </p>
   </div>
   <div class='ocr_carea' id='block_1_3' title="bbox 977 1249 1039 1336">
    <p class='ocr_par' dir='ltr' id='par_1_3' title="bbox 977 1249 1039 1336">
     <span class='ocr_line' id='line_1_3' title="bbox 977 1249 1039 1283; baseline 0 -1"><span class='ocrx_word' id='word_1_4' title='bbox 977 1249 1039 1283; x_wconf 86' lang='grc'>227</span> 
     </span>
     <span class='ocr_line' id='line_1_4' title="bbox 977 1303 1036 1336; baseline 0 0"><span class='ocrx_word' id='word_1_5' title='bbox 977 1303 1036 1336; x_wconf 85' lang='grc'>491</span> 
     </span>
    </p>
   </div>
   <div class='ocr_carea' id='block_1_4' title="bbox 299 1250 949 1350">
    <p class='ocr_par' dir='ltr' id='par_1_4' title="bbox 299 1250 949 1350">
     <span class='ocr_line' id='line_1_5' title="bbox 299 1250 949 1294; baseline -0.006 -7"><span class='ocrx_word' id='word_1_6' title='bbox 299 1253 346 1287; x_wconf 87' lang='lat' dir='ltr'>Ad</span> <span class='ocrx_word' id='word_1_7' title='bbox 370 1252 546 1288; x_wconf 77' lang='lat' dir='ltr'>Catholicae</span> <span class='ocrx_word' id='word_1_8' title='bbox 570 1251 727 1285; x_wconf 78' lang='lat' dir='ltr'>Ecclesiae</span> <span class='ocrx_word' id='word_1_9' title='bbox 750 1250 912 1294; x_wconf 83' lang='lat' dir='ltr'>regimen.</span> <span class='ocrx_word' id='word_1_10' title='bbox 943 1277 949 1283; x_wconf 88' lang='lat'><strong>.</strong></span> 
     </span>
     <span class='ocr_line' id='line_1_6' title="bbox 299 1305 949 1350; baseline -0.006 -10"><span class='ocrx_word' id='word_1_11' title='bbox 299 1306 346 1340; x_wconf 84' lang='lat' dir='ltr'>Ad</span> <span class='ocrx_word' id='word_1_12' title='bbox 369 1317 415 1348; x_wconf 86' lang='lat' dir='ltr'>ea,</span> <span class='ocrx_word' id='word_1_13' title='bbox 439 1316 496 1350; x_wconf 87' lang='lat' dir='ltr'>per</span> <span class='ocrx_word' id='word_1_14' title='bbox 519 1316 598 1350; x_wconf 89' lang='lat' dir='ltr'>quae</span> <span class='ocrx_word' id='word_1_15' title='bbox 622 1305 798 1338; x_wconf 86' lang='lat' dir='ltr'>animarum</span> <span class='ocrx_word' id='word_1_16' title='bbox 834 1332 840 1337; x_wconf 93' lang='lat'><strong><em>.</em></strong></span> <span class='ocrx_word' id='word_1_17' title='bbox 870 1331 876 1337; x_wconf 97' lang='lat'>.</span> <span class='ocrx_word' id='word_1_18' title='bbox 907 1331 913 1337; x_wconf 94' lang='lat'><em>.</em></span> <span class='ocrx_word' id='word_1_19' title='bbox 944 1331 949 1336; x_wconf 95' lang='lat'>.</span> 
     </span>
    </p>
   </div>
   <div class='ocr_carea' id='block_1_5' title="bbox 299 1356 1067 1562">
    <p class='ocr_par' dir='ltr' id='par_1_5' title="bbox 299 1356 1067 1562">
     <span class='ocr_line' id='line_1_7' title="bbox 299 1356 1041 1403; baseline -0.005 -10"><span class='ocrx_word' id='word_1_20' title='bbox 299 1359 346 1393; x_wconf 90' lang='lat' dir='ltr'>Ad</span> <span class='ocrx_word' id='word_1_21' title='bbox 370 1359 552 1393; x_wconf 84' lang='lat' dir='ltr'>exercitium</span> <span class='ocrx_word' id='word_1_22' title='bbox 576 1359 698 1403; x_wconf 87' lang='lat' dir='ltr'>pietatis</span> <span class='ocrx_word' id='word_1_23' title='bbox 720 1384 948 1391; x_wconf 84' lang='grc'><strong>.......</strong></span> <span class='ocrx_word' id='word_1_24' title='bbox 976 1356 1041 1390; x_wconf 83' lang='grc'>524</span> 
     </span>
     <span class='ocr_line' id='line_1_8' title="bbox 299 1409 1066 1446; baseline -0.007 0"><span class='ocrx_word' id='word_1_25' title='bbox 299 1412 346 1446; x_wconf 82' lang='lat' dir='ltr'>Ad</span> <span class='ocrx_word' id='word_1_26' title='bbox 370 1412 431 1446; x_wconf 91' lang='lat' dir='ltr'>hoc</span> <span class='ocrx_word' id='word_1_27' title='bbox 455 1413 543 1446; x_wconf 77' lang='lat' dir='ltr'>unxit</span> <span class='ocrx_word' id='word_1_28' title='bbox 566 1423 624 1445; x_wconf 91' lang='lat' dir='ltr'>nos</span> <span class='ocrx_word' id='word_1_29' title='bbox 648 1412 728 1445; x_wconf 84' lang='lat' dir='ltr'>Deus</span> <span class='ocrx_word' id='word_1_30' title='bbox 760 1436 950 1444; x_wconf 91' lang='grc'><em>......</em></span> <span class='ocrx_word' id='word_1_31' title='bbox 977 1409 1041 1442; x_wconf 81' lang='grc'>473</span> <span class='ocrx_word' id='word_1_32' title='bbox 1064 1426 1066 1432; x_wconf 64' lang='lat'>,</span> 
     </span>
     <span class='ocr_line' id='line_1_9' title="bbox 299 1462 1067 1510; baseline -0.005 -11"><span class='ocrx_word' id='word_1_33' title='bbox 299 1465 346 1499; x_wconf 83' lang='lat' dir='ltr'>Ad</span> <span class='ocrx_word' id='word_1_34' title='bbox 370 1466 527 1510; x_wconf 84' lang='lat' dir='ltr'>pastorale</span> <span class='ocrx_word' id='word_1_35' title='bbox 561 1466 719 1508; x_wconf 80' lang='lat' dir='ltr'>fastigium</span> <span class='ocrx_word' id='word_1_36' title='bbox 761 1491 949 1497; x_wconf 89' lang='grc'><em>......</em></span> <span class='ocrx_word' id='word_1_37' title='bbox 978 1462 1042 1496; x_wconf 90' lang='grc'>650</span> <span class='ocrx_word' id='word_1_38' title='bbox 1065 1472 1067 1483; x_wconf 68' lang='lat'>⁴</span> 
     </span>
     <span class='ocr_line' id='line_1_10' title="bbox 299 1514 1043 1562; baseline -0.007 -10"><span class='ocrx_word' id='word_1_39' title='bbox 299 1517 345 1552; x_wconf 93' lang='lat' dir='ltr'>Ad</span> <span class='ocrx_word' id='word_1_40' title='bbox 370 1518 526 1562; x_wconf 80' lang='lat' dir='ltr'>pastorale</span> <span class='ocrx_word' id='word_1_41' title='bbox 551 1518 709 1561; x_wconf 81' lang='lat' dir='ltr'>fastigium</span> <span class='ocrx_word' id='word_1_42' title='bbox 725 1542 949 1549; x_wconf 91' lang='lat'><strong>.......</strong></span> <span class='ocrx_word' id='word_1_43' title='bbox 979 1514 1043 1548; x_wconf 96' lang='lat'>774</span> 
     </span>
    </p>
   </div>
   <div class='ocr_carea' id='block_1_6' title="bbox 300 1566 1043 1765">
    <p class='ocr_par' dir='ltr' id='par_1_6' title="bbox 300 1566 1043 1765">
     <span class='ocr_line' id='line_1_11' title="bbox 300 1566 1042 1616; baseline -0.007 -11"><span class='ocrx_word' id='word_1_44' title='bbox 300 1571 346 1605; x_wconf 88' lang='lat' dir='ltr'>Ad</span> <span class='ocrx_word' id='word_1_45' title='bbox 370 1571 538 1616; x_wconf 87' lang='lat' dir='ltr'>pastoralis</span> <span class='ocrx_word' id='word_1_46' title='bbox 562 1571 724 1614; x_wconf 81' lang='lat' dir='ltr'>dignitatis</span> <span class='ocrx_word' id='word_1_47' title='bbox 748 1569 906 1613; x_wconf 83' lang='lat' dir='ltr'>fastigium</span> <span class='ocrx_word' id='word_1_48' title='bbox 942 1595 948 1601; x_wconf 90' lang='lat'><strong>.</strong></span> <span class='ocrx_word' id='word_1_49' title='bbox 1000 1566 1042 1600; x_wconf 89' lang='lat'>78</span> 
     </span>
     <span class='ocr_line' id='line_1_12' title="bbox 300 1620 1043 1669; baseline -0.005 -11"><span class='ocrx_word' id='word_1_50' title='bbox 300 1624 347 1658; x_wconf 90' lang='lat' dir='ltr'>Ad</span> <span class='ocrx_word' id='word_1_51' title='bbox 370 1624 535 1669; x_wconf 85' lang='lat' dir='ltr'>pastoralis</span> <span class='ocrx_word' id='word_1_52' title='bbox 566 1624 724 1668; x_wconf 80' lang='lat' dir='ltr'>dignitatis</span> <span class='ocrx_word' id='word_1_53' title='bbox 756 1624 916 1666; x_wconf 84' lang='lat' dir='ltr'>fastigium</span> <span class='ocrx_word' id='word_1_54' title='bbox 946 1649 951 1655; x_wconf 95' lang='lat'>.</span> <span class='ocrx_word' id='word_1_55' title='bbox 979 1620 1043 1654; x_wconf 84' lang='lat'>080</span> 
     </span>
     <span class='ocr_line' id='line_1_13' title="bbox 301 1674 1043 1722; baseline -0.004 -12"><span class='ocrx_word' id='word_1_56' title='bbox 301 1677 349 1711; x_wconf 83' lang='lat' dir='ltr'>Ad</span> <span class='ocrx_word' id='word_1_57' title='bbox 371 1678 538 1722; x_wconf 86' lang='lat' dir='ltr'>pastoralis</span> <span class='ocrx_word' id='word_1_58' title='bbox 562 1678 723 1721; x_wconf 82' lang='lat' dir='ltr'>dignitatis</span> <span class='ocrx_word' id='word_1_59' title='bbox 748 1677 906 1720; x_wconf 83' lang='lat' dir='ltr'>fastigium</span> <span class='ocrx_word' id='word_1_60' title='bbox 946 1703 951 1708; x_wconf 90' lang='lat'><strong><em>.</em></strong></span> <span class='ocrx_word' id='word_1_61' title='bbox 979 1674 1043 1707; x_wconf 85' lang='grc'>822</span> 
     </span>
     <span class='ocr_line' id='line_1_14' title="bbox 301 1726 1043 1765; baseline -0.005 -1"><span class='ocrx_word' id='word_1_62' title='bbox 301 1731 349 1765; x_wconf 86' lang='lat' dir='ltr'>Ad</span> <span class='ocrx_word' id='word_1_63' title='bbox 373 1731 523 1765; x_wconf 83' lang='lat' dir='ltr'>radicitus</span> <span class='ocrx_word' id='word_1_64' title='bbox 547 1730 798 1765; x_wconf 80' lang='lat' dir='ltr'>submovendum</span> <span class='ocrx_word' id='word_1_65' title='bbox 835 1757 840 1762; x_wconf 92' lang='lat'><em>.</em></span> <span class='ocrx_word' id='word_1_66' title='bbox 871 1756 877 1762; x_wconf 91' lang='lat'><strong>.</strong></span> <span class='ocrx_word' id='word_1_67' title='bbox 909 1756 914 1762; x_wconf 92' lang='lat'><em>.</em></span> <span class='ocrx_word' id='word_1_68' title='bbox 946 1755 952 1763; x_wconf 89' lang='lat'>.</span> <span class='ocrx_word' id='word_1_69' title='bbox 979 1726 1043 1761; x_wconf 91' lang='lat'>448</span> 
     </span>
    </p>
   </div>
   <div class='ocr_carea' id='block_1_7' title="bbox 301 1780 1049 2361">
    <p class='ocr_par' dir='ltr' id='par_1_7' title="bbox 301 1780 1049 2361">
     <span class='ocr_line' id='line_1_15' title="bbox 302 1780 1043 1818; baseline -0.005 0"><span class='ocrx_word' id='word_1_70' title='bbox 302 1784 351 1818; x_wconf 85' lang='lat' dir='ltr'>Ad</span> <span class='ocrx_word' id='word_1_71' title='bbox 374 1784 508 1818; x_wconf 84' lang='lat' dir='ltr'>Romani</span> <span class='ocrx_word' id='word_1_72' title='bbox 534 1784 694 1818; x_wconf 87' lang='lat' dir='ltr'>Pontificis</span> <span class='ocrx_word' id='word_1_73' title='bbox 726 1809 951 1817; x_wconf 89' lang='grc'><em>.......</em></span> <span class='ocrx_word' id='word_1_74' title='bbox 980 1780 1043 1815; x_wconf 87' lang='grc'>829</span> 
     </span>
     <span class='ocr_line' id='line_1_16' title="bbox 301 1835 1044 1882; baseline -0.005 -10"><span class='ocrx_word' id='word_1_75' title='bbox 301 1837 450 1872; x_wconf 85' lang='lat' dir='ltr'>AEternae</span> <span class='ocrx_word' id='word_1_76' title='bbox 474 1838 644 1882; x_wconf 85' lang='lat' dir='ltr'>sapientiae</span> <span class='ocrx_word' id='word_1_77' title='bbox 668 1837 799 1871; x_wconf 89' lang='lat' dir='ltr'>consilio</span> <span class='ocrx_word' id='word_1_78' title='bbox 803 1863 953 1869; x_wconf 86' lang='grc'><em>.....</em></span> <span class='ocrx_word' id='word_1_79' title='bbox 980 1835 1044 1868; x_wconf 88' lang='grc'>409</span> 
     </span>
     <span class='ocr_line' id='line_1_17' title="bbox 302 1888 1044 1934; baseline -0.005 -9"><span class='ocrx_word' id='word_1_80' title='bbox 302 1891 422 1934; x_wconf 82' lang='lat' dir='ltr'>Agrum</span> <span class='ocrx_word' id='word_1_81' title='bbox 446 1891 633 1925; x_wconf 87' lang='lat' dir='ltr'>universalis</span> <span class='ocrx_word' id='word_1_82' title='bbox 658 1891 840 1924; x_wconf 80' lang='lat' dir='ltr'>Ecclesiae.</span> <span class='ocrx_word' id='word_1_83' title='bbox 871 1917 877 1922; x_wconf 95' lang='lat'>.</span> <span class='ocrx_word' id='word_1_84' title='bbox 907 1917 912 1922; x_wconf 95' lang='lat'>.</span> <span class='ocrx_word' id='word_1_85' title='bbox 944 1915 951 1922; x_wconf 86' lang='lat'><em>.</em></span> <span class='ocrx_word' id='word_1_86' title='bbox 979 1888 1044 1923; x_wconf 84' lang='lat'>494</span> 
     </span>
     <span class='ocr_line' id='line_1_18' title="bbox 303 1941 1044 1989; baseline -0.004 -12"><span class='ocrx_word' id='word_1_87' title='bbox 303 1944 399 1986; x_wconf 79' lang='lat' dir='ltr'>Alias,</span> <span class='ocrx_word' id='word_1_88' title='bbox 424 1944 463 1977; x_wconf 92' lang='lat' dir='ltr'>ad</span> <span class='ocrx_word' id='word_1_89' title='bbox 486 1944 749 1989; x_wconf 81' lang='lat' dir='ltr'>supplicationem</span> <span class='ocrx_word' id='word_1_90' title='bbox 774 1943 881 1976; x_wconf 87' lang='lat' dir='ltr'>dilecti</span> <span class='ocrx_word' id='word_1_91' title='bbox 909 1969 915 1975; x_wconf 91' lang='lat'><em>.</em></span> <span class='ocrx_word' id='word_1_92' title='bbox 945 1969 951 1975; x_wconf 87' lang='lat'><strong>.</strong></span> <span class='ocrx_word' id='word_1_93' title='bbox 981 1941 1044 1975; x_wconf 86' lang='lat'>755</span> 
     </span>
     <span class='ocr_line' id='line_1_19' title="bbox 303 1994 1044 2042; baseline -0.004 -12"><span class='ocrx_word' id='word_1_94' title='bbox 303 1997 398 2038; x_wconf 74' lang='lat' dir='ltr'>Alias,</span> <span class='ocrx_word' id='word_1_95' title='bbox 423 1997 462 2030; x_wconf 90' lang='lat' dir='ltr'>ad</span> <span class='ocrx_word' id='word_1_96' title='bbox 487 1998 751 2042; x_wconf 84' lang='lat' dir='ltr'>supplicationem</span> <span class='ocrx_word' id='word_1_97' title='bbox 777 1996 881 2029; x_wconf 86' lang='lat' dir='ltr'>dilecti</span> <span class='ocrx_word' id='word_1_98' title='bbox 910 2023 915 2028; x_wconf 93' lang='lat'>.</span> <span class='ocrx_word' id='word_1_99' title='bbox 946 2022 953 2028; x_wconf 93' lang='lat'>.</span> <span class='ocrx_word' id='word_1_100' title='bbox 981 1994 1044 2027; x_wconf 86' lang='grc'>756</span> 
     </span>
     <span class='ocr_line' id='line_1_20' title="bbox 303 2048 1045 2085; baseline -0.004 -1"><span class='ocrx_word' id='word_1_101' title='bbox 303 2051 388 2085; x_wconf 79' lang='lat' dir='ltr'>Alias</span> <span class='ocrx_word' id='word_1_102' title='bbox 412 2061 430 2084; x_wconf 89' lang='lat' dir='ltr'>a</span> <span class='ocrx_word' id='word_1_103' title='bbox 453 2051 552 2085; x_wconf 86' lang='lat' dir='ltr'>felicis</span> <span class='ocrx_word' id='word_1_104' title='bbox 575 2051 803 2085; x_wconf 86' lang='lat' dir='ltr'>recordationis</span> <span class='ocrx_word' id='word_1_105' title='bbox 837 2077 843 2083; x_wconf 90' lang='lat'>.</span> <span class='ocrx_word' id='word_1_106' title='bbox 874 2077 880 2083; x_wconf 92' lang='lat'><em>.</em></span> <span class='ocrx_word' id='word_1_107' title='bbox 911 2077 917 2082; x_wconf 90' lang='lat'>.</span> <span class='ocrx_word' id='word_1_108' title='bbox 947 2076 953 2082; x_wconf 92' lang='lat'><em>.</em></span> <span class='ocrx_word' id='word_1_109' title='bbox 982 2048 1045 2082; x_wconf 83' lang='lat'>696</span> 
     </span>
     <span class='ocr_line' id='line_1_21' title="bbox 304 2101 1046 2139; baseline -0.004 -2"><span class='ocrx_word' id='word_1_110' title='bbox 304 2103 388 2138; x_wconf 75' lang='lat' dir='ltr'>Alias</span> <span class='ocrx_word' id='word_1_111' title='bbox 412 2114 430 2137; x_wconf 86' lang='lat' dir='ltr'>a</span> <span class='ocrx_word' id='word_1_112' title='bbox 454 2105 551 2138; x_wconf 85' lang='lat' dir='ltr'>felicis</span> <span class='ocrx_word' id='word_1_113' title='bbox 574 2104 802 2139; x_wconf 84' lang='lat' dir='ltr'>recordationis</span> <span class='ocrx_word' id='word_1_114' title='bbox 838 2130 845 2137; x_wconf 90' lang='lat'><em>.</em></span> <span class='ocrx_word' id='word_1_115' title='bbox 948 2129 954 2135; x_wconf 92' lang='lat'>.</span> <span class='ocrx_word' id='word_1_116' title='bbox 983 2101 1046 2135; x_wconf 81' lang='lat'>773</span> 
     </span>
     <span class='ocr_line' id='line_1_22' title="bbox 303 2154 1045 2202; baseline -0.003 -12"><span class='ocrx_word' id='word_1_117' title='bbox 303 2157 388 2191; x_wconf 75' lang='lat' dir='ltr'>Alias</span> <span class='ocrx_word' id='word_1_118' title='bbox 412 2168 429 2191; x_wconf 89' lang='lat' dir='ltr'>a</span> <span class='ocrx_word' id='word_1_119' title='bbox 453 2158 637 2202; x_wconf 82' lang='lat' dir='ltr'>particulari</span> <span class='ocrx_word' id='word_1_120' title='bbox 661 2157 912 2201; x_wconf 80' lang='lat' dir='ltr'>Congregatione</span> <span class='ocrx_word' id='word_1_121' title='bbox 948 2183 953 2189; x_wconf 95' lang='lat'><em>.</em></span> <span class='ocrx_word' id='word_1_122' title='bbox 982 2154 1045 2189; x_wconf 87' lang='grc'>762</span> 
     </span>
     <span class='ocr_line' id='line_1_23' title="bbox 304 2208 1047 2245; baseline -0.004 -1"><span class='ocrx_word' id='word_1_123' title='bbox 304 2210 389 2245; x_wconf 81' lang='lat' dir='ltr'>Alias</span> <span class='ocrx_word' id='word_1_124' title='bbox 412 2216 598 2245; x_wconf 86' lang='lat' dir='ltr'>emanarunt</span> <span class='ocrx_word' id='word_1_125' title='bbox 621 2221 638 2244; x_wconf 89' lang='lat' dir='ltr'>a</span> <span class='ocrx_word' id='word_1_126' title='bbox 661 2211 759 2245; x_wconf 90' lang='lat' dir='ltr'>felicis</span> <span class='ocrx_word' id='word_1_127' title='bbox 764 2237 954 2245; x_wconf 89' lang='grc'><strong>......</strong></span> <span class='ocrx_word' id='word_1_128' title='bbox 983 2208 1047 2242; x_wconf 88' lang='grc'>546</span> 
     </span>
     <span class='ocr_line' id='line_1_24' title="bbox 304 2262 1047 2299; baseline -0.003 -1"><span class='ocrx_word' id='word_1_129' title='bbox 304 2264 389 2299; x_wconf 80' lang='lat' dir='ltr'>Alias</span> <span class='ocrx_word' id='word_1_130' title='bbox 413 2270 599 2299; x_wconf 88' lang='lat' dir='ltr'>emanarunt</span> <span class='ocrx_word' id='word_1_131' title='bbox 624 2275 640 2298; x_wconf 90' lang='lat' dir='ltr'>a</span> <span class='ocrx_word' id='word_1_132' title='bbox 664 2265 756 2299; x_wconf 90' lang='lat' dir='ltr'>nobis</span> <span class='ocrx_word' id='word_1_133' title='bbox 764 2290 955 2299; x_wconf 89' lang='grc'><strong>......</strong></span> <span class='ocrx_word' id='word_1_134' title='bbox 984 2262 1047 2296; x_wconf 87' lang='grc'>552</span> 
     </span>
     <span class='ocr_line' id='line_1_25' title="bbox 305 2316 1049 2361; baseline -0.004 -9"><span class='ocrx_word' id='word_1_135' title='bbox 305 2317 389 2352; x_wconf 83' lang='lat' dir='ltr'>Alias</span> <span class='ocrx_word' id='word_1_136' title='bbox 413 2318 570 2352; x_wconf 76' lang='lat' dir='ltr'>emanavit</span> <span class='ocrx_word' id='word_1_137' title='bbox 593 2329 610 2351; x_wconf 88' lang='lat' dir='ltr'>a</span> <span class='ocrx_word' id='word_1_138' title='bbox 633 2318 887 2361; x_wconf 85' lang='lat' dir='ltr'>Congregatione</span> <span class='ocrx_word' id='word_1_139' title='bbox 914 2344 920 2350; x_wconf 84' lang='lat'><strong>.</strong></span> <span class='ocrx_word' id='word_1_140' title='bbox 951 2343 956 2349; x_wconf 96' lang='lat'>.</span> <span class='ocrx_word' id='word_1_141' title='bbox 985 2316 1049 2350; x_wconf 88' lang='lat'>744</span> 
     </span>
    </p>
   </div>
   <div class='ocr_carea' id='block_1_8' title="bbox 305 2369 1049 2677">
    <p class='ocr_par' dir='ltr' id='par_1_8' title="bbox 305 2369 1049 2677">
     <span class='ocr_line' id='line_1_26' title="bbox 306 2369 1047 2414; baseline -0.004 -10"><span class='ocrx_word' id='word_1_142' title='bbox 306 2370 390 2405; x_wconf 82' lang='lat' dir='ltr'>Alias</span> <span class='ocrx_word' id='word_1_143' title='bbox 413 2371 570 2405; x_wconf 84' lang='lat' dir='ltr'>emanavit</span> <span class='ocrx_word' id='word_1_144' title='bbox 593 2381 611 2404; x_wconf 88' lang='lat' dir='ltr'>a</span> <span class='ocrx_word' id='word_1_145' title='bbox 630 2370 884 2414; x_wconf 83' lang='lat' dir='ltr'>Congregatione</span> <span class='ocrx_word' id='word_1_146' title='bbox 912 2397 918 2402; x_wconf 90' lang='lat'>.</span> <span class='ocrx_word' id='word_1_147' title='bbox 949 2396 955 2402; x_wconf 87' lang='lat'><em>.</em></span> <span class='ocrx_word' id='word_1_148' title='bbox 983 2369 1047 2402; x_wconf 96' lang='lat'>754</span> 
     </span>
     <span class='ocr_line' id='line_1_27' title="bbox 305 2421 1047 2467; baseline -0.007 -8"><span class='ocrx_word' id='word_1_149' title='bbox 305 2424 390 2459; x_wconf 77' lang='lat' dir='ltr'>Alias</span> <span class='ocrx_word' id='word_1_150' title='bbox 414 2425 568 2459; x_wconf 88' lang='lat' dir='ltr'>emanavit</span> <span class='ocrx_word' id='word_1_151' title='bbox 589 2435 606 2457; x_wconf 88' lang='lat' dir='ltr'>a</span> <span class='ocrx_word' id='word_1_152' title='bbox 629 2424 880 2467; x_wconf 81' lang='lat' dir='ltr'>Congregatione</span> <span class='ocrx_word' id='word_1_153' title='bbox 913 2450 919 2456; x_wconf 87' lang='lat'><strong>.</strong></span> <span class='ocrx_word' id='word_1_154' title='bbox 950 2449 956 2455; x_wconf 93' lang='lat'><em>.</em></span> <span class='ocrx_word' id='word_1_155' title='bbox 984 2421 1047 2455; x_wconf 85' lang='lat'>780</span> 
     </span>
     <span class='ocr_line' id='line_1_28' title="bbox 307 2475 1048 2520; baseline -0.007 -8"><span class='ocrx_word' id='word_1_156' title='bbox 307 2477 394 2512; x_wconf 82' lang='lat' dir='ltr'>Alias</span> <span class='ocrx_word' id='word_1_157' title='bbox 417 2478 572 2512; x_wconf 82' lang='lat' dir='ltr'>emanavit</span> <span class='ocrx_word' id='word_1_158' title='bbox 595 2488 612 2511; x_wconf 87' lang='lat' dir='ltr'>a</span> <span class='ocrx_word' id='word_1_159' title='bbox 636 2477 887 2520; x_wconf 81' lang='lat' dir='ltr'>Congregatione</span> <span class='ocrx_word' id='word_1_160' title='bbox 914 2503 919 2508; x_wconf 96' lang='lat'>.</span> <span class='ocrx_word' id='word_1_161' title='bbox 950 2503 956 2508; x_wconf 90' lang='lat'><em>.</em></span> <span class='ocrx_word' id='word_1_162' title='bbox 984 2475 1048 2508; x_wconf 86' lang='grc'>946</span> 
     </span>
     <span class='ocr_line' id='line_1_29' title="bbox 307 2528 1049 2565; baseline -0.005 0"><span class='ocrx_word' id='word_1_163' title='bbox 307 2531 392 2565; x_wconf 79' lang='lat' dir='ltr'>Ali&#39;as</span> <span class='ocrx_word' id='word_1_164' title='bbox 415 2532 568 2565; x_wconf 83' lang='lat' dir='ltr'>emanavit</span> <span class='ocrx_word' id='word_1_165' title='bbox 591 2542 608 2565; x_wconf 87' lang='lat' dir='ltr'>a</span> <span class='ocrx_word' id='word_1_166' title='bbox 633 2531 732 2565; x_wconf 86' lang='lat' dir='ltr'>felicis</span> <span class='ocrx_word' id='word_1_167' title='bbox 765 2556 957 2564; x_wconf 89' lang='grc'><strong>......</strong></span> <span class='ocrx_word' id='word_1_168' title='bbox 984 2528 1049 2561; x_wconf 87' lang='grc'>145</span> 
     </span>
     <span class='ocr_line' id='line_1_30' title="bbox 306 2581 1049 2620; baseline -0.008 0"><span class='ocrx_word' id='word_1_169' title='bbox 306 2584 391 2620; x_wconf 79' lang='lat' dir='ltr'>Alias</span> <span class='ocrx_word' id='word_1_170' title='bbox 414 2585 511 2619; x_wconf 91' lang='lat' dir='ltr'>felicis</span> <span class='ocrx_word' id='word_1_171' title='bbox 535 2584 766 2620; x_wconf 89' lang='lat' dir='ltr'>recordationis</span> <span class='ocrx_word' id='word_1_172' title='bbox 803 2609 957 2616; x_wconf 91' lang='lat'><strong>.....</strong></span> <span class='ocrx_word' id='word_1_173' title='bbox 1006 2581 1049 2615; x_wconf 78' lang='lat'>34</span> 
     </span>
     <span class='ocr_line' id='line_1_31' title="bbox 307 2634 1048 2677; baseline -0.004 -5"><span class='ocrx_word' id='word_1_174' title='bbox 307 2637 391 2677; x_wconf 75' lang='lat' dir='ltr'>Alias</span> <span class='ocrx_word' id='word_1_175' title='bbox 415 2638 511 2674; x_wconf 80' lang='lat' dir='ltr'>felicis</span> <span class='ocrx_word' id='word_1_176' title='bbox 536 2639 761 2676; x_wconf 84' lang='lat' dir='ltr'>recordationis</span> <span class='ocrx_word' id='word_1_177' title='bbox 801 2663 956 2673; x_wconf 88' lang='grc'><strong>.....</strong></span> <span class='ocrx_word' id='word_1_178' title='bbox 985 2634 1048 2672; x_wconf 78' lang='grc'>512</span> 
     </span>
    </p>
   </div>
   <div class='ocr_carea' id='block_1_9' title="bbox 1063 1162 1072 2127">
    <p class='ocr_par' dir='ltr' id='par_1_9' title="bbox 1063 1162 1072 2127">
     <span class='ocr_line' id='line_1_32' title="bbox 1063 1162 1072 2127; baseline 0 0"><span class='ocrx_word' id='word_1_179' title='bbox 1063 1162 1072 2127; x_wconf 95' lang='lat' dir='ltr'> </span> 
     </span>
    </p>
   </div>
   <div class='ocr_carea' id='block_1_10' title="bbox 1090 1137 1839 2680">
    <p class='ocr_par' dir='ltr' id='par_1_10' title="bbox 1090 1137 1839 2680">
     <span class='ocr_line' id='line_1_33' title="bbox 1092 1137 1834 1177; baseline -0.005 -1"><span class='ocrx_word' id='word_1_180' title='bbox 1092 1143 1173 1177; x_wconf 74' lang='lat' dir='ltr'>Alias</span> <span class='ocrx_word' id='word_1_181' title='bbox 1198 1141 1296 1175; x_wconf 85' lang='lat' dir='ltr'>felicis</span> <span class='ocrx_word' id='word_1_182' title='bbox 1320 1140 1548 1176; x_wconf 88' lang='lat' dir='ltr'>recordationis</span> <span class='ocrx_word' id='word_1_183' title='bbox 1589 1165 1743 1173; x_wconf 90' lang='grc'><em>.....</em></span> <span class='ocrx_word' id='word_1_184' title='bbox 1771 1137 1834 1172; x_wconf 90' lang='grc'>548</span> 
     </span>
     <span class='ocr_line' id='line_1_34' title="bbox 1091 1191 1834 1229; baseline -0.005 -1"><span class='ocrx_word' id='word_1_185' title='bbox 1091 1196 1174 1229; x_wconf 79' lang='lat' dir='ltr'>Alias</span> <span class='ocrx_word' id='word_1_186' title='bbox 1199 1195 1298 1229; x_wconf 89' lang='lat' dir='ltr'>felicis</span> <span class='ocrx_word' id='word_1_187' title='bbox 1323 1194 1552 1228; x_wconf 82' lang='lat' dir='ltr'>recordationis</span> <span class='ocrx_word' id='word_1_188' title='bbox 1588 1219 1742 1227; x_wconf 91' lang='lat'><em>.....</em></span> <span class='ocrx_word' id='word_1_189' title='bbox 1770 1191 1834 1225; x_wconf 88' lang='grc'>555</span> 
     </span>
     <span class='ocr_line' id='line_1_35' title="bbox 1090 1244 1835 1282; baseline -0.007 0"><span class='ocrx_word' id='word_1_190' title='bbox 1090 1250 1173 1282; x_wconf 74' lang='lat' dir='ltr'>Alias</span> <span class='ocrx_word' id='word_1_191' title='bbox 1198 1249 1296 1282; x_wconf 81' lang='lat' dir='ltr'>felicis</span> <span class='ocrx_word' id='word_1_192' title='bbox 1322 1248 1549 1282; x_wconf 90' lang='lat' dir='ltr'>recordationis</span> <span class='ocrx_word' id='word_1_193' title='bbox 1586 1273 1742 1280; x_wconf 92' lang='lat'>.....</span> <span class='ocrx_word' id='word_1_194' title='bbox 1771 1244 1835 1278; x_wconf 91' lang='grc'>704</span> 
     </span>
     <span class='ocr_line' id='line_1_36' title="bbox 1092 1298 1831 1336; baseline -0.008 0"><span class='ocrx_word' id='word_1_195' title='bbox 1092 1304 1174 1336; x_wconf 78' lang='lat' dir='ltr'>Alias</span> <span class='ocrx_word' id='word_1_196' title='bbox 1198 1303 1229 1335; x_wconf 93' lang='lat' dir='ltr'>in</span> <span class='ocrx_word' id='word_1_197' title='bbox 1254 1304 1346 1336; x_wconf 73' lang='lat' dir='ltr'>causa</span> <span class='ocrx_word' id='word_1_198' title='bbox 1373 1302 1454 1335; x_wconf 83' lang='lat' dir='ltr'>inter</span> <span class='ocrx_word' id='word_1_199' title='bbox 1478 1301 1631 1334; x_wconf 86' lang='lat' dir='ltr'>dilectos.</span> <span class='ocrx_word' id='word_1_200' title='bbox 1663 1327 1668 1332; x_wconf 95' lang='lat'>.</span> <span class='ocrx_word' id='word_1_201' title='bbox 1700 1327 1706 1332; x_wconf 94' lang='lat'>.</span> <span class='ocrx_word' id='word_1_202' title='bbox 1737 1326 1742 1331; x_wconf 95' lang='lat'>.</span> <span class='ocrx_word' id='word_1_203' title='bbox 1770 1298 1831 1331; x_wconf 87' lang='lat'>411</span> 
     </span>
     <span class='ocr_line' id='line_1_37' title="bbox 1092 1350 1835 1390; baseline -0.005 -2"><span class='ocrx_word' id='word_1_204' title='bbox 1092 1357 1175 1390; x_wconf 80' lang='lat' dir='ltr'>Alias</span> <span class='ocrx_word' id='word_1_205' title='bbox 1195 1366 1252 1390; x_wconf 90' lang='lat' dir='ltr'>nos</span> <span class='ocrx_word' id='word_1_206' title='bbox 1277 1356 1445 1390; x_wconf 90' lang='lat' dir='ltr'>nonnullos</span> <span class='ocrx_word' id='word_1_207' title='bbox 1479 1379 1744 1388; x_wconf 87' lang='grc'><strong>........</strong></span> <span class='ocrx_word' id='word_1_208' title='bbox 1772 1350 1835 1385; x_wconf 88' lang='grc'>509</span> 
     </span>
     <span class='ocr_line' id='line_1_38' title="bbox 1092 1404 1836 1453; baseline -0.008 -10"><span class='ocrx_word' id='word_1_209' title='bbox 1092 1410 1174 1443; x_wconf 77' lang='lat' dir='ltr'>Alias</span> <span class='ocrx_word' id='word_1_210' title='bbox 1198 1420 1266 1450; x_wconf 86' lang='lat' dir='ltr'>nos,</span> <span class='ocrx_word' id='word_1_211' title='bbox 1291 1415 1457 1453; x_wconf 86' lang='lat' dir='ltr'>postquam</span> <span class='ocrx_word' id='word_1_212' title='bbox 1489 1408 1663 1452; x_wconf 87' lang='lat' dir='ltr'>hospitium</span> <span class='ocrx_word' id='word_1_213' title='bbox 1701 1433 1706 1438; x_wconf 90' lang='lat'>.</span> <span class='ocrx_word' id='word_1_214' title='bbox 1738 1433 1743 1438; x_wconf 96' lang='lat'>.</span> <span class='ocrx_word' id='word_1_215' title='bbox 1773 1404 1836 1437; x_wconf 88' lang='grc'>606</span> 
     </span>
     <span class='ocr_line' id='line_1_39' title="bbox 1093 1457 1837 1505; baseline -0.008 -10"><span class='ocrx_word' id='word_1_216' title='bbox 1093 1463 1174 1496; x_wconf 75' lang='lat' dir='ltr'>Alias</span> <span class='ocrx_word' id='word_1_217' title='bbox 1198 1473 1266 1502; x_wconf 81' lang='lat' dir='ltr'>nos,</span> <span class='ocrx_word' id='word_1_218' title='bbox 1291 1460 1574 1505; x_wconf 84' lang='lat' dir='ltr'>supplicationibus</span> <span class='ocrx_word' id='word_1_219' title='bbox 1592 1484 1744 1492; x_wconf 90' lang='lat'>.....</span> <span class='ocrx_word' id='word_1_220' title='bbox 1773 1457 1837 1490; x_wconf 83' lang='lat'>575</span> 
     </span>
     <span class='ocr_line' id='line_1_40' title="bbox 1093 1509 1831 1559; baseline -0.009 -11"><span class='ocrx_word' id='word_1_221' title='bbox 1093 1516 1177 1548; x_wconf 77' lang='lat' dir='ltr'>Alias</span> <span class='ocrx_word' id='word_1_222' title='bbox 1202 1526 1259 1559; x_wconf 86' lang='lat' dir='ltr'>per</span> <span class='ocrx_word' id='word_1_223' title='bbox 1285 1514 1383 1547; x_wconf 85' lang='lat' dir='ltr'>felicis</span> <span class='ocrx_word' id='word_1_224' title='bbox 1408 1512 1637 1546; x_wconf 86' lang='lat' dir='ltr'>recordationis</span> <span class='ocrx_word' id='word_1_225' title='bbox 1665 1538 1671 1543; x_wconf 90' lang='lat'>.</span> <span class='ocrx_word' id='word_1_226' title='bbox 1703 1537 1708 1543; x_wconf 91' lang='lat'>.</span> <span class='ocrx_word' id='word_1_227' title='bbox 1739 1537 1745 1542; x_wconf 95' lang='lat'>.</span> <span class='ocrx_word' id='word_1_228' title='bbox 1794 1509 1831 1541; x_wconf 89' lang='grc'>61</span> 
     </span>
     <span class='ocr_line' id='line_1_41' title="bbox 1093 1562 1837 1613; baseline -0.011 -11"><span class='ocrx_word' id='word_1_229' title='bbox 1093 1569 1185 1612; x_wconf 77' lang='lat' dir='ltr'>Alias,</span> <span class='ocrx_word' id='word_1_230' title='bbox 1210 1573 1379 1613; x_wconf 87' lang='lat' dir='ltr'>postquam</span> <span class='ocrx_word' id='word_1_231' title='bbox 1399 1567 1498 1600; x_wconf 88' lang='lat' dir='ltr'>felicis</span> <span class='ocrx_word' id='word_1_232' title='bbox 1519 1563 1747 1599; x_wconf 83' lang='lat' dir='ltr'>recordationis</span> <span class='ocrx_word' id='word_1_233' title='bbox 1771 1562 1837 1595; x_wconf 87' lang='grc'>215</span> 
     </span>
     <span class='ocr_line' id='line_1_42' title="bbox 1094 1614 1836 1666; baseline -0.011 -10"><span class='ocrx_word' id='word_1_234' title='bbox 1094 1623 1187 1663; x_wconf 77' lang='lat' dir='ltr'>Alias,</span> <span class='ocrx_word' id='word_1_235' title='bbox 1212 1627 1378 1666; x_wconf 84' lang='lat' dir='ltr'>postquam</span> <span class='ocrx_word' id='word_1_236' title='bbox 1405 1625 1541 1664; x_wconf 90' lang='lat' dir='ltr'>quatuor</span> <span class='ocrx_word' id='word_1_237' title='bbox 1554 1643 1744 1652; x_wconf 90' lang='grc'><strong>......</strong></span> <span class='ocrx_word' id='word_1_238' title='bbox 1772 1614 1836 1648; x_wconf 88' lang='grc'>846</span> 
     </span>
     <span class='ocr_line' id='line_1_43' title="bbox 1094 1668 1838 1719; baseline -0.011 -10"><span class='ocrx_word' id='word_1_239' title='bbox 1094 1676 1176 1710; x_wconf 78' lang='lat' dir='ltr'>Alias</span> <span class='ocrx_word' id='word_1_240' title='bbox 1201 1685 1259 1719; x_wconf 86' lang='lat' dir='ltr'>pro</span> <span class='ocrx_word' id='word_1_241' title='bbox 1284 1680 1373 1719; x_wconf 84' lang='lat' dir='ltr'>parte</span> <span class='ocrx_word' id='word_1_242' title='bbox 1398 1673 1553 1707; x_wconf 87' lang='lat' dir='ltr'>carissimi</span> <span class='ocrx_word' id='word_1_243' title='bbox 1592 1697 1745 1705; x_wconf 90' lang='grc'><em>.....</em></span> <span class='ocrx_word' id='word_1_244' title='bbox 1773 1668 1838 1702; x_wconf 89' lang='grc'>614</span> 
     </span>
     <span class='ocr_line' id='line_1_44' title="bbox 1094 1721 1837 1773; baseline -0.009 -11"><span class='ocrx_word' id='word_1_245' title='bbox 1094 1730 1177 1762; x_wconf 74' lang='lat' dir='ltr'>Alias</span> <span class='ocrx_word' id='word_1_246' title='bbox 1201 1739 1259 1773; x_wconf 90' lang='lat' dir='ltr'>pro</span> <span class='ocrx_word' id='word_1_247' title='bbox 1290 1733 1380 1772; x_wconf 90' lang='lat' dir='ltr'>parte</span> <span class='ocrx_word' id='word_1_248' title='bbox 1404 1727 1593 1760; x_wconf 82' lang='lat' dir='ltr'>dilectorum</span> <span class='ocrx_word' id='word_1_249' title='bbox 1629 1752 1634 1757; x_wconf 94' lang='lat'>.</span> <span class='ocrx_word' id='word_1_250' title='bbox 1666 1752 1671 1757; x_wconf 95' lang='lat'>.</span> <span class='ocrx_word' id='word_1_251' title='bbox 1703 1751 1708 1756; x_wconf 92' lang='lat'><strong>.</strong></span> <span class='ocrx_word' id='word_1_252' title='bbox 1740 1751 1745 1756; x_wconf 92' lang='lat'><em>.</em></span> <span class='ocrx_word' id='word_1_253' title='bbox 1775 1721 1837 1756; x_wconf 82' lang='lat'>713</span> 
     </span>
     <span class='ocr_line' id='line_1_45' title="bbox 1095 1775 1839 1825; baseline -0.009 -10"><span class='ocrx_word' id='word_1_254' title='bbox 1095 1782 1178 1815; x_wconf 76' lang='lat' dir='ltr'>Alias</span> <span class='ocrx_word' id='word_1_255' title='bbox 1202 1791 1260 1825; x_wconf 90' lang='lat' dir='ltr'>pro</span> <span class='ocrx_word' id='word_1_256' title='bbox 1285 1786 1374 1825; x_wconf 87' lang='lat' dir='ltr'>parte</span> <span class='ocrx_word' id='word_1_257' title='bbox 1398 1780 1586 1813; x_wconf 87' lang='lat' dir='ltr'>dilectorum</span> <span class='ocrx_word' id='word_1_258' title='bbox 1628 1805 1634 1810; x_wconf 93' lang='lat'><strong>.</strong></span> <span class='ocrx_word' id='word_1_259' title='bbox 1667 1805 1672 1810; x_wconf 95' lang='lat'>.</span> <span class='ocrx_word' id='word_1_260' title='bbox 1703 1804 1709 1810; x_wconf 83' lang='lat'><strong>.</strong></span> <span class='ocrx_word' id='word_1_261' title='bbox 1739 1803 1746 1809; x_wconf 87' lang='lat'><strong>.</strong></span> <span class='ocrx_word' id='word_1_262' title='bbox 1773 1775 1839 1809; x_wconf 87' lang='grc'>914</span> 
     </span>
     <span class='ocr_line' id='line_1_46' title="bbox 1096 1827 1837 1878; baseline -0.011 -9"><span class='ocrx_word' id='word_1_263' title='bbox 1096 1835 1280 1869; x_wconf 83' lang='lat' dir='ltr'>Animarum</span> <span class='ocrx_word' id='word_1_264' title='bbox 1305 1833 1396 1868; x_wconf 86' lang='lat' dir='ltr'>saluti</span> <span class='ocrx_word' id='word_1_265' title='bbox 1420 1833 1550 1878; x_wconf 79' lang='lat' dir='ltr'>paterna</span> <span class='ocrx_word' id='word_1_266' title='bbox 1557 1856 1746 1865; x_wconf 89' lang='grc'><em>......</em></span> <span class='ocrx_word' id='word_1_267' title='bbox 1795 1827 1837 1861; x_wconf 87' lang='grc'>46</span> 
     </span>
     <span class='ocr_line' id='line_1_47' title="bbox 1095 1881 1839 1922; baseline -0.011 0"><span class='ocrx_word' id='word_1_268' title='bbox 1095 1888 1280 1922; x_wconf 81' lang='lat' dir='ltr'>Animarum</span> <span class='ocrx_word' id='word_1_269' title='bbox 1305 1887 1388 1920; x_wconf 90' lang='lat' dir='ltr'>zelus</span> <span class='ocrx_word' id='word_1_270' title='bbox 1409 1909 1746 1920; x_wconf 72' lang='grc'><strong>..........</strong></span> <span class='ocrx_word' id='word_1_271' title='bbox 1774 1881 1839 1915; x_wconf 88' lang='grc'>624</span> 
     </span>
     <span class='ocr_line' id='line_1_48' title="bbox 1095 1935 1839 1986; baseline -0.008 -10"><span class='ocrx_word' id='word_1_272' title='bbox 1095 1942 1293 1986; x_wconf 88' lang='lat' dir='ltr'>Apostolicae</span> <span class='ocrx_word' id='word_1_273' title='bbox 1317 1940 1474 1974; x_wconf 88' lang='lat' dir='ltr'>servitutis</span> <span class='ocrx_word' id='word_1_274' title='bbox 1499 1938 1639 1973; x_wconf 81' lang='lat' dir='ltr'>officium</span> <span class='ocrx_word' id='word_1_275' title='bbox 1667 1964 1673 1970; x_wconf 94' lang='lat'>.</span> <span class='ocrx_word' id='word_1_276' title='bbox 1704 1964 1710 1969; x_wconf 81' lang='grc'><strong>.</strong></span> <span class='ocrx_word' id='word_1_277' title='bbox 1740 1963 1746 1969; x_wconf 88' lang='grc'><strong>.</strong></span> <span class='ocrx_word' id='word_1_278' title='bbox 1775 1935 1839 1970; x_wconf 87' lang='grc'>799</span> 
     </span>
     <span class='ocr_line' id='line_1_49' title="bbox 1096 1987 1831 2040; baseline -0.011 -11"><span class='ocrx_word' id='word_1_279' title='bbox 1096 1995 1292 2040; x_wconf 83' lang='lat' dir='ltr'>Apostolicae</span> <span class='ocrx_word' id='word_1_280' title='bbox 1317 1992 1536 2028; x_wconf 84' lang='lat' dir='ltr'>sollicitudinis</span> <span class='ocrx_word' id='word_1_281' title='bbox 1561 2015 1747 2024; x_wconf 93' lang='grc'>......</span> <span class='ocrx_word' id='word_1_282' title='bbox 1774 1987 1831 2022; x_wconf 89' lang='grc'>881</span> 
     </span>
     <span class='ocr_line' id='line_1_50' title="bbox 1458 2100 1481 2134; baseline 0 0"><span class='ocrx_word' id='word_1_283' title='bbox 1458 2100 1481 2134; x_wconf 93' lang='lat' dir='ltr'>C</span> 
     </span>
     <span class='ocr_line' id='line_1_51' title="bbox 1098 2205 1838 2253; baseline -0.005 -10"><span class='ocrx_word' id='word_1_284' title='bbox 1098 2209 1244 2244; x_wconf 85' lang='lat' dir='ltr'>Caelestis</span> <span class='ocrx_word' id='word_1_285' title='bbox 1266 2206 1491 2253; x_wconf 75' lang='lat' dir='ltr'>paterfamilias</span> <span class='ocrx_word' id='word_1_286' title='bbox 1519 2232 1746 2240; x_wconf 88' lang='grc'><strong>.......</strong></span> <span class='ocrx_word' id='word_1_287' title='bbox 1819 2205 1838 2240; x_wconf 91' lang='grc'>8</span> 
     </span>
     <span class='ocr_line' id='line_1_52' title="bbox 1099 2259 1834 2298; baseline -0.007 -1"><span class='ocrx_word' id='word_1_288' title='bbox 1099 2263 1286 2298; x_wconf 83' lang='lat' dir='ltr'>Caelestium</span> <span class='ocrx_word' id='word_1_289' title='bbox 1311 2271 1478 2295; x_wconf 89' lang='lat' dir='ltr'>munerum</span> <span class='ocrx_word' id='word_1_290' title='bbox 1502 2261 1667 2294; x_wconf 86' lang='lat' dir='ltr'>thesauros</span> <span class='ocrx_word' id='word_1_291' title='bbox 1704 2286 1711 2293; x_wconf 92' lang='lat'><strong>.</strong></span> <span class='ocrx_word' id='word_1_292' title='bbox 1741 2286 1747 2292; x_wconf 92' lang='lat'><strong>.</strong></span> <span class='ocrx_word' id='word_1_293' title='bbox 1797 2259 1834 2294; x_wconf 84' lang='lat'>81</span> 
     </span>
     <span class='ocr_line' id='line_1_53' title="bbox 1099 2311 1838 2350; baseline -0.007 -1"><span class='ocrx_word' id='word_1_294' title='bbox 1099 2316 1286 2350; x_wconf 86' lang='lat' dir='ltr'>Caelestium</span> <span class='ocrx_word' id='word_1_295' title='bbox 1312 2324 1481 2347; x_wconf 85' lang='lat' dir='ltr'>munerum</span> <span class='ocrx_word' id='word_1_296' title='bbox 1505 2313 1670 2347; x_wconf 88' lang='lat' dir='ltr'>thesauros</span> <span class='ocrx_word' id='word_1_297' title='bbox 1705 2340 1711 2345; x_wconf 93' lang='lat'>.</span> <span class='ocrx_word' id='word_1_298' title='bbox 1741 2338 1747 2344; x_wconf 92' lang='lat'>.</span> <span class='ocrx_word' id='word_1_299' title='bbox 1774 2311 1838 2344; x_wconf 87' lang='grc'>219</span> 
     </span>
     <span class='ocr_line' id='line_1_54' title="bbox 1099 2363 1838 2403; baseline -0.008 -1"><span class='ocrx_word' id='word_1_300' title='bbox 1099 2368 1287 2403; x_wconf 87' lang='lat' dir='ltr'>Caelestium</span> <span class='ocrx_word' id='word_1_301' title='bbox 1312 2377 1479 2400; x_wconf 88' lang='lat' dir='ltr'>munerum</span> <span class='ocrx_word' id='word_1_302' title='bbox 1504 2367 1669 2401; x_wconf 86' lang='lat' dir='ltr'>thesauros</span> <span class='ocrx_word' id='word_1_303' title='bbox 1703 2391 1711 2398; x_wconf 92' lang='lat'><strong>.</strong></span> <span class='ocrx_word' id='word_1_304' title='bbox 1739 2391 1746 2397; x_wconf 93' lang='lat'><strong>.</strong></span> <span class='ocrx_word' id='word_1_305' title='bbox 1775 2363 1838 2397; x_wconf 88' lang='grc'>759</span> 
     </span>
     <span class='ocr_line' id='line_1_55' title="bbox 1099 2415 1838 2462; baseline -0.009 -7"><span class='ocrx_word' id='word_1_306' title='bbox 1099 2421 1278 2456; x_wconf 88' lang='lat' dir='ltr'>Catholicae</span> <span class='ocrx_word' id='word_1_307' title='bbox 1301 2420 1459 2454; x_wconf 88' lang='lat' dir='ltr'>Ecclesiae</span> <span class='ocrx_word' id='word_1_308' title='bbox 1488 2418 1634 2462; x_wconf 81' lang='lat' dir='ltr'>regimini</span> <span class='ocrx_word' id='word_1_309' title='bbox 1667 2445 1673 2450; x_wconf 91' lang='lat'><em>.</em></span> <span class='ocrx_word' id='word_1_310' title='bbox 1704 2444 1709 2450; x_wconf 92' lang='lat'><strong><em>.</em></strong></span> <span class='ocrx_word' id='word_1_311' title='bbox 1740 2443 1746 2449; x_wconf 77' lang='grc'><strong>.</strong></span> <span class='ocrx_word' id='word_1_312' title='bbox 1774 2415 1838 2449; x_wconf 87' lang='grc'>699</span> 
     </span>
     <span class='ocr_line' id='line_1_56' title="bbox 1099 2468 1839 2516; baseline -0.008 -9"><span class='ocrx_word' id='word_1_313' title='bbox 1099 2473 1368 2514; x_wconf 85' lang='lat' dir='ltr'>Christifidelium,</span> <span class='ocrx_word' id='word_1_314' title='bbox 1393 2473 1457 2516; x_wconf 87' lang='lat' dir='ltr'>qui,</span> <span class='ocrx_word' id='word_1_315' title='bbox 1482 2472 1634 2516; x_wconf 72' lang='lat' dir='ltr'>spretis.</span> <span class='ocrx_word' id='word_1_316' title='bbox 1666 2497 1672 2502; x_wconf 96' lang='lat'>.</span> <span class='ocrx_word' id='word_1_317' title='bbox 1703 2497 1708 2503; x_wconf 91' lang='lat'>.</span> <span class='ocrx_word' id='word_1_318' title='bbox 1739 2496 1744 2502; x_wconf 96' lang='lat'>.</span> <span class='ocrx_word' id='word_1_319' title='bbox 1774 2468 1839 2502; x_wconf 83' lang='lat'>594</span> 
     </span>
     <span class='ocr_line' id='line_1_57' title="bbox 1099 2520 1834 2571; baseline -0.012 -9"><span class='ocrx_word' id='word_1_320' title='bbox 1099 2527 1335 2571; x_wconf 87' lang='lat' dir='ltr'>Circumspecta</span> <span class='ocrx_word' id='word_1_321' title='bbox 1359 2525 1491 2559; x_wconf 82' lang='lat' dir='ltr'>Romani</span> <span class='ocrx_word' id='word_1_322' title='bbox 1517 2523 1676 2557; x_wconf 81' lang='lat' dir='ltr'>Pontificis</span> <span class='ocrx_word' id='word_1_323' title='bbox 1704 2549 1710 2555; x_wconf 94' lang='lat'><strong><em>.</em></strong></span> <span class='ocrx_word' id='word_1_324' title='bbox 1740 2548 1746 2554; x_wconf 93' lang='lat'>.</span> <span class='ocrx_word' id='word_1_325' title='bbox 1774 2520 1834 2553; x_wconf 82' lang='grc'>221</span> 
     </span>
     <span class='ocr_line' id='line_1_58' title="bbox 1099 2573 1838 2624; baseline -0.011 -10"><span class='ocrx_word' id='word_1_326' title='bbox 1099 2581 1332 2624; x_wconf 84' lang='lat' dir='ltr'>Circumspecta</span> <span class='ocrx_word' id='word_1_327' title='bbox 1355 2578 1488 2612; x_wconf 87' lang='lat' dir='ltr'>Romani</span> <span class='ocrx_word' id='word_1_328' title='bbox 1518 2576 1676 2611; x_wconf 83' lang='lat' dir='ltr'>Pontificis</span> <span class='ocrx_word' id='word_1_329' title='bbox 1703 2603 1708 2608; x_wconf 94' lang='lat'><em>.</em></span> <span class='ocrx_word' id='word_1_330' title='bbox 1740 2602 1746 2607; x_wconf 92' lang='lat'><strong><em>.</em></strong></span> <span class='ocrx_word' id='word_1_331' title='bbox 1773 2573 1838 2607; x_wconf 84' lang='grc'>232</span> 
     </span>
     <span class='ocr_line' id='line_1_59' title="bbox 1099 2625 1837 2680; baseline -0.012 -12"><span class='ocrx_word' id='word_1_332' title='bbox 1099 2634 1334 2680; x_wconf 76' lang='lat' dir='ltr'>circumspecta</span> <span class='ocrx_word' id='word_1_333' title='bbox 1359 2631 1490 2667; x_wconf 83' lang='lat' dir='ltr'>Romani</span> <span class='ocrx_word' id='word_1_334' title='bbox 1515 2630 1676 2665; x_wconf 78' lang='lat' dir='ltr'>Pontificis</span> <span class='ocrx_word' id='word_1_335' title='bbox 1703 2656 1709 2664; x_wconf 76' lang='grc'>,</span> <span class='ocrx_word' id='word_1_336' title='bbox 1739 2655 1744 2660; x_wconf 97' lang='grc'><em>.</em></span> <span class='ocrx_word' id='word_1_337' title='bbox 1774 2625 1837 2660; x_wconf 87' lang='grc'>576</span> 
     </span>
    </p>
   </div>
  </div>
 </body>
</html>
