2254 3225
460 230 523 264 itui]

418 292 503 324 iuter
534 299 589 323 eos
614 287 654 320 sit
678 296 715 320 ea
746 283 993 328 praecedentia,
1020 290 1081 323 qua
1105 289 1152 311 se-

420 346 509 378 cluso
534 349 668 375 munere
694 338 884 382 gauderent.
907 335 962 368 llis
981 338 1087 366 autem
1105 341 1155 364 ac—

419 396 537 430 cedunt
561 403 673 428 omnes
705 388 876 425 duodecim
900 384 1042 428 magistri
1075 393 1154 427 quos

993 230 1170 257 Bt‘ttnzffixt
1196 229 1279 252 {ms-vlit
1288 228 1347 251 xtuli

1196 281 1307 320 pterea
1342 267 1447 309 locum
1472 264 1556 308 inter
1586 284 1619 308 se
1644 279 1769 307 mutare
1795 273 1926 315 debent,

1196 330 1253 362 sed
1278 338 1408 371 semper
1431 338 1558 361 servare
1583 327 1643 360 sibi
1658 327 1800 361 debitum
1818 337 1928 370 expro-

1197 381 1367 414 vincialatu
1385 385 1439 414 aut
1454 381 1517 414 alio
1532 390 1663 413 munere
1680 384 1822 423 peracto.
1844 380 1928 413 lnsra

419 459 568 484 vocamus
593 447 632 480 de
657 444 778 478 iustitia
801 442 851 475 vel
875 449 1023 478 numero,
1051 441 1081 469 et
1101 435 1154 478 qui
1174 441 1178 485 1
1195 444 1251 466 eos
1276 439 1382 466 autem
1406 444 1507 477 usque
1539 435 1577 467 ad
1609 435 1745 468 lectores
1777 434 1928 468 iubilatos

421 504 509 536 iuxta
534 498 782 534 constitutiones
799 499 924 527 nostras
942 501 1013 523 cum
1030 490 1155 530 integro

421 559 563 590 lecturae
581 552 695 585 merito
713 550 751 582 ab
772 547 889 581 Ordine
908 549 984 578 sunt
1000 541 1152 584 suscepti.

422 611 509 642 luter
533 617 589 640 eos
625 604 720 637 etiam
753 599 925 642 antiquitas
951 602 983 629 et
1005 595 1156 639 prioritas

424 662 542 704 gradus
566 657 689 700 ubique
714 653 895 696 respicitur,
922 657 1005 692 quae
1030 656 1157 689 semper

424 717 456 747 in
481 711 629 748 omnibus
654 705 817 752 gradualis
842 704 881 738 ad
907 713 940 736 se
963 701 1102 734 invicem
1124 700 1157 731 in

424 768 471 800 sui
498 773 617 807 genere
642 758 835 804 comparatis
860 755 1037 790 attenditur
1061 764 1079 785 a
1106 752 1157 785 die

425 815 679 853 confirmationis
705 812 822 856 gradus
848 821 865 843 a
888 808 1054 850 magistro,
1071 805 1157 837 unde

424 873 473 906 ius
500 872 537 906 ad
563 870 653 903 illum
679 872 710 900 et
741 866 977 906 consequenter
1003 860 1040 892 ad
1065 868 1158 902 prae-

426 924 607 959 cedentiam
642 919 829 964 acquiritur.
857 915 1058 956 Ubicumque
1081 921 1157 944 vero

426 977 570 1021 magistri
597 974 716 1008 suerint
750 971 900 1014 aequales
927 968 962 1000 in
991 964 1159 1000 confirma-

428 1032 515 1064 tione
547 1027 709 1073 praedicta
725 1052 732 1065 ,
757 1020 961 1066 respicienda
984 1018 1048 1052 orit
1077 1017 1159 1050 anti-

428 1083 532 1128 quitas
556 1078 778 1125 professionis.
801 1076 831 1109 Si
857 1074 927 1118 quis
944 1076 1052 1106 autem
1070 1079 1160 1113 prae-

429 1141 571 1169 sentatus
597 1134 635 1167 de
661 1130 814 1165 cathedra
839 1138 875 1161 ex
901 1124 1035 1170 speciali
1059 1124 1160 1166 gratia

428 1188 518 1222 Sedis
553 1184 755 1229 Apostolicae
792 1182 831 1214 ab
862 1179 981 1214 Ordine
1011 1177 1161 1218 suscepta

429 1239 652 1284 magisterium
675 1236 827 1275 obtineat,
853 1233 963 1267 sedeat
978 1229 1161 1263 immediate

429 1299 506 1340 post
530 1302 642 1327 omnes
667 1290 833 1332 magistros
859 1288 897 1322 de
915 1284 1034 1318 iustitia
1052 1287 1085 1316 et
1103 1293 1163 1315 nu-

430 1356 522 1382 mero
548 1346 601 1390 qui
627 1350 703 1379 sunt
727 1349 758 1376 et
780 1352 839 1386 pro
864 1346 1012 1383 tempore
1029 1337 1160 1369 suerint.

475 1412 518 1436 w.
545 1400 620 1434 Post
639 1398 810 1440 magistros
828 1403 905 1427 vero
925 1391 1096 1436 praefatos,
1114 1397 1165 1421 re-

432 1454 523 1498 liqui,
534 1463 615 1497 quos
628 1452 680 1485 hic
694 1447 942 1485 nominabimus,
952 1444 1086 1477 sedeant
1094 1451 1164 1474 cum

433 1510 498 1543 hoc
521 1506 636 1542 ordine
661 1505 803 1543 litterae,
830 1500 1002 1534 videlicet:
1022 1495 1164 1529 vicarius

434 1564 610 1595 conventus
627 1586 634 1599 ,
661 1554 854 1601 praesentati
875 1553 913 1589 de
931 1550 1075 1589 lectura,
1100 1558 1166 1581 ma-

435 1613 529 1657 gistri
545 1613 583 1646 de
601 1610 712 1654 gratia,
738 1605 933 1652 praesentati
959 1604 997 1637 de
1016 1601 1140 1645 pulpito
1157 1611 1164 1640 ·,

435 1669 573 1701 lectores
597 1662 742 1699 iubilati;
764 1657 959 1704 praesentati
985 1656 1023 1689 de
1048 1654 1166 1696 gratia,

437 1725 467 1753 et
492 1718 633 1760 denique
667 1718 896 1759 procuratores
926 1709 1097 1753 generales
1121 1717 1169 1739 re-

439 1769 632 1814 demptionis
657 1773 689 1801 et
712 1765 860 1805 Ordinis,
887 1768 918 1797 et
942 1764 1171 1806 procuratores

439 1823 655 1869 provinciales
678 1817 912 1862 redemptionis
929 1821 960 1849 et
976 1812 1170 1858 provinciae,

441 1879 466 1912 si
492 1887 559 1910 non
583 1874 704 1908 suerint
728 1870 886 1915 graduati,
913 1870 986 1902 dum
1013 1873 1119 1900 tamen
1141 1875 1173 1898 o-

441 1940 533 1964 mnes
557 1938 668 1961 vocem
702 1925 844 1959 habeant
873 1924 906 1956 in
934 1921 1089 1965 capitulo.
1116 1913 1173 1957 Qui

442 1989 548 2017 autem
581 1982 620 2014 de
644 1979 708 2013 illis
734 1978 907 2021 graduatus
931 1974 1037 2014 suerit,
1065 1973 1175 2005 sedeat

444 2037 476 2069 in
501 2033 612 2068 ordine
634 2032 681 2065 sui
706 2031 822 2073 gradus
839 2030 926 2061 iuxta
943 2027 1128 2070 qualitatem
1145 2030 1177 2058 et

444 2087 669 2131 antiquitatem
694 2084 792 2124 illius,
818 2083 908 2115 nullo
934 2080 1044 2113 habito
1069 2087 1178 2122 respe-

445 2147 497 2175 ctu
522 2140 561 2173 ad
585 2137 830 2182 procurationes
854 2134 1044 2178 praedictas.

489 2203 520 2226 v.
542 2191 633 2226 Circa
657 2190 784 2232 reliqua
815 2187 917 2222 officia
941 2196 1021 2230 quae
1046 2184 1180 2218 diversis

447 2244 596 2290 personis
621 2244 786 2282 accidunt,
811 2241 856 2273 sic
881 2251 919 2273 ea
943 2238 1178 2272 distribuimus.

448 2297 641 2333 Desinitores
661 2296 827 2338 generales
845 2303 881 2326 ex
898 2302 954 2325 suo
969 2301 1087 2333 genere
1108 2293 1183 2322 sunt

451 2350 644 2385 electoribus
659 2348 795 2392 priores,
812 2351 844 2379 et
864 2345 992 2387 utrique
1010 2342 1186 2376 definitori-

452 2406 511 2438 bus
536 2401 732 2446 provinciae.
760 2399 835 2431 Cum
861 2403 966 2430 autem
985 2397 1066 2429 haec
1081 2394 1186 2428 officia

1197 484 1354 523 inclusive
1373 513 1381 526 ,
1408 487 1602 530 quicumque
1627 487 1791 530 praedicta
1825 488 1929 521 officia

1198 538 1341 578 subierit,
1361 539 1484 571 ratione
1502 539 1633 572 illorum
1650 540 1800 573 omnibus
1813 542 1860 574 sui
1874 552 1930 584 ge-

1198 592 1301 632 neris,
1328 593 1444 634 gradus
1475 597 1508 625 et
1538 592 1702 635 qualitatis
1726 594 1926 634 antefertur·‚

1199 645 1360 685 videlicet,
1379 645 1404 678 si
1426 656 1509 678 unus
1525 646 1631 680 socius
1649 647 1794 689 magistri
1809 646 1928 681 sactus¹

1201 698 1351 731 delinitor
1366 698 1505 739 Ordinis,
1523 703 1577 731 aut
1593 699 1787 742 provinciae,
1803 700 1868 733 sive
1878 710 1931 742 ge-

1201 751 1320 784 neralis
1355 752 1493 791 elector,
1519 762 1554 783 ex
1581 752 1642 784 hoe
1666 751 1736 794 ipso
1761 752 1802 784 sit
1829 754 1929 786 altero

1201 804 1290 837 socio
1323 804 1425 848 prior.
1451 804 1603 846 Magister
1628 812 1704 837 vero
1736 804 1775 837 de
1798 814 1931 839 numero

1202 863 1336 900 superet
1360 867 1471 890 omnes
1496 856 1631 895 simileS,
1658 862 1689 890 et
1712 857 1867 900 magister
1891 858 1931 891 de

1935 226 1972 249 An
2001 223 2027 250 C.
2051 223 2113 249 1691

1203 911 1313 954 gratia,
1329 921 1364 943 ex
1380 912 1626 954 praesentatura
1641 910 1679 944 de
1698 910 1851 945 cathedra
1869 912 1933 944 ele·
1959 937 1960 940 η

1203 969 1282 1005 etus,
1307 973 1362 997 eos
1387 969 1510 998 tantum
1534 963 1588 1007 qui
1613 964 1719 997 forsan
1745 964 1784 998 de
1800 964 1864 997 hoc
1881 974 1933 997 or-

1203 1017 1278 1050 dIne
1303 1017 1446 1057 suerint,
1473 1016 1556 1049 sicut
1587 1017 1683 1049 etiam
1707 1016 1859 1059 magister
1893 1017 1933 1051 de

1204 1070 1306 1112 gratia
1331 1079 1387 1103 eos
1413 1070 1577 1105 dumtaxat
1612 1069 1666 1112 qui
1691 1069 1808 1102 suerint
1833 1070 1934 1113 quali-

1203 1124 1277 1157 tatis
1303 1123 1509 1163 huiusmodi;
1528 1127 1752 1165 praesentatus
1772 1128 1878 1156 autem
1895 1123 1934 1156 de

1204 1179 1357 1212 cathedra
1381 1186 1493 1211 omnes
1515 1180 1741 1220 praesentatos
1763 1175 1802 1209 de
1826 1176 1935 1208 cathe-

1206 1232 1261 1264 dra
1286 1235 1318 1263 et
1335 1230 1488 1262 vicarium
1502 1233 1693 1267 conventus3
1709 1233 1934 1270 praesentatus

1206 1285 1246 1318 de
1271 1283 1396 1327 pulpito
1420 1292 1531 1315 omnes
1563 1281 1707 1314 eiusdem
1733 1280 1876 1323 generis;
1906 1286 1938 1314 et

1206 1338 1306 1370 lector
1334 1335 1487 1368 iubilatus
1521 1334 1672 1367 iubilatos
1704 1343 1827 1366 omnes.
1853 1333 1938 1366 Infra

1207 1389 1285 1421 istos
1319 1392 1425 1419 autem
1462 1386 1486 1418 si
1519 1386 1590 1429 quis
1614 1385 1668 1418 siat
1693 1385 1855 1425 definitor,
1883 1390 1938 1418 aut

1208 1443 1332 1475 elector
1349 1439 1520 1483 generalis,
1547 1439 1612 1471 sive
1638 1437 1787 1471 definitor
1810 1438 1938 1481 provin-

1208 1495 1288 1535 ciae,
1304 1493 1570 1537 postpraedictos
1587 1491 1738 1525 iubilatos
1756 1490 1938 1524 immediate

1208 1549 1314 1580 locum
1346 1546 1482 1585 haheat,
1508 1555 1567 1577 nec
1602 1543 1663 1587 ipsi
1697 1543 1941 1586 quomodolibet

1210 1600 1304 1633 liceat
1333 1598 1458 1632 ratione
1494 1597 1732 1640 praedictorum
1763 1595 1941 1629 officiorum

1211 1653 1250 1686 ad
1275 1653 1385 1685 sedem
1410 1655 1441 1683 et
1465 1650 1614 1684 ordinem
1632 1648 1780 1692 superius
1798 1648 1942 1682 nomina-

1212 1712 1317 1739 torum
1349 1704 1535 1737 ascendere.
1571 1697 1661 1740 Quod
1697 1701 1723 1734 si
1760 1702 1823 1734 duo
1858 1701 1944 1734 intra

1213 1759 1360 1791 eumdem
1385 1757 1534 1791 ordinem
1552 1756 1583 1787 in
1602 1754 1791 1788 definitione
1809 1760 1861 1787 aut
1879 1755 1945 1787 ele-

1214 1813 1319 1844 ctione
1344 1809 1465 1842 suerint
1484 1818 1588 1851 pares,
1605 1813 1680 1840 tunc
1700 1806 1874 1850 praecedat
1890 1806 1944 1849 qui

1215 1865 1354 1897 alterum
1377 1861 1522 1905 alioquin
1548 1860 1616 1893 sine
1642 1859 1734 1894 dictis
1758 1859 1871 1892 officiis
1895 1869 1947 1892 an-

1217 1917 1321 1950 teiret.

1260 1981 1303 2003 VI.
1328 1969 1371 2002 De
1396 1967 1484 2001 socio
1512 1970 1617 2000 autem
1642 1970 1674 1999 et
1697 1965 1870 1999 secretario
1895 1975 1948 1998 eu-

1218 2023 1349 2057 iuslibet
1372 2020 1480 2054 vicarii
1507 2019 1669 2063 generalis
1691 2023 1753 2051 tam
1782 2019 1880 2051 totius
1897 2018 1950 2053 Or·

1220 2076 1304 2111 dinis
1338 2085 1431 2118 quam
1467 2072 1706 2117 provinciarum
1739 2077 1792 2105 aut
1815 2071 1950 2104 alicuius

1221 2128 1405 2174 provinciae
1438 2126 1625 2166 statuimus,
1651 2124 1748 2168 quod,
1781 2124 1806 2157 si
1830 2124 1952 2157 suerint

1222 2180 1379 2226 graduati,
1394 2179 1596 2223 praesideant
1622 2176 1770 2210 omnibus
1793 2176 1953 2222 magistris

1223 2236 1262 2269 de
1287 2243 1442 2273 numero,
1468 2236 1500 2265 et
1523 2231 1589 2264 sint
1613 2229 1906 2273 exprovincialihus
1924 2233 1955 2261 et

1224 2298 1333 2321 eorum
1347 2285 1468 2319 iuribus
1482 2295 1499 2317 a
1512 2283 1741 2317 constitutione
1755 2280 1956 2315 faventibus³

1225 2337 1438 2378 immediate³,
1458 2337 1554 2370 modo
1582 2346 1649 2369 non
1672 2338 1866 2368 concurrant
1885 2343 1957 2366 cum

1228 2391 1324 2425 sociis
1348 2389 1504 2432 magistri,
1527 2388 1644 2432 quibus
1668 2395 1724 2420 eos
1748 2386 1869 2429 ubique
1887 2385 1959 2418 red-

453 2459 486 2491 in
511 2454 660 2500 personis
684 2451 861 2495 superioris
886 2448 1051 2492 dignitatis
1075 2446 1187 2480 extite-
1230 2445 1335 2478 dimus
1359 2442 1541 2476 interiores.
1568 2441 1598 2474 Si
1623 2450 1700 2473 vero
1725 2439 1872 2483 graduati
1896 2448 1961 2472 non

454 2511 531 2549 rint,
545 2512 580 2540 ut
596 2507 627 2539 in
646 2505 790 2550 patribus
806 2501 988 2547 provinciae
1006 2505 1037 2533 et
1055 2498 1188 2542 reliquis

456 2559 579 2596 adhuc¹
605 2558 750 2592 ordinem
769 2553 1013 2600 pertinentibus,
1038 2562 1104 2584 non
1121 2562 1191 2595 pro·

494 2624 507 2652 1
529 2621 640 2649 Videtur
660 2618 804 2654 legendum
823 2616 859 2644 ad
878 2616 952 2643 hunc
970 2615 1008 2650 (a.
1024 2614 1073 2648 T.)-

1266 2523 1279 2550 1
1303 2522 1376 2549 Adde
1395 2521 1506 2548 verbum
1524 2519 1616 2554 fuerit
1639 2520 1674 2553 (a.
1689 2518 1738 2550 τ.).

1268 2568 1284 2593 2
1303 2566 1417 2593 Videtur
1434 2563 1580 2599 legendum
1598 2563 1762 2597 fruentibus
1776 2562 1815 2596 (a.
1835 2562 1875 2595 τ.)

1268 2611 1285 2639 3
1305 2609 1414 2637 Videtur
1431 2607 1573 2643 legendum
1592 2607 1752 2636 immediati
1769 2607 1807 2641 (n.
1828 2606 1874 2640 T·).
