2227 3225
120 259 169 288 An.
186 259 214 287 C.
237 259 304 287 1693

884 259 1095 285 mNOCEN'rms
1118 259 1164 284 XII
1187 259 1235 283 1³1³.

312 308 546 342 recordationis
571 308 746 351 Gregorius
778 308 863 352 Papa
895 309 932 341 xl
958 319 1050 351 prac-

314 362 466 395 decessor
493 367 607 395 noster
638 361 705 394 suis
730 371 760 394 vt
789 361 943 394 kalendas
969 361 1048 393 iunii

313 413 520 458 pontificatus
546 415 596 447 sui
622 425 708 448 anno
734 425 770 448 111
792 412 971 457 expeditis¹
998 415 1051 448 lit-

315 468 411 507 teris,
436 472 472 500 ut
507 467 594 501 idem
619 467 703 501 Ordo
739 467 771 500 in
804 469 862 500 sua
886 467 1050 510 primaeva

313 520 423 562 quiete
448 526 668 564 permaneret,
695 521 735 553 de
756 519 873 552 virtute
899 519 930 552 in
953 519 1050 552 virtu-

314 579 377 605 tem
403 573 464 606 iret
488 573 630 613 assidue,
647 578 690 612 et,
707 573 910 616 quibuslibet
933 572 1049 605 amotis

313 626 600 669 praepedimentis,
628 625 866 668 eradicatisque
891 625 993 668 spinis
1020 630 1051 657 et

314 679 449 718 tribulis,
476 679 615 711 fructum
629 689 696 711 non
718 679 824 711 solum
845 683 1050 718 consuetum,

312 732 368 764 sed
394 732 490 764 etiam
515 731 702 765 uberiorem
717 731 857 771 all'erret,
875 732 913 764 ad
931 731 1051 764 radica-

312 785 374 817 lem
399 784 639 818 submotionem
665 784 886 818 turbationum
913 789 945 817 et
961 794 1051 816 scan-

312 837 458 870 dalorum
487 837 673 870 huiusmodi
699 837 762 870 iam
787 842 995 876 exortorum,
1020 842 1050 869 et

313 900 353 922 ne
379 890 546 922 orirentur
570 890 602 922 in
628 896 791 933 posterum
813 889 998 933 providere,
1015 899 1051 922 ac

313 942 461 976 eiusdem
488 943 616 976 Ordinis
634 953 695 986 pro
721 948 867 986 tempore
889 942 1051 975 existenti·

313 997 371 1028 bus
403 996 643 1038 protectoribus
675 996 944 1038 transgressionis
975 1006 1049 1028 suae

312 1049 482 1092 potestatis
501 1050 708 1083 occasionem
729 1048 844 1082 tollere
862 1049 984 1082 efficaci
1002 1060 1050 1082 re-

313 1103 422 1135 medio
459 1103 612 1146 cupiens,
645 1104 837 1136 auctoritate
873 1103 1050 1146 apostolica

314 1155 435 1188 eisdem
454 1157 691 1199 protectoribus
715 1156 888 1189 districtius
909 1156 1053 1189 inhibuit

315 1218 354 1240 ne
380 1214 626 1250 praesumerent
651 1219 875 1252 quaecumque
892 1209 1051 1247 ordinata,

313 1266 431 1293 statuta
465 1261 531 1294 sive
568 1262 741 1304 disposita,
768 1267 823 1294 aut
847 1262 1047 1301 ordinanda,

314 1314 485 1346 statuenda
510 1324 568 1347 seu
593 1314 796 1357 disponenda
812 1325 872 1357 per
889 1315 1052 1356 generalia

314 1367 363 1399 vel
388 1366 598 1409 provincialia
621 1372 675 1398 aut
698 1366 887 1399 cu‘siodialia
911 1367 1051 1409 capitula

314 1419 506 1461 infringere,
521 1419 710 1462 reprobare,
727 1420 900 1461 corrigere,
919 1429 1052 1462 suspen-

315 1472 391 1504 dere
408 1477 462 1504 aut
475 1472 663 1515 dispensare
678 1483 777 1515 super
795 1472 844 1504 his
862 1482 917 1504 seu
939 1477 1052 1504 contra

314 1535 359 1564 ca,
383 1525 430 1557 vel
449 1534 561 1557 eorum
586 1524 710 1567 aliquid
728 1524 974 1568 quomodolibet
994 1525 1052 1557 im-

315 1583 449 1616 mutare,
464 1576 527 1610 nisi
551 1582 665 1610 contra
682 1577 878 1620 praemissos
896 1577 1050 1610 articulos

313 1630 347 1663 in
364 1632 508 1673 praefata
526 1631 646 1672 regula,
661 1631 897 1674 utpraefeitur,
916 1631 1052 1674 positos,

314 1684 365 1717 vel
381 1683 691 1726 aliquemipsorum,
703 1683 855 1716 existeret
868 1683 1050 1723 1nanifestc;

315 1742 369 1769 aut
393 1746 629 1779 quemcumque
655 1738 836 1779 praelatum
862 1747 917 1769 seu
939 1736 1053 1769 cilicia-

314 1790 379 1822 lem
404 1789 480 1822 dicti
505 1789 646 1828 Ordinis,
664 1800 721 1822 seu
740 1790 872 1822 alicuius
891 1790 952 1822 loci
970 1789 1053 1822 eius-

315 1843 399 1882 dem,
418 1852 623 1884 quocumque
644 1842 779 1874 nomine
800 1848 1051 1885 nuncuparetur,

316 1906 443 1938 ponere
479 1906 534 1928 seu
566 1895 750 1935 instituere,
783 1901 838 1928 aut
872 1896 1052 1938 deponere,

316 1949 495 1981 destituere
525 1958 581 1980 seu
609 1948 746 1991 privare,
765 1953 817 1980 aut
836 1959 853 1980 a
873 1959 931 1980 suo
949 1949 1053 1982 officio

317 2001 521 2044 suspendere
537 2011 598 2034 seu
620 2001 778 2044 impedire
804 2011 900 2044 super
926 2001 993 2034 eius
1019 2002 1054 2035 li-

317 2054 395 2087 bero
411 2053 565 2086 exercitio
580 2054 691 2097 quovis
704 2054 822 2094 modo;
839 2059 894 2086 aut
912 2054 1052 2098 aliquem

319 2106 448 2139 fratrem
467 2106 598 2139 Ordinis
624 2106 778 2139 antedicti
800 2107 838 2139 ad
860 2108 1053 2140 lectoratuni

320 2165 370 2193 ‚tut
395 2170 632 2203 quamcumque
657 2161 815 2193 lecturam
837 2171 892 2193 seu
909 2161 1053 2194 studium

321 2214 366 2247 rel
391 2213 528 2256 gradum
553 2224 766 2256 promovere,
796 2218 852 2246 aut
885 2220 1054 2257 promotos

317 2267 357 2300 ab
383 2266 429 2299 eis
464 2277 653 2306 removere,
679 2277 735 2299 seu
761 2267 856 2300 etiam
881 2278 1052 2308 revocare;

318 2326 372 2353 aut
397 2321 436 2353 de
461 2321 534 2354 loco
560 2320 598 2353 ad
623 2322 730 2353 locum
756 2321 884 2354 mittere
910 2328 963 2354 aut
987 2333 1055 2354 mu-

332 2384 349 2406 a
369 2384 396 2414 c,
412 2374 477 2407 sire
492 2373 587 2406 alicui
602 2374 737 2406 fratrum
752 2375 940 2407 eorumdem
957 2375 1054 2407 eundi

319 2427 358 2459 :id
373 2427 860 2470 quodcumquemonasterium,
881 2429 930 2460 vel
947 2430 1054 2462 locun]

320 2480 433 2520 alium,
461 2481 508 2513 vel
543 2481 686 2520 domum,
708 2481 758 2513 vel
784 2481 922 2523 aliquam
948 2491 1055 2524 perso-

319 2544 401 2573 nam,
427 2533 590 2567 ticenum-n
616 2535 788 2578 impartiri3
809 2541 841 2567 et
864 2546 904 2568 ne
923 2535 1055 2578 insuper

320 2587 460 2631 qnennis
492 2588 688 2629 singularem
726 2589 854 2621 fratrem
885 2588 1053 2622 memorati

353 2649 364 2675 ‘J
391 2648 458 2675 lida,
482 2649 559 2674 Maius
584 2649 645 2684 legit
665 2650 811 2684 crrpezlilczs
830 2657 867 2685 (R.
889 2651 928 2684 Τ.)

1726 250 1790 283 595

1092 308 1222 341 Ordinis
1249 308 1287 341 de
1314 318 1517 352 quocumque
1543 308 1676 341 crimine
1705 310 1753 341 rel
1776 309 1827 341 dc-

1092 360 1170 394 licto
1195 361 1322 404 punire,
1342 362 1392 394 vel
1410 371 1426 393 a
1443 362 1549 404 poena
1576 371 1631 393 seu
1657 361 1828 403 poeniten-

1092 414 1136 446 tia
1160 414 1309 454 liberare,
1335 419 1389 447 aut
1421 424 1491 448 eam
1525 414 1684 454 minuere,
1709 424 1827 456 augere

1093 467 1141 499 vel
1166 466 1356 507 immutarc·‚
1384 473 1440 500 aut
1474 467 1571 500 etiam
1607 467 1701 500 alicui
1738 467 1828 499 fratri

1092 520 1209 559 locum,
1225 530 1396 559 cameram,
1411 520 1541 559 cellam,
1561 519 1661 552 libros
1684 519 1732 552 vel
1750 519 1828 552 alias

1092 582 1142 604 res
1167 571 1243 604 dicti
1275 572 1405 605 Ordinis
1443 572 1648 610 concedere,
1674 572 1724 604 vel
1757 571 1828 604 eius

1091 624 1163 656 usui
1197 625 1380 668 deputare·‚
1407 630 1461 657 aut
1496 633 1745 667 quemcumque,
1772 634 1830 666 per

1091 678 1254 720 praelatos
1279 677 1420 710 eiusdem
1442 676 1570 709 Ordinis
1602 676 1755 709 aut-alios
1775 676 1831 709 de—

1092 734 1239 772 putatum
1258 757 1265 770 ,
1293 730 1541 773 quomodolibet
1573 739 1743 769 amovere;
1770 739 1831 761 nec

1093 783 1188 815 etiam
1213 783 1252 815 de
1278 784 1376 816 rebus
1398 788 1451 816 aut
1468 783 1670 816 correctione
1694 782 1830 815 fratrum

1093 835 1170 868 dicti
1194 835 1332 876 Ordinis,
1351 836 1412 868 nisi
1438 836 1471 868 in
1490 836 1617 868 casibus
1642 835 1830 879 praemissis

1093 890 1254 922 contentis
1280 889 1312 922 in
1331 890 1476 933 praefata
1501 890 1622 931 regula,
1640 899 1694 921 seu
1716 899 1829 922 eorum

1092 942 1209 985 aliquo,
1231 953 1263 975 se
1279 943 1484 985 aliquatenus
1510 942 1728 975 intromittere
1756 952 1830 985 quo-

1093 995 1137 1028 vis
1162 996 1273 1035 niodo,
1293 996 1372 1028 itaut
1388 996 1493 1028 dictus
1517 995 1602 1028 Ordo
1633 1006 1688 1028 seu
1713 996 1829 1028 fratres

1093 1048 1237 1081 eiusdem
1262 1049 1392 1081 Ordinis
1419 1049 1450 1080 in
1476 1049 1566 1081 nullo
1592 1048 1763 1081 subessent
1788 1048 1831 1080 fu·

1095 1102 1172 1134 turis
1196 1102 1450 1145 protectoribus,
1466 1101 1527 1134 nisi
1553 1102 1585 1134 in
1612 1112 1686 1134 casu
1712 1101 1743 1133 in
1765 1112 1830 1144 quo

1093 1156 1234 1198 ipsorum
1261 1155 1394 1187 fratrum
1419 1154 1633 1187 communitas
1657 1156 1706 1187 vel
1731 1164 1831 1196 gene-

1094 1209 1161 1240 rale
1187 1207 1361 1251 capitulum
1388 1207 1492 1250 (quod
1518 1207 1670 1249 abesset)
1696 1218 1712 1240 a
1736 1217 1830 1250 prae-

1094 1261 1186 1294 dictis
1211 1261 1354 1294 articulis
1385 1262 1432 1293 vel
1459 1271 1570 1293 eorum
1587 1261 1696 1304 aliquo
1714 1261 1831 1293 devias-

1094 1320 1184 1353 sent;
1211 1314 1366 1357 alioquin,
1386 1313 1410 1346 si
1430 1324 1522 1346 secus
1549 1313 1707 1352 fecissent,
1729 1313 1760 1346 id
1778 1313 1831 1346 de-

1094 1366 1196 1398 crevit
1221 1366 1348 1398 irritum
1367 1371 1398 1398 et
1422 1365 1531 1398 inane.
1560 1366 1596 1398 Et
1616 1365 1830 1398 nihilominus

1095 1419 1208 1452 fratres
1223 1419 1276 1463 qui
1294 1424 1408 1452 contra
1427 1419 1586 1452 eiusmodi
1600 1419 1830 1452 inhibitionem

1095 1472 1271 1515 quidquam
1296 1472 1539 1515 impetrassent,
1567 1482 1633 1511 scu,
1652 1477 1725 1515 post
1747 1471 1834 1504 inhi-

1094 1525 1251 1558 bitionem
1289 1525 1471 1565 eiusmodi,
1495 1525 1545 1558 usi
1571 1525 1707 1557 fuissent
1738 1525 1831 1558 etiam

1094 1589 1155 1622 per
1193 1579 1273 1611 alios
1313 1577 1513 1620 impetratis,
1541 1577 1735 1620 punirentur
1767 1577 1832 1610 illis

1095 1631 1220 1674 poenis,
1241 1631 1357 1674 quibus
1375 1631 1513 1663 fuissent
1529 1641 1587 1673 pro
1606 1631 1754 1672 gravibus
1773 1633 1834 1663 cul·

1095 1685 1144 1729 pis
1171 1685 1352 1718 secundum
1378 1689 1495 1716 statuta
1520 1683 1595 1716 dicti
1621 1683 1749 1716 Ordinis
1776 1695 1834 1727 pu-

1096 1738 1227 1777 niendi,
1262 1743 1293 1770 et
1324 1737 1538 1769 nihilominus
1576 1741 1686 1769 essent
1710 1737 1834 1770 actibus

1097 1791 1209 1833 privati
1236 1790 1402 1833 legitimis,
1423 1795 1455 1822 et
1481 1800 1499 1822 a
1519 1789 1595 1829 suis,
1613 1789 1638 1821 si
1664 1800 1747 1832 quae
1777 1790 1834 1822 ha-

1096 1844 1254 1883 iniissent,
1276 1843 1421 1886 suspensi
1440 1843 1552 1876 ossiciis
1574 1843 1644 1886 ipso
1666 1843 1759 1875 facto.
1779 1843 1835 1876 Ce-

1098 1903 1200 1929 terum
1225 1902 1423 1930 mem-oratus
1448 1896 1624 1938 Gregorius
1647 1896 1836 1939 praedeces-

1098 1961 1151 1983 sor
1172 1951 1303 1983 eosdem
1320 1950 1441 1982 futuros
1461 1954 1668 1992 protectores
1687 1949 1835 1981 hortatus

1098 2003 1156 2035 fuit
1180 2003 1345 2042 attentius,
1365 2003 1452 2045 quod
1473 2013 1533 2045 per
1557 2001 1632 2034 sacti
1659 2002 1835 2034 efficaciam

1097 2057 1142 2090 sic
1168 2056 1308 2089 nominis
1333 2056 1382 2088 sui
1407 2055 1503 2088 oflicii
1529 2060 1746 2098 procurarent
1763 2054 1837 2087 etl'e-

1097 2115 1192 2149 ctum,
1211 2115 1246 2141 ut
1269 2109 1354 2142 Ordo
1380 2108 1450 2151 ipse
1475 2119 1535 2152 per
1560 2119 1615 2141 eos
1639 2118 1706 2141 non
1731 2109 1835 2141 laedr-

1097 2169 1189 2196 retur
1215 2163 1246 2195 in
1272 2163 1389 2205 aliquo,
1409 2163 1465 2195 sed
1483 2161 1588 2205 potius
1612 2162 1652 2194 ab
1677 2161 1832 2198 adversis,

1097 2227 1156 2260 pro
1183 2222 1326 2258 tempore
1352 2216 1460 2248 forsan
1486 2214 1739 2253 imminentibus,
1761 2214 1833 2247 scu'

1098 2275 1283 2313 opportuno
1315 2268 1513 2302 defensionis
1546 2269 1659 2312 clypeo
1683 2273 1835 2311 protege-

1099 2329 1188 2355 retur
1223 2328 1255 2355 et
1287 2333 1304 2354 a
1335 2321 1440 2354 noxiis
1476 2327 1763 2365 praeservaretur:
1789 2321 1835 2353 sic

1098 2376 1198 2409 acturi
1223 2376 1376 2419 provide,
1402 2380 1434 2408 et
1458 2375 1629 2418 aequitatis
1655 2385 1691 2407 ac
1722 2375 1833 2408 mode<

1098 2429 1177 2461 stiae
1194 2428 1313 2461 limites
1333 2428 1497 2468 servaturi,
1514 2434 1550 2460 ut
1569 2438 1634 2460 non
1653 2427 1835 2460 traheretur

1098 2482 1136 2514 ad
1162 2493 1300 2522 noxam,
1330 2482 1416 2525 quod
1453 2481 1619 2524 provisum
1657 2481 1763 2513 suerat
1794 2481 1833 2512 ad

1098 2536 1234 2568 salutem
1251 2562 1258 2575 ,
1279 2535 1334 2568 sed
1362 2546 1398 2568 cx
1424 2535 1624 2567 charitativis
1650 2534 1749 2577 gestis
1774 2544 1830 2565 eo—

1099 2599 1167 2620 rum
1193 2588 1277 2621 Ordo
1303 2589 1466 2631 praefatus
1499 2588 1641 2630 quir-tem
1668 2594 1694 2620 et
1723 2597 1834 2619 conso-

1136 2652 1144 2676 1
1169 2649 1268 2676 Foxsan
1289 2651 1339 2676 sub
1360 2659 1408 2686 pro
1427 2659 1475 2675 seu
1495 2655 1522 2683 tn
1550 2651 1598 2682 *r.).

1836 259 1884 286 An.
1901 259 1930 285 C.
1956 258 2020 284 tent
