2227 3225
138 194 187 217 Ᾱῐι.
205 191 233 216 Γ,-
258 190 323 217 1’ς]Ξ

910 187 1117 212 lsxociixrtt's
1143 186 1184 209 ΧΠ
1209 187 1256 209 ΓΡ.

1747 175 1811 209 459

1858 185 1908 210 An.
1925 184 1952 210 Γ..
1974 186 2041 210 intr:

331 240 450 283 apponi
475 239 650 272 clausulam
676 237 783 279 Nulli,
809 241 881 278 etc„
912 241 1010 280 prout
1034 236 1064 268 in
1087 233 1090 258 ¹
1110 244 1168 266 seu
1193 238 1347 276 usurpata
1379 237 1472 273 sunt,
1500 232 1649 267 distribui
1683 243 1740 266 seu
1771 243 1849 266 con-

332 291 515 325 huiusmodi
540 292 685 324 materiis
712 291 870 324 haetenus
896 290 964 333 ipsa
989 288 1067 322 Poe·
1111 287 1192 318 verti
1212 286 1355 318 mandet.

332 344 520 377 nitentiaria
545 355 671 376 serrare
698 343 879 377 consuevit.

376 397 390 440 ξ
407 396 460 430 39.
477 397 554 430 Vota
572 397 734 441 simplicia
751 406 974 440 quaecumque
992 405 1070 438 quo-

331 450 511 483 modolibet
535 450 658 489 emissa,
686 449 813 483 tametsi
838 449 962 492 privato
988 448 1069 480 iura-

332 510 442 536 mento
468 503 669 543 confirmata,
694 503 790 536 etiam
808 502 972 541 castitatis,
998 501 1071 533 reli-

333 556 451 598 gionis,
478 556 674 589 visitationis
700 556 847 588 liminum
865 555 913 587 Ss.
934 554 1017 586 Petri
1040 558 1072 585 et

334 609 422 643 Pauli
449 610 489 643 de
515 609 600 642 L'rbe
617 637 624 649 ‚
650 608 820 653 Sepulchri
855 607 1009 641 dominici
1041 611 1073 638 et

334 662 363 695 S.
392 662 497 695 lacobi
529 663 568 695 de
594 662 833 705 Compostella,
857 660 959 704 possit
989 660 1072 692 idem

334 716 438 748 maior
473 716 741 758 poenitentiarius
777 716 807 747 in
845 715 907 747 alia
947 713 1073 757 pietatis

335 779 434 811 opera
460 775 680 807 commutare,
709 774 856 801 votorum
881 768 1074 810 implemen-

336 827 401 853 tum
428 821 566 861 dill‘erre,
592 821 630 853 ab
656 821 785 854 illorum
812 818 1075 862 transgressioni-

336 874 395 905 bus
421 874 600 914 absolvere,
619 879 650 906 et
670 884 740 905 cum
766 873 814 913 iis,
833 872 885 916 qui
912 872 1075 904 matrimo-

337 926 426 959 nium
441 927 665 960 contraliendo
681 932 788 959 votum
803 925 958 959 castitatis
977 930 1075 957 trans-

338 980 440 1023 gressi
462 986 547 1021 sunt,
569 980 607 1013 ad
625 980 714 1014 licite.
736 979 879 1013 debitum
905 979 1073 1021 coniugale

337 1034 514 1077 petendum
533 1034 738 1076 dispensare,
756 1038 787 1065 et
800 1032 980 1076 respective
995 1043 1075 1064 com-

337 1086 478 1127 mutari,
506 1086 625 1120 dill'erri
643 1114 650 1127 ,
677 1086 801 1119 absolvi
835 1091 866 1119 et
895 1085 1074 1128 dispensari

337 1140 514 1181 mandare,
539 1149 669 1183 semper
694 1140 724 1171 in
759 1140 828 1172 soro
860 1138 1074 1172 conscientiae

339 1198 485 1233 tantuin,
512 1193 617 1236 possit
641 1198 673 1226 et
707 1194 833 1233 valcat,
861 1191 1074 1226 consideratis

339 1246 444 1278 causis
471 1246 771 1285 commutationum,
796 1246 998 1283 dilationum,
1025 1245 1076 1277 ab·

339 1299 536 1332 solutionum
547 1299 865 1341 etdispensationum
879 1298 1076 1337 huiusmodi,

340 1358 372 1384 et
395 1351 527 1384 adiectis
544 1351 696 1384 clausulis
715 1362 797 1395 quae
815 1351 1009 1395 apponere¹,
1027 1350 1076 1382 iis-

340 1415 403 1448 que
428 1404 580 1438 iniunctis
606 1415 687 1447 quae
713 1404 882 1447 iniungere
917 1405 1076 1437 hactenus

339 1457 592 1491 poenitentiaria
616 1458 824 1491 laudabiliter
847 1457 1024 1491 consuevit.

385 1509 473 1554 540.
505 1510 609 1553 Super
631 1510 823 1544 recitatione
852 1510 951 1543 divini
980 1509 1075 1543 officii

342 1574 400 1596 seu
429 1564 583 1596 horarum
609 1564 840 1597 canonicarum
865 1568 998 1606 propter
1022 1562 1079 1595 ali-

343 1627 439 1660 quam
457 1616 752 1660 impossibilitatem
772 1627 828 1649 seu
847 1617 1002 1650 moralem
1019 1616 1079 1649 dis-

341 1668 518 1703 sieultatem
553 1681 625 1702 cum
658 1670 909 1703 commutatione
942 1670 973 1702 in
999 1670 1078 1702 alias

343 1734 456 1767 preces
481 1724 531 1756 vel
557 1723 721 1756 orationes
749 1733 806 1756 seu
833 1723 963 1757 illarum
988 1722 1078 1755 iniun

344 1776 449 1809 ctione
476 1777 658 1809 facultatem
683 1776 800 1808 babeat
824 1775 1047 1819 dispensandi.

389 1829 404 1872 ἓ
427 1828 480 1862 41.
500 1829 680 1861 Iuramenta
698 1838 937 1872 quaecumque,
958 1828 991 1860 in
1010 1828 1080 1870 qui-

345 1882 404 1915 bus
430 1882 630 1925 exploratum
656 1882 727 1922 erit,
744 1882 869 1915 nullum
894 1880 1081 1923 cuiusquam

346 1934 396 1978 agi
422 1934 668 1978 praeiudicium,
697 1934 880 1967 facultatem
906 1933 1024 1966 habeat
1048 1932 1080 1965 in

347 1989 414 2022 soro
439 1987 655 2021 conscientiae
681 1987 844 2020 dumtaxat
869 1986 1046 2020 relaxandi.

391 2042 406 2085 ξ
430 2041 483 2073 42.
511 2040 621 2079 Quoad
646 2041 729 2073 male
755 2041 860 2073 ablata
876 2040 924 2073 vel
942 2044 1080 2077 retenta,

347 2094 478 2138 quando
515 2093 635 2127 demini
673 2099 746 2126 sunt
782 2092 897 2126 incerti
928 2098 958 2126 et
990 2103 1081 2125 casus

347 2153 421 2180 sunt
437 2146 564 2187 occulti,
582 2152 705 2190 partem
727 2146 868 2190 aliquam
889 2145 1083 2189 delinquen-

347 2201 431 2234 tibus
455 2200 663 2244 pauperibrm,
690 2200 724 2240 si,
740 2210 852 2233 eorum
878 2200 1032 2242 qualitate
1051 2203 1082 2232 et

346 2253 539 2286 necessitate
565 2253 729 2296 pensatis,
756 2252 800 2286 ita
829 2251 1006 2292 videbitur,
1033 2262 1084 2285 re‘

346 2307 474 2340 mittere
500 2317 554 2339 seu
581 2305 782 2346 condonare,
810 2305 859 2338 vel
884 2305 1002 2338 remitti
1027 2315 1082 2337 seu

347 2359 525 2394 condonari
562 2359 714 2392 mandare
754 2358 879 2402 possit3
919 2358 1082 2391 residuum

344 2423 426 2447 ‘vero
450 2412 654 2456 pauperibus,
672 2413 722 2445 vel
739 2412 771 2444 in
797 2412 850 2455 pia
872 2421 970 2454 opera
992 2411 1022 2443 in
1042 2412 1085 2444 lo-

349 2465 404 2507 cis,
417 2466 443 2499 si
456 2465 526 2499 fieri
546 2469 659 2510 potest,
679 2465 732 2498 ubi
753 2464 807 2498 illa
826 2464 943 2505 ablata,
961 2469 1084 2498 extorta

177 1522 205 1542 De
221 1521 290 1542 altini
302 1520 331 1541 os·

150 1550 205 1570 ficio.

166 1839 195 1861 De
205 1841 307 1862 ini-ament
319 1844 335 1860 s.

168 2053 196 2072 ne
209 2052 270 2072 ret—us
281 2051 335 2073 malo

154 2080 238 2099 atdans.

388 2583 399 2610 1
421 2579 481 2607 Edit
511 2580 582 2608 vain
613 2580 676 2615 legit
697 2588 838 2615 opponere
857 2581 894 2615 (ft.
917 2580 967 2609 τ.)-

1156 340 1171 381 ,ἓ
1194 339 1247 371 42.
1275 339 1350 371 Cum
1374 339 1502 382 puellis,
1524 348 1606 381 quae
1625 339 1767 381 virgines
1783 349 1849 372 non

1112 398 1183 425 sunt
1211 398 1241 424 et
1267 393 1356 425 dotes
1382 397 1496 435 petunt
1523 402 1579 424 seu
1606 391 1816 424 obtinuerunt
1833 383 1868 424 ax

1114 444 1436 478 confraternitatibus
1457 449 1512 476 aut
1528 444 1599 477 aliis
1625 444 1704 477 locis
1720 445 1770 476 vel
1788 444 1852 476 dis·-

1115 498 1346 540 pensatoribus
1389 497 1449 540 piis
1468 523 1475 537 ,
1513 497 1630 539 quibus
1671 496 1852 529 iniunctum

1115 557 1163 583 est
1187 557 1222 582 nt
1247 549 1336 583 illas¹
1359 550 1536 592 virginibus
1554 555 1677 582 tantum
1700 550 1778 582 dent
1796 560 1853 582 seu

1115 603 1319 643 distribuant,
1346 603 1378 635 in
1405 602 1543 636 occultis
1568 608 1600 636 et.
1624 603 1655 635 in
1682 603 1751 635 soro
1776 612 1854 635 con-

1115 657 1268 690 scientiae
1295 662 1431 696 tantum,
1459 662 1617 699 quatenus
1641 657 1716 690 illae
1741 656 1774 688 in
1795 666 1854 699 po-

1116 716 1238 742 sterum
1265 710 1403 743 lioneste
1429 709 1554 750 vivant,
1580 710 1765 743 facultatem
1791 709 1852 742 lia-

1115 764 1191 795 beat
1216 762 1438 806 dispensandi.

1160 816 1174 858 ξ
1199 815 1251 848 44.
1278 815 1381 848 Dubia
1414 815 1445 847 in
1471 815 1608 848 materia
1632 821 1852 859 peccatorum,
1893 825 1921 846 ne
1938 825 2014 846 dutus.

1117 878 1172 900 seu
1190 868 1295 900 sorum
1322 868 1555 911 poenitentiale
1577 869 1655 901 alias
1676 869 1856 911 quomodo-

1117 920 1197 953 libet
1216 920 1460 960 concernentia,
1484 931 1554 953 cum
1580 921 1719 953 consilio
1745 922 1855 955 docto-

1116 984 1185 1006 rum
1211 980 1241 1006 et
1268 974 1499 1016 theologorum
1518 984 1650 1006 suorum
1670 975 1774 1007 valeat
1799 974 1854 1006 de-

1118 1028 1254 1060 clarare.

1161 1082 1176 1124 g
1194 1081 1247 1113 45.
1267 1081 1516 1114 Commissiones
1533 1080 1664 1114 maioris
1690 1080 1856 1124 poeniten-

1120 1135 1216 1174 tiarii,
1238 1135 1362 1167 etiamsi
1381 1134 1595 1176 committens,
1614 1135 1678 1168 illis
1710 1135 1856 1168 nondum

1117 1188 1344 1231 praesentatis,
1367 1199 1400 1221 re
1425 1188 1553 1230 integra
1570 1188 1697 1221 desinat
1722 1198 1857 1231 quomo-

1118 1242 1298 1284 decumque
1323 1241 1592 1284 poenitentiarius
1617 1242 1768 1280 existere,
1791 1251 1857 1274 non

1118 1295 1278 1338 expirent.

1162 1348 1176 1390 ξ
1202 1347 1256 1380 «16.
1283 1348 1365 1381 Sede
1393 1349 1578 1391 Apostolica
1607 1354 1763 1388 vacante,
1793 1352 2050 1400 ma-S·P¹⁴}A,137‚*;Js{g2³

1118 1401 1167 1433 ior
1191 1401 1463 1444 poenitentiarius
1483 1401 1617 1445 eiusque
1642 1402 1795 1435 officiales
1821 1412 1858 1434 ea

1120 1460 1244 1486 tantuin
1270 1454 1378 1487 facere
1397 1460 1429 1486 et
1449 1454 1602 1497 expedire
1627 1455 1761 1492 valeant,
1777 1464 1866 1497 quae.

1119 1507 1157 1539 ad
1177 1508 1279 1539 sorum
1307 1507 1526 1540 conscientiae
1551 1507 1738 1550 pertinent;
1759 1507 1789 1539 in
1810 1518 1858 1540 re-

1119 1560 1217 1602 liquis
1243 1570 1354 1593 eorum
1381 1559 1519 1592 officium
1546 1561 1761 1603 conquiescat,
1787 1565 1818 1592 et
1843 1570 1860 1592 a

1121 1613 1376 1656 quibuscumque
1413 1612 1706 1645 matrimonialibus
1733 1618 1763 1645 et
1788 1612 1859 1645 aliis

1121 1666 1419 1709 dispensationibus
1437 1676 1472 1698 ac
1490 1665 1750 1698 absolutionibus
1765 1671 1795 1698 et
1812 1665 1861 1698 de-

1121 1719 1364 1759 clarationibus,
1383 1729 1511 1751 necnon
1529 1718 1695 1761 quibusvis
1721 1717 1791 1751 aliis
1809 1728 1861 1750 ex-

1121 1772 1344 1816 peditionibus
1369 1771 1474 1804 sorum
1499 1771 1560 1804 sori
1586 1771 1710 1804 mixtim
1735 1772 1783 1804 vcl
1809 1781 1859 1803 se-

1122 1826 1260 1869 paratim
1299 1824 1548 1868 quomodolibet
1586 1824 1859 1867 respicientibus,

1122 1879 1254 1912 omnino
1279 1878 1475 1910 abstineant.

1167 1933 1181 1975 ἓ
1206 1931 1258 1964 47.
1283 1931 1553 1974 Quotiescumque
1579 1936 1805 1974 procuratores
1830 1936 1862 1964 et
1895 1932 1939 1980 '1¹³2
1955 1939 2052 1972 oronna-

1123 1985 1299 2028 scriptores
1324 1983 1601 2017 Poenitentiariae
1626 1989 1770 2016 secretae
1802 1985 1860 2017 ali·
1871 1963 2054 2034 {³¹⁰¹f.i¹¹i3³‘¹¹*⁴¹ti···

1124 2040 1187 2081 qua
1211 2039 1294 2071 mala
1316 2037 1498 2070 valetudine
1523 2037 1721 2076 detinentur,
1748 2038 1797 2070 vel
1823 2048 1861 2070 ex
1881 2020 1992 2034 mmm*

1124 2091 1233 2134 aliqua
1266 2090 1410 2133 legitima
1441 2090 1538 2122 causa
1561 2089 1667 2122 maior
1690 2089 1862 2132 poeniten-

1126 2145 1236 2177 tiarius
1251 2143 1428 2187 expediens
1445 2143 1647 2183 iudicaverit,
1659 2142 1765 2186 possit
1779 2142 1862 2176 alios

1124 2198 1155 2231 in
1171 2208 1282 2230 eorum
1299 2197 1416 2236 locum,
1438 2196 1574 2229 durante
1598 2195 1786 2229 infirmitate
1804 2206 1864 2229 seu

1125 2253 1228 2290 eausa,
1253 2249 1430 2292 subrogare
1454 2259 1509 2282 seu
1534 2248 1744 2289 substituere,
1770 2259 1865 2292 prae-

1126 2304 1200 2337 stito
1219 2305 1287 2337 solo
1306 2303 1496 2344 iuramento,
1516 2308 1546 2336 et
1564 2312 1635 2336 cum
1649 2302 1765 2335 iisdem
1782 2302 1864 2335 obli-

1126 2357 1310 2401 gationibus
1328 2383 1335 2397 ,
1360 2357 1476 2400 quibus
1501 2356 1555 2389 alii
1580 2361 1807 2400 procuratores
1833 2361 1866 2389 et

1127 2413 1303 2455 scriptores
1327 2411 1444 2444 titulati
1474 2410 1729 2452 adstringuntur.

1171 2465 1184 2508 ἓ
1220 2463 1272 2497 48.
1304 2463 1414 2497 Nullus
1451 2463 1559 2496 minor
1592 2461 2057 2516 poenitentiariusp¹³0⁰·er

1901 2490 2048 2511 enitentis-uis.

1901 350 1929 369 lle
1959 351 2042 371 ›lut-bun

1876 384 1887 396 n
1894 384 1971 398 ἕΙΗΙΙΙΙΙ.

1903 1087 1931 1108 De
1953 1093 2046 1108 commis<

1866 1116 1968 1135 santius.

1165 2579 1175 2605 1
1198 2577 1263 2605 Male
1278 2577 1343 2605 edit.
1359 2577 1438 2610 Main.
1454 2576 1516 2612 legit
1532 2577 1590 2604 illis
1606 2576 1644 2610 (n.
1662 2576 1711 2609 ¹12).
