2254 3225
223 260 272 288 iin.
290 260 319 286 c.
340 259 405 287 ¹698
452 249 516 284 860

246 963 363 982 Contrarini

221 991 339 1014 derogatio.

370 968 402 983 [lm

255 1915 402 1942 Transumpto·

219 1948 265 1964 runi
281 1943 341 1963 tides.

416 309 496 351 sore,
523 320 663 354 suosque
685 309 851 354 plenarios
877 314 909 343 et
933 308 1079 353 integros
1112 309 1158 343 es-

416 363 518 397 sectus
543 364 651 397 sortiri
689 369 720 397 et
756 365 913 405 obtinere,
940 375 975 397 ac
1008 364 1047 397 ab
1081 364 1157 403 illis,

415 417 454 450 ad
473 428 554 461 quos
580 423 612 450 et
636 429 714 461 quas
739 423 863 461 spectat
888 423 918 450 et
934 429 990 461 pro
1008 422 1156 461 tempore

415 471 688 514 quandocumque
714 471 884 514 spectabit,
904 472 936 503 iii
958 471 1108 503 omnibns
1127 476 1158 503 et

414 535 474 568 per
498 525 606 557 omnia
631 525 864 557 inviolabiliter
889 524 1075 563 observari,
1097 524 1157 556 sic-

415 588 476 621 que
502 578 532 610 in
560 578 748 621 praemissis
775 588 834 620 pei·
863 588 1086 620 quoscumque
1113 577 1159 608 iu-

415 631 502 664 dices
527 630 709 664 ordinarios
726 635 758 662 ct
775 630 951 671 delegatos,
972 630 1067 662 ctiam
1086 640 1159 661 cau-

415 696 521 717 sarum
548 684 658 727 palatii
686 684 853 726 apostotici
881 684 1058 723 auditores,
1078 683 1159 716 iudi-

414 738 477 771 cari
505 744 536 771 et
561 737 685 770 deliniri
712 737 854 777 debere,
894 748 930 770 ac
966 738 1091 770 irritum
1129 743 1160 770 et

413 793 519 832 inane,
546 791 570 824 si
597 802 693 824 secus
726 802 824 834 super
857 792 908 824 liis
940 802 956 823 a
981 802 1157 834 quoquam,

414 845 526 889 quavis
552 845 754 885 auctoritate,
774 845 916 878 scienter
939 846 989 878 vel
1010 845 1159 888 ignoran-

413 903 473 938 ter,
501 898 676 940 contigerit
701 898 866 930 attentari.

458 952 472 995 ἓ
498 951 528 984 lt.
550 951 619 984 Non
647 951 851 984 obstantibus
870 951 1158 984 constitutionibus

414 1010 447 1038 et
471 1005 735 1038 ordinationibus
763 1005 961 1047 apostolicis,
988 1015 1032 1045 ac,
1048 1010 1158 1047 quate-

413 1069 474 1092 nus
492 1070 574 1102 opus
593 1058 643 1097 sit,
660 1058 736 1091 dicti
763 1058 899 1099 Ordinis,
927 1059 1062 1101 eiusque
1083 1069 1158 1102 pro-

413 1112 603 1152 vinciarum,
630 1112 920 1154 congregationum
946 1117 977 1144 et
1002 1113 1159 1144 constitu-

414 1165 537 1197 tionum
565 1175 854 1208 quarumcumque,
876 1165 971 1198 etiam
999 1165 1158 1198 iuramen-

413 1223 455 1258 to,
483 1219 732 1252 confirmatione
758 1219 948 1262 apostolica,
972 1221 1022 1252 vel
1049 1220 1158 1263 quavis

412 1272 563 1305 firmitate
589 1273 650 1305 alia
675 1272 847 1312 roboratis,
873 1273 1002 1305 statutiS
1027 1278 1059 1305 et
1081 1283 1159 1306 con-

412 1326 651 1366 suetudinibus,
669 1326 848 1369 privilegiis
868 1330 1007 1370 quoque,
1023 1327 1156 1360 indultis

413 1384 444 1411 et
462 1379 577 1411 litteris
595 1379 783 1421 apostolicis
801 1380 833 1412 in
852 1380 1051 1413 contrarium
1067 1391 1158 1423 prae-

413 1432 585 1465 missorum
613 1433 859 1475 quomodolibet
890 1434 1064 1473 concessis,
1084 1445 1158 1467 con-

413 1485 548 1518 firmatis
575 1492 605 1519 et
626 1486 801 1527 innovatis3
823 1487 940 1530 quibus
959 1489 1108 1520 omnihus
1127 1494 1158 1521 et

413 1539 575 1581 singulis,
600 1539 731 1572 illorum
765 1545 895 1573 tenores
927 1542 1156 1584 praesentibus

413 1602 475 1635 pro
508 1593 604 1635 plene
632 1598 664 1626 et
696 1593 898 1626 sufficienter
931 1594 1095 1637 expressis
1122 1606 1158 1628 ac

413 1646 453 1678 ad
479 1646 613 1678 verbum
640 1646 774 1679 insertis
801 1647 970 1687 habentes,
988 1648 1053 1681 illis
1080 1645 1156 1681 alias

414 1699 447 1731 in
473 1709 530 1732 suo
557 1700 674 1732 robore
700 1701 929 1743 permansuris,
948 1702 985 1733 ad
1005 1702 1158 1744 praemis-

414 1763 524 1785 sorum
549 1752 705 1793 effectum,
726 1754 786 1786 l'iac
803 1754 870 1786 vice
893 1755 1065 1796 dumtaxat,
1085 1766 1157 1798 spe-

414 1806 542 1839 cialiter
567 1812 598 1839 et
624 1817 774 1849 expresse
809 1807 1027 1850 derogainus3
1065 1814 1153 1841 cete-

414 1860 526 1903 risque
552 1860 723 1893 contrariis
750 1860 1022 1904 quibuscumque.

458 1914 528 1957 §5-
561 1914 716 1947 Volumus
752 1920 858 1947 autem
895 1921 930 1947 iit
969 1916 1158 1949 earumdem

413 1968 637 2010 praesentium
658 1968 841 2001 litterarum
861 1970 1084 2013 transumptis,
1102 1981 1157 2003 seu

414 2021 581 2064 exemplis,
600 2022 696 2054 etiam
715 2022 746 2054 in
773 2022 865 2055 libris
887 2023 1073 2056 huiusmodi
1099 2023 1159 2056 im-

414 2074 557 2117 pressis,
585 2073 847 2108 manu‘alicuius
878 2077 999 2109 notarii
1034 2077 1157 2120 publici

412 2127 616 2171 subscriptis,
634 2133 665 2160 et
681 2128 791 2171 sigillo
809 2139 970 2172 personae
997 2129 1029 2161 in
1060 2131 1160 2163 eccle-

412 2180 542 2214 siastica
577 2182 734 2224 dignitate
770 2183 966 2215 constitutae
1004 2183 1157 2223 munitis,

415 2234 529 2266 eadem
551 2244 688 2277 prorsus
707 2234 786 2267 fides
804 2235 926 2278 ubique
945 2237 1087 2268 locorum
1107 2237 1159 2268 lia-

414 2287 538 2327 beatur,
565 2298 647 2330 quae
674 2288 852 2320 haberetur
877 2289 956 2331 ipsis
980 2289 1158 2331 praesenti-

414 2339 474 2372 bus
493 2340 517 2372 si
545 2341 652 2373 forent
668 2341 835 2374 exhibitae
853 2343 902 2375 vel
921 2348 1070 2375 ostensae
1087 2354 1094 2383 ;
1113 2348 1158 2375 ut·

415 2403 476 2436 que
501 2394 633 2427 eaedem
658 2400 849 2437 praesentes
875 2395 1003 2428 litterae
1022 2396 1053 2428 in
1072 2396 1158 2439 prin-

414 2446 501 2490 cipio
523 2449 573 2481 vel
598 2447 661 2481 fine
685 2448 845 2481 dictorum
867 2449 1036 2490 librorum,
1058 2450 1155 2482 etiam

415 2501 687 2544 quandocumque
725 2502 763 2535 de
799 2513 884 2535 novo
915 2502 1154 2546 imprimendo-

413 2563 497 2594 rum,
526 2554 608 2598 typis
633 2555 776 2598 imprimi
802 2555 953 2589 debeant.

458 2607 570 2640 Datum
597 2608 730 2649 Romae,
756 2610 841 2652 apud
862 2610 893 2642 S.
913 2610 1041 2644 Mariam
1059 2611 1157 2644 Maio-

415 2671 495 2703 rem,
509 2662 569 2695 sub
584 2663 704 2696 annulo
719 2662 905 2705 piscatoris,
922 2664 974 2698 die
988 2675 1007 2697 x
1023 2675 1156 2699 novem-

1001 260 1182 285 BULLARIUM
1206 260 1361 284 ROMANUM

1201 310 1268 342 bris
1294 318 1470 349 nncxcvnn
1504 307 1712 352 pontificatus
1748 308 1852 342 nostri
1890 319 1944 342 an-

1202 373 1242 396 no
1269 373 1338 396 viii.

1238 425 1295 451 [iat.
1315 425 1359 452 die
1378 426 1409 453 10
1427 425 1581 452 novembris
1600 425 1679 459 1698,
1692 425 1790 460 pontif.
1804 433 1875 452 anno
1887 430 1942 452 vtlt.

1505 541 1644 574 CLXXII.

1204 611 1425 653 Confirmalur
1448 613 1636 644 constitutio
1662 612 1834 646 Clementis
1862 613 1949 646 VIII

1246 669 1359 697 contra
1402 670 1592 708 occupantes
1631 665 1681 698 vel
1718 666 1945 708 perturbantes

1247 718 1328 750 bona
1355 719 1624 762 Conyreyatiom's
1649 719 1686 751 de
1702 718 1873 752 Alcobatia
1892 718 1947 753 Or-

1247 771 1335 804 dinis
1356 772 1578 805 Ci‘slcrciensis
1599 772 1633 805 in
1650 783 1747 815 reqno
1769 771 1943 816 Poriuqat-

1248 825 1312 858 tiae
1336 826 1354 858 ¹.

1308 864 1324 878 ..

1378 897 1579 925 Innocentius
1600 898 1679 932 Papa
1700 898 1765 930 XII,

1344 945 1379 970 ad
1401 944 1535 970 futuram
1555 944 1600 971 rei
1620 944 1802 971 memoriam.

1246 1004 1260 1047 ἓ
1280 1004 1309 1037 1.
1327 1004 1450 1038 Dudum
1469 1016 1484 1037 a
1500 1005 1604 1038 felicis
1620 1005 1863 1038 recordationis
1877 1004 1946 1038 Cle-

1202 1062 1311 1090 mente
1337 1058 1422 1101 l‘apa
1447 1058 1511 1090 VlII
1544 1059 1800 1101 praedecessore
1833 1063 1945 1091 nostro

1202 1117 1314 1144 contra
1340 1117 1535 1156 occupantes
1557 1122 1615 1144 seu
1641 1118 1835 1156 usurpantes
1859 1112 1946 1145 bona

1202 1165 1468 1208 Congregationis
1502 1166 1541 1198 de
1564 1165 1733 1199 Alcobatia
1757 1171 1946 1209 nuncupata

1202 1218 1330 1252 Ordinis
1348 1218 1573 1252 Cisterciensis
1598 1219 1630 1251 in
1657 1230 1760 1262 regno
1778 1219 1947 1262 Portugal-

1202 1273 1263 1305 liae
1290 1277 1483 1305 emanarunt
1508 1273 1633 1305 litterae
1660 1272 1692 1305 in
1717 1272 1814 1306 simili
1844 1273 1945 1305 forma

1202 1326 1323 1366 Brevis,
1340 1326 1462 1359 tenoris
1488 1326 1542 1370 qui
1568 1326 1727 1369 sequitur,
1754 1326 1929 1359 videlicet:

1251 1393 1263 1412 <i
1284 1381 1429 1414 Clemens
1454 1381 1548 1423 Papa
1578 1380 1663 1413 VIII
1689 1379 1732 1413 ad
1754 1384 1947 1424 perpetuam

1200 1434 1250 1466 rei
1273 1434 1478 1466 memoriam.
1500 1434 1674 1466 Pastoralis
1700 1438 1832 1466 nostrae
1858 1433 1946 1466 solli-

1201 1487 1352 1520 citudinis
1389 1487 1472 1519 ratio
1509 1488 1664 1530 postulat,
1697 1493 1729 1519 ut
1754 1487 1787 1519 in
1813 1486 1863 1519 liis
1891 1497 1945 1519 au-

1201 1541 1361 1574 ctoritatis
1388 1547 1518 1574 nostrae
1544 1547 1653 1584 partes
1682 1541 1822 1573 libenter
1847 1541 1944 1573 inter-

1201 1606 1373 1638 ponamus,
1403 1605 1462 1638 pei·
1490 1605 1573 1637 quae
1606 1594 1880 1627 monasteriorum
1914 1599 1946 1627 et

1201 1659 1415 1690 personarum
1441 1648 1473 1680 iii
1500 1648 1546 1680 eis
1571 1649 1630 1680 siib
1656 1647 1743 1680 suavi
1775 1647 1944 1690 religionis

1201 1701 1277 1743 iugo
1310 1701 1478 1734 Altissimo
1512 1700 1736 1733 famulantium
1774 1701 1944 1734 commodo

1202 1760 1233 1787 et
1264 1754 1396 1787 utilitati
1423 1759 1608 1797 opportune
1636 1754 1831 1787 consulitur.
1859 1753 1943 1787 Sane

1202 1808 1311 1841 dilecti
1337 1808 1393 1840 sitii
1419 1808 1517 1841 abbas
1543 1807 1706 1850 generalis
1740 1812 1771 1840 et
1802 1807 1857 1841 alii
1889 1807 1946 1841 ab·

1202 1863 1302 1901 bates,
1334 1861 1526 1900 abbatissae,
1559 1861 1710 1895 monachi
1749 1866 1781 1894 et
1816 1866 1944 1894 ceterae

1202 1917 1370 1958 regulares
1404 1926 1563 1959 personae
1596 1915 1867 1958 Congregationis
1905 1916 1944 1948 de

1203 1968 1370 2001 Alcobatia
1384 1968 1513 2002 Ordinis
1524 1968 1750 2002 Cistercicnsis
1768 1979 1945 2011 regnorum

1202 2022 1422 2064 Portugalliae
1456 2027 1486 2055 et
1512 2023 1738 2065 Algarbioruin
1764 2023 1859 2055 nobis
1885 2032 1945 2055 nu-

1202 2086 1262 2118 per
1287 2075 1405 2120 exponi
1432 2076 1597 2115 secerunt,
1626 2076 1712 2118 quod
1741 2075 1840 2118 (licet
1867 2073 1944 2109 alitis

1203 2129 1305 2162 felicis
1342 2129 1577 2162 recordationis
1609 2129 1772 2171 Eugenius
1798 2129 1883 2172 Papa
1908 2129 1945 2162 IV

1202 2183 1436 2225 praedecessor
1460 2187 1581 2221 noster,
1603 2192 1662 2224 pei·
1681 2192 1774 2214 suum
1800 2181 1943 2224 speciale

1201 2235 1407 2278 privilegium
1446 2234 1698 2277 Congregationi
1734 2234 1766 2267 S.
1801 2234 1941 2267 Iustinae

1201 2288 1330 2321 Ordinis
1361 2288 1392 2321 S.
1433 2288 1599 2321 Benedicti
1636 2297 1846 2328 concessum,
1879 2297 1942 2330 quo

1202 2346 1401 2384 exponentes
1439 2341 1595 2385 praedicti
1632 2341 1676 2373 ita
1708 2345 1860 2379 utuntur,
1886 2350 1943 2383 po·

1201 2395 1323 2427 tiuntui·
1351 2400 1383 2427 et
1409 2396 1574 2437 gaudent,
1606 2406 1643 2427 ac
1679 2394 1704 2427 si
1737 2405 1796 2437 pro
1831 2394 1877 2427 eis
1909 2393 1942 2426 in

1202 2449 1342 2482 savorem
1376 2449 1567 2481 eorumdem
1601 2459 1618 2480 a
1649 2448 1730 2481 Sede
1756 2447 1942 2491 Apostolica

1237 2541 1246 2566 ¹
1270 2539 1419 2566 Clementis
1434 2537 1491 2565 vlit
1507 2541 1593 2565 const.
1610 2537 1680 2564 infra
1699 2537 1827 2565 refertur.
1845 2537 1875 2564 ln
1890 2537 1942 2565 Be-

1200 2584 1300 2610 nedicti
1326 2583 1385 2610 tht
1413 2583 1521 2611 constit.
1549 2583 1614 2610 edit.
1635 2589 1807 2617 mcccxxviii,
1829 2583 1872 2610 die
1892 2590 1942 2610 xxv

1198 2628 1332 2663 ianuarii,
1361 2628 1455 2663 pontif.
1477 2637 1511 2662 v,
1534 2627 1728 2655 confirmantur
1747 2627 1839 2655 omnia
1858 2627 1943 2664 privi-

1197 2673 1268 2708 legia
1287 2673 1380 2701 Ordini
1398 2673 1581 2701 cisterciensi.

1953 259 2002 287 An.
2023 259 2051 288 C.
2068 260 2136 288 1698

2014 1392 2141 1414 constitutio

1956 1418 2072 1440 Clonii-ntis
2097 1419 2142 1440 Vll!

1957 1446 1994 1466 ilro
2010 1447 2067 1467 dicta
2087 1446 2141 1467 Cun-

1956 1473 2140 1499 gi·egatiune‚cum

1956 1501 2076 1520 adu-ctione
2092 1506 2142 1526 pao-

1956 1533 1996 1546 nai¹
2022 1532 2140 1547 excommn-

1956 1554 2069 1573 uicationis
2119 1553 2140 1574 in

1969 1580 2133 1600 contravenien-

1957 1609 1995 1627 tes.
