2227 3225
111 257 162 286 An.
179 256 209 286 C.
230 257 300 285 1700

146 1015 239 1041 Capituli
263 1020 296 1044 μιῇ

111 1045 190 1063 netuli*
249 1049 252 1052 ’

112 1078 172 1092 uncx-
181 1077 200 1091 ιι
224 1070 249 1090 de

901 255 1112 280 INNOCENTIUS

349 305 465 339 Datum
487 306 618 345 Rornae,
642 305 728 348 apud
761 304 792 337 S.
827 304 961 336 Mariam
991 304 1052 336 Ma-

305 361 409 393 iorem
428 387 434 397 ,
468 369 553 392 anno
590 358 827 391 Incarnationis
867 357 1050 389 dominicae

304 422 404 449 unce,
423 423 457 446 ul
481 412 637 445 kalendas
657 411 824 451 februarii,
843 409 1049 454 pontificatus

305 466 408 500 nostri
431 477 517 499 anno
543 476 586 500 ix.

340 529 400 556 Dat.
419 529 463 556 die
484 529 518 556 30
538 530 655 557 ianuarii
680 529 757 563 1700,
777 528 872 565 pontis.
895 536 966 555 auno
983 534 1019 554 tx.

629 646 728 680 CXCI.

308 717 554 761 Confirmuntur
578 717 738 762 quaedam
766 717 889 749 decreta
911 715 1053 759 capitali

350 766 514 815 ycnerctlis
552 772 820 815 szyreqaffomk
846 771 1052 813 Refurmatae

351 827 456 858 sancti
470 826 637 859 Bernardae’
652 825 788 858 Ordinis
804 824 918 858 Ce‘slcri
928 823 1048 856 imsis'.

485 898 687 925 Innocentius
708 897 789 931 Papa
810 897 874 929 XII,

449 943 485 970 ad
505 943 640 970 futuram
660 942 704 970 rei
725 942 910 969 memoriam.

353 1005 367 1048 ἓ
392 1004 424 1037 1.
448 1005 572 1048 Exponi
591 1005 686 1038 nobis
707 1015 814 1048 nuper
840 1005 985 1037 fecerunt
1007 1003 1052 1036 di-

253 1048 384 1092 2¹1¹251eeti
410 1058 468 1092 sitii
496 1059 648 1092 monachi
675 1060 802 1092 vocales
828 1058 945 1101 nuperi
968 1058 1054 1101 capi-

310 1113 366 1146 tuli
385 1113 548 1155 generalis
566 1113 834 1156 Congregationis
848 1113 1052 1144 Ret'ormatae

310 1167 412 1200 sancti
449 1167 606 1200 Bernardi
647 1166 776 1199 Ordinis
812 1165 1053 1205 Cistereiensis,

310 1221 361 1254 die
398 1231 428 1254 xr
468 1221 542 1253 maii
585 1220 661 1253 anni
698 1220 844 1264 proxime
884 1219 1050 1262 praeteriti

309 1284 446 1308 uncxcix
471 1274 503 1306 in
535 1274 734 1307 monasterio
772 1275 803 1306 S.
832 1273 1051 1306 Pudentianae

309 1328 348 1360 de
365 1327 451 1360 Urbe
477 1328 581 1360 dictae
599 1327 869 1369 Congregationis
883 1326 1050 1364 celebrati,

308 1382 413 1424 quod,
439 1392 512 1413 curn
538 1381 618 1414 alias
657 1382 775 1413 multae
802 1380 986 1412 additiones
1011 1380 1050 1412 ad

307 1434 560 1468 constitutiones
585 1434 729 1467 eiusdem
759 1432 1049 1476 Congregationis,

307 1488 394 1520 iuxta
415 1488 581 1521 facultates
606 1493 638 1519 et
655 1487 692 1519 ad
712 1486 954 1529 praescriptum
974 1496 1051 1528 qua-

306 1540 454 1573 rumdam
491 1540 593 1579 felicis
629 1539 866 1572 recordationis
896 1538 1049 1571 Clemen-

308 1593 346 1626 tis
371 1594 456 1637 Papa
481 1593 545 1626 VIII
570 1593 836 1636 praedecessoris
870 1591 971 1625 nostri
999 1592 1049 1624 lit-

307 1652 451 1680 terarum
484 1648 516 1680 in
552 1647 648 1680 simili
684 1647 786 1679 forma
819 1646 929 1679 Brevis
963 1656 1048 1679 anno

306 1710 417 1734 Mnxcv
454 1701 700 1744 expeditarum,
734 1711 793 1743 per
830 1710 909 1743 quas
946 1699 1049 1732 dictae

308 1754 556 1787 constitutiones
582 1753 790 1787 confirmatae
810 1753 948 1792 fuerant,
967 1764 983 1785 a
1005 1753 1050 1785 di-

306 1807 407 1840 versis
432 1807 651 1840 anterioribus
670 1806 940 1849 Congregationis
957 1816 1051 1849 prae-

307 1861 392 1894 satae
405 1861 554 1904 capitulis
573 1860 782 1903 generalibus
801 1860 900 1892 sactae
921 1859 1048 1899 suerint,

307 1914 483 1947 novissime
510 1915 541 1947 in
569 1924 692 1958 nupero
728 1913 869 1956 capitulo
904 1913 1048 1955 generali

307 1968 504 2011 supradicto,
523 1978 584 2011 pro
603 1966 716 2000 maiori
739 1967 884 2000 eiusdem
909 1966 1051 2008 Congre-

306 2020 446 2063 gationis
470 2021 559 2054 bono
574 2025 607 2053 et
624 2020 775 2061 utilitate,
795 2020 881 2053 edita
903 2018 1050 2052 fuerant²

306 2076 465 2108 nonnulla
483 2075 614 2108 decreta
634 2074 668 2107 in
686 2085 802 2108 novem
818 2074 972 2107 articulos
990 2073 1051 2105 dis-

307 2128 425 2168 tincta,
454 2129 576 2161 tenoris
601 2128 655 2172 qui
681 2129 847 2171 sequitur,
872 2127 1048 2160 videlicet:

356 2194 369 2213 ‹
394 2182 529 2214 Decreta
553 2182 701 2214 confecta
726 2181 760 2214 in
786 2181 929 2224 capitulo
951 2191 1051 2222 gene-

306 2236 365 2269 rali
395 2235 631 2269 monachorum
657 2235 917 2268 Resormatoruin
947 2234 1049 2266 sancti

306 2289 463 2322 Bernardi
488 2288 618 2322 Ordinis
635 2288 860 2322 Cisteroiensis
885 2287 1050 2319 celebrato

306 2342 339 2375 in
363 2341 568 2375 monasterio
592 2341 624 2374 S.
647 2341 869 2374 pudentianae
896 2340 935 2373 de
954 2339 1050 2379 Urbe,

307 2395 359 2429 die
384 2406 415 2430 xl
439 2395 560 2429 mensis
585 2395 659 2428 maii
686 2404 840 2429 nncxcix.

344 2495 354 2521 1
378 2493 414 2521 De
433 2493 561 2521 facultate
573 2493 684 2529 capituli
703 2493 839 2528 generalis
851 2492 910 2519 vide
924 2492 1050 2519 Clemen-

308 2537 342 2565 tis
358 2538 416 2564 vnt
438 2542 524 2565 const.
543 2538 587 2566 ed.
605 2545 706 2571 διακαῆ
722 2538 749 2564 in
766 2537 911 2565 Clementis
921 2536 950 2563 xl
964 2541 1049 2563 const.

308 2583 351 2610 ed.
367 2590 463 2616 mccx,
485 2583 527 2611 die
542 2584 576 2611 25
596 2584 777 2619 septembris,
795 2583 890 2619 pontif.
915 2592 938 2614 x,
961 2586 1053 2609 extant

308 2629 444 2665 quaedam
465 2628 576 2656 decreta
595 2637 677 2665 super
704 2629 866 2656 recitatione
887 2627 1049 2655 officiorum.

343 2672 359 2699 ⁶2
379 2672 471 2708 Aptius
490 2672 549 2708 lege
568 2674 689 2707 fuerunt
708 2674 746 2710 (a.
768 2673 815 2707 r).

1139 255 1183 279 ΧΠ
1208 256 1256 279 ΡΡ.

1094 357 1300 390 monasteriis
1333 357 1439 400 possit
1476 357 1620 390 subditos
1660 364 1834 391 renuentes

1094 411 1239 453 obligare
1255 411 1312 443 sub
1334 416 1510 454 praecepto
1528 416 1655 443 sanctae
1678 412 1835 444 obedien-

1095 464 1156 497 tiae
1175 465 1212 497 ad
1235 465 1419 497 exercenda
1445 464 1550 497 officia
1576 464 1615 496 ab
1642 465 1714 507 ipso
1734 465 1835 508 impo-

1093 518 1166 558 sita,
1195 519 1325 562 quando
1352 519 1442 552 nulla
1467 518 1558 551 adest
1583 518 1613 550 in
1636 519 1834 551 contrarium

1093 572 1297 605 rationabilis
1324 583 1430 611 causa,
1450 574 1576 604 servata
1600 577 1704 604 tamen
1732 572 1835 604 forma

1094 626 1361 659 constitutionum
1387 626 1473 658 circa
1499 626 1585 658 hunc
1611 625 1835 668 praecipiendi

1094 681 1238 713 modum.

1138 745 1173 767 ιι.
1201 734 1355 766 Conversi
1388 738 1419 766 et
1451 733 1560 766 donati
1592 733 1655 765 sive
1682 731 1836 765 solemni-

1095 794 1155 825 ter,
1176 787 1242 819 sive
1269 787 1460 830 simpliciter
1482 786 1630 829 professi,
1648 786 1761 819 diebus
1780 786 1836 818 (Io-

1096 841 1223 873 minicis
1249 845 1281 873 et
1306 840 1409 880 sestis,
1435 839 1552 882 quibus
1583 845 1730 877 vacatur,
1763 850 1838 872 con-

1096 894 1226 927 veniant
1243 894 1281 926 ad
1301 903 1414 926 omnes
1432 894 1536 926 Horas
1559 893 1740 933 canonicas,
1761 898 1836 933 etc„

1096 948 1180 980 utin
1203 947 1503 988 constitutionibus,
1522 957 1590 990 cap.
1610 957 1678 985 xui,
1701 957 1788 979 num.
1809 957 1836 985 v,

1096 1014 1168 1045 pag.
1187 1002 1239 1035 96.

1141 1067 1187 1090 iu.
1216 1057 1293 1089 Cuin
1311 1055 1405 1087 unius
1431 1055 1563 1087 triennii
1581 1054 1720 1097 spatium
1744 1055 1838 1087 nimis
1879 1065 2034 1084 isi-ipunitius

1850 1096 1867 1112 e*
1883 1092 2023 1113 «nutantibus.

1097 1112 1192 1143 breve
1219 1111 1260 1143 sit
1285 1110 1323 1142 ad
1350 1119 1463 1141 omnes
1489 1109 1693 1151 theologicos
1719 1113 1836 1141 tracta-

1097 1170 1145 1196 tus
1172 1163 1362 1201 habendos,
1393 1162 1536 1205 indeque
1568 1161 1622 1194 siat
1646 1168 1681 1194 ut
1707 1162 1745 1194 ad
1771 1162 1836 1195 ani-

1096 1228 1219 1250 marum
1250 1223 1315 1249 tuin
1349 1220 1534 1248 nostrarum
1567 1224 1602 1247 ac
1627 1215 1764 1248 aliorum
1790 1214 1837 1247 in-

1096 1270 1310 1303 structionem
1348 1269 1496 1301 utiliores
1539 1273 1694 1301 tractatus
1735 1279 1832 1311 prae-

1096 1325 1329 1363 tern‘iittantur,
1364 1323 1395 1354 in
1429 1328 1612 1366 posterum,
1640 1322 1695 1365 qui
1726 1333 1834 1355 sacrae

1096 1377 1283 1420 theologiae
1317 1377 1530 1409 scholasticae
1567 1377 1706 1409 lectores
1737 1376 1837 1419 depu-

1095 1434 1150 1466 tati
1184 1432 1326 1471 suerint,
1353 1442 1413 1474 per
1439 1430 1691 1473 quadriennium
1723 1432 1835 1463 saltem

1094 1488 1179 1520 idem
1198 1496 1317 1519 munus
1336 1489 1587 1528 prosequantur,
1606 1494 1669 1526 quo
1689 1489 1836 1527 tempor(¹

1095 1545 1266 1573 teneantur
1284 1539 1452 1571 studentes
1467 1537 1529 1570 sibi
1547 1537 1741 1571 commissos
1767 1538 1838 1571 edo-

1093 1605 1166 1628 cere
1192 1603 1304 1627 omnes
1329 1597 1484 1624 tractatus
1511 1591 1713 1631 distributos,
1732 1597 1767 1625 ut
1790 1592 1839 1624 iu-

1093 1649 1162 1681 fra:
1191 1657 1276 1681 anno
1303 1646 1422 1689 primo,
1444 1645 1483 1678 de
1509 1645 1574 1678 Deo
1599 1656 1664 1678 uno
1683 1651 1714 1678 et
1732 1645 1836 1685 trino·,

1093 1711 1179 1734 anno
1205 1700 1361 1739 secundo,
1389 1698 1427 1731 de
1453 1698 1589 1741 angelis,
1608 1698 1646 1730 de
1667 1698 1840 1731 beatitudi-

1094 1765 1134 1788 ne
1153 1760 1184 1787 et
1202 1754 1242 1786 de
1262 1752 1385 1785 actibus
1412 1751 1562 1784 humanis
1579 1763 1586 1791 '⁷
1615 1762 1700 1784 anno
1727 1752 1837 1790 tertio,

1095 1812 1248 1840 tractatus
1265 1807 1304 1839 de
1323 1805 1408 1837 vitiis
1427 1811 1458 1837 et
1483 1805 1635 1848 peccatis,
1664 1805 1704 1838 de
1730 1805 1839 1838 divina

1094 1860 1206 1904 gratia,
1226 1865 1258 1892 et
1275 1859 1314 1892 de
1339 1858 1512 1891 virtutibus
1538 1858 1757 1901 theologicis;
1785 1869 1841 1891 an-

1094 1925 1136 1947 no
1163 1918 1287 1957 quarto,
1324 1912 1362 1945 de
1391 1912 1632 1953 lucarnatione,
1661 1912 1700 1945 de
1734 1922 1840 1946 sacra-

1094 1967 1212 2000 mentis
1239 1967 1269 1999 iu
1297 1976 1429 2008 genere,
1469 1966 1507 1998 de
1544 1968 1750 1998 sacrosancta
1780 1965 1842 1999 Eu-

1094 2021 1271 2057 charistia,
1299 2025 1330 2052 et
1367 2020 1406 2052 de
1432 2019 1661 2052 Poenitentia:
1701 2021 1840 2053 lectores

1095 2081 1201 2108 autem
1227 2072 1417 2114 theologiae
1443 2073 1574 2106 moralis
1607 2073 1705 2106 unico
1741 2073 1842 2106 trien-

1096 2130 1183 2161 nium
1210 2128 1373 2169 integrum
1402 2126 1587 2169 theologiae
1612 2127 1745 2161 moralis
1770 2138 1841 2160 eur-

1095 2194 1164 2215 sum
1190 2181 1377 2220 conficiant,
1397 2186 1429 2213 et
1454 2185 1587 2224 praeter
1612 2181 1709 2214 huius
1735 2182 1843 2224 quoti-

1095 2236 1221 2269 dianam
1248 2235 1420 2268 lectionem
1441 2235 1583 2267 habeant
1609 2235 1707 2268 etiam
1732 2235 1843 2268 lectio-

1095 2301 1168 2322 nem
1194 2289 1310 2321 Sacrae
1337 2288 1525 2331 Scripturae
1558 2288 1608 2320 his
1643 2289 1694 2321 vel
1727 2293 1777 2322 ter
1808 2289 1840 2321 in

1095 2342 1310 2381 hebdomada,
1334 2341 1423 2374 horis
1457 2347 1565 2374 tamen
1591 2341 1799 2375 stabiliendis
1824 2353 1840 2374 a

1095 2396 1267 2439 superiore
1294 2394 1406 2435 locali·‚
1434 2395 1552 2438 quibus
1585 2396 1765 2429 lectoribus
1791 2406 1841 2428 se-

1096 2449 1172 2482 dulo
1197 2459 1315 2481 munus
1349 2458 1439 2481 suum
1474 2450 1711 2493 exequentibus
1732 2450 1841 2483 omnia

1095 2502 1320 2536 conceduntur
1340 2503 1524 2546 privilegia,
1553 2503 1758 2547 quibusjalii
1795 2504 1841 2536 le-

1095 2562 1200 2590 ctores
1239 2556 1400 2588 fruuntur.
1444 2556 1664 2599 praecipimus
1682 2564 1685 2565 ’
1705 2556 1841 2600 insuper

1096 2610 1286 2651 lectoribus,
1312 2615 1346 2642 ut
1371 2610 1551 2643 animarum
1572 2610 1680 2653 potius
1706 2611 1839 2643 utilitati

1097 2664 1317 2704 consulentes,
1348 2674 1444 2706 quam
1476 2663 1598 2705 ingenii
1625 2663 1840 2698 ostentationi

1731 244 1795 280 9⁶23
1841 254 1890 282 An.
1907 253 1936 282 c.
1958 254 2029 283 1700

1138 315 1159 338 Ι.
1180 304 1336 347 Superior
1350 304 1461 336 localis
1483 305 1659 346 praecipue
1677 304 1709 336 in
1725 304 1832 347 parvis
1860 318 1889 338 uo
1903 319 2032 338 auctoritate

1845 350 1990 370 <IIIJUI‘IUI‘UUB

1876 742 1904 763 De
1921 742 2012 763 donatis.
