<?xml version="1.0" encoding="UTF-8"?>
<!DOCTYPE html PUBLIC "-//W3C//DTD XHTML 1.0 Transitional//EN"
    "http://www.w3.org/TR/xhtml1/DTD/xhtml1-transitional.dtd">
<html xmlns="http://www.w3.org/1999/xhtml" xml:lang="en" lang="en">
 <head>
  <title>
</title>
<meta http-equiv="Content-Type" content="text/html;charset=utf-8" />
  <meta name='ocr-system' content='tesseract 3.04.00' />
  <meta name='ocr-capabilities' content='ocr_page ocr_carea ocr_par ocr_line ocrx_word'/>
</head>
<body>
  <div class='ocr_page' id='page_1' title='image "./bullarumdiplomat20cath_0312.png"; bbox 0 0 2254 3225; ppageno 0'>
   <div class='ocr_carea' id='block_1_1' title="bbox 216 184 974 331">
    <p class='ocr_par' dir='ltr' id='par_1_1' title="bbox 216 184 974 331">
     <span class='ocr_line' id='line_1_1' title="bbox 216 184 509 224; baseline -0.017 0"><span class='ocrx_word' id='word_1_1' title='bbox 216 197 266 224; x_wconf 73' lang='lat' dir='ltr'><strong>An.</strong></span> <span class='ocrx_word' id='word_1_2' title='bbox 287 195 314 223; x_wconf 88' lang='lat' dir='ltr'><strong>c.</strong></span> <span class='ocrx_word' id='word_1_3' title='bbox 334 195 396 222; x_wconf 73' lang='lat' dir='ltr'><strong>moi</strong></span> <span class='ocrx_word' id='word_1_4' title='bbox 445 184 509 219; x_wconf 65' lang='lat'><strong>⁶200</strong></span> 
     </span>
     <span class='ocr_line' id='line_1_2' title="bbox 449 241 974 283; baseline -0.006 -11"><span class='ocrx_word' id='word_1_5' title='bbox 449 243 482 283; x_wconf 47' lang='grc' dir='ltr'><strong>ᾧ.</strong></span> <span class='ocrx_word' id='word_1_6' title='bbox 507 242 583 272; x_wconf 83' lang='lat' dir='ltr'><strong>Misit</strong></span> <span class='ocrx_word' id='word_1_7' title='bbox 604 241 714 281; x_wconf 71' lang='lat' dir='ltr'><strong>Moyses</strong></span> <span class='ocrx_word' id='word_1_8' title='bbox 736 248 854 272; x_wconf 85' lang='lat' dir='ltr'><strong>servum</strong></span> <span class='ocrx_word' id='word_1_9' title='bbox 878 247 974 278; x_wconf 90' lang='lat' dir='ltr'><strong>suum,</strong></span> 
     </span>
     <span class='ocr_line' id='line_1_3' title="bbox 450 289 949 331; baseline -0.004 -10"><span class='ocrx_word' id='word_1_10' title='bbox 450 293 484 331; x_wconf 66' lang='lat' dir='ltr'><strong>nl.</strong></span> <span class='ocrx_word' id='word_1_11' title='bbox 508 292 604 321; x_wconf 85' lang='lat' dir='ltr'><strong>Aaron</strong></span> <span class='ocrx_word' id='word_1_12' title='bbox 626 300 711 331; x_wconf 91' lang='lat' dir='ltr'><strong>quem</strong></span> <span class='ocrx_word' id='word_1_13' title='bbox 733 290 821 329; x_wconf 85' lang='lat' dir='ltr'><strong>elegit</strong></span> <span class='ocrx_word' id='word_1_14' title='bbox 842 289 949 329; x_wconf 90' lang='lat' dir='ltr'><strong>ipsum.</strong></span> 
     </span>
    </p>
   </div>
   <div class='ocr_carea' id='block_1_2' title="bbox 985 185 2104 215">
    <p class='ocr_par' dir='ltr' id='par_1_2' title="bbox 985 185 2104 215">
     <span class='ocr_line' id='line_1_4' title="bbox 985 185 2104 215; baseline 0 0"><span class='ocrx_word' id='word_1_15' title='bbox 985 188 1165 215; x_wconf 61' lang='lat' dir='ltr'><strong>nummum</strong></span> <span class='ocrx_word' id='word_1_16' title='bbox 1188 187 1343 212; x_wconf 21' lang='lat' dir='ltr'><strong>nouatum</strong></span> <span class='ocrx_word' id='word_1_17' title='bbox 1921 185 1975 214; x_wconf 81' lang='lat' dir='ltr'><strong>An.</strong></span> <span class='ocrx_word' id='word_1_18' title='bbox 1995 185 2104 215; x_wconf 66' lang='grc'><strong>(1.1691</strong></span> 
     </span>
    </p>
   </div>
   <div class='ocr_carea' id='block_1_3' title="bbox 1187 234 2103 278">
    <p class='ocr_par' dir='ltr' id='par_1_3' title="bbox 1187 234 2103 278">
     <span class='ocr_line' id='line_1_5' title="bbox 1187 234 2103 278; baseline 0.002 -10"><span class='ocrx_word' id='word_1_19' title='bbox 1187 236 1365 268; x_wconf 82' lang='lat' dir='ltr'><strong>infidelium</strong></span> <span class='ocrx_word' id='word_1_20' title='bbox 1391 235 1468 274; x_wconf 87' lang='lat' dir='ltr'><strong>oris,</strong></span> <span class='ocrx_word' id='word_1_21' title='bbox 1494 234 1537 267; x_wconf 87' lang='lat' dir='ltr'><strong>ita</strong></span> <span class='ocrx_word' id='word_1_22' title='bbox 1561 234 1711 275; x_wconf 79' lang='lat' dir='ltr'><strong>suaviter,</strong></span> <span class='ocrx_word' id='word_1_23' title='bbox 1737 234 1917 278; x_wconf 89' lang='lat' dir='ltr'><strong>prudenter</strong></span> <span class='ocrx_word' id='word_1_24' title='bbox 1928 249 2103 274; x_wconf 68' lang='lat' dir='ltr'><strong>quemadmodum</strong></span> 
     </span>
    </p>
   </div>
   <div class='ocr_carea' id='block_1_4' title="bbox 1186 275 2109 332">
    <p class='ocr_par' dir='ltr' id='par_1_4' title="bbox 1186 275 2109 332">
     <span class='ocr_line' id='line_1_6' title="bbox 1186 275 2109 332; baseline 0.002 -11"><span class='ocrx_word' id='word_1_25' title='bbox 1186 294 1218 322; x_wconf 87' lang='lat' dir='ltr'><strong>et</strong></span> <span class='ocrx_word' id='word_1_26' title='bbox 1241 288 1499 321; x_wconf 79' lang='lat' dir='ltr'><strong>misericorditer</strong></span> <span class='ocrx_word' id='word_1_27' title='bbox 1523 299 1593 321; x_wconf 91' lang='lat' dir='ltr'><strong>cum</strong></span> <span class='ocrx_word' id='word_1_28' title='bbox 1611 288 1744 332; x_wconf 86' lang='lat' dir='ltr'><strong>captivis</strong></span> <span class='ocrx_word' id='word_1_29' title='bbox 1761 293 1828 321; x_wconf 89' lang='lat' dir='ltr'><strong>toto</strong></span> <span class='ocrx_word' id='word_1_30' title='bbox 1845 298 1918 331; x_wconf 89' lang='lat' dir='ltr'><strong>pro-</strong></span> <span class='ocrx_word' id='word_1_31' title='bbox 1927 275 2109 328; x_wconf 49' lang='lat' dir='ltr'><strong>{tscisshussssffm&#39;</strong></span> 
     </span>
    </p>
   </div>
   <div class='ocr_carea' id='block_1_5' title="bbox 237 2441 422 2522">
    <p class='ocr_par' dir='ltr' id='par_1_5' title="bbox 237 2441 422 2522">
     <span class='ocr_line' id='line_1_7' title="bbox 262 2441 398 2464; baseline -0.007 0"><span class='ocrx_word' id='word_1_32' title='bbox 262 2443 331 2464; x_wconf 62' lang='lat' dir='ltr'><strong>Carus·</strong></span> <span class='ocrx_word' id='word_1_33' title='bbox 347 2441 398 2463; x_wconf 83' lang='lat' dir='ltr'><strong>vm.</strong></span> 
     </span>
     <span class='ocr_line' id='line_1_8' title="bbox 279 2471 419 2494; baseline -0.014 -5"><span class='ocrx_word' id='word_1_34' title='bbox 279 2471 307 2489; x_wconf 63' lang='lat' dir='ltr'><strong>lta</strong></span> <span class='ocrx_word' id='word_1_35' title='bbox 324 2473 419 2494; x_wconf 74' lang='lat' dir='ltr'><strong>regressu</strong></span> 
     </span>
     <span class='ocr_line' id='line_1_9' title="bbox 237 2496 422 2522; baseline -0.016 -4"><span class='ocrx_word' id='word_1_36' title='bbox 237 2496 388 2522; x_wconf 66' lang='lat' dir='ltr'><strong>redemptionis</strong></span> <span class='ocrx_word' id='word_1_37' title='bbox 401 2496 422 2516; x_wconf 81' lang='lat' dir='ltr'><strong>et</strong></span> 
     </span>
    </p>
   </div>
   <div class='ocr_carea' id='block_1_6' title="bbox 416 337 1164 2464">
    <p class='ocr_par' dir='ltr' id='par_1_6' title="bbox 450 337 1090 380">
     <span class='ocr_line' id='line_1_10' title="bbox 450 337 1090 380; baseline -0.006 -10"><span class='ocrx_word' id='word_1_38' title='bbox 450 340 484 380; x_wconf 58' lang='lat' dir='ltr'><strong>jis.</strong></span> <span class='ocrx_word' id='word_1_39' title='bbox 508 340 544 370; x_wconf 88' lang='lat' dir='ltr'><strong>Ut</strong></span> <span class='ocrx_word' id='word_1_40' title='bbox 564 340 679 370; x_wconf 89' lang='lat' dir='ltr'><strong>audiret</strong></span> <span class='ocrx_word' id='word_1_41' title='bbox 699 339 826 378; x_wconf 81' lang='lat' dir='ltr'>gemitus</span> <span class='ocrx_word' id='word_1_42' title='bbox 847 337 1090 378; x_wconf 84' lang='lat' dir='ltr'><strong>compeditorum,</strong></span> 
     </span>
    </p>

    <p class='ocr_par' dir='ltr' id='par_1_7' title="bbox 450 387 1077 429">
     <span class='ocr_line' id='line_1_11' title="bbox 450 387 1077 429; baseline -0.008 -10"><span class='ocrx_word' id='word_1_43' title='bbox 450 391 482 429; x_wconf 54' lang='grc' dir='ltr'><strong>ιγ.</strong></span> <span class='ocrx_word' id='word_1_44' title='bbox 504 388 541 419; x_wconf 90' lang='lat' dir='ltr'><strong>Ut</strong></span> <span class='ocrx_word' id='word_1_45' title='bbox 562 389 686 419; x_wconf 90' lang='lat' dir='ltr'><strong>solveret</strong></span> <span class='ocrx_word' id='word_1_46' title='bbox 707 388 782 418; x_wconf 82' lang='lat' dir='ltr'><strong>filios</strong></span> <span class='ocrx_word' id='word_1_47' title='bbox 804 387 1077 425; x_wconf 89' lang='lat' dir='ltr'><strong>interremptorum.</strong></span> 
     </span>
    </p>

    <p class='ocr_par' dir='ltr' id='par_1_8' title="bbox 450 435 906 477">
     <span class='ocr_line' id='line_1_12' title="bbox 450 435 906 477; baseline -0.007 -10"><span class='ocrx_word' id='word_1_48' title='bbox 450 437 484 477; x_wconf 50' lang='grc' dir='ltr'><strong>ᾖ.</strong></span> <span class='ocrx_word' id='word_1_49' title='bbox 508 437 564 467; x_wconf 90' lang='lat' dir='ltr'><strong>Pro</strong></span> <span class='ocrx_word' id='word_1_50' title='bbox 584 437 698 467; x_wconf 77' lang='lat' dir='ltr'><strong>afflictis</strong></span> <span class='ocrx_word' id='word_1_51' title='bbox 718 441 747 466; x_wconf 90' lang='lat' dir='ltr'><strong>et</strong></span> <span class='ocrx_word' id='word_1_52' title='bbox 767 435 906 475; x_wconf 87' lang='lat' dir='ltr'><strong>captivis:</strong></span> 
     </span>
    </p>

    <p class='ocr_par' dir='ltr' id='par_1_9' title="bbox 450 480 1147 526">
     <span class='ocr_line' id='line_1_13' title="bbox 450 480 1147 526; baseline -0.01 -9"><span class='ocrx_word' id='word_1_53' title='bbox 450 487 484 526; x_wconf 56' lang='grc' dir='ltr'><strong>εὖ.</strong></span> <span class='ocrx_word' id='word_1_54' title='bbox 508 486 611 516; x_wconf 88' lang='lat' dir='ltr'><strong>Libera</strong></span> <span class='ocrx_word' id='word_1_55' title='bbox 624 495 682 521; x_wconf 84' lang='lat' dir='ltr'><strong>eos,</strong></span> <span class='ocrx_word' id='word_1_56' title='bbox 696 485 771 515; x_wconf 87' lang='lat' dir='ltr'><strong>Deus</strong></span> <span class='ocrx_word' id='word_1_57' title='bbox 786 484 929 521; x_wconf 81' lang='lat' dir='ltr'><strong>lsrael,ex</strong></span> <span class='ocrx_word' id='word_1_58' title='bbox 945 481 1079 513; x_wconf 89' lang='lat' dir='ltr'><strong>omnibus</strong></span> <span class='ocrx_word' id='word_1_59' title='bbox 1095 480 1147 510; x_wconf 86' lang='lat' dir='ltr'><strong>tri-</strong></span> 
     </span>
    </p>

    <p class='ocr_par' dir='ltr' id='par_1_10' title="bbox 489 533 781 564">
     <span class='ocr_line' id='line_1_14' title="bbox 489 533 781 564; baseline -0.007 0"><span class='ocrx_word' id='word_1_60' title='bbox 489 533 688 564; x_wconf 87' lang='lat' dir='ltr'><strong>bulationibus</strong></span> <span class='ocrx_word' id='word_1_61' title='bbox 708 533 781 563; x_wconf 88' lang='lat' dir='ltr'><strong>suis.</strong></span> 
     </span>
    </p>

    <p class='ocr_par' dir='ltr' id='par_1_11' title="bbox 451 579 979 621">
     <span class='ocr_line' id='line_1_15' title="bbox 451 579 979 621; baseline -0.006 -9"><span class='ocrx_word' id='word_1_62' title='bbox 451 582 485 621; x_wconf 63' lang='grc' dir='ltr'><strong>γέν.</strong></span> <span class='ocrx_word' id='word_1_63' title='bbox 508 582 647 621; x_wconf 81' lang='lat' dir='ltr'><strong>Egressus</strong></span> <span class='ocrx_word' id='word_1_64' title='bbox 669 582 698 611; x_wconf 92' lang='lat' dir='ltr'><strong>in</strong></span> <span class='ocrx_word' id='word_1_65' title='bbox 720 581 843 611; x_wconf 89' lang='lat' dir='ltr'><strong>salutem</strong></span> <span class='ocrx_word' id='word_1_66' title='bbox 866 579 979 620; x_wconf 89' lang='lat' dir='ltr'><strong>populi,</strong></span> 
     </span>
    </p>

    <p class='ocr_par' dir='ltr' id='par_1_12' title="bbox 453 629 994 670">
     <span class='ocr_line' id='line_1_16' title="bbox 453 629 994 670; baseline -0.006 -10"><span class='ocrx_word' id='word_1_67' title='bbox 453 631 487 670; x_wconf 62' lang='lat'><strong>15¹.</strong></span> <span class='ocrx_word' id='word_1_68' title='bbox 512 630 544 660; x_wconf 89' lang='lat' dir='ltr'><strong>In</strong></span> <span class='ocrx_word' id='word_1_69' title='bbox 566 630 690 661; x_wconf 88' lang='lat' dir='ltr'><strong>salutem</strong></span> <span class='ocrx_word' id='word_1_70' title='bbox 713 639 778 660; x_wconf 90' lang='lat' dir='ltr'><strong>cum</strong></span> <span class='ocrx_word' id='word_1_71' title='bbox 800 629 913 660; x_wconf 88' lang='lat' dir='ltr'><strong>Christo</strong></span> <span class='ocrx_word' id='word_1_72' title='bbox 933 632 994 658; x_wconf 89' lang='lat' dir='ltr'><strong>tuo.</strong></span> 
     </span>
    </p>

    <p class='ocr_par' dir='ltr' id='par_1_13' title="bbox 452 673 1121 719">
     <span class='ocr_line' id='line_1_17' title="bbox 452 673 1121 719; baseline -0.006 -9"><span class='ocrx_word' id='word_1_73' title='bbox 452 679 486 718; x_wconf 53' lang='lat' dir='ltr'><strong>&gt;h</strong></span> <span class='ocrx_word' id='word_1_74' title='bbox 509 679 566 710; x_wconf 88' lang='lat' dir='ltr'><strong>Ora</strong></span> <span class='ocrx_word' id='word_1_75' title='bbox 588 688 640 719; x_wconf 90' lang='lat' dir='ltr'><strong>pro</strong></span> <span class='ocrx_word' id='word_1_76' title='bbox 661 678 757 715; x_wconf 86' lang='lat' dir='ltr'><strong>nobis,</strong></span> <span class='ocrx_word' id='word_1_77' title='bbox 780 678 885 709; x_wconf 86' lang='lat' dir='ltr'><strong>Sancta</strong></span> <span class='ocrx_word' id='word_1_78' title='bbox 906 677 957 708; x_wconf 91' lang='lat' dir='ltr'><strong>Dei</strong></span> <span class='ocrx_word' id='word_1_79' title='bbox 979 673 1121 711; x_wconf 65' lang='lat' dir='ltr'><strong>Genitrix]</strong></span> 
     </span>
    </p>

    <p class='ocr_par' dir='ltr' id='par_1_14' title="bbox 452 725 1148 767">
     <span class='ocr_line' id='line_1_18' title="bbox 452 725 1148 767; baseline -0.004 -10"><span class='ocrx_word' id='word_1_80' title='bbox 452 729 485 767; x_wconf 53' lang='grc' dir='ltr'><strong>ιγ.</strong></span> <span class='ocrx_word' id='word_1_81' title='bbox 509 727 546 758; x_wconf 86' lang='lat' dir='ltr'><strong>Ut</strong></span> <span class='ocrx_word' id='word_1_82' title='bbox 587 727 667 766; x_wconf 85' lang='lat' dir='ltr'><strong>digni</strong></span> <span class='ocrx_word' id='word_1_83' title='bbox 703 727 867 758; x_wconf 81' lang='lat' dir='ltr'><strong>efficiamur</strong></span> <span class='ocrx_word' id='word_1_84' title='bbox 905 725 1148 766; x_wconf 84' lang='lat' dir='ltr'><strong>promissionibus</strong></span> 
     </span>
    </p>

    <p class='ocr_par' dir='ltr' id='par_1_15' title="bbox 491 776 609 807">
     <span class='ocr_line' id='line_1_19' title="bbox 491 776 609 807; baseline 0 -1"><span class='ocrx_word' id='word_1_85' title='bbox 491 776 609 807; x_wconf 84' lang='lat' dir='ltr'><strong>Christi.</strong></span> 
     </span>
    </p>

    <p class='ocr_par' dir='ltr' id='par_1_16' title="bbox 452 825 1080 865">
     <span class='ocr_line' id='line_1_20' title="bbox 452 825 1080 865; baseline -0.003 -10"><span class='ocrx_word' id='word_1_86' title='bbox 452 825 486 865; x_wconf 54' lang='grc' dir='ltr'><strong>ᾖ.</strong></span> <span class='ocrx_word' id='word_1_87' title='bbox 509 825 640 864; x_wconf 82' lang='lat' dir='ltr'><strong>Domine,</strong></span> <span class='ocrx_word' id='word_1_88' title='bbox 663 825 767 855; x_wconf 82' lang='lat' dir='ltr'><strong>exaudi</strong></span> <span class='ocrx_word' id='word_1_89' title='bbox 789 825 950 855; x_wconf 85' lang='lat' dir='ltr'><strong>orationem</strong></span> <span class='ocrx_word' id='word_1_90' title='bbox 973 831 1080 862; x_wconf 89' lang='lat' dir='ltr'><strong>meam,</strong></span> 
     </span>
    </p>

    <p class='ocr_par' dir='ltr' id='par_1_17' title="bbox 452 873 1011 913">
     <span class='ocr_line' id='line_1_21' title="bbox 452 873 1011 913; baseline -0.004 -9"><span class='ocrx_word' id='word_1_91' title='bbox 452 876 486 913; x_wconf 56' lang='grc' dir='ltr'><strong>ΒΚ</strong></span> <span class='ocrx_word' id='word_1_92' title='bbox 509 874 543 904; x_wconf 85' lang='lat' dir='ltr'><strong>Et</strong></span> <span class='ocrx_word' id='word_1_93' title='bbox 565 874 674 904; x_wconf 87' lang='lat' dir='ltr'><strong>clamor</strong></span> <span class='ocrx_word' id='word_1_94' title='bbox 695 883 777 904; x_wconf 88' lang='lat' dir='ltr'><strong>meus</strong></span> <span class='ocrx_word' id='word_1_95' title='bbox 799 874 834 904; x_wconf 93' lang='lat' dir='ltr'><strong>ad</strong></span> <span class='ocrx_word' id='word_1_96' title='bbox 856 878 883 904; x_wconf 92' lang='lat' dir='ltr'><strong>te</strong></span> <span class='ocrx_word' id='word_1_97' title='bbox 905 873 1011 903; x_wconf 87' lang='lat' dir='ltr'><strong>veniat.</strong></span> 
     </span>
    </p>

    <p class='ocr_par' dir='ltr' id='par_1_18' title="bbox 453 923 834 962">
     <span class='ocr_line' id='line_1_22' title="bbox 453 923 834 962; baseline -0.003 -9"><span class='ocrx_word' id='word_1_98' title='bbox 453 923 487 962; x_wconf 51' lang='grc' dir='ltr'><strong>ᾖ.</strong></span> <span class='ocrx_word' id='word_1_99' title='bbox 510 923 650 953; x_wconf 86' lang='lat' dir='ltr'><strong>Dominus</strong></span> <span class='ocrx_word' id='word_1_100' title='bbox 671 923 834 953; x_wconf 89' lang='lat' dir='ltr'><strong>vobiscum.</strong></span> 
     </span>
    </p>

    <p class='ocr_par' dir='ltr' id='par_1_19' title="bbox 453 972 844 1012">
     <span class='ocr_line' id='line_1_23' title="bbox 453 972 844 1012; baseline -0.003 -10"><span class='ocrx_word' id='word_1_101' title='bbox 453 973 488 1011; x_wconf 58' lang='lat'><strong>15).</strong></span> <span class='ocrx_word' id='word_1_102' title='bbox 512 972 546 1002; x_wconf 85' lang='lat' dir='ltr'><strong>Et</strong></span> <span class='ocrx_word' id='word_1_103' title='bbox 566 981 634 1002; x_wconf 89' lang='lat' dir='ltr'><strong>cum</strong></span> <span class='ocrx_word' id='word_1_104' title='bbox 656 972 762 1012; x_wconf 90' lang='lat' dir='ltr'><strong>spiritu</strong></span> <span class='ocrx_word' id='word_1_105' title='bbox 783 976 844 1002; x_wconf 89' lang='lat' dir='ltr'><strong>tuo.</strong></span> 
     </span>
    </p>

    <p class='ocr_par' dir='ltr' id='par_1_20' title="bbox 719 1018 844 1049">
     <span class='ocr_line' id='line_1_24' title="bbox 719 1018 844 1049; baseline -0.008 0"><span class='ocrx_word' id='word_1_106' title='bbox 719 1018 844 1049; x_wconf 76' lang='lat' dir='ltr'><strong>Oremus.</strong></span> 
     </span>
    </p>

    <p class='ocr_par' dir='ltr' id='par_1_21' title="bbox 416 1065 1155 1436">
     <span class='ocr_line' id='line_1_25' title="bbox 455 1065 1150 1107; baseline -0.007 -9"><span class='ocrx_word' id='word_1_107' title='bbox 455 1068 540 1105; x_wconf 78' lang='lat' dir='ltr'><strong>Deus,</strong></span> <span class='ocrx_word' id='word_1_108' title='bbox 565 1069 614 1107; x_wconf 88' lang='lat' dir='ltr'><strong>qui</strong></span> <span class='ocrx_word' id='word_1_109' title='bbox 636 1068 711 1098; x_wconf 88' lang='lat' dir='ltr'><strong>filios</strong></span> <span class='ocrx_word' id='word_1_110' title='bbox 733 1067 821 1097; x_wconf 77' lang='lat' dir='ltr'><strong>Israel</strong></span> <span class='ocrx_word' id='word_1_111' title='bbox 844 1075 896 1105; x_wconf 92' lang='lat' dir='ltr'><strong>per</strong></span> <span class='ocrx_word' id='word_1_112' title='bbox 917 1066 1006 1096; x_wconf 90' lang='lat' dir='ltr'><strong>maris</strong></span> <span class='ocrx_word' id='word_1_113' title='bbox 1024 1065 1150 1094; x_wconf 86' lang='lat' dir='ltr'><strong>medium</strong></span> 
     </span>
     <span class='ocr_line' id='line_1_26' title="bbox 416 1113 1151 1154; baseline -0.007 -8"><span class='ocrx_word' id='word_1_114' title='bbox 416 1117 492 1147; x_wconf 86' lang='lat' dir='ltr'><strong>sicco</strong></span> <span class='ocrx_word' id='word_1_115' title='bbox 515 1116 637 1154; x_wconf 83' lang='lat' dir='ltr'><strong>vestigio</strong></span> <span class='ocrx_word' id='word_1_116' title='bbox 659 1116 702 1145; x_wconf 91' lang='lat' dir='ltr'><strong>ire</strong></span> <span class='ocrx_word' id='word_1_117' title='bbox 724 1115 830 1152; x_wconf 80' lang='lat' dir='ltr'><strong>fecisti,</strong></span> <span class='ocrx_word' id='word_1_118' title='bbox 855 1115 964 1154; x_wconf 92' lang='lat' dir='ltr'><strong>quique</strong></span> <span class='ocrx_word' id='word_1_119' title='bbox 987 1114 1080 1143; x_wconf 84' lang='lat' dir='ltr'><strong>tribus</strong></span> <span class='ocrx_word' id='word_1_120' title='bbox 1096 1113 1151 1142; x_wconf 80' lang='lat' dir='ltr'><strong>Ma-</strong></span> 
     </span>
     <span class='ocr_line' id='line_1_27' title="bbox 416 1161 1152 1203; baseline -0.007 -9"><span class='ocrx_word' id='word_1_121' title='bbox 416 1166 461 1203; x_wconf 83' lang='lat' dir='ltr'><strong>gis</strong></span> <span class='ocrx_word' id='word_1_122' title='bbox 484 1165 539 1194; x_wconf 87' lang='lat' dir='ltr'><strong>iter</strong></span> <span class='ocrx_word' id='word_1_123' title='bbox 561 1165 597 1194; x_wconf 88' lang='lat' dir='ltr'><strong>ad</strong></span> <span class='ocrx_word' id='word_1_124' title='bbox 625 1168 652 1194; x_wconf 91' lang='lat' dir='ltr'><strong>te</strong></span> <span class='ocrx_word' id='word_1_125' title='bbox 675 1164 761 1194; x_wconf 64' lang='lat' dir='ltr'><strong>stella</strong></span> <span class='ocrx_word' id='word_1_126' title='bbox 793 1164 866 1193; x_wconf 90' lang='lat' dir='ltr'><strong>duce</strong></span> <span class='ocrx_word' id='word_1_127' title='bbox 888 1162 1025 1202; x_wconf 82' lang='lat' dir='ltr'><strong>pandisti,</strong></span> <span class='ocrx_word' id='word_1_128' title='bbox 1058 1161 1152 1191; x_wconf 87' lang='lat' dir='ltr'><strong>tribue</strong></span> 
     </span>
     <span class='ocr_line' id='line_1_28' title="bbox 416 1212 1151 1252; baseline -0.007 -9"><span class='ocrx_word' id='word_1_129' title='bbox 416 1213 532 1243; x_wconf 81' lang='lat' dir='ltr'><strong>famulis</strong></span> <span class='ocrx_word' id='word_1_130' title='bbox 566 1213 634 1249; x_wconf 90' lang='lat' dir='ltr'><strong>tuis,</strong></span> <span class='ocrx_word' id='word_1_131' title='bbox 665 1221 852 1252; x_wconf 84' lang='lat' dir='ltr'><strong>quaesumus,</strong></span> <span class='ocrx_word' id='word_1_132' title='bbox 886 1212 940 1241; x_wconf 90' lang='lat' dir='ltr'><strong>iter</strong></span> <span class='ocrx_word' id='word_1_133' title='bbox 969 1219 1151 1250; x_wconf 82' lang='lat' dir='ltr'><strong>prosperum,</strong></span> 
     </span>
     <span class='ocr_line' id='line_1_29' title="bbox 417 1259 1154 1300; baseline -0.005 -9"><span class='ocrx_word' id='word_1_134' title='bbox 417 1265 589 1300; x_wconf 83' lang='lat' dir='ltr'><strong>tempusque</strong></span> <span class='ocrx_word' id='word_1_135' title='bbox 611 1260 815 1300; x_wconf 87' lang='lat' dir='ltr'><strong>tranquillum,</strong></span> <span class='ocrx_word' id='word_1_136' title='bbox 838 1264 882 1297; x_wconf 92' lang='lat' dir='ltr'><strong>ut,</strong></span> <span class='ocrx_word' id='word_1_137' title='bbox 900 1259 1002 1297; x_wconf 76' lang='lat' dir='ltr'><strong>angelo</strong></span> <span class='ocrx_word' id='word_1_138' title='bbox 1024 1263 1073 1288; x_wconf 88' lang='lat' dir='ltr'><strong>tuo</strong></span> <span class='ocrx_word' id='word_1_139' title='bbox 1089 1268 1154 1287; x_wconf 88' lang='lat' dir='ltr'><strong>san-</strong></span> 
     </span>
     <span class='ocr_line' id='line_1_30' title="bbox 417 1308 1151 1348; baseline -0.004 -9"><span class='ocrx_word' id='word_1_140' title='bbox 417 1314 462 1340; x_wconf 92' lang='lat' dir='ltr'><strong>cto</strong></span> <span class='ocrx_word' id='word_1_141' title='bbox 484 1311 650 1347; x_wconf 84' lang='lat' dir='ltr'><strong>comitante,</strong></span> <span class='ocrx_word' id='word_1_142' title='bbox 674 1310 709 1339; x_wconf 90' lang='lat' dir='ltr'><strong>ad</strong></span> <span class='ocrx_word' id='word_1_143' title='bbox 733 1318 798 1339; x_wconf 91' lang='lat' dir='ltr'><strong>eum</strong></span> <span class='ocrx_word' id='word_1_144' title='bbox 821 1319 877 1348; x_wconf 90' lang='lat' dir='ltr'><strong>quo</strong></span> <span class='ocrx_word' id='word_1_145' title='bbox 899 1312 1024 1347; x_wconf 80' lang='lat' dir='ltr'><strong>pergunt</strong></span> <span class='ocrx_word' id='word_1_146' title='bbox 1045 1308 1151 1344; x_wconf 87' lang='lat' dir='ltr'><strong>locum,</strong></span> 
     </span>
     <span class='ocr_line' id='line_1_31' title="bbox 418 1357 1155 1396; baseline -0.004 -9"><span class='ocrx_word' id='word_1_147' title='bbox 418 1367 451 1388; x_wconf 88' lang='lat' dir='ltr'><strong>ao</strong></span> <span class='ocrx_word' id='word_1_148' title='bbox 473 1358 587 1387; x_wconf 89' lang='lat' dir='ltr'><strong>demum</strong></span> <span class='ocrx_word' id='word_1_149' title='bbox 612 1358 646 1387; x_wconf 88' lang='lat' dir='ltr'><strong>ad</strong></span> <span class='ocrx_word' id='word_1_150' title='bbox 668 1362 803 1387; x_wconf 74' lang='lat' dir='ltr'><strong>aeternae</strong></span> <span class='ocrx_word' id='word_1_151' title='bbox 826 1357 929 1387; x_wconf 85' lang='lat' dir='ltr'><strong>salutis</strong></span> <span class='ocrx_word' id='word_1_152' title='bbox 951 1360 1067 1396; x_wconf 88' lang='lat' dir='ltr'><strong>portum</strong></span> <span class='ocrx_word' id='word_1_153' title='bbox 1090 1364 1155 1395; x_wconf 87' lang='lat' dir='ltr'><strong>per-</strong></span> 
     </span>
     <span class='ocr_line' id='line_1_32' title="bbox 418 1406 813 1436; baseline -0.003 0"><span class='ocrx_word' id='word_1_154' title='bbox 418 1406 519 1436; x_wconf 88' lang='lat' dir='ltr'><strong>venire</strong></span> <span class='ocrx_word' id='word_1_155' title='bbox 542 1406 665 1436; x_wconf 80' lang='lat' dir='ltr'><strong>feliciter</strong></span> <span class='ocrx_word' id='word_1_156' title='bbox 688 1407 813 1435; x_wconf 85' lang='lat' dir='ltr'><strong>valeant.</strong></span> 
     </span>
    </p>

    <p class='ocr_par' dir='ltr' id='par_1_22' title="bbox 420 1453 1159 1736">
     <span class='ocr_line' id='line_1_33' title="bbox 458 1453 1154 1494; baseline -0.006 -9"><span class='ocrx_word' id='word_1_157' title='bbox 458 1455 577 1491; x_wconf 81' lang='lat' dir='ltr'><strong>Adesto,</strong></span> <span class='ocrx_word' id='word_1_158' title='bbox 600 1455 731 1491; x_wconf 81' lang='lat' dir='ltr'><strong>Domine,</strong></span> <span class='ocrx_word' id='word_1_159' title='bbox 751 1453 1014 1494; x_wconf 79' lang='lat' dir='ltr'><strong>supplicationibus</strong></span> <span class='ocrx_word' id='word_1_160' title='bbox 1036 1453 1154 1487; x_wconf 84' lang='lat' dir='ltr'><strong>nostris,</strong></span> 
     </span>
     <span class='ocr_line' id='line_1_34' title="bbox 420 1502 1157 1539; baseline -0.007 -6"><span class='ocrx_word' id='word_1_161' title='bbox 420 1507 447 1533; x_wconf 87' lang='lat' dir='ltr'><strong>et</strong></span> <span class='ocrx_word' id='word_1_162' title='bbox 470 1503 574 1533; x_wconf 81' lang='lat' dir='ltr'><strong>exaudi</strong></span> <span class='ocrx_word' id='word_1_163' title='bbox 597 1503 767 1539; x_wconf 88' lang='lat' dir='ltr'><strong>clementer,</strong></span> <span class='ocrx_word' id='word_1_164' title='bbox 791 1503 840 1532; x_wconf 75' lang='lat' dir='ltr'><strong>et¹</strong></span> <span class='ocrx_word' id='word_1_165' title='bbox 863 1502 979 1531; x_wconf 82' lang='lat' dir='ltr'><strong>famulis</strong></span> <span class='ocrx_word' id='word_1_166' title='bbox 998 1502 1067 1537; x_wconf 80' lang='lat' dir='ltr'><strong>tuis,</strong></span> <span class='ocrx_word' id='word_1_167' title='bbox 1085 1510 1157 1539; x_wconf 80' lang='lat' dir='ltr'><strong>quos</strong></span> 
     </span>
     <span class='ocr_line' id='line_1_35' title="bbox 421 1549 1155 1589; baseline -0.005 -8"><span class='ocrx_word' id='word_1_168' title='bbox 421 1552 495 1581; x_wconf 89' lang='lat' dir='ltr'><strong>dono</strong></span> <span class='ocrx_word' id='word_1_169' title='bbox 511 1551 620 1589; x_wconf 79' lang='lat' dir='ltr'><strong>gratiae</strong></span> <span class='ocrx_word' id='word_1_170' title='bbox 637 1550 813 1580; x_wconf 88' lang='lat' dir='ltr'><strong>constituisti</strong></span> <span class='ocrx_word' id='word_1_171' title='bbox 829 1550 871 1580; x_wconf 89' lang='lat' dir='ltr'><strong>tui</strong></span> <span class='ocrx_word' id='word_1_172' title='bbox 884 1550 980 1588; x_wconf 86' lang='lat' dir='ltr'><strong>operis</strong></span> <span class='ocrx_word' id='word_1_173' title='bbox 995 1549 1155 1583; x_wconf 76' lang='lat' dir='ltr'><strong>ministros,</strong></span> 
     </span>
     <span class='ocr_line' id='line_1_36' title="bbox 421 1597 1159 1637; baseline -0.005 -8"><span class='ocrx_word' id='word_1_174' title='bbox 421 1600 456 1629; x_wconf 89' lang='lat' dir='ltr'><strong>da</strong></span> <span class='ocrx_word' id='word_1_175' title='bbox 479 1599 613 1629; x_wconf 89' lang='lat' dir='ltr'><strong>fiduciam</strong></span> <span class='ocrx_word' id='word_1_176' title='bbox 636 1599 679 1628; x_wconf 90' lang='lat' dir='ltr'><strong>tui</strong></span> <span class='ocrx_word' id='word_1_177' title='bbox 702 1598 798 1637; x_wconf 83' lang='lat' dir='ltr'><strong>operis</strong></span> <span class='ocrx_word' id='word_1_178' title='bbox 821 1597 992 1636; x_wconf 78' lang='lat' dir='ltr'><strong>exequendi,</strong></span> <span class='ocrx_word' id='word_1_179' title='bbox 1017 1602 1044 1626; x_wconf 86' lang='lat' dir='ltr'><strong>et</strong></span> <span class='ocrx_word' id='word_1_180' title='bbox 1066 1597 1097 1626; x_wconf 88' lang='lat' dir='ltr'><strong>in</strong></span> <span class='ocrx_word' id='word_1_181' title='bbox 1111 1606 1159 1626; x_wconf 87' lang='lat' dir='ltr'><strong>eo-</strong></span> 
     </span>
     <span class='ocr_line' id='line_1_37' title="bbox 422 1645 1159 1687; baseline -0.004 -9"><span class='ocrx_word' id='word_1_182' title='bbox 422 1658 487 1678; x_wconf 90' lang='lat' dir='ltr'><strong>rum</strong></span> <span class='ocrx_word' id='word_1_183' title='bbox 510 1648 697 1686; x_wconf 85' lang='lat' dir='ltr'><strong>ministerio,</strong></span> <span class='ocrx_word' id='word_1_184' title='bbox 724 1648 799 1687; x_wconf 81' lang='lat' dir='ltr'><strong>quod</strong></span> <span class='ocrx_word' id='word_1_185' title='bbox 822 1651 889 1676; x_wconf 87' lang='lat' dir='ltr'><strong>tuae</strong></span> <span class='ocrx_word' id='word_1_186' title='bbox 919 1645 1037 1685; x_wconf 88' lang='lat' dir='ltr'><strong>pietatis</strong></span> <span class='ocrx_word' id='word_1_187' title='bbox 1064 1649 1108 1675; x_wconf 91' lang='lat' dir='ltr'><strong>est</strong></span> <span class='ocrx_word' id='word_1_188' title='bbox 1130 1654 1159 1675; x_wconf 88' lang='lat' dir='ltr'><strong>o-</strong></span> 
     </span>
     <span class='ocr_line' id='line_1_38' title="bbox 423 1697 532 1736; baseline -0.009 -10"><span class='ocrx_word' id='word_1_189' title='bbox 423 1697 532 1736; x_wconf 85' lang='lat' dir='ltr'><strong>perari.</strong></span> 
     </span>
    </p>

    <p class='ocr_par' dir='ltr' id='par_1_23' title="bbox 424 1741 1162 1968">
     <span class='ocr_line' id='line_1_39' title="bbox 463 1741 1158 1784; baseline -0.006 -10"><span class='ocrx_word' id='word_1_190' title='bbox 463 1745 560 1783; x_wconf 77' lang='lat' dir='ltr'><strong>Deus,</strong></span> <span class='ocrx_word' id='word_1_191' title='bbox 589 1744 638 1784; x_wconf 87' lang='lat' dir='ltr'><strong>qui</strong></span> <span class='ocrx_word' id='word_1_192' title='bbox 669 1743 786 1774; x_wconf 87' lang='lat' dir='ltr'><strong>beatum</strong></span> <span class='ocrx_word' id='word_1_193' title='bbox 811 1743 930 1773; x_wconf 80' lang='lat' dir='ltr'><strong>Petrum</strong></span> <span class='ocrx_word' id='word_1_194' title='bbox 961 1741 1123 1782; x_wconf 88' lang='lat' dir='ltr'><strong>apostolum</strong></span> <span class='ocrx_word' id='word_1_195' title='bbox 1145 1750 1158 1770; x_wconf 94' lang='lat' dir='ltr'><strong>a</strong></span> 
     </span>
     <span class='ocr_line' id='line_1_40' title="bbox 424 1790 1158 1823; baseline -0.004 -1"><span class='ocrx_word' id='word_1_196' title='bbox 424 1793 548 1823; x_wconf 83' lang='lat' dir='ltr'><strong>vinculis</strong></span> <span class='ocrx_word' id='word_1_197' title='bbox 578 1792 743 1822; x_wconf 85' lang='lat' dir='ltr'><strong>absolutum</strong></span> <span class='ocrx_word' id='word_1_198' title='bbox 773 1792 906 1822; x_wconf 82' lang='lat' dir='ltr'><strong>illaesum</strong></span> <span class='ocrx_word' id='word_1_199' title='bbox 936 1791 1017 1821; x_wconf 87' lang='lat' dir='ltr'><strong>abire</strong></span> <span class='ocrx_word' id='word_1_200' title='bbox 1049 1790 1158 1820; x_wconf 78' lang='lat' dir='ltr'><strong>fecisti:</strong></span> 
     </span>
     <span class='ocr_line' id='line_1_41' title="bbox 424 1839 1160 1879; baseline -0.007 -8"><span class='ocrx_word' id='word_1_201' title='bbox 424 1841 599 1871; x_wconf 70' lang='lat' dir='ltr'><strong>famulorum</strong></span> <span class='ocrx_word' id='word_1_202' title='bbox 621 1845 737 1871; x_wconf 90' lang='lat' dir='ltr'><strong>tuorum</strong></span> <span class='ocrx_word' id='word_1_203' title='bbox 759 1840 789 1870; x_wconf 93' lang='lat' dir='ltr'><strong>in</strong></span> <span class='ocrx_word' id='word_1_204' title='bbox 811 1839 978 1879; x_wconf 81' lang='lat' dir='ltr'><strong>captivitate</strong></span> <span class='ocrx_word' id='word_1_205' title='bbox 1001 1839 1160 1878; x_wconf 88' lang='lat' dir='ltr'><strong>positorum</strong></span> 
     </span>
     <span class='ocr_line' id='line_1_42' title="bbox 424 1886 1162 1928; baseline -0.004 -9"><span class='ocrx_word' id='word_1_206' title='bbox 424 1889 539 1919; x_wconf 86' lang='lat' dir='ltr'><strong>vincula</strong></span> <span class='ocrx_word' id='word_1_207' title='bbox 562 1889 690 1926; x_wconf 88' lang='lat' dir='ltr'><strong>absolve,</strong></span> <span class='ocrx_word' id='word_1_208' title='bbox 713 1898 819 1928; x_wconf 91' lang='lat' dir='ltr'><strong>eosque</strong></span> <span class='ocrx_word' id='word_1_209' title='bbox 833 1888 926 1928; x_wconf 90' lang='lat' dir='ltr'><strong>ipsius</strong></span> <span class='ocrx_word' id='word_1_210' title='bbox 947 1886 1060 1917; x_wconf 89' lang='lat' dir='ltr'><strong>meritis</strong></span> <span class='ocrx_word' id='word_1_211' title='bbox 1081 1886 1162 1916; x_wconf 80' lang='lat' dir='ltr'><strong>illae-</strong></span> 
     </span>
     <span class='ocr_line' id='line_1_43' title="bbox 425 1937 734 1968; baseline -0.003 -1"><span class='ocrx_word' id='word_1_212' title='bbox 425 1947 472 1968; x_wconf 83' lang='lat' dir='ltr'><strong>sos</strong></span> <span class='ocrx_word' id='word_1_213' title='bbox 494 1937 575 1967; x_wconf 90' lang='lat' dir='ltr'><strong>abire</strong></span> <span class='ocrx_word' id='word_1_214' title='bbox 597 1937 734 1967; x_wconf 87' lang='lat' dir='ltr'><strong>concede.</strong></span> 
     </span>
    </p>

    <p class='ocr_par' dir='ltr' id='par_1_24' title="bbox 426 1983 1163 2169">
     <span class='ocr_line' id='line_1_44' title="bbox 465 1983 1161 2024; baseline -0.004 -9"><span class='ocrx_word' id='word_1_215' title='bbox 465 1987 504 2015; x_wconf 91' lang='lat' dir='ltr'><strong>Da</strong></span> <span class='ocrx_word' id='word_1_216' title='bbox 526 1986 659 2016; x_wconf 86' lang='lat' dir='ltr'><strong>fidelibus</strong></span> <span class='ocrx_word' id='word_1_217' title='bbox 681 1985 750 2022; x_wconf 87' lang='lat' dir='ltr'><strong>tuis,</strong></span> <span class='ocrx_word' id='word_1_218' title='bbox 774 1993 960 2024; x_wconf 79' lang='lat' dir='ltr'><strong>quaesumuS,</strong></span> <span class='ocrx_word' id='word_1_219' title='bbox 982 1983 1114 2021; x_wconf 81' lang='lat' dir='ltr'><strong>Domine,</strong></span> <span class='ocrx_word' id='word_1_220' title='bbox 1132 1983 1161 2012; x_wconf 91' lang='lat' dir='ltr'><strong>in</strong></span> 
     </span>
     <span class='ocr_line' id='line_1_45' title="bbox 426 2032 1163 2070; baseline -0.005 -5"><span class='ocrx_word' id='word_1_221' title='bbox 426 2036 475 2065; x_wconf 77' lang='lat' dir='ltr'><strong>tua</strong></span> <span class='ocrx_word' id='word_1_222' title='bbox 497 2035 553 2064; x_wconf 85' lang='lat' dir='ltr'><strong>fide</strong></span> <span class='ocrx_word' id='word_1_223' title='bbox 575 2038 603 2064; x_wconf 88' lang='lat' dir='ltr'><strong>et</strong></span> <span class='ocrx_word' id='word_1_224' title='bbox 624 2034 765 2064; x_wconf 88' lang='lat' dir='ltr'><strong>servitute</strong></span> <span class='ocrx_word' id='word_1_225' title='bbox 781 2033 985 2070; x_wconf 83' lang='lat' dir='ltr'><strong>constantiam,</strong></span> <span class='ocrx_word' id='word_1_226' title='bbox 1002 2036 1035 2062; x_wconf 85' lang='lat' dir='ltr'><strong>ut</strong></span> <span class='ocrx_word' id='word_1_227' title='bbox 1050 2032 1080 2061; x_wconf 93' lang='lat' dir='ltr'><strong>in</strong></span> <span class='ocrx_word' id='word_1_228' title='bbox 1096 2032 1163 2061; x_wconf 89' lang='lat' dir='ltr'><strong>cha-</strong></span> 
     </span>
     <span class='ocr_line' id='line_1_46' title="bbox 426 2079 1162 2120; baseline -0.004 -8"><span class='ocrx_word' id='word_1_229' title='bbox 426 2083 512 2113; x_wconf 88' lang='lat' dir='ltr'><strong>ritate</strong></span> <span class='ocrx_word' id='word_1_230' title='bbox 534 2084 586 2112; x_wconf 67' lang='lat' dir='ltr'><strong>tua</strong></span> <span class='ocrx_word' id='word_1_231' title='bbox 616 2082 734 2120; x_wconf 83' lang='lat' dir='ltr'><strong>firmati,</strong></span> <span class='ocrx_word' id='word_1_232' title='bbox 769 2081 857 2111; x_wconf 87' lang='lat' dir='ltr'><strong>nullis</strong></span> <span class='ocrx_word' id='word_1_233' title='bbox 885 2080 1096 2111; x_wconf 87' lang='lat' dir='ltr'><strong>tentationibus</strong></span> <span class='ocrx_word' id='word_1_234' title='bbox 1127 2079 1162 2109; x_wconf 93' lang='lat' dir='ltr'><strong>ab</strong></span> 
     </span>
     <span class='ocr_line' id='line_1_47' title="bbox 427 2131 858 2169; baseline -0.002 -8"><span class='ocrx_word' id='word_1_235' title='bbox 427 2132 490 2161; x_wconf 84' lang='lat' dir='ltr'><strong>eius</strong></span> <span class='ocrx_word' id='word_1_236' title='bbox 512 2131 679 2169; x_wconf 85' lang='lat' dir='ltr'><strong>integritate</strong></span> <span class='ocrx_word' id='word_1_237' title='bbox 702 2131 858 2160; x_wconf 87' lang='lat' dir='ltr'><strong>vellantur.</strong></span> 
     </span>
    </p>

    <p class='ocr_par' dir='ltr' id='par_1_25' title="bbox 428 2176 1164 2404">
     <span class='ocr_line' id='line_1_48' title="bbox 467 2176 1164 2217; baseline -0.003 -9"><span class='ocrx_word' id='word_1_238' title='bbox 467 2179 599 2217; x_wconf 82' lang='lat' dir='ltr'><strong>Protege,</strong></span> <span class='ocrx_word' id='word_1_239' title='bbox 622 2178 753 2216; x_wconf 86' lang='lat' dir='ltr'><strong>Domine,</strong></span> <span class='ocrx_word' id='word_1_240' title='bbox 778 2178 902 2208; x_wconf 79' lang='lat' dir='ltr'><strong>famulos</strong></span> <span class='ocrx_word' id='word_1_241' title='bbox 930 2182 995 2207; x_wconf 89' lang='lat' dir='ltr'><strong>tuos</strong></span> <span class='ocrx_word' id='word_1_242' title='bbox 1026 2176 1164 2207; x_wconf 89' lang='lat' dir='ltr'><strong>subsidiis</strong></span> 
     </span>
     <span class='ocr_line' id='line_1_49' title="bbox 428 2225 1163 2267; baseline -0.003 -10"><span class='ocrx_word' id='word_1_243' title='bbox 428 2228 519 2267; x_wconf 80' lang='lat' dir='ltr'><strong>paciS,</strong></span> <span class='ocrx_word' id='word_1_244' title='bbox 537 2231 564 2257; x_wconf 88' lang='lat' dir='ltr'><strong>et</strong></span> <span class='ocrx_word' id='word_1_245' title='bbox 580 2226 764 2256; x_wconf 87' lang='lat' dir='ltr'><strong>beatissimae</strong></span> <span class='ocrx_word' id='word_1_246' title='bbox 786 2226 892 2256; x_wconf 88' lang='lat' dir='ltr'><strong>Mariae</strong></span> <span class='ocrx_word' id='word_1_247' title='bbox 903 2235 1018 2265; x_wconf 89' lang='lat' dir='ltr'><strong>semper</strong></span> <span class='ocrx_word' id='word_1_248' title='bbox 1035 2225 1163 2264; x_wconf 78' lang='lat' dir='ltr'><strong>Virginis</strong></span> 
     </span>
     <span class='ocr_line' id='line_1_50' title="bbox 430 2275 1163 2317; baseline -0.004 -10"><span class='ocrx_word' id='word_1_249' title='bbox 430 2277 603 2317; x_wconf 84' lang='lat' dir='ltr'><strong>patrociniis</strong></span> <span class='ocrx_word' id='word_1_250' title='bbox 634 2276 813 2306; x_wconf 83' lang='lat' dir='ltr'><strong>considentes</strong></span> <span class='ocrx_word' id='word_1_251' title='bbox 828 2301 835 2314; x_wconf 89' lang='lat'><strong>,</strong></span> <span class='ocrx_word' id='word_1_252' title='bbox 859 2285 874 2306; x_wconf 91' lang='lat' dir='ltr'><strong>a</strong></span> <span class='ocrx_word' id='word_1_253' title='bbox 898 2276 1010 2306; x_wconf 83' lang='lat' dir='ltr'><strong>cunctis</strong></span> <span class='ocrx_word' id='word_1_254' title='bbox 1032 2275 1163 2305; x_wconf 91' lang='lat' dir='ltr'><strong>hostibus</strong></span> 
     </span>
     <span class='ocr_line' id='line_1_51' title="bbox 430 2323 1164 2365; baseline -0.004 -10"><span class='ocrx_word' id='word_1_255' title='bbox 430 2331 459 2356; x_wconf 89' lang='lat' dir='ltr'><strong>et</strong></span> <span class='ocrx_word' id='word_1_256' title='bbox 482 2326 618 2365; x_wconf 91' lang='lat' dir='ltr'><strong>periculis</strong></span> <span class='ocrx_word' id='word_1_257' title='bbox 633 2325 719 2355; x_wconf 85' lang='lat' dir='ltr'><strong>redde</strong></span> <span class='ocrx_word' id='word_1_258' title='bbox 737 2334 866 2355; x_wconf 88' lang='lat' dir='ltr'><strong>securos.</strong></span> <span class='ocrx_word' id='word_1_259' title='bbox 883 2324 936 2354; x_wconf 87' lang='lat' dir='ltr'><strong>Per</strong></span> <span class='ocrx_word' id='word_1_260' title='bbox 954 2325 1095 2354; x_wconf 52' lang='lat' dir='ltr'><strong>Clu-istum</strong></span> <span class='ocrx_word' id='word_1_261' title='bbox 1111 2323 1164 2353; x_wconf 85' lang='lat' dir='ltr'><strong>Do-</strong></span> 
     </span>
     <span class='ocr_line' id='line_1_52' title="bbox 430 2373 807 2404; baseline -0.005 0"><span class='ocrx_word' id='word_1_262' title='bbox 430 2375 537 2404; x_wconf 80' lang='lat' dir='ltr'><strong>minum</strong></span> <span class='ocrx_word' id='word_1_263' title='bbox 559 2378 689 2404; x_wconf 78' lang='lat' dir='ltr'><strong>nostrum.</strong></span> <span class='ocrx_word' id='word_1_264' title='bbox 708 2373 807 2403; x_wconf 83' lang='lat' dir='ltr'><strong>Amen.</strong></span> 
     </span>
    </p>

    <p class='ocr_par' dir='ltr' id='par_1_26' title="bbox 475 2421 1163 2464">
     <span class='ocr_line' id='line_1_53' title="bbox 475 2421 1163 2464; baseline -0.004 -9"><span class='ocrx_word' id='word_1_265' title='bbox 475 2433 497 2456; x_wconf 90' lang='lat'><strong>1.</strong></span> <span class='ocrx_word' id='word_1_266' title='bbox 526 2422 760 2464; x_wconf 83' lang='lat' dir='ltr'><strong>Redemptores</strong></span> <span class='ocrx_word' id='word_1_267' title='bbox 786 2421 905 2464; x_wconf 85' lang='lat' dir='ltr'><strong>itaque,</strong></span> <span class='ocrx_word' id='word_1_268' title='bbox 932 2421 1080 2454; x_wconf 76' lang='lat' dir='ltr'><strong>absoluta</strong></span> <span class='ocrx_word' id='word_1_269' title='bbox 1101 2421 1163 2452; x_wconf 86' lang='lat' dir='ltr'><strong>iam</strong></span> 
     </span>
    </p>
   </div>
   <div class='ocr_carea' id='block_1_7' title="bbox 430 2473 1163 2518">
    <p class='ocr_par' dir='ltr' id='par_1_27' title="bbox 430 2473 1163 2518">
     <span class='ocr_line' id='line_1_54' title="bbox 430 2473 1163 2518; baseline -0.004 -11"><span class='ocrx_word' id='word_1_270' title='bbox 430 2474 671 2518; x_wconf 83' lang='lat' dir='ltr'><strong>redemptione,</strong></span> <span class='ocrx_word' id='word_1_271' title='bbox 691 2479 726 2506; x_wconf 88' lang='lat' dir='ltr'><strong>ut</strong></span> <span class='ocrx_word' id='word_1_272' title='bbox 743 2473 974 2518; x_wconf 86' lang='lat' dir='ltr'><strong>praemittitur,</strong></span> <span class='ocrx_word' id='word_1_273' title='bbox 993 2478 1024 2506; x_wconf 89' lang='lat' dir='ltr'><strong>et</strong></span> <span class='ocrx_word' id='word_1_274' title='bbox 1041 2473 1163 2506; x_wconf 59' lang='lat' dir='ltr'><strong>relictis</strong></span> 
     </span>
    </p>
   </div>
   <div class='ocr_carea' id='block_1_8' title="bbox 467 2575 939 2611">
    <p class='ocr_par' dir='ltr' id='par_1_28' title="bbox 467 2575 939 2611">
     <span class='ocr_line' id='line_1_55' title="bbox 467 2575 939 2611; baseline -0.004 -8"><span class='ocrx_word' id='word_1_275' title='bbox 467 2577 480 2603; x_wconf 79' lang='lat'>1</span> <span class='ocrx_word' id='word_1_276' title='bbox 501 2575 572 2603; x_wconf 85' lang='lat' dir='ltr'><strong>Edit.</strong></span> <span class='ocrx_word' id='word_1_277' title='bbox 594 2575 675 2602; x_wconf 84' lang='lat' dir='ltr'><strong>Main.</strong></span> <span class='ocrx_word' id='word_1_278' title='bbox 698 2575 761 2611; x_wconf 82' lang='lat' dir='ltr'><strong>legit</strong></span> <span class='ocrx_word' id='word_1_279' title='bbox 780 2578 810 2602; x_wconf 82' lang='lat' dir='ltr'><strong>ut</strong></span> <span class='ocrx_word' id='word_1_280' title='bbox 829 2576 871 2611; x_wconf 78' lang='lat' dir='ltr'><strong>(n.</strong></span> <span class='ocrx_word' id='word_1_281' title='bbox 890 2575 939 2609; x_wconf 87' lang='grc' dir='ltr'>τ.).</span> 
     </span>
    </p>
   </div>
   <div class='ocr_carea' id='block_1_9' title="bbox 1186 340 1936 1926">
    <p class='ocr_par' dir='ltr' id='par_1_29' title="bbox 1186 340 1921 849">
     <span class='ocr_line' id='line_1_56' title="bbox 1187 340 1917 384; baseline -0.003 -10"><span class='ocrx_word' id='word_1_282' title='bbox 1187 342 1335 374; x_wconf 84' lang='lat' dir='ltr'><strong>sectionis</strong></span> <span class='ocrx_word' id='word_1_283' title='bbox 1359 346 1506 384; x_wconf 89' lang='lat' dir='ltr'><strong>tempore</strong></span> <span class='ocrx_word' id='word_1_284' title='bbox 1531 351 1566 374; x_wconf 90' lang='lat' dir='ltr'><strong>se</strong></span> <span class='ocrx_word' id='word_1_285' title='bbox 1589 346 1713 384; x_wconf 84' lang='lat' dir='ltr'><strong>gerant,</strong></span> <span class='ocrx_word' id='word_1_286' title='bbox 1749 345 1785 373; x_wconf 87' lang='lat' dir='ltr'><strong>ut</strong></span> <span class='ocrx_word' id='word_1_287' title='bbox 1806 340 1917 384; x_wconf 88' lang='lat' dir='ltr'><strong>potius</strong></span> 
     </span>
     <span class='ocr_line' id='line_1_57' title="bbox 1187 393 1919 436; baseline 0.001 -11"><span class='ocrx_word' id='word_1_288' title='bbox 1187 405 1257 427; x_wconf 85' lang='lat' dir='ltr'><strong>cum</strong></span> <span class='ocrx_word' id='word_1_289' title='bbox 1283 394 1411 427; x_wconf 84' lang='lat' dir='ltr'><strong>Christo</strong></span> <span class='ocrx_word' id='word_1_290' title='bbox 1444 394 1626 428; x_wconf 84' lang='lat' dir='ltr'><strong>dilectionis</strong></span> <span class='ocrx_word' id='word_1_291' title='bbox 1657 393 1795 427; x_wconf 90' lang='lat' dir='ltr'><strong>vinculis</strong></span> <span class='ocrx_word' id='word_1_292' title='bbox 1818 393 1919 436; x_wconf 87' lang='lat' dir='ltr'><strong>capti-</strong></span> 
     </span>
     <span class='ocr_line' id='line_1_58' title="bbox 1186 447 1918 490; baseline 0 -11"><span class='ocrx_word' id='word_1_293' title='bbox 1186 458 1255 480; x_wconf 87' lang='lat' dir='ltr'><strong>vam</strong></span> <span class='ocrx_word' id='word_1_294' title='bbox 1274 447 1393 480; x_wconf 84' lang='lat' dir='ltr'><strong>ducere</strong></span> <span class='ocrx_word' id='word_1_295' title='bbox 1418 447 1646 490; x_wconf 82' lang='lat' dir='ltr'><strong>captivitatem,</strong></span> <span class='ocrx_word' id='word_1_296' title='bbox 1664 457 1759 490; x_wconf 90' lang='lat' dir='ltr'><strong>quam</strong></span> <span class='ocrx_word' id='word_1_297' title='bbox 1782 447 1918 479; x_wconf 86' lang='lat' dir='ltr'><strong>liberam</strong></span> 
     </span>
     <span class='ocr_line' id='line_1_59' title="bbox 1187 499 1920 542; baseline -0.001 -10"><span class='ocrx_word' id='word_1_298' title='bbox 1187 504 1392 532; x_wconf 83' lang='lat' dir='ltr'><strong>censeantur.</strong></span> <span class='ocrx_word' id='word_1_299' title='bbox 1418 499 1499 542; x_wconf 85' lang='lat' dir='ltr'><strong>Ipsis</strong></span> <span class='ocrx_word' id='word_1_300' title='bbox 1528 504 1637 532; x_wconf 85' lang='lat' dir='ltr'><strong>autem</strong></span> <span class='ocrx_word' id='word_1_301' title='bbox 1666 499 1699 532; x_wconf 89' lang='lat' dir='ltr'><strong>in</strong></span> <span class='ocrx_word' id='word_1_302' title='bbox 1732 499 1920 542; x_wconf 84' lang='lat' dir='ltr'><strong>regionibus</strong></span> 
     </span>
     <span class='ocr_line' id='line_1_60' title="bbox 1188 552 1921 595; baseline 0 -11"><span class='ocrx_word' id='word_1_303' title='bbox 1188 552 1332 585; x_wconf 79' lang='lat' dir='ltr'><strong>fidelium</strong></span> <span class='ocrx_word' id='word_1_304' title='bbox 1352 552 1546 593; x_wconf 88' lang='lat' dir='ltr'><strong>constitutis,</strong></span> <span class='ocrx_word' id='word_1_305' title='bbox 1561 552 1760 595; x_wconf 89' lang='lat' dir='ltr'><strong>ubicumque</strong></span> <span class='ocrx_word' id='word_1_306' title='bbox 1785 562 1921 585; x_wconf 89' lang='lat' dir='ltr'><strong>conven-</strong></span> 
     </span>
     <span class='ocr_line' id='line_1_61' title="bbox 1189 604 1921 644; baseline 0 -7"><span class='ocrx_word' id='word_1_307' title='bbox 1189 610 1238 637; x_wconf 90' lang='lat' dir='ltr'><strong>tus</strong></span> <span class='ocrx_word' id='word_1_308' title='bbox 1263 604 1392 638; x_wconf 87' lang='lat' dir='ltr'><strong>Ordinis</strong></span> <span class='ocrx_word' id='word_1_309' title='bbox 1415 609 1574 644; x_wconf 84' lang='lat' dir='ltr'><strong>occurrat,</strong></span> <span class='ocrx_word' id='word_1_310' title='bbox 1600 604 1625 637; x_wconf 92' lang='lat' dir='ltr'><strong>si</strong></span> <span class='ocrx_word' id='word_1_311' title='bbox 1649 604 1735 637; x_wconf 83' lang='lat' dir='ltr'><strong>iuxta</strong></span> <span class='ocrx_word' id='word_1_312' title='bbox 1759 604 1849 637; x_wconf 90' lang='lat' dir='ltr'><strong>urbis</strong></span> <span class='ocrx_word' id='word_1_313' title='bbox 1871 605 1921 638; x_wconf 88' lang='lat' dir='ltr'><strong>vel</strong></span> 
     </span>
     <span class='ocr_line' id='line_1_62' title="bbox 1189 656 1918 701; baseline 0 -11"><span class='ocrx_word' id='word_1_314' title='bbox 1189 656 1253 690; x_wconf 80' lang='lat' dir='ltr'><strong>loci</strong></span> <span class='ocrx_word' id='word_1_315' title='bbox 1277 656 1505 700; x_wconf 89' lang='lat' dir='ltr'><strong>praestantiam</strong></span> <span class='ocrx_word' id='word_1_316' title='bbox 1519 657 1625 700; x_wconf 88' lang='lat' dir='ltr'><strong>possit</strong></span> <span class='ocrx_word' id='word_1_317' title='bbox 1648 657 1831 701; x_wconf 87' lang='lat' dir='ltr'><strong>redemptio</strong></span> <span class='ocrx_word' id='word_1_318' title='bbox 1855 667 1918 690; x_wconf 86' lang='lat' dir='ltr'><strong>sus·</strong></span> 
     </span>
     <span class='ocr_line' id='line_1_63' title="bbox 1189 709 1921 753; baseline 0 -11"><span class='ocrx_word' id='word_1_319' title='bbox 1189 709 1252 753; x_wconf 90' lang='lat' dir='ltr'><strong>cipi</strong></span> <span class='ocrx_word' id='word_1_320' title='bbox 1277 709 1468 743; x_wconf 88' lang='lat' dir='ltr'><strong>solemniter</strong></span> <span class='ocrx_word' id='word_1_321' title='bbox 1499 714 1532 743; x_wconf 89' lang='lat' dir='ltr'><strong>et</strong></span> <span class='ocrx_word' id='word_1_322' title='bbox 1564 719 1637 742; x_wconf 92' lang='lat' dir='ltr'><strong>cum</strong></span> <span class='ocrx_word' id='word_1_323' title='bbox 1659 710 1872 753; x_wconf 85' lang='lat' dir='ltr'><strong>processione</strong></span> <span class='ocrx_word' id='word_1_324' title='bbox 1892 715 1921 743; x_wconf 88' lang='lat' dir='ltr'><strong>et</strong></span> 
     </span>
     <span class='ocr_line' id='line_1_64' title="bbox 1190 762 1918 809; baseline 0.001 -14"><span class='ocrx_word' id='word_1_325' title='bbox 1190 763 1347 796; x_wconf 89' lang='lat' dir='ltr'><strong>concione</strong></span> <span class='ocrx_word' id='word_1_326' title='bbox 1368 763 1407 796; x_wconf 92' lang='lat' dir='ltr'><strong>ad</strong></span> <span class='ocrx_word' id='word_1_327' title='bbox 1423 764 1590 806; x_wconf 89' lang='lat' dir='ltr'><strong>populum,</strong></span> <span class='ocrx_word' id='word_1_328' title='bbox 1607 763 1699 796; x_wconf 91' lang='lat' dir='ltr'><strong>nullo</strong></span> <span class='ocrx_word' id='word_1_329' title='bbox 1717 762 1815 797; x_wconf 91' lang='lat' dir='ltr'><strong>modo</strong></span> <span class='ocrx_word' id='word_1_330' title='bbox 1831 773 1918 809; x_wconf 89' lang='lat' dir='ltr'><strong>prae·</strong></span> 
     </span>
     <span class='ocr_line' id='line_1_65' title="bbox 1192 815 1880 849; baseline -0.001 -1"><span class='ocrx_word' id='word_1_331' title='bbox 1192 816 1396 848; x_wconf 83' lang='lat' dir='ltr'><strong>termittatur.</strong></span> <span class='ocrx_word' id='word_1_332' title='bbox 1423 815 1537 848; x_wconf 87' lang='lat' dir='ltr'><strong>Forma</strong></span> <span class='ocrx_word' id='word_1_333' title='bbox 1562 821 1670 848; x_wconf 88' lang='lat' dir='ltr'><strong>autem</strong></span> <span class='ocrx_word' id='word_1_334' title='bbox 1695 815 1757 848; x_wconf 90' lang='lat' dir='ltr'><strong>erit</strong></span> <span class='ocrx_word' id='word_1_335' title='bbox 1779 815 1880 849; x_wconf 85' lang='lat' dir='ltr'><strong>haec:</strong></span> 
     </span>
    </p>

    <p class='ocr_par' dir='ltr' id='par_1_30' title="bbox 1193 867 1933 1545">
     <span class='ocr_line' id='line_1_66' title="bbox 1234 867 1924 910; baseline -0.003 -8"><span class='ocrx_word' id='word_1_336' title='bbox 1234 879 1270 902; x_wconf 85' lang='lat'><strong>11.</strong></span> <span class='ocrx_word' id='word_1_337' title='bbox 1297 868 1494 901; x_wconf 87' lang='lat' dir='ltr'><strong>Conveniant</strong></span> <span class='ocrx_word' id='word_1_338' title='bbox 1519 869 1633 901; x_wconf 83' lang='lat' dir='ltr'><strong>fratres</strong></span> <span class='ocrx_word' id='word_1_339' title='bbox 1659 878 1729 901; x_wconf 88' lang='lat' dir='ltr'><strong>cum</strong></span> <span class='ocrx_word' id='word_1_340' title='bbox 1755 867 1866 910; x_wconf 86' lang='lat' dir='ltr'><strong>cappis</strong></span> <span class='ocrx_word' id='word_1_341' title='bbox 1886 868 1924 900; x_wconf 88' lang='lat' dir='ltr'><strong>ad</strong></span> 
     </span>
     <span class='ocr_line' id='line_1_67' title="bbox 1193 921 1919 964; baseline -0.004 -9"><span class='ocrx_word' id='word_1_342' title='bbox 1193 922 1375 962; x_wconf 89' lang='lat' dir='ltr'><strong>ecclesiam,</strong></span> <span class='ocrx_word' id='word_1_343' title='bbox 1412 921 1522 964; x_wconf 88' lang='lat' dir='ltr'><strong>ibique</strong></span> <span class='ocrx_word' id='word_1_344' title='bbox 1556 921 1846 964; x_wconf 86' lang='lat' dir='ltr'><strong>processionaliter</strong></span> <span class='ocrx_word' id='word_1_345' title='bbox 1875 930 1919 953; x_wconf 88' lang='lat' dir='ltr'><strong>or·</strong></span> 
     </span>
     <span class='ocr_line' id='line_1_68' title="bbox 1193 973 1914 1017; baseline -0.001 -11"><span class='ocrx_word' id='word_1_346' title='bbox 1193 974 1306 1014; x_wconf 85' lang='lat' dir='ltr'><strong>dinati,</strong></span> <span class='ocrx_word' id='word_1_347' title='bbox 1332 979 1364 1007; x_wconf 91' lang='lat' dir='ltr'><strong>et</strong></span> <span class='ocrx_word' id='word_1_348' title='bbox 1394 984 1490 1007; x_wconf 88' lang='lat' dir='ltr'><strong>cruce</strong></span> <span class='ocrx_word' id='word_1_349' title='bbox 1513 984 1585 1007; x_wconf 87' lang='lat' dir='ltr'><strong>cum</strong></span> <span class='ocrx_word' id='word_1_350' title='bbox 1617 973 1774 1017; x_wconf 83' lang='lat' dir='ltr'><strong>acolythis</strong></span> <span class='ocrx_word' id='word_1_351' title='bbox 1798 983 1914 1016; x_wconf 88' lang='lat' dir='ltr'><strong>praece</strong></span> 
     </span>
     <span class='ocr_line' id='line_1_69' title="bbox 1194 1026 1914 1070; baseline -0.001 -12"><span class='ocrx_word' id='word_1_352' title='bbox 1194 1028 1302 1067; x_wconf 85' lang='lat' dir='ltr'><strong>dente,</strong></span> <span class='ocrx_word' id='word_1_353' title='bbox 1328 1033 1360 1060; x_wconf 91' lang='lat' dir='ltr'><strong>et</strong></span> <span class='ocrx_word' id='word_1_354' title='bbox 1390 1033 1547 1070; x_wconf 87' lang='lat' dir='ltr'><strong>sequente</strong></span> <span class='ocrx_word' id='word_1_355' title='bbox 1570 1026 1736 1059; x_wconf 84' lang='lat' dir='ltr'><strong>sacerdote</strong></span> <span class='ocrx_word' id='word_1_356' title='bbox 1760 1035 1833 1058; x_wconf 89' lang='lat' dir='ltr'><strong>cum</strong></span> <span class='ocrx_word' id='word_1_357' title='bbox 1857 1026 1914 1067; x_wconf 91' lang='lat' dir='ltr'><strong>plu</strong></span> 
     </span>
     <span class='ocr_line' id='line_1_70' title="bbox 1193 1077 1928 1121; baseline -0.003 -9"><span class='ocrx_word' id='word_1_358' title='bbox 1193 1080 1267 1112; x_wconf 82' lang='lat' dir='ltr'><strong>viali</strong></span> <span class='ocrx_word' id='word_1_359' title='bbox 1301 1080 1375 1112; x_wconf 89' lang='lat' dir='ltr'><strong>albo</strong></span> <span class='ocrx_word' id='word_1_360' title='bbox 1408 1084 1441 1111; x_wconf 93' lang='lat' dir='ltr'><strong>et</strong></span> <span class='ocrx_word' id='word_1_361' title='bbox 1474 1088 1569 1111; x_wconf 85' lang='lat' dir='ltr'><strong>cruce</strong></span> <span class='ocrx_word' id='word_1_362' title='bbox 1593 1079 1689 1121; x_wconf 72' lang='lat' dir='ltr'><strong>parva</strong></span> <span class='ocrx_word' id='word_1_363' title='bbox 1712 1077 1746 1110; x_wconf 91' lang='lat' dir='ltr'><strong>in</strong></span> <span class='ocrx_word' id='word_1_364' title='bbox 1769 1077 1928 1117; x_wconf 86' lang='lat' dir='ltr'><strong>manibus,</strong></span> 
     </span>
     <span class='ocr_line' id='line_1_71' title="bbox 1195 1131 1928 1170; baseline -0.003 -5"><span class='ocrx_word' id='word_1_365' title='bbox 1195 1132 1349 1165; x_wconf 84' lang='lat' dir='ltr'><strong>accedant</strong></span> <span class='ocrx_word' id='word_1_366' title='bbox 1361 1133 1400 1165; x_wconf 90' lang='lat' dir='ltr'><strong>ad</strong></span> <span class='ocrx_word' id='word_1_367' title='bbox 1418 1131 1546 1164; x_wconf 88' lang='lat' dir='ltr'><strong>ianuam</strong></span> <span class='ocrx_word' id='word_1_368' title='bbox 1561 1131 1737 1170; x_wconf 89' lang='lat' dir='ltr'><strong>ecclesiae;</strong></span> <span class='ocrx_word' id='word_1_369' title='bbox 1753 1131 1819 1170; x_wconf 81' lang='lat' dir='ltr'><strong>ubi,</strong></span> <span class='ocrx_word' id='word_1_370' title='bbox 1832 1131 1928 1163; x_wconf 91' lang='lat' dir='ltr'><strong>simul</strong></span> 
     </span>
     <span class='ocr_line' id='line_1_72' title="bbox 1196 1182 1930 1227; baseline -0.004 -9"><span class='ocrx_word' id='word_1_371' title='bbox 1196 1185 1342 1218; x_wconf 89' lang='lat' dir='ltr'><strong>omnibus</strong></span> <span class='ocrx_word' id='word_1_372' title='bbox 1359 1183 1621 1223; x_wconf 81' lang='lat' dir='ltr'><strong>consistentibus,</strong></span> <span class='ocrx_word' id='word_1_373' title='bbox 1640 1184 1865 1227; x_wconf 84' lang='lat' dir='ltr'><strong>redemptores</strong></span> <span class='ocrx_word' id='word_1_374' title='bbox 1882 1182 1930 1215; x_wconf 92' lang='lat' dir='ltr'><strong>in-</strong></span> 
     </span>
     <span class='ocr_line' id='line_1_73' title="bbox 1196 1235 1929 1281; baseline -0.005 -9"><span class='ocrx_word' id='word_1_375' title='bbox 1196 1239 1398 1281; x_wconf 78' lang='lat' dir='ltr'><strong>grediantur,</strong></span> <span class='ocrx_word' id='word_1_376' title='bbox 1411 1243 1444 1271; x_wconf 90' lang='lat' dir='ltr'><strong>et</strong></span> <span class='ocrx_word' id='word_1_377' title='bbox 1459 1237 1618 1281; x_wconf 81' lang='lat' dir='ltr'><strong>genuflexi</strong></span> <span class='ocrx_word' id='word_1_378' title='bbox 1635 1242 1708 1270; x_wconf 89' lang='lat' dir='ltr'><strong>ante</strong></span> <span class='ocrx_word' id='word_1_379' title='bbox 1730 1235 1929 1269; x_wconf 85' lang='lat' dir='ltr'><strong>sacerdotem</strong></span> 
     </span>
     <span class='ocr_line' id='line_1_74' title="bbox 1196 1290 1930 1332; baseline -0.005 -7"><span class='ocrx_word' id='word_1_380' title='bbox 1196 1293 1334 1325; x_wconf 85' lang='lat' dir='ltr'><strong>adorent</strong></span> <span class='ocrx_word' id='word_1_381' title='bbox 1356 1302 1484 1324; x_wconf 86' lang='lat' dir='ltr'><strong>crucem</strong></span> <span class='ocrx_word' id='word_1_382' title='bbox 1506 1291 1545 1324; x_wconf 88' lang='lat' dir='ltr'><strong>de</strong></span> <span class='ocrx_word' id='word_1_383' title='bbox 1570 1301 1665 1323; x_wconf 83' lang='lat' dir='ltr'><strong>manu</strong></span> <span class='ocrx_word' id='word_1_384' title='bbox 1690 1290 1768 1330; x_wconf 88' lang='lat' dir='ltr'><strong>eius,</strong></span> <span class='ocrx_word' id='word_1_385' title='bbox 1794 1295 1825 1322; x_wconf 87' lang='lat' dir='ltr'><strong>et</strong></span> <span class='ocrx_word' id='word_1_386' title='bbox 1848 1291 1930 1332; x_wconf 74' lang='lat' dir='ltr'><strong>aqua</strong></span> 
     </span>
     <span class='ocr_line' id='line_1_75' title="bbox 1196 1334 1931 1387; baseline -0.005 -9"><span class='ocrx_word' id='word_1_387' title='bbox 1196 1345 1370 1379; x_wconf 75' lang='lat' dir='ltr'><strong>benedicta</strong></span> <span class='ocrx_word' id='word_1_388' title='bbox 1382 1334 1612 1387; x_wconf 66' lang='lat' dir='ltr'><strong>aspergantur3</strong></span> <span class='ocrx_word' id='word_1_389' title='bbox 1628 1348 1782 1386; x_wconf 89' lang='lat' dir='ltr'><strong>etpostea</strong></span> <span class='ocrx_word' id='word_1_390' title='bbox 1797 1343 1931 1385; x_wconf 86' lang='lat' dir='ltr'><strong>incipiat</strong></span> 
     </span>
     <span class='ocr_line' id='line_1_76' title="bbox 1198 1396 1929 1442; baseline -0.005 -11"><span class='ocrx_word' id='word_1_391' title='bbox 1198 1399 1427 1442; x_wconf 83' lang='lat' dir='ltr'><strong>antiphonam:</strong></span> <span class='ocrx_word' id='word_1_392' title='bbox 1464 1397 1548 1429; x_wconf 77' lang='lat' dir='ltr'><strong>Vivit</strong></span> <span class='ocrx_word' id='word_1_393' title='bbox 1576 1396 1754 1435; x_wconf 78' lang='lat' dir='ltr'><strong>Domimes,·</strong></span> <span class='ocrx_word' id='word_1_394' title='bbox 1783 1400 1929 1428; x_wconf 84' lang='lat' dir='ltr'><strong>cantores</strong></span> 
     </span>
     <span class='ocr_line' id='line_1_77' title="bbox 1198 1448 1933 1492; baseline -0.005 -8"><span class='ocrx_word' id='word_1_395' title='bbox 1198 1458 1305 1484; x_wconf 86' lang='lat' dir='ltr'><strong>antem</strong></span> <span class='ocrx_word' id='word_1_396' title='bbox 1323 1451 1474 1483; x_wconf 86' lang='lat' dir='ltr'><strong>intonent</strong></span> <span class='ocrx_word' id='word_1_397' title='bbox 1491 1450 1649 1492; x_wconf 83' lang='lat' dir='ltr'><strong>psalmum</strong></span> <span class='ocrx_word' id='word_1_398' title='bbox 1668 1458 1756 1487; x_wconf 82' lang='lat' dir='ltr'><strong>cxxv,</strong></span> <span class='ocrx_word' id='word_1_399' title='bbox 1773 1458 1869 1491; x_wconf 86' lang='lat' dir='ltr'><strong>quem</strong></span> <span class='ocrx_word' id='word_1_400' title='bbox 1888 1448 1933 1480; x_wconf 88' lang='lat' dir='ltr'><strong>al-</strong></span> 
     </span>
     <span class='ocr_line' id='line_1_78' title="bbox 1199 1503 1754 1545; baseline -0.007 -8"><span class='ocrx_word' id='word_1_401' title='bbox 1199 1504 1356 1537; x_wconf 79' lang='lat' dir='ltr'><strong>ternando</strong></span> <span class='ocrx_word' id='word_1_402' title='bbox 1380 1503 1501 1536; x_wconf 83' lang='lat' dir='ltr'><strong>chorus</strong></span> <span class='ocrx_word' id='word_1_403' title='bbox 1524 1507 1754 1545; x_wconf 83' lang='lat' dir='ltr'><strong>prosequatur.</strong></span> 
     </span>
    </p>

    <p class='ocr_par' dir='ltr' id='par_1_31' title="bbox 1200 1553 1931 1635">
     <span class='ocr_line' id='line_1_79' title="bbox 1238 1553 1931 1593; baseline -0.006 -7"><span class='ocrx_word' id='word_1_404' title='bbox 1238 1557 1270 1587; x_wconf 93' lang='lat' dir='ltr'><strong>In</strong></span> <span class='ocrx_word' id='word_1_405' title='bbox 1285 1556 1481 1586; x_wconf 82' lang='lat' dir='ltr'><strong>convertendo</strong></span> <span class='ocrx_word' id='word_1_406' title='bbox 1495 1555 1634 1585; x_wconf 87' lang='lat' dir='ltr'><strong>Dominus</strong></span> <span class='ocrx_word' id='word_1_407' title='bbox 1645 1554 1842 1593; x_wconf 81' lang='lat' dir='ltr'><strong>captivitatem</strong></span> <span class='ocrx_word' id='word_1_408' title='bbox 1850 1553 1931 1593; x_wconf 86' lang='lat' dir='ltr'><strong>Sion,</strong></span> 
     </span>
     <span class='ocr_line' id='line_1_80' title="bbox 1200 1603 1657 1635; baseline -0.007 0"><span class='ocrx_word' id='word_1_409' title='bbox 1200 1607 1265 1635; x_wconf 85' lang='lat' dir='ltr'><strong>sacti</strong></span> <span class='ocrx_word' id='word_1_410' title='bbox 1286 1614 1386 1635; x_wconf 83' lang='lat' dir='ltr'><strong>sumus</strong></span> <span class='ocrx_word' id='word_1_411' title='bbox 1409 1604 1484 1634; x_wconf 86' lang='lat' dir='ltr'><strong>sicut</strong></span> <span class='ocrx_word' id='word_1_412' title='bbox 1504 1603 1657 1633; x_wconf 87' lang='lat' dir='ltr'><strong>consolati.</strong></span> 
     </span>
    </p>

    <p class='ocr_par' dir='ltr' id='par_1_32' title="bbox 1201 1650 1934 1740">
     <span class='ocr_line' id='line_1_81' title="bbox 1239 1650 1934 1692; baseline -0.004 -9"><span class='ocrx_word' id='word_1_413' title='bbox 1239 1653 1318 1683; x_wconf 85' lang='lat' dir='ltr'><strong>Tunc</strong></span> <span class='ocrx_word' id='word_1_414' title='bbox 1339 1653 1483 1692; x_wconf 82' lang='lat' dir='ltr'><strong>repletum</strong></span> <span class='ocrx_word' id='word_1_415' title='bbox 1505 1656 1548 1681; x_wconf 88' lang='lat' dir='ltr'><strong>est</strong></span> <span class='ocrx_word' id='word_1_416' title='bbox 1571 1650 1675 1689; x_wconf 73' lang='lat' dir='ltr'><strong>gaudio</strong></span> <span class='ocrx_word' id='word_1_417' title='bbox 1692 1660 1724 1681; x_wconf 89' lang='lat' dir='ltr'><strong>os</strong></span> <span class='ocrx_word' id='word_1_418' title='bbox 1745 1655 1889 1687; x_wconf 69' lang='lat' dir='ltr'><strong>nom-um,</strong></span> <span class='ocrx_word' id='word_1_419' title='bbox 1906 1654 1934 1680; x_wconf 87' lang='lat' dir='ltr'><strong>et</strong></span> 
     </span>
     <span class='ocr_line' id='line_1_82' title="bbox 1201 1700 1631 1740; baseline -0.002 -9"><span class='ocrx_word' id='word_1_420' title='bbox 1201 1702 1298 1740; x_wconf 68' lang='lat' dir='ltr'><strong>lingua</strong></span> <span class='ocrx_word' id='word_1_421' title='bbox 1321 1705 1417 1731; x_wconf 82' lang='lat' dir='ltr'><strong>nostra</strong></span> <span class='ocrx_word' id='word_1_422' title='bbox 1441 1700 1631 1730; x_wconf 73' lang='lat' dir='ltr'><strong>exultatione.</strong></span> 
     </span>
    </p>

    <p class='ocr_par' dir='ltr' id='par_1_33' title="bbox 1202 1747 1936 1829">
     <span class='ocr_line' id='line_1_83' title="bbox 1241 1747 1936 1787; baseline -0.003 -8"><span class='ocrx_word' id='word_1_423' title='bbox 1241 1750 1321 1780; x_wconf 90' lang='lat' dir='ltr'><strong>Tunc</strong></span> <span class='ocrx_word' id='word_1_424' title='bbox 1353 1750 1451 1779; x_wconf 84' lang='lat' dir='ltr'><strong>dicent</strong></span> <span class='ocrx_word' id='word_1_425' title='bbox 1483 1749 1561 1778; x_wconf 87' lang='lat' dir='ltr'><strong>inter</strong></span> <span class='ocrx_word' id='word_1_426' title='bbox 1592 1753 1708 1787; x_wconf 78' lang='lat' dir='ltr'><strong>gentes:</strong></span> <span class='ocrx_word' id='word_1_427' title='bbox 1738 1747 1936 1786; x_wconf 84' lang='lat' dir='ltr'><strong>magnificavit</strong></span> 
     </span>
     <span class='ocr_line' id='line_1_84' title="bbox 1202 1797 1617 1829; baseline -0.01 0"><span class='ocrx_word' id='word_1_428' title='bbox 1202 1799 1339 1829; x_wconf 86' lang='lat' dir='ltr'><strong>Dominus</strong></span> <span class='ocrx_word' id='word_1_429' title='bbox 1360 1799 1455 1828; x_wconf 85' lang='lat' dir='ltr'><strong>facere</strong></span> <span class='ocrx_word' id='word_1_430' title='bbox 1477 1806 1542 1827; x_wconf 91' lang='lat' dir='ltr'><strong>cum</strong></span> <span class='ocrx_word' id='word_1_431' title='bbox 1564 1797 1617 1826; x_wconf 77' lang='lat' dir='ltr'><strong>eis.</strong></span> 
     </span>
    </p>

    <p class='ocr_par' dir='ltr' id='par_1_34' title="bbox 1203 1844 1933 1926">
     <span class='ocr_line' id='line_1_85' title="bbox 1241 1844 1933 1886; baseline -0.006 -9"><span class='ocrx_word' id='word_1_432' title='bbox 1241 1847 1435 1886; x_wconf 76' lang='lat' dir='ltr'><strong>Magnificavit</strong></span> <span class='ocrx_word' id='word_1_433' title='bbox 1465 1846 1603 1876; x_wconf 89' lang='lat' dir='ltr'><strong>Dominus</strong></span> <span class='ocrx_word' id='word_1_434' title='bbox 1638 1845 1733 1875; x_wconf 86' lang='lat' dir='ltr'><strong>facere</strong></span> <span class='ocrx_word' id='word_1_435' title='bbox 1764 1844 1933 1874; x_wconf 87' lang='lat' dir='ltr'><strong>nobiscum:</strong></span> 
     </span>
     <span class='ocr_line' id='line_1_86' title="bbox 1203 1897 1562 1926; baseline -0.008 0"><span class='ocrx_word' id='word_1_436' title='bbox 1203 1897 1270 1926; x_wconf 87' lang='lat' dir='ltr'><strong>facti</strong></span> <span class='ocrx_word' id='word_1_437' title='bbox 1291 1905 1390 1925; x_wconf 88' lang='lat' dir='ltr'><strong>sumus</strong></span> <span class='ocrx_word' id='word_1_438' title='bbox 1414 1898 1562 1925; x_wconf 84' lang='lat' dir='ltr'><strong>laetantes.</strong></span> 
     </span>
    </p>
   </div>
   <div class='ocr_carea' id='block_1_10' title="bbox 1203 1942 1938 2598">
    <p class='ocr_par' dir='ltr' id='par_1_35' title="bbox 1203 1942 1934 2023">
     <span class='ocr_line' id='line_1_87' title="bbox 1243 1942 1934 1983; baseline -0.006 -8"><span class='ocrx_word' id='word_1_439' title='bbox 1243 1945 1382 1975; x_wconf 86' lang='lat' dir='ltr'><strong>Converte</strong></span> <span class='ocrx_word' id='word_1_440' title='bbox 1397 1969 1403 1982; x_wconf 83' lang='lat'><strong>,</strong></span> <span class='ocrx_word' id='word_1_441' title='bbox 1426 1943 1563 1980; x_wconf 87' lang='lat' dir='ltr'><strong>Domine,</strong></span> <span class='ocrx_word' id='word_1_442' title='bbox 1580 1942 1778 1983; x_wconf 85' lang='lat' dir='ltr'><strong>captivitatem</strong></span> <span class='ocrx_word' id='word_1_443' title='bbox 1793 1945 1934 1980; x_wconf 88' lang='lat' dir='ltr'><strong>nostram,</strong></span> 
     </span>
     <span class='ocr_line' id='line_1_88' title="bbox 1203 1992 1599 2023; baseline -0.005 -1"><span class='ocrx_word' id='word_1_444' title='bbox 1203 1993 1279 2023; x_wconf 89' lang='lat' dir='ltr'><strong>sicut</strong></span> <span class='ocrx_word' id='word_1_445' title='bbox 1300 1997 1415 2022; x_wconf 88' lang='lat' dir='ltr'><strong>torrens</strong></span> <span class='ocrx_word' id='word_1_446' title='bbox 1438 1992 1467 2021; x_wconf 92' lang='lat' dir='ltr'><strong>in</strong></span> <span class='ocrx_word' id='word_1_447' title='bbox 1489 1994 1599 2021; x_wconf 87' lang='lat' dir='ltr'><strong>austro.</strong></span> 
     </span>
    </p>

    <p class='ocr_par' dir='ltr' id='par_1_36' title="bbox 1204 2038 1937 2118">
     <span class='ocr_line' id='line_1_89' title="bbox 1243 2038 1937 2079; baseline -0.006 -8"><span class='ocrx_word' id='word_1_448' title='bbox 1243 2041 1297 2077; x_wconf 84' lang='lat' dir='ltr'><strong>Qui</strong></span> <span class='ocrx_word' id='word_1_449' title='bbox 1319 2041 1465 2071; x_wconf 89' lang='lat' dir='ltr'><strong>seminant</strong></span> <span class='ocrx_word' id='word_1_450' title='bbox 1485 2040 1516 2070; x_wconf 91' lang='lat' dir='ltr'><strong>in</strong></span> <span class='ocrx_word' id='word_1_451' title='bbox 1537 2040 1685 2079; x_wconf 82' lang='lat' dir='ltr'><strong>lacrymis,</strong></span> <span class='ocrx_word' id='word_1_452' title='bbox 1708 2039 1738 2069; x_wconf 92' lang='lat' dir='ltr'><strong>in</strong></span> <span class='ocrx_word' id='word_1_453' title='bbox 1760 2038 1937 2069; x_wconf 85' lang='lat' dir='ltr'><strong>exultatione</strong></span> 
     </span>
     <span class='ocr_line' id='line_1_90' title="bbox 1204 2091 1329 2118; baseline -0.008 0"><span class='ocrx_word' id='word_1_454' title='bbox 1204 2091 1329 2118; x_wconf 87' lang='lat' dir='ltr'><strong>metent.</strong></span> 
     </span>
    </p>

    <p class='ocr_par' dir='ltr' id='par_1_37' title="bbox 1204 2133 1937 2216">
     <span class='ocr_line' id='line_1_91' title="bbox 1243 2133 1937 2171; baseline -0.004 -5"><span class='ocrx_word' id='word_1_455' title='bbox 1243 2136 1351 2166; x_wconf 87' lang='lat' dir='ltr'><strong>Euntes</strong></span> <span class='ocrx_word' id='word_1_456' title='bbox 1372 2135 1452 2165; x_wconf 87' lang='lat' dir='ltr'><strong>ibant</strong></span> <span class='ocrx_word' id='word_1_457' title='bbox 1474 2139 1502 2165; x_wconf 89' lang='lat' dir='ltr'><strong>et</strong></span> <span class='ocrx_word' id='word_1_458' title='bbox 1519 2133 1637 2171; x_wconf 85' lang='lat' dir='ltr'><strong>flebant,</strong></span> <span class='ocrx_word' id='word_1_459' title='bbox 1654 2133 1806 2164; x_wconf 88' lang='lat' dir='ltr'><strong>mittentes</strong></span> <span class='ocrx_word' id='word_1_460' title='bbox 1824 2133 1937 2163; x_wconf 87' lang='lat' dir='ltr'><strong>semina</strong></span> 
     </span>
     <span class='ocr_line' id='line_1_92' title="bbox 1204 2195 1267 2216; baseline 0 -1"><span class='ocrx_word' id='word_1_461' title='bbox 1204 2195 1267 2216; x_wconf 90' lang='lat' dir='ltr'><strong>sua.</strong></span> 
     </span>
    </p>

    <p class='ocr_par' dir='ltr' id='par_1_38' title="bbox 1205 2229 1937 2319">
     <span class='ocr_line' id='line_1_93' title="bbox 1243 2229 1935 2267; baseline -0.004 -4"><span class='ocrx_word' id='word_1_462' title='bbox 1243 2233 1398 2263; x_wconf 89' lang='lat' dir='ltr'><strong>Venientes</strong></span> <span class='ocrx_word' id='word_1_463' title='bbox 1412 2235 1510 2262; x_wconf 86' lang='lat' dir='ltr'><strong>autem</strong></span> <span class='ocrx_word' id='word_1_464' title='bbox 1527 2231 1645 2261; x_wconf 90' lang='lat' dir='ltr'><strong>venient</strong></span> <span class='ocrx_word' id='word_1_465' title='bbox 1663 2239 1729 2260; x_wconf 90' lang='lat' dir='ltr'><strong>cum</strong></span> <span class='ocrx_word' id='word_1_466' title='bbox 1745 2229 1935 2267; x_wconf 84' lang='lat' dir='ltr'><strong>exultatione,</strong></span> 
     </span>
     <span class='ocr_line' id='line_1_94' title="bbox 1205 2275 1937 2319; baseline -0.007 -9"><span class='ocrx_word' id='word_1_467' title='bbox 1205 2284 1351 2319; x_wconf 83' lang='lat' dir='ltr'><strong>portantes</strong></span> <span class='ocrx_word' id='word_1_468' title='bbox 1373 2278 1536 2317; x_wconf 86' lang='lat' dir='ltr'><strong>manipulos</strong></span> <span class='ocrx_word' id='word_1_469' title='bbox 1557 2286 1636 2306; x_wconf 85' lang='lat' dir='ltr'><strong>suos.</strong></span> <span class='ocrx_word' id='word_1_470' title='bbox 1661 2276 1755 2306; x_wconf 82' lang='lat' dir='ltr'><strong>Gloria</strong></span> <span class='ocrx_word' id='word_1_471' title='bbox 1776 2275 1869 2313; x_wconf 78' lang='lat' dir='ltr'><strong>Patri,</strong></span> <span class='ocrx_word' id='word_1_472' title='bbox 1887 2279 1937 2306; x_wconf 83' lang='lat' dir='ltr'><strong>etc.</strong></span> 
     </span>
    </p>

    <p class='ocr_par' dir='ltr' id='par_1_39' title="bbox 1249 2325 1847 2369">
     <span class='ocr_line' id='line_1_95' title="bbox 1249 2325 1847 2369; baseline -0.008 -8"><span class='ocrx_word' id='word_1_473' title='bbox 1249 2328 1316 2361; x_wconf 83' lang='lat' dir='ltr'><strong>Hoc</strong></span> <span class='ocrx_word' id='word_1_474' title='bbox 1338 2326 1429 2359; x_wconf 80' lang='lat' dir='ltr'><strong>finito</strong></span> <span class='ocrx_word' id='word_1_475' title='bbox 1454 2330 1621 2369; x_wconf 86' lang='lat' dir='ltr'><strong>repetatur</strong></span> <span class='ocrx_word' id='word_1_476' title='bbox 1645 2325 1847 2367; x_wconf 88' lang='lat' dir='ltr'><strong>antiphona:</strong></span> 
     </span>
    </p>

    <p class='ocr_par' dir='ltr' id='par_1_40' title="bbox 1205 2377 1938 2598">
     <span class='ocr_line' id='line_1_96' title="bbox 1244 2377 1938 2417; baseline -0.009 -6"><span class='ocrx_word' id='word_1_477' title='bbox 1244 2381 1320 2411; x_wconf 74' lang='lat' dir='ltr'><strong>vivit</strong></span> <span class='ocrx_word' id='word_1_478' title='bbox 1341 2379 1479 2410; x_wconf 90' lang='lat' dir='ltr'><strong>Dominus</strong></span> <span class='ocrx_word' id='word_1_479' title='bbox 1494 2378 1633 2417; x_wconf 85' lang='lat' dir='ltr'><strong>quoniam</strong></span> <span class='ocrx_word' id='word_1_480' title='bbox 1649 2377 1804 2407; x_wconf 87' lang='lat' dir='ltr'><strong>custodivit</strong></span> <span class='ocrx_word' id='word_1_481' title='bbox 1817 2385 1868 2406; x_wconf 88' lang='lat' dir='ltr'><strong>vos</strong></span> <span class='ocrx_word' id='word_1_482' title='bbox 1888 2385 1938 2406; x_wconf 87' lang='lat' dir='ltr'><strong>an-</strong></span> 
     </span>
     <span class='ocr_line' id='line_1_97' title="bbox 1205 2422 1936 2466; baseline -0.007 -9"><span class='ocrx_word' id='word_1_483' title='bbox 1205 2428 1286 2466; x_wconf 85' lang='lat' dir='ltr'><strong>gelus</strong></span> <span class='ocrx_word' id='word_1_484' title='bbox 1297 2427 1359 2456; x_wconf 90' lang='lat' dir='ltr'><strong>eius</strong></span> <span class='ocrx_word' id='word_1_485' title='bbox 1371 2430 1399 2455; x_wconf 90' lang='lat' dir='ltr'><strong>et</strong></span> <span class='ocrx_word' id='word_1_486' title='bbox 1410 2425 1477 2454; x_wconf 91' lang='lat' dir='ltr'><strong>hinc</strong></span> <span class='ocrx_word' id='word_1_487' title='bbox 1489 2427 1604 2459; x_wconf 81' lang='lat' dir='ltr'><strong>euntes,</strong></span> <span class='ocrx_word' id='word_1_488' title='bbox 1618 2428 1645 2453; x_wconf 91' lang='lat' dir='ltr'><strong>et</strong></span> <span class='ocrx_word' id='word_1_489' title='bbox 1660 2422 1701 2452; x_wconf 92' lang='lat' dir='ltr'><strong>ibi</strong></span> <span class='ocrx_word' id='word_1_490' title='bbox 1713 2426 1936 2459; x_wconf 81' lang='lat' dir='ltr'><strong>commorantes,</strong></span> 
     </span>
     <span class='ocr_line' id='line_1_98' title="bbox 1205 2469 1936 2505; baseline -0.008 -1"><span class='ocrx_word' id='word_1_491' title='bbox 1205 2479 1233 2504; x_wconf 89' lang='lat' dir='ltr'><strong>et</strong></span> <span class='ocrx_word' id='word_1_492' title='bbox 1250 2473 1317 2503; x_wconf 89' lang='lat' dir='ltr'><strong>inde</strong></span> <span class='ocrx_word' id='word_1_493' title='bbox 1333 2473 1389 2502; x_wconf 91' lang='lat' dir='ltr'><strong>huc</strong></span> <span class='ocrx_word' id='word_1_494' title='bbox 1403 2474 1594 2505; x_wconf 83' lang='lat' dir='ltr'><strong>revertentes,</strong></span> <span class='ocrx_word' id='word_1_495' title='bbox 1614 2474 1642 2499; x_wconf 91' lang='lat' dir='ltr'><strong>et</strong></span> <span class='ocrx_word' id='word_1_496' title='bbox 1657 2469 1804 2499; x_wconf 88' lang='lat' dir='ltr'><strong>revocavit</strong></span> <span class='ocrx_word' id='word_1_497' title='bbox 1820 2478 1870 2498; x_wconf 91' lang='lat' dir='ltr'><strong>vos</strong></span> <span class='ocrx_word' id='word_1_498' title='bbox 1885 2478 1936 2498; x_wconf 89' lang='lat' dir='ltr'><strong>no-</strong></span> 
     </span>
     <span class='ocr_line' id='line_1_99' title="bbox 1205 2515 1938 2558; baseline -0.008 -8"><span class='ocrx_word' id='word_1_499' title='bbox 1205 2521 1249 2550; x_wconf 88' lang='lat' dir='ltr'><strong>his</strong></span> <span class='ocrx_word' id='word_1_500' title='bbox 1264 2519 1422 2558; x_wconf 80' lang='lat' dir='ltr'><strong>gaudentes</strong></span> <span class='ocrx_word' id='word_1_501' title='bbox 1437 2517 1466 2546; x_wconf 93' lang='lat' dir='ltr'><strong>in</strong></span> <span class='ocrx_word' id='word_1_502' title='bbox 1484 2516 1602 2546; x_wconf 77' lang='lat' dir='ltr'><strong>victoria</strong></span> <span class='ocrx_word' id='word_1_503' title='bbox 1618 2517 1681 2553; x_wconf 76' lang='lat' dir='ltr'><strong>sua,</strong></span> <span class='ocrx_word' id='word_1_504' title='bbox 1700 2519 1728 2545; x_wconf 84' lang='lat' dir='ltr'><strong>et</strong></span> <span class='ocrx_word' id='word_1_505' title='bbox 1749 2515 1780 2545; x_wconf 91' lang='lat' dir='ltr'><strong>in</strong></span> <span class='ocrx_word' id='word_1_506' title='bbox 1801 2515 1938 2547; x_wconf 79' lang='lat' dir='ltr'><strong>evasione</strong></span> 
     </span>
     <span class='ocr_line' id='line_1_100' title="bbox 1205 2558 1570 2598; baseline -0.016 0"><span class='ocrx_word' id='word_1_507' title='bbox 1205 2571 1233 2598; x_wconf 89' lang='lat' dir='ltr'><strong>et</strong></span> <span class='ocrx_word' id='word_1_508' title='bbox 1254 2565 1429 2596; x_wconf 83' lang='lat' dir='ltr'><strong>liberatione</strong></span> <span class='ocrx_word' id='word_1_509' title='bbox 1450 2558 1570 2593; x_wconf 46' lang='lat' dir='ltr'><strong>vestra(</strong></span> 
     </span>
    </p>
   </div>
  </div>
 </body>
</html>
