2227 3225
141 239 198 286 >An,
219 258 247 283 C.
268 257 332 284 fflssl

939 256 1145 280 tNNoOENTtIJS
1174 257 1214 279 xtl
1242 258 1286 280 ΓΡ.

338 304 547 343 incurrenda,
566 309 615 344 ut,
638 305 768 348 quando
787 303 929 337 novitius
948 309 1082 337 vocatur

336 357 374 389 ad
401 357 638 400 professionem
672 356 934 400 suscipiendam,
967 361 1080 398 prote—

337 414 462 442 stentur
497 410 543 443 illi
576 421 641 443 non
677 420 747 442 esse
783 415 924 442 mentem
961 419 1072 441 eorum

336 467 512 494 conventus
553 473 613 495 nec
648 461 776 495 Ordinis
811 461 998 495 consentire
1035 461 1072 493 ad

336 514 447 557 ipsam,
467 515 492 547 si
515 515 746 558 contagiosam,
765 515 922 547 occultam
946 519 1000 545 aut
1025 513 1072 545 in-

336 567 514 600 curabilem
548 567 689 611 aliquam
722 567 950 605 infirmitatem,
982 565 1066 598 servi

337 625 450 661 tutem,
467 621 662 664 coniugium,
673 621 798 653 alienae
815 620 971 663 pecuniae
987 619 1071 653 ohli-

337 673 514 715 gassonem,
539 684 593 707 seu
613 684 715 717 genus
733 675 773 706 ab
799 673 951 706 hebraeis
981 682 1078 715 supra

336 731 483 767 quartam
510 726 606 759 etiam
633 727 893 769 generationem,
921 725 970 758 vel
995 735 1068 757 mau

337 778 391 817 ris,
410 778 476 812 sive
494 790 511 812 a
528 779 558 812 S.
585 779 796 822 Inquisitione
819 778 941 811 directe
961 779 1012 810 vel
1032 778 1077 810 in-

337 830 459 864 directe
487 831 561 864 fidei
586 834 681 865 causa
705 831 839 875 punitis,
859 836 914 864 aut
941 830 980 863 ab
1005 830 1075 862 aliis

336 883 640 927 quomodocumque
658 886 734 916 nota
751 883 922 917 dedecoris
947 883 1074 922 inustis,

336 936 502 976 celaverit,
528 937 602 969 dum
630 942 737 969 tamen
765 937 865 975 labes,
895 937 1020 968 macula
1045 941 1074 968 et

334 987 467 1021 infamia
487 990 619 1022 omnino
645 990 783 1022 extincta
800 999 865 1022 non
887 989 940 1021 sit.

378 1052 435 1074 vn.
467 1042 588 1075 Rursus
618 1043 817 1075 declaramus
836 1042 1074 1084 professionem

334 1094 367 1127 in
399 1094 519 1128 Ordine
553 1100 663 1127 nostro
694 1095 812 1127 debere
847 1105 979 1137 semper
1005 1094 1073 1127 fieri

334 1146 525 1179 solemniter
545 1148 575 1180 in
595 1147 741 1180 manibus
758 1147 904 1190 praelati.

378 1209 446 1233 v111.
490 1200 520 1232 Si
555 1201 594 1232 ab
627 1200 745 1232 Ordine
786 1205 898 1232 nostro
936 1199 1074 1233 novitius

334 1252 451 1296 aliquis
469 1253 678 1296 repellendus
694 1253 747 1291 sit,
766 1253 1074 1296 praelatus,exposi-

334 1307 364 1337 [ἐι
391 1305 484 1347 prius
513 1305 654 1348 capitulo
681 1308 776 1338 causa
805 1305 1016 1348 expulsionfs,
1034 1306 1073 1338 de
1095 1326 1096 1331 =

333 1357 470 1390 consilio
489 1358 590 1400 ipsius
610 1364 775 1390 tonsuram
792 1358 892 1397 radat,
912 1364 943 1390 et
960 1358 1072 1390 habitu

332 1409 422 1442 illum
441 1415 535 1442 exuat
552 1410 663 1442 dicens
681 1421 687 1441 z
710 1409 785 1451 Eyo,
804 1410 999 1442 attelort'tute
1012 1410 1073 1442 Do-

332 1461 418 1494 mini
441 1462 545 1494 nostri
568 1462 643 1495 Iesu
668 1462 792 1496 Cla-itti
823 1466 851 1494 et
882 1463 1073 1496 auctoritate

331 1515 550 1558 apostolorum
577 1515 669 1548 Petri
692 1519 720 1547 et
746 1515 849 1547 Pauli
880 1515 920 1547 ab
951 1514 1073 1549 Ordine

331 1568 417 1600 mihi
442 1567 575 1607 tradita,
595 1578 676 1600 etvuo
697 1572 724 1600 te
742 1567 857 1600 habitu
874 1569 1072 1601 novitiorum

330 1621 450 1653 nostri¹
479 1620 627 1661 Ordinis,
649 1625 679 1653 et
702 1621 742 1653 ab
761 1621 853 1653 illius
870 1621 1072 1655 observantie

332 1678 360 1706 te
383 1673 522 1713 absolvo,
536 1678 564 1706 et
588 1674 723 1706 restituo
745 1678 772 1705 te
797 1674 832 1705 in
851 1674 994 1716 priorem
1011 1679 1071 1707 sta-

331 1731 400 1760 tum
416 1727 616 1760 saecularem
633 1727 669 1759 in
682 1733 842 1770 quantum
859 1737 914 1770 eqo
931 1738 1067 1770 possum.

330 1780 372 1813 In
393 1781 524 1812 nomine
548 1779 672 1819 Patris,
699 1784 727 1812 et
756 1779 854 1820 Filii,
879 1785 908 1813 et
927 1780 1072 1824 Spiritus

330 1832 456 1866 Sancti.
483 1832 599 1866 Amen.

374 1895 415 1918 lx.
440 1884 665 1917 Verumtamen
690 1885 837 1927 praelato
863 1886 1069 1925 consulimus,

330 1949 371 1972 ne
396 1938 437 1971 sit
460 1938 581 1980 ubique
606 1937 709 1970 facilis
735 1938 767 1969 in
793 1939 995 1981 expellendis
1018 1950 1072 1973 no-

329 1990 436 2031 vitiis,
468 1999 529 2023 nec
559 1990 655 2022 nimis
681 1990 769 2033 pium
798 2001 831 2023 se
858 1992 1015 2034 praebeat
1039 1994 1094 2036 in}

328 2043 408 2087 ipsis
433 2042 623 2076 retinendis.
650 2041 707 2080 Qui
732 2048 852 2083 autem,
876 2044 1071 2086 frigescente
1092 2083 1094 2087 v

328 2095 507 2135 vocatione,
542 2095 680 2128 voluerit
709 2100 859 2138 repetere
891 2098 1069 2147 saeculum,

328 2159 396 2182 non
413 2148 521 2181 statim
541 2147 730 2187 dimittatur,
750 2148 855 2181 donee
871 2159 943 2181 eum
963 2150 1070 2193 aliquo
1092 2148 1093 2178 ἶ

328 2201 501 2235 interiecto
527 2207 671 2244 tempore
697 2201 740 2244 pii
767 2201 879 2234 fratres
898 2202 1071 2236 exhorten-

329 2260 389 2294 tur,
416 2259 462 2294 ut,
489 2254 517 2286 si
543 2254 625 2287 forte
649 2254 780 2287 levitate
805 2255 912 2297 aliqua
932 2256 979 2289 vel
1005 2256 1071 2289 dia-

328 2307 436 2340 bolica
469 2306 580 2339 fraude
616 2307 773 2350 deeeptus
798 2307 831 2339 in
856 2307 918 2340 hae
947 2309 1091 2350 cogita-2

1759 249 1821 282 ⁶230

1170 315 1198 337 x.
1225 304 1300 337 Cum
1327 313 1402 337 vero
1429 305 1457 337 in
1481 307 1534 337 sua
1556 306 1724 338 vocatione
1752 317 1862 348 perse-

1126 357 1295 397 veraverit,
1321 358 1404 390 intra
1423 358 1503 389 duos
1525 368 1650 390 menses
1670 360 1858 401 professioni

1125 409 1300 452 proximos,
1328 410 1561 453 proponendus
1587 416 1634 441 est
1659 421 1675 443 a
1702 412 1857 453 praelato.

1123 463 1276 505 capitulo,
1300 469 1335 494 ut
1360 473 1419 506 per
1440 463 1588 505 sutfragia
1606 470 1728 495 secreta
1749 464 1862 505 probe-

1125 519 1176 547 tur
1200 521 1253 547 aut
1278 516 1474 559 reprobetur
1497 516 1536 548 ad
1563 516 1674 555 illam·‚
1701 516 1790 559 prius
1817 522 1862 547 ta-

1124 579 1196 601 men
1215 568 1460 611 prooedendum
1479 574 1527 602 est
1544 569 1581 601 ad
1601 569 1861 602 informatioiwm

1122 627 1152 653 et
1177 621 1406 660 testimonium,
1433 622 1519 664 quod
1546 622 1585 653 de
1619 621 1706 654 illius
1741 622 1860 663 (etiam

1122 673 1216 716 laici)
1250 673 1418 706 habilitate
1452 680 1482 706 et
1507 674 1688 716 aptitudine
1726 674 1861 707 reddere

1121 726 1218 759 debet
1243 737 1350 759 eoram
1377 726 1518 769 capitulo
1544 726 1696 768 magister
1726 727 1861 759 novitio-

1120 789 1215 817 rum;
1242 779 1292 811 oui
1325 779 1539 822 praecipimus
1565 779 1596 812 in
1635 780 1750 813 virtute
1786 782 1861 813 obe-

1119 831 1271 869 dientiae,
1294 837 1336 869 ut,
1356 842 1434 874 quos
1461 838 1610 874 expertus
1636 832 1780 865 fueritin
1805 844 1861 866 no-

1119 883 1193 916 vitio
1216 884 1359 916 defectus
1384 884 1594 926 professionis
1621 885 1735 917 merito
1760 886 1860 918 refra-

1118 944 1237 977 gaules,
1252 936 1373 979 absque
1397 937 1465 969 ullo
1495 937 1600 970 studio
1626 937 1790 980 animique
1817 940 1861 970 af-

1118 989 1256 1022 fectione
1282 989 1474 1032 patefaciat:
1506 1000 1544 1022 an
1582 990 1672 1022 illum
1707 991 1860 1024 videlicet

1118 1043 1233 1075 durum
1259 1048 1290 1074 et
1315 1048 1500 1085 protervum
1526 1042 1558 1074 in
1583 1043 1769 1075 obedIendo
1803 1054 1860 1076 no-

1119 1095 1240 1134 taverit,
1262 1105 1301 1126 an
1327 1095 1512 1137 superbum,
1547 1096 1698 1135 rixosum,
1731 1096 1859 1139 inquie-

1118 1153 1183 1179 tum
1216 1153 1246 1180 et
1270 1148 1502 1180 seminatorem
1536 1148 1783 1188 discordiarum,
1817 1160 1857 1181 an

1117 1199 1295 1243 stupidum,
1324 1200 1436 1232 rudem
1462 1201 1649 1241 habentem,
1677 1212 1716 1233 an
1748 1213 1858 1244 eorpo-

1118 1252 1160 1284 ris
1187 1252 1379 1285 habitudine
1404 1254 1452 1285 vel
1479 1253 1597 1285 indolis
1618 1253 1772 1295 pravitate
1801 1255 1857 1286 ob-

1116 1305 1285 1337 servantiis
1311 1305 1514 1347 regularibus
1539 1305 1711 1338 adversum
1737 1308 1785 1339 vel
1812 1306 1858 1338 in-

1116 1356 1331 1395 commodum,
1351 1367 1390 1388 an
1417 1357 1501 1399 turpi
1524 1357 1599 1390 vitio
1623 1368 1640 1389 a
1666 1361 1781 1391 natura
1799 1369 1855 1391 seu

1115 1408 1296 1441 inveterata
1331 1409 1563 1442 consuetudine
1595 1410 1788 1449 subiectum,
1814 1412 1855 1443 ob

1115 1460 1252 1493 aliumve
1278 1470 1516 1504 quemeumque
1553 1461 1732 1494 notabilem
1769 1463 1858 1495 defe-

1115 1518 1200 1546 ctum
1222 1513 1424 1556 professione
1450 1513 1631 1556 indignum.
1666 1514 1722 1553 Oui
1748 1521 1855 1548 autem

1115 1566 1165 1598 his
1191 1572 1223 1599 et
1247 1565 1407 1599 similibus
1433 1577 1493 1599 seu
1517 1567 1664 1610 corporis
1681 1578 1737 1600 seu
1755 1568 1855 1600 animi

1113 1618 1236 1651 morbis
1262 1618 1301 1651 de
1327 1628 1418 1650 more
1441 1619 1645 1658 laboraverit,
1666 1621 1854 1653 nullatenus

1113 1672 1153 1705 ad
1178 1671 1327 1714 suffragia
1362 1672 1558 1710 admittatur,
1590 1672 1647 1705 sed
1683 1673 1854 1705 confestim

1114 1725 1153 1758 de
1178 1725 1316 1757 consilio
1342 1724 1475 1767 capituli
1505 1725 1668 1757 reiieiatur
1693 1736 1709 1757 a
1734 1728 1856 1769 praela-

1115 1783 1158 1811 to.
1184 1777 1274 1816 Quod
1307 1778 1333 1810 si
1363 1777 1580 1821 undequaque
1613 1778 1731 1821 dignus
1756 1790 1855 1822 appa-

1114 1836 1190 1870 reat,
1212 1831 1318 1863 statim
1340 1841 1397 1873 per
1421 1837 1563 1864 secretos
1588 1833 1729 1864 calculos
1747 1832 1785 1864 ad
1804 1843 1855 1875 ap-

1091 1883 1338 1926 *probationem
1363 1883 1412 1915 vel
1446 1884 1708 1926 reprobationem
1740 1895 1853 1927 proee-

1114 1936 1231 1975 datur,
1255 1936 1308 1968 ubi
1352 1936 1466 1968 fratres
1488 1962 1493 1975 ,
1522 1936 1608 1969 iuxta
1633 1937 1852 1970 testimonium

1114 1988 1256 2030 magistri
1286 1988 1483 2021 novitiorum
1515 1994 1547 2022 et
1572 1989 1738 2031 proprium
1766 1991 1852 2033 quod

1115 2041 1250 2074 fecerint
1275 2041 1313 2073 de
1339 2041 1459 2074 novitio
1484 2041 1738 2081 iudicium,e1un
1764 2044 1852 2076 ouini

1092 2111 1093 2116 =
1114 2093 1274 2136 aequitate
1301 2093 1463 2136 repellant
1486 2094 1535 2126 vel
1561 2093 1750 2136 suscipiant.

1155 2156 1198 2179 Χῖ.
1236 2146 1370 2178 Demum
1406 2145 1590 2178 huiusmodi
1617 2146 1763 2185 novitiis,
1790 2147 1850 2180 iam

1091 2188 1093 2224 3
1113 2200 1150 2231 ad
1170 2199 1406 2241 professionem
1427 2198 1589 2233 admissis.
1611 2198 1849 2239 denuntiamus,

1091 2251 1092 2278 l
1113 2251 1208 2295 quod,
1227 2251 1253 2284 si
1272 2251 1355 2283 intra
1376 2251 1455 2283 duos
1481 2251 1642 2293 praefatos
1661 2261 1798 2290 menses,
1819 2259 1851 2285 et

1090 2283 1092 2309 i
1113 2314 1175 2337 non
1201 2309 1306 2342 antea,
1327 2303 1502 2346 quidquam
1524 2304 1562 2336 de
1587 2304 1652 2335 suis
1674 2303 1767 2336 bonis
1789 2305 1847 2337 ha-

330 2359 450 2392 tionem
476 2359 636 2399 inciderit,
656 2359 694 2392 ad
719 2361 995 2402 perseverantiam
1020 2372 1069 2394 ex-
1088 2362 1090 2406 l
1111 2356 1186 2388 bitis
1211 2358 1260 2389 vel
1287 2356 1445 2388 habendis
1471 2356 1643 2398 disponere
1675 2357 1848 2396 voluerint,

328 2411 457 2444 citetur.
493 2411 525 2444 Si
561 2417 667 2444 tamen
704 2411 887 2445 admonitus
912 2414 1066 2454 renuerit,
1088 2411 1090 2455 l
1111 2409 1214 2441 libere
1235 2408 1265 2441 id
1291 2408 1419 2447 faciant,
1446 2409 1621 2451 praemissa
1643 2408 1772 2441 licentia
1797 2410 1849 2442 Or-

329 2473 390 2497 suo
414 2464 617 2507 relinquatur
637 2464 782 2504 arbitrio,
802 2470 844 2505 et,
871 2466 897 2498 si
923 2467 1067 2500 nondum
1088 2456 1090 2480 ¹
1110 2461 1239 2502 dinarii,
1258 2462 1344 2494 iuxta
1365 2462 1610 2505 dispositionem
1628 2462 1763 2495 Concilii
1783 2463 1849 2495 Tri-

329 2517 425 2550 fnerit
449 2517 499 2550 sui
524 2517 611 2557 iuris,
637 2517 779 2560 benigne
800 2519 988 2561 parentibus
1012 2526 1069 2553 aut
1111 2514 1247 2546 demini·

1870 260 1916 283 An.
1939 258 1965 282 Η.
1987 258 2033 282 wi

1154 2585 1175 2608 1.
1203 2574 1280 2607 Cum
1313 2575 1375 2608 iam
1400 2575 1469 2608 dies
1496 2576 1679 2614 advenerit,
1705 2586 1767 2617 qua
1792 2586 1848 2608 no-
1871 2561 2041 2615 1›‘{*p‘’1-¹s›‘fei÷l¹.j.,2

1086 2627 1204 2664 lvitius
1227 2627 1373 2671 profiteri
1410 2628 1526 2660 debeat
1563 2628 1652 2670 (sive
1687 2628 1716 2659 id
1742 2629 1783 2659 sit
1815 2624 1948 2659 in'ffl'qu‘
1989 2621 2041 2638 ‘⁰¹⁸'

331 2570 488 2603 tutoribus
513 2571 668 2604 tradatur.

366 2634 377 2659 1
401 2632 469 2658 Edit.
491 2631 570 2659 stain.
593 2633 657 2667 legit
676 2634 781 2661 nostris
801 2641 836 2665 tn.
856 2635 905 2668 13).

436 2688 515 2716 Butt.
534 2688 611 2716 Ιίοηι.
631 2703 664 2708 -
683 2689 741 2716 Vol.
759 2690 817 2716 XX.

1859 2644 1950 2666 inuitatis
1969 2646 2040 2666 forma.

962 2692 994 2717 δῖ
