2227 3225
138 217 186 241 An.
209 216 237 240 (ἶ.
258 214 321 241 1(ἒῖΓῖ

926 212 1007 233 lxma
1023 209 1130 232 L'Xl'll'bj

329 261 500 295 Alexandri
526 259 785 304 praedecessoris
811 258 928 291 litteris
954 256 1064 299 colligi

328 315 508 352 videbatur,
534 314 571 345 ea
597 312 735 350 ratione,
762 309 859 353 quod,
886 309 946 342 nisi
971 310 1065 341 Arra-

328 367 423 400 bidae
436 371 468 399 et
481 366 563 400 aliae
574 364 756 398 Lusitaniae
767 362 956 407 provinciae
974 372 1065 405 prae-

329 420 433 452 dictae
460 418 518 451 sub
544 417 676 451 nomine
701 416 939 461 provinciarum
957 415 1067 458 llispa-

329 471 400 505 niae
425 477 456 505 ct
475 471 638 504 lndiarum
656 468 851 512 huiusmodi,
870 468 908 501 ad
929 478 1066 512 quarum

329 524 470 558 savorem
511 524 615 557 dictae
656 523 782 556 litterae
822 525 1064 561 emanaverant,

330 577 691 621 compreltenderentur
706 603 713 616 ,
758 575 859 608 dietus
899 574 1067 608 duodena-

330 631 397 664 rius
422 630 663 674 provinciarum
677 629 937 663 Reformataium
961 638 1067 661 nume-

330 695 383 717 rus
409 684 541 718 minime
567 684 770 724 subsisteret,
796 693 867 716 cum
894 688 968 715 tunc
991 687 1068 714 tem-

331 738 419 782 poris
437 736 616 771 duodecim·
627 736 814 780 provinciae
832 735 1016 768 huiusmodi
1035 734 1066 767 in

331 791 485 834 Hispania
511 796 543 824 et
566 789 666 822 lndiis
692 789 867 833 praedictis
892 798 957 821 non
974 798 1068 831 repe-

330 845 486 884 rirentur,
526 848 625 886 prout
660 853 696 876 ex
722 841 918 875 authenticis
950 841 1068 873 instru—

329 897 446 931 mentis
463 896 569 930 eidem
586 895 837 939 Congregationi
855 894 1067 928 cardinalium

330 949 483 983 exhibitis
519 953 670 982 constare
710 948 902 988 dicebatur;
932 947 1069 990 insuper

331 1001 477 1035 fundatio
518 1001 623 1034 dictae
663 999 850 1044 provinciae
892 999 1068 1032 Arrabidae

331 1061 477 1098 tempore
502 1054 534 1088 S.
560 1053 645 1087 Petri
672 1054 710 1087 de
746 1054 918 1087 Alcantara
943 1052 1068 1086 initium

331 1109 494 1148 habuisse,
521 1113 553 1141 et
577 1118 661 1141 anno
688 1117 802 1147 tuom,
826 1117 892 1140 uno
917 1106 1069 1140 videlicet

331 1168 361 1194 et
396 1161 536 1205 amplius
570 1161 701 1193 saeculo
737 1160 926 1203 priusquam
963 1159 1067 1192 dictae

332 1214 505 1248 Alexandri
530 1213 794 1257 praedecessoris
824 1213 952 1246 litterae
984 1222 1070 1245 ema-

330 1273 458 1308 narent,
497 1267 645 1300 absoluta
684 1267 783 1299 fuisse
819 1266 1068 1310 reperiebatur,

330 1321 464 1365 ipsaque
490 1320 658 1364 provincia
684 1320 715 1352 in
737 1319 851 1352 ordine
869 1319 1068 1362 antiquitatis

331 1380 363 1407 et
391 1373 616 1407 collocationis
645 1372 884 1416 provinciarum
908 1383 968 1415 per
992 1383 1068 1406 con-

330 1427 514 1461 stitutiones
539 1426 710 1469 generales
736 1425 811 1459 dicti
832 1425 960 1458 Ordinis
985 1431 1017 1458 et
1036 1426 1068 1458 in

330 1480 470 1524 quadam
482 1489 594 1512 earum
608 1479 843 1522 compilatione
860 1480 961 1511 relato
977 1479 1068 1512 tertia

330 1533 575 1573 numerabatur,
607 1537 703 1575 atque
729 1531 812 1564 adeo
846 1531 980 1564 dubium
1005 1541 1068 1565 non

331 1591 400 1620 erat
431 1586 510 1630 quin
546 1585 659 1619 eadem
692 1585 870 1618 Arrabidae
905 1585 1070 1628 provincia

333 1651 393 1673 una
420 1644 508 1672 esset
532 1649 569 1672 ex
594 1637 659 1672 illis
685 1638 808 1678 decem,
833 1638 871 1670 ad
889 1649 968 1681 quas
987 1638 1071 1671 dicta

331 1692 515 1737 privilegia,
555 1692 637 1725 sicut
670 1691 906 1735 praemittitur,
942 1697 1070 1725 extensa

332 1746 478 1786 ruerant,
496 1745 584 1778 unde
601 1744 786 1788 superiores
804 1745 975 1787 generales
993 1745 1069 1778 dicti

332 1797 461 1831 Ordinis
485 1807 546 1840 pro
584 1802 731 1839 tempore
757 1796 933 1830 existentes
969 1797 1069 1841 ipsam

334 1850 508 1884 Arrabidae
533 1856 565 1883 et
588 1850 731 1893 reliquas
757 1850 937 1893 provincias
962 1851 1071 1884 huius-

334 1904 420 1938 modi
445 1904 478 1936 in
504 1903 692 1936 eorumdem
720 1903 967 1946 privilegiorum
996 1905 1073 1937 t'rui-

336 1958 435 1997 tione,
451 1955 497 1989 uti
511 1956 569 1988 sub
583 1955 713 1989 illorum
726 1956 917 1989 extensione
928 1967 1073 2000 compre-

334 2011 461 2050 hensas,
485 2008 676 2042 inconcusse
702 2018 832 2052 semper
857 2020 1072 2042 conservave-

335 2068 420 2103 rant;
438 2062 578 2105 ideoque
595 2071 656 2104 pro
674 2066 765 2104 parte
783 2061 926 2094 eiusdem
944 2062 1071 2099 Antonii

334 2115 470 2149 ministri
483 2114 693 2158 provincialis
709 2114 875 2158 praefatae
893 2114 1073 2160 Congrega-

334 2169 415 2203 tioni
441 2166 656 2201 cardinalium
691 2167 876 2210 supplicato
902 2173 935 2200 ut
956 2169 1072 2203 dictam

334 2222 533 2267 provinciam
559 2220 737 2254 Arrabidae
763 2220 822 2254 sub
847 2222 990 2264 praefata
1008 2224 1073 2266 pri-

335 2276 528 2319 vilegiorum
569 2273 759 2307 extensione
803 2275 1072 2318 comprehensam

335 2340 413 2369 esse,
433 2328 579 2372 ipsisque
596 2326 776 2371 privilegiis
793 2327 935 2369 gaudere
954 2328 1071 2362 debere

336 2383 501 2415 declarare
522 2381 733 2424 dignaretur:
761 2380 921 2413 emanavit
945 2392 961 2413 a
985 2392 1072 2424 prae-

337 2434 419 2468 dicta
443 2433 657 2467 cardinalium
682 2432 943 2476 Congregatione
962 2434 1073 2467 decre-

337 2492 404 2520 tum
445 2487 566 2520 tenoris
608 2486 662 2530 qui
703 2486 861 2530 sequitur,
902 2486 1070 2520 videlicet:

342 2554 354 2571 <t
376 2539 472 2573 Sacra
495 2539 710 2582 Congregatio
728 2539 1071 2581 eminentissimorum,

1159 211 1199 233 xu
1226 212 1271 234 rr.
1744 207 1805 238 7¹1¹,

1106 257 1226 290 nulium
1251 258 1390 301 negotiis
1420 264 1451 291 ct
1467 260 1756 294 consultationilms
1774 263 1841 306 epi-

1107 319 1282 353 scoporum
1308 315 1340 343 ct
1358 312 1552 353 regularium
1571 316 1768 357 praeposita,
1787 327 1841 348 au-

1107 361 1174 395 dito
1199 367 1293 406 patre
1320 362 1469 397 ministro
1505 366 1648 407 generali
1684 368 1841 409 praedicti

1107 414 1249 455 Ordinis,
1276 421 1306 448 et
1332 415 1463 449 attentis
1490 418 1639 458 narratis,
1666 420 1792 451 censuit
1809 430 1845 452 ae

1108 467 1280 501 declaravit
1305 469 1481 512 praefatam
1517 471 1714 513 provinciam
1740 472 1845 505 Excal-

1108 526 1271 555 ceatorum
1291 522 1468 556 Arrabidae
1483 533 1555 556 csse
1574 525 1845 567 comprehensam

1108 574 1140 606 in
1166 575 1339 608 enunciato
1366 575 1454 608 Brevi
1473 577 1639 609 extensivo
1657 587 1764 610 sacrae
1782 588 1847 610 men

1109 628 1230 661 moriae
1255 629 1429 661 Alexandri
1462 629 1522 662 vn,
1557 630 1684 671 Itoniae,
1712 631 1763 663 die
1794 642 1845 664 xiv

1109 681 1213 713 martii
1238 691 1402 715 nncxcvn.
1425 701 1466 706 —
1487 682 1522 715 G.
1546 683 1635 716 card.
1655 683 1842 717 anrmers.

1109 733 1147 766 M.
1167 733 1435 777 archiepiscopus
1461 735 1659 768 Athenarum
1688 750 1717 768 n.

1153 785 1167 829 g
1190 786 1220 818 02.
1248 786 1323 819 Cum
1350 793 1467 826 autem,
1503 789 1584 820 sient
1619 790 1723 821 dit-tus
1750 791 1844 822 Anto-

1110 839 1180 871 nius
1205 839 1354 873 minister
1379 841 1588 883 provincialis
1615 843 1707 875 nobis
1741 837 1864 887 nuperr

1110 893 1226 936 exponi
1253 893 1338 934 fecit,
1360 894 1429 937 ipsc
1455 895 1621 929 decretum
1646 897 1844 937 huiusmodi,

1110 957 1173 989 quo
1198 946 1322 979 firmius
1359 947 1515 981 subsistat
1540 954 1571 981 et
1603 956 1747 982 servetur
1772 960 1845 982 exa—

1110 1000 1199 1039 ctius,
1219 1000 1416 1043 apostolicae
1438 1000 1695 1035 confirmationis
1716 1008 1844 1035 nostrae

1111 1053 1293 1095 patrocinio
1327 1053 1520 1086 communiri
1558 1065 1763 1098 summopere
1791 1056 1846 1088 de-

1111 1105 1253 1139 sideret:
1282 1116 1364 1145 nos,
1391 1106 1567 1149 specialem
1605 1108 1665 1151 ipsi
1703 1108 1845 1142 AntonIO

1110 1159 1245 1201 gratiam
1271 1160 1377 1191 facere
1404 1161 1562 1200 volentes,
1587 1172 1728 1205 eumque
1746 1174 1762 1193 a
1780 1163 1847 1205 qui-

1111 1212 1219 1245 busvis
1244 1214 1598 1254 excommunicationis,
1620 1215 1844 1258 suspensionis

1111 1272 1142 1298 et
1166 1265 1343 1305 interdicti,
1359 1266 1495 1309 aliisque
1520 1268 1748 1300 ecelesiasticis
1775 1279 1847 1300 sen-

1113 1319 1231 1359 tentiis,
1250 1319 1398 1351 censuris
1425 1325 1456 1351 et
1481 1320 1606 1362 poenis,
1624 1331 1640 1353 a
1654 1321 1724 1354 iure
1743 1323 1791 1354 rel
1806 1322 1845 1354 ab

1113 1372 1253 1412 homine,
1269 1371 1378 1414 quatis
1399 1373 1571 1405 occasione
1585 1375 1634 1406 vel
1649 1376 1742 1406 causa
1765 1375 1847 1415 latis,

1111 1425 1135 1456 si
1155 1424 1527 1467 quibusquomodolibet
1542 1425 1715 1458 innodatus
1731 1427 1848 1467 existit,

1111 1477 1150 1509 ad
1162 1476 1309 1509 ellectum
1323 1477 1547 1519 praesentium
1559 1479 1723 1511 dumtaxat
1734 1491 1848 1512 conse-

1112 1529 1290 1573 quendum,
1322 1530 1438 1561 harum
1464 1530 1548 1562 serie
1585 1530 1792 1564 absolventes
1818 1538 1850 1565 et

1112 1583 1296 1616 absolutum
1328 1582 1397 1615 sore
1427 1588 1608 1623 censentes,
1636 1585 1850 1628 supplicatio-

1114 1635 1208 1669 nibus
1233 1635 1300 1668 cius
1325 1635 1457 1669 nomine
1483 1636 1578 1669 nobis
1595 1647 1693 1680 super
1710 1638 1771 1671 hoc
1792 1639 1852 1671 liu-

1112 1689 1232 1722 militer
1269 1688 1433 1731 porrectis
1474 1689 1639 1732 inclinati,
1681 1691 1849 1724 decretum

1113 1743 1361 1786 praeinsertum,
1377 1742 1570 1775 auctoritate
1596 1745 1787 1786 apostoliea,
1806 1751 1850 1778 te—

1113 1806 1190 1828 nore
1215 1795 1443 1838 praesentium,
1475 1796 1692 1839 approbamus
1719 1803 1751 1830 et
1774 1808 1851 1831 con-

1114 1848 1276 1880 firmamus
1296 1875 1303 1887 ,
1331 1848 1442 1891 illique
1469 1848 1665 1882 inviolabilis
1696 1851 1850 1893 apostoli-

1114 1912 1169 1934 eae
1204 1900 1363 1934 firmitatis
1398 1901 1498 1934 robur
1537 1902 1722 1936 adiicimus:
1761 1905 1850 1937 salva

1116 1961 1220 1987 tamen
1238 1964 1368 1997 semper
1386 1955 1418 1987 in
1443 1956 1630 1998 praemissis
1654 1957 1849 1990 auctoritate

1115 2013 1311 2040 memoratae
1337 2007 1604 2051 Congregationis
1624 2009 1847 2044 cardinalium.

1159 2061 1173 2103 g
1197 2059 1228 2093 3.
1260 2060 1500 2101 Decernentes,
1528 2062 1656 2095 easdem
1682 2071 1849 2106 prasentes

1116 2114 1238 2147 litteras
1264 2124 1394 2157 semper
1425 2113 1553 2154 firmas,
1585 2116 1705 2149 validas
1729 2123 1760 2150 et
1784 2118 1851 2151 essi-

1115 2178 1206 2200 caces
1225 2167 1359 2200 existere
1381 2173 1412 2200 et
1430 2168 1506 2208 sore,
1526 2179 1668 2213 suosque
1686 2171 1851 2214 plenarios

1116 2227 1146 2253 et
1170 2220 1316 2263 integros
1341 2220 1473 2253 etl'ectns
1498 2223 1605 2255 sortiri
1632 2228 1663 2256 et
1691 2223 1850 2266 obtinere,

1115 2284 1150 2306 ac
1176 2273 1251 2313 illis,
1278 2273 1317 2306 ad
1344 2283 1425 2317 quos
1440 2280 1563 2317 spectat
1578 2281 1608 2308 et
1625 2286 1685 2319 pro
1703 2282 1852 2321 tempore

1117 2328 1387 2371 quandocumque
1424 2329 1606 2371 spectabit,
1633 2329 1663 2361 in
1701 2331 1851 2364 omnibus

1115 2387 1146 2414 et
1169 2391 1228 2424 per
1259 2381 1366 2413 omnia
1391 2382 1582 2424 plenissime
1609 2382 1796 2425 suflragari,
1822 2390 1853 2418 et

1116 2434 1154 2466 ab
1180 2433 1226 2466 eis
1242 2433 1421 2478 respective
1442 2434 1650 2468 inviolabiter
1670 2435 1851 2477 observari,

1115 2487 1225 2530 sicque
1262 2487 1294 2519 in
1318 2487 1504 2531 praemissis
1539 2499 1596 2531 per
1629 2499 1851 2533 quoscumque

1115 2540 1241 2573 iudices
1276 2541 1460 2574 ordinarios
1497 2547 1528 2574 et
1553 2542 1728 2584 delegatos,
1754 2543 1849 2576 etiam

338 2600 369 2628 et
407 2592 753 2626 reverendissimorum
778 2592 809 2626 S.
838 2592 873 2626 lt.
902 2593 934 2625 Ε.
970 2593 1074 2626 cardi·
1116 2603 1284 2626 causarum
1321 2594 1433 2638 palatii
1469 2595 1638 2638 apostolici
1669 2595 1847 2638 auditores,

442 2656 520 2683 Bait.
538 2656 616 2687 Rom.
635 2672 668 2677 -
688 2657 746 2686 Vol.
765 2657 822 2684 ΧΗ.
967 2660 1001 2683 vo

1851 217 1899 241 An.
1920 216 1946 241 ti,
1967 216 2031 241 1<th

1902 806 1989 823 timidum
2009 809 2036 822 ἠ-

1866 832 1915 852 etati
1933 834 1943 850 tt
1960 842 1986 851 «μ
1999 836 2017 850 ³1.

1888 2075 2007 2095 Clauxulan.
