2254 3225
259 245 306 272 An.
321 244 351 271 Γ..
370 244 433 271 1694
480 235 544 269 616

448 300 521 334 ctu,
554 304 727 327 commune
762 295 907 337 ipsarum
940 293 1180 337 provinciarum

448 348 568 380 honum
586 347 802 391 promovendi
820 347 925 380 studio
944 347 1070 387 ductus,
1087 345 1182 379 nobis

448 401 625 445 supplicari
651 401 795 441 fecerat;
829 411 866 433 ac
901 400 1040 444 proinde
1065 409 1203 442 oppors

449 460 524 487 tune
549 455 581 487 in
607 453 797 497 praemissis
817 464 834 485 a
858 453 953 485 nobis
989 451 1180 495 provideri,

448 518 577 541 necnon
613 512 793 550 praeterea,
819 506 907 548 quod
942 504 973 537 in
1008 502 1181 546 provinciis

449 561 625 605 praedictis
647 559 788 602 capitula
813 557 1023 601 provincialia
1048 556 1087 589 de
1119 566 1183 587 ses-

449 614 591 657 quianno
608 612 641 644 in
659 611 888 654 sesquiannum
907 608 1065 642 celebrari
1087 608 1184 640 debe-

449 671 533 705 rent,
560 663 834 708 quemadmodum
860 661 965 694 felicis
990 659 1184 693 recordatio-

449 720 498 752 nis
515 718 663 751 Clemens
680 717 766 760 Papa
779 716 804 748 X
822 715 1056 759 praedecessor
1072 718 1185 746 noster

448 783 507 816 pro
543 771 692 804 omnibus
725 770 870 802 eiusdem
894 768 1022 801 Ordinis
1056 766 1185 810 provin-

448 825 506 858 ciis
529 835 588 869 per
613 823 769 867 quasdam
795 833 868 855 suas
886 821 999 854 itidem
1024 821 1056 853 in
1082 819 1183 852 forma

449 878 559 911 Brevis
586 887 669 910 anno
701 885 860 910 MDCLxxvl
892 875 1034 917 desuper
1059 871 1185 915 expedi-

450 938 495 964 tas
520 931 644 964 litteras
663 928 910 972 praescripsisse
936 927 1113 965 dicebatur,
1132 925 1185 957 de-

449 983 538 1017 cerni
559 988 590 1016 et
608 982 751 1015 ordinari
770 981 946 1024 plurimum
964 978 1181 1012 desiderabat:

449 1047 522 1076 nos,
538 1034 698 1079 porrectis
714 1034 809 1066 nobis
834 1034 895 1066 hac
920 1033 952 1065 in
971 1042 1006 1064 re
1024 1041 1082 1074 pro
1100 1031 1184 1063 eius-

450 1090 521 1122 dem
546 1088 654 1122 Caroli
677 1088 762 1130 regis
797 1092 888 1130 parte
921 1085 1072 1129 precibus
1098 1083 1185 1117 beni·

449 1153 511 1185 gne
536 1147 729 1181 annuentes,
754 1142 868 1174 eadem
905 1139 1096 1172 auctoritate
1130 1138 1185 1170 de-

450 1195 652 1235 claravimus,
676 1194 891 1227 remotionem
916 1197 947 1225 et
972 1191 1183 1225 abolitionem

450 1249 667 1281 discretorum
685 1246 944 1280 conventualium
961 1246 993 1278 in
1008 1243 1184 1288 provinciis

449 1302 618 1345 utriusque
646 1301 806 1334 Castellae
831 1299 964 1332 fratrum
991 1297 1068 1331 dieti
1093 1297 1186 1330 Ordi-

450 1356 500 1388 nis
527 1355 783 1399 Capuccinorum
810 1354 908 1386 factas
937 1357 973 1385 ut
989 1351 1182 1396 praefertur,

452 1409 681 1453 expeditasque
720 1408 860 1450 desuper
898 1407 1020 1439 litteras
1058 1410 1185 1438 nostras

451 1461 645 1506 praedictas,
663 1460 893 1503 intelligendas
914 1469 984 1492 esse
999 1468 1065 1492 non
1082 1458 1185 1491 solum
1205 1477 1206 1487 i

452 1520 603 1558 respectu
627 1514 814 1558 provinciae
829 1514 996 1556 utriusque
1017 1511 1184 1551 Castellae‚

452 1568 578 1602 Veteris
603 1568 729 1601 scilicet
753 1572 785 1600 et
808 1567 927 1607 Novae,
951 1576 1063 1599 verum
1089 1565 1186 1598 etiam

453 1626 603 1665 respectu
628 1620 868 1664 provinciarum
894 1619 1052 1659 Baeticae,
1087 1619 1185 1660 vulgo

453 1674 661 1714 Andalusiae,
685 1683 812 1707 necnon
828 1672 996 1712 Navarrae,
1017 1676 1057 1711 et,
1076 1675 1188 1713 quate-

454 1737 514 1760 nus
540 1737 622 1770 opus
655 1731 750 1766 esset,
784 1726 1009 1763 remotionem,
1040 1722 1188 1756 abolitio-

454 1790 546 1821 nem,
571 1791 607 1813 ac
632 1786 759 1812 nostras
784 1779 910 1812 litteras
936 1777 1122 1811 huiusmodi
1149 1777 1187 1809 ad
1208 1791 1210 1800 ‹

455 1833 658 1877 supradictas
683 1832 867 1876 provincias
893 1831 1053 1864 Baeticam
1075 1835 1106 1862 et
1129 1829 1188 1861 Na-
1209 1851 1211 1872 ξ

456 1897 582 1919 varram
608 1886 691 1918 dicta
716 1885 906 1918 auctoritate
931 1883 1133 1916 extendimus
1159 1887 1190 1914 et

455 1938 709 1983 ampliavimus¹.
733 1938 904 1971 Praeterea
922 1937 1033 1970 eadem
1051 1935 1191 1969 auctori-

456 1999 517 2026 tate
532 1992 744 2031 decrevimus,
762 1991 860 2035 quod,
878 1991 944 2023 vice
960 1995 991 2022 et
1008 1991 1078 2023 loco
1099 1999 1190 2032 prac-

456 2046 614 2079 dictorum
624 2045 836 2078 discretorum
851 2044 883 2075 in
898 2043 1001 2075 tribus
1016 2041 1190 2085 provinciis

456 2096 656 2136 huiusmodi,
680 2095 762 2128 sicut
785 2094 1017 2138 praemittitur,
1047 2093 1190 2125 sublato-

456 2160 524 2182 rum
543 2155 574 2182 et
593 2148 799 2187 abolitorum,
816 2147 1004 2180 definitores
1022 2152 1118 2189 atque
1137 2157 1190 2178 eu-

457 2202 565 2235 stodes
591 2206 623 2234 et
647 2201 850 2233 immediatus
870 2199 1118 2243 exprovincialis
1139 2209 1190 2231 ea-

457 2255 605 2288 rumdem
637 2253 876 2297 provinciarum
911 2253 944 2285 in
975 2252 1117 2295 ipsarum
1142 2262 1191 2284 re-

458 2307 600 2351 spective
632 2305 823 2339 delinitoriis
850 2311 881 2338 et
905 2304 1053 2347 capitulis
1084 2310 1191 2337 votum

458 2362 627 2401 haberent,
678 2359 900 2401 dicturumque
950 2358 1190 2401 provinciarum

457 2414 600 2456 capitula
625 2413 663 2445 de
689 2411 885 2454 sesquianno
903 2411 936 2442 in
961 2410 1189 2453 sesquiannum

458 2467 611 2509 deinceps
648 2464 806 2498 celebrari
838 2465 1012 2497 deberent:
1040 2470 1072 2496 et
1094 2464 1188 2503 alias,

457 2524 556 2564 prout
578 2518 610 2551 in
636 2517 706 2551 aliis
731 2516 849 2550 nostris
875 2516 908 2549 in
940 2517 1051 2549 cadem
1088 2516 1190 2549 forma

458 2572 565 2606 Brevis
584 2571 635 2604 die
652 2580 696 2604 xt1
718 2569 910 2613 septembris
931 2569 1076 2612 proxime
1097 2578 1190 2611 prae-

494 2636 504 2662 1
527 2633 597 2661 Edit.
619 2632 697 2660 Main.
720 2632 783 2667 legit
802 2631 980 2666 ampliamus
1001 2633 1038 2666 (Β.
1056 2632 1104 2662 Τ.).

1017 244 1194 269 numantini
1220 243 1372 267 rtomxrn

1224 292 1311 325 teriti
1333 292 1471 334 desuper
1489 289 1642 322 emanatis
1662 287 1792 326 litteris,
1819 296 1956 331 q-uarum

1223 350 1254 378 ct
1283 345 1524 388 praedictarum
1558 349 1741 376 nostrarum
1774 342 1955 374 litterarum

1223 403 1354 431 tenores
1378 397 1603 441 praesentibus
1628 406 1688 439 pro
1713 396 1810 438 plene
1839 399 1870 426 et
1895 393 1958 425 suf-

1225 450 1371 483 ficienter
1405 449 1569 493 expressis
1605 453 1637 480 et
1672 447 1804 481 insertis
1843 445 1958 480 haberi

1223 504 1382 542 volumus,
1408 501 1541 534 uberius
1568 500 1764 533 continetur.

1268 556 1282 598 ξ
1307 554 1338 587 ⁶2.
1361 554 1440 587 Cum
1465 558 1581 593 autem,
1600 552 1681 585 sicut
1705 552 1808 585 dictus
1826 551 1957 585 Carolus

1225 618 1280 640 rex
1315 607 1410 640 nobis
1445 616 1551 650 nuper
1587 606 1692 638 denuo
1729 605 1846 649 exponi
1872 605 1957 645 fecit,

1226 661 1294 704 ipse
1314 661 1407 693 binas
1428 660 1551 694 litteras
1569 665 1695 693 nostras
1713 658 1894 703 praedictas
1919 658 1960 691 ad

1226 715 1409 757 provincias
1435 713 1631 756 Aragonffle,
1654 712 1839 752 Valentiae,
1871 711 1962 744 Cata-

1226 768 1345 808 loniae,
1373 766 1540 800 Sardiniae
1566 771 1597 799 et
1621 765 1790 799 Maioricae
1811 764 1888 798 dicti
1905 764 1962 797 Or-

1226 820 1310 854 dinis
1346 821 1477 853 fratrum
1514 818 1772 863 Capuccinorum
1805 829 1867 862 per
1901 827 1960 851 nos

1226 874 1356 907 extendi
1393 873 1567 917 plurimum
1592 872 1776 905 desideret:
1805 882 1874 912 nos,
1899 871 1961 915 piis

1226 927 1373 961 eiusdem
1398 927 1503 960 Caroli
1528 926 1614 968 regis
1646 925 1727 958 votis
1757 925 1818 958 hac
1850 925 1883 957 in
1911 934 1959 965 re,

1226 986 1379 1023 quantum
1406 989 1478 1013 cum
1502 978 1640 1011 Domino
1665 987 1850 1021 possumus,
1877 977 1962 1009 favo-

1227 1033 1372 1066 rabiliter
1396 1042 1540 1065 annuere
1564 1032 1720 1071 volentes,
1752 1030 1963 1074 supplicatio-

1227 1086 1321 1119 nibus
1347 1085 1490 1118 eiusdem
1509 1084 1615 1118 Caroli
1640 1083 1726 1126 regis
1750 1083 1883 1116 nomine
1908 1093 1963 1116 no-

1226 1140 1275 1172 bis
1292 1149 1389 1182 super
1406 1139 1468 1171 hoc
1488 1137 1659 1170 humiliter
1683 1137 1845 1180 porrectis
1869 1136 1964 1169 incli-

1226 1193 1303 1231 nati,
1318 1192 1357 1225 de
1382 1190 1651 1233 Congregationis
1666 1191 1898 1223 nonnullorum
1925 1200 1962 1222 ex

1226 1245 1467 1279 venerabilibus
1493 1243 1643 1277 fratribus
1674 1243 1792 1277 nostris
1816 1243 1847 1276 S.
1867 1243 1905 1276 R.
1924 1243 1959 1276 E.

1227 1298 1445 1332 cardinalibus
1470 1308 1487 1330 a
1511 1297 1607 1331 nobis
1633 1295 1873 1340 particulariter
1908 1296 1964 1329 de-

1228 1357 1355 1396 putatae
1388 1350 1544 1391 consilio,
1571 1350 1663 1382 binas
1689 1354 1817 1382 nostras
1841 1349 1964 1381 litteras

1227 1405 1438 1449 supradictas,
1465 1403 1638 1446 omniaque
1663 1402 1696 1435 in
1721 1401 1783 1435 illis
1808 1401 1964 1444 disposita

1228 1459 1333 1502 quoad
1351 1457 1534 1501 provincias
1554 1456 1685 1488 fratrum
1703 1454 1962 1498 Capuccinorum

1228 1511 1396 1554 utriusque
1421 1509 1601 1547 Castellae‚
1626 1507 1750 1540 Veteris
1775 1507 1899 1539 scilicet
1931 1512 1964 1538 et

1227 1563 1348 1603 Norae,
1377 1572 1505 1595 necnon
1541 1560 1689 1593 Baeticae
1721 1565 1753 1592 et
1777 1559 1964 1598 Navarrae,

1229 1617 1268 1650 ad
1300 1615 1482 1659 provincias
1518 1613 1705 1647 eorumdem
1742 1612 1877 1644 fratrum
1901 1611 1965 1644 Ca—

1229 1669 1440 1713 puccinorum
1477 1666 1671 1709 Aragoniae,
1708 1665 1884 1705 valentiae,
1910 1664 1965 1698 Ca-

1231 1723 1383 1761 taloniae,
1404 1721 1572 1755 Sardiniae
1598 1725 1630 1752 et
1646 1718 1829 1759 Maioricae,
1855 1723 1966 1751 aucto-

1230 1777 1324 1808 ritate
1342 1774 1532 1818 apostoliea,
1543 1778 1656 1806 tenore
1673 1771 1901 1816 praesentium,
1912 1782 1966 1804 ex-

1233 1828 1392 1861 tendimus
1417 1826 1540 1870 pariter
1565 1831 1596 1858 et
1619 1825 1825 1868 ampliamus.

1276 1881 1289 1923 g
1310 1880 1341 1913 3.
1368 1880 1599 1918 Decernentes,
1619 1878 1751 1910 easdem
1775 1882 1965 1921 praesentes

1232 1933 1355 1966 litteras
1382 1941 1510 1975 semper
1535 1930 1665 1971 firmas,
1689 1929 1811 1963 validas
1841 1935 1873 1962 et
1897 1929 1966 1962 effi-

1232 1996 1323 2018 caces
1345 1985 1481 2018 existere
1498 1989 1529 2016 et
1546 1984 1625 2023 fore,
1640 1993 1780 2026 suosque
1799 1982 1964 2026 plenarios

1233 2045 1263 2072 et
1286 2039 1433 2080 integros
1458 2036 1589 2070 ess'ectus
1612 2037 1721 2069 sortiri
1748 2042 1779 2069 et
1804 2036 1964 2076 obtinere,

1232 2104 1268 2126 ac
1291 2092 1368 2131 illis,
1388 2092 1426 2124 ad
1445 2101 1523 2134 quos
1547 2095 1674 2133 spectat
1696 2096 1727 2123 et
1743 2100 1802 2133 pro
1820 2095 1965 2132 tempore

1232 2145 1403 2189 spectabit,
1419 2144 1452 2176 in
1475 2144 1623 2176 omnibus
1646 2147 1678 2176 et
1697 2153 1755 2186 per
1776 2142 1883 2175 omnia
1896 2143 1966 2185 ple-

1232 2198 1365 2231 nissime
1391 2196 1569 2238 suffragari,
1596 2200 1626 2228 et
1650 2195 1688 2227 ab
1714 2196 1759 2228 eis
1784 2195 1966 2238 respective

1232 2250 1464 2284 inviolabiliter
1489 2248 1665 2288 observari,
1696 2248 1807 2291 sicque
1825 2249 1858 2281 in
1877 2259 1967 2291 prae-

1233 2304 1339 2337 missis
1363 2313 1423 2346 per
1447 2311 1667 2345 quoscumque
1692 2300 1814 2333 iudices
1840 2301 1968 2333 ordina-

1232 2357 1297 2390 rios
1317 2361 1348 2389 et
1366 2357 1542 2397 delegatos,
1562 2354 1658 2386 etiam
1677 2364 1844 2386 causarum
1861 2354 1967 2387 Carne-

1232 2420 1286 2442 rae
1311 2408 1517 2452 Apostolicae
1553 2406 1739 2446 auditores,
1773 2406 1911 2439 iudicari
1936 2412 1968 2440 et

1233 2462 1360 2496 definiri
1385 2462 1527 2499 debere,
1552 2469 1588 2492 ac
1611 2458 1738 2491 irritum
1764 2464 1795 2492 et
1820 2459 1925 2500 inane,
1940 2459 1967 2492 si

1232 2526 1323 2549 secus
1348 2525 1443 2557 super
1467 2513 1517 2546 his
1542 2524 1559 2546 a
1583 2523 1755 2556 quoquam,
1774 2513 1884 2556 quavis
1912 2524 1967 2546 au-

1964 237 2015 264 Αη,
2034 237 2060 263 (ἶ,
2079 238 2145 265 teat

1981 562 2079 582 Exleusio
2090 566 2150 587 prae-

1968 589 2070 609 dwianii-n
2101 594 2150 608 cun·

1968 617 2107 635 Slllultunum.

2002 1887 2123 1909 clausulae.

1232 2569 1389 2608 ctoritate,
1407 2567 1612 2600 scienter-vel
1637 2566 1837 2610 ignoranter,
1863 2567 1972 2600 conti-2

1232 2622 1315 2666 gerit
1335 2620 1498 2655 attentari.
