2227 3225
119 240 170 273 An.
188 245 217 272 C.
240 242 309 274 1693

893 250 1102 274 INNOCENTIUS
1127 251 1143 274 Χ
1150 251 1170 274 ll
1194 252 1241 275 Pr.

311 297 361 330 vel
387 297 637 340 quadriennium
673 297 705 331 in
741 299 805 332 unzi
835 298 984 339 Caistena,
1010 299 1050 332 sit
1094 300 1242 340 consilio,
1261 300 1427 334 decretum
1452 301 1689 344 praeinsertum
1710 313 1727 334 a
1744 302 1831 345 capi-

313 349 409 383 etiam
444 351 651 394 provincialis
683 351 839 386 Castellae
876 362 914 387 ex
950 353 1051 385 altera
1095 353 1161 385 tulo
1187 353 1330 393 generali
1368 353 1515 396 praefato
1547 354 1597 386 die
1628 364 1723 387 xxvui
1756 354 1831 387 maii

312 408 403 446 parte
420 414 480 447 per
496 406 631 448 aequale
649 410 788 448 tempus,
806 405 872 439 sive
890 415 950 448 per
967 415 1053 440 mor·
1095 406 1238 449 proxime
1262 407 1427 450 praeteriti
1461 408 1583 441 editum
1597 433 1607 447 ,
1641 407 1832 440 auctoritate

313 459 389 495 tem,
416 456 482 490 sive
506 467 566 500 per
590 457 856 500 assumptionem,
890 457 956 491 sive
992 467 1053 501 per
1095 460 1287 502 apostolica,
1312 465 1424 493 tenore
1448 460 1695 504 praesentium,
1719 457 1835 492 contir-

313 508 448 542 liberam
481 509 759 544 renunciationem
788 515 895 544 cesset
925 510 1054 553 provin·
1097 522 1219 545 mamus
1250 517 1283 546 et
1309 513 1535 556 approbamus,
1561 512 1674 556 illique
1699 512 1835 545 inviola-

314 562 464 603 cialatus;
491 563 571 596 itaut
606 573 643 597 ex
679 563 734 596 ina
759 567 860 607 parte,
886 563 926 597 ad
959 565 1077 606 quami
1096 566 1173 599 bilis
1191 566 1390 609 apostolicae
1414 565 1573 600 firmitatis
1599 567 1702 599 robur
1726 565 1838 599 adiici-

314 613 458 658 pertinet
481 616 637 659 regimen,
652 616 853 660 adaequetur
876 616 1054 649 triennium
1072 604 1078 661 Ι
1098 630 1180 660 inus,
1203 630 1239 653 ac
1257 630 1371 654 ornnes
1397 626 1428 654 et
1449 620 1596 663 singulos
1613 619 1692 652 iuris
1710 624 1742 652 et
1761 618 1837 652 sacti

316 668 368 700 vel
392 668 656 712 quadriennium.
678 669 716 702 Et
740 669 815 713 quia
838 669 870 702 in
889 669 1055 713 praesenti
1073 660 1079 723 ἰ
1099 673 1265 712 desectus,
1295 673 1318 705 si
1344 674 1397 716 qui
1424 674 1566 716 desuper
1589 672 1838 718 quomodolibet

316 722 514 755 reverendus
549 722 722 756 admodum
768 728 861 766 pater
901 722 1056 765 magister

316 774 496 808 Ludovicus
520 774 637 808 Sbarra
661 776 760 809 habet
777 775 974 818 gubernium
1000 785 1058 818 per

317 828 576 871 quadriennium,
602 829 812 872 provincialis
838 829 892 873 qui
918 829 1058 872 eligetur

318 891 402 914 anno
424 891 571 915 uncxcul
590 892 649 925 per
682 887 821 925 quatuor
838 892 941 916 annos
962 882 1059 915 debe-

317 933 365 966 bit
388 935 586 977 gubernare,
605 940 636 967 et
661 935 704 967 sic
723 935 917 976 alternatim,
935 939 972 969 ut
986 940 1060 978 post

319 987 572 1030 quadriennium
607 988 889 1021 Castellaeveteris
925 988 1060 1031 incipiat

318 1039 544 1073 Castellanova
568 1046 692 1074 tantum
714 1051 772 1084 per
791 1041 979 1082 triennium,
998 1041 1059 1074 nisi

320 1092 429 1125 adsint
446 1093 695 1135 urgentissimae
714 1103 840 1134 causae,
858 1094 915 1127 sed
933 1103 1061 1137 semper

321 1145 475 1189 deinceps
494 1152 638 1179 servetur
655 1146 847 1179 alternativa
866 1147 1060 1189 acqualiter,

321 1198 403 1231 itaut
421 1199 581 1238 clausula,
597 1209 679 1242 quae
700 1205 748 1232 est
774 1199 804 1231 in
831 1199 908 1232 actis
934 1200 1063 1232 reunio-

322 1251 380 1291 nis,
406 1253 496 1286 nullo
522 1252 619 1285 rnodo
644 1252 763 1284 inliciat
797 1253 873 1285 huic
897 1252 1062 1295 praesenti

322 1305 462 1344 decreto,
496 1304 584 1348 quod
620 1304 791 1338 conficitur
825 1315 885 1348 pro
920 1315 999 1347 pace
1031 1309 1063 1337 ct

323 1357 432 1401 quiete
449 1357 618 1400 utriusque
634 1356 822 1400 provinciae
840 1357 879 1390 ad
899 1355 1062 1389 vitandum

324 1420 420 1443 omne
445 1410 585 1453 litigium
611 1421 640 1442 n.

131 1471 316 1520 remcoffpcrffluo
369 1464 384 1507 ἓ
408 1462 440 1502 2.
467 1462 544 1496 Cum
560 1467 679 1503 autem,
699 1462 782 1496 sicut
800 1462 915 1496 eadem
936 1461 1064 1506 exposi-

325 1522 370 1550 tio
395 1516 628 1559 subiungebat,
652 1515 839 1559 praedictus
872 1521 1065 1558 procurator

327 1569 488 1613 generalis
513 1569 680 1602 decretum
707 1568 901 1608 huiusmodi,
927 1579 991 1611 quo
1017 1568 1065 1600 sir-

326 1624 408 1658 mius
432 1622 584 1656 subsistat
605 1627 636 1655 et
652 1627 800 1655 servetur
816 1621 969 1663 exactius,
990 1632 1065 1665 apo-

327 1676 460 1710 stolicae
484 1674 738 1709 confirmationis
772 1680 902 1709 nostrae
926 1675 1064 1718 patroci-

327 1731 382 1764 nio
397 1729 589 1763 communiri
602 1728 778 1772 plurimum
793 1728 975 1761 desideret:
994 1738 1064 1767 nos,

328 1784 431 1827 ipsum
456 1787 702 1826 procuratorem
727 1781 925 1824 specialibus
951 1781 1065 1815 favori-

328 1836 389 1869 bus
415 1841 447 1869 et
470 1835 580 1878 gratiis
604 1835 757 1877 prosequi
786 1835 933 1867 volentes
956 1862 963 1874 ,
993 1839 1024 1867 et
1049 1845 1064 1866 a

330 1889 494 1932 quibusvis
510 1887 865 1926 excommunicationis,
882 1888 1066 1930 suspensic-

329 1942 379 1975 nis
400 1947 433 1975 et
456 1940 642 1980 interdicti,
673 1940 809 1983 aliisque
839 1940 1065 1973 ecclesiasticis

330 1993 511 2033 sententiis,
529 1993 675 2026 censuris
700 1997 732 2025 et
749 1993 875 2035 poenis,
891 2003 909 2026 a
928 1993 997 2026 iure
1015 1994 1064 2026 vel

330 2048 369 2080 ab
399 2046 548 2087 homine,
568 2045 680 2089 quavis
706 2045 876 2078 occasione
902 2046 951 2079 vel
972 2048 1066 2079 causa

328 2100 414 2140 latis,
434 2100 459 2133 si
480 2099 598 2143 quibus
624 2098 870 2142 quomodolibet
893 2099 1066 2132 innodatus

331 2154 452 2194 existit,
471 2153 510 2185 ad
527 2151 676 2185 effectum
700 2151 926 2196 praesentium
942 2152 1066 2185 dumta-

329 2211 383 2239 xat
402 2204 683 2248 consequendum,
711 2204 826 2238 harum
851 2204 936 2237 serie
962 2205 1065 2238 absol-

330 2264 445 2292 ventes
457 2258 684 2293 etabsolutum
701 2257 768 2291 sore
793 2264 976 2299 censentes,
998 2269 1066 2302 sup-

331 2311 564 2356 plicationibus
595 2310 663 2344 eius
693 2310 825 2344 nornine
850 2311 944 2344 nobis
969 2321 1067 2354 super

331 2365 396 2398 hoc
420 2364 585 2398 humiliter
600 2363 760 2407 porrectis
779 2363 935 2403 inclinati,
957 2364 996 2397 de
1015 2375 1066 2397 vc-

332 2417 530 2451 nerabilium
551 2417 686 2449 fratrum
711 2421 897 2450 nostrorum
922 2416 953 2450 S.
975 2417 1010 2449 R.
1029 2416 1063 2450 Ε.

333 2471 545 2504 cardinalium
562 2469 704 2513 negotiis
725 2475 756 2502 et
773 2469 1065 2503 consultationibus

333 2523 562 2567 episcoporum
585 2528 618 2556 et
642 2523 835 2565 regularium
863 2524 1066 2567 praeposito-

333 2587 412 2617 rum,
428 2577 481 2620 qui
494 2577 648 2612 dilectum
662 2575 763 2609 filium
776 2577 969 2610 modernum
984 2577 1066 2620 prio-

333 2640 401 2664 rem
419 2630 605 2673 generalem
625 2629 700 2663 dicti
718 2630 845 2663 Ordinis
863 2630 1064 2671 audiverunt,

1099 725 1351 765 intervenerint,
1377 726 1589 768 supplemus,
1617 725 1702 759 salva
1728 731 1838 759 tamen

1100 789 1228 822 semper
1251 779 1285 812 in
1318 778 1506 822 praemissis
1539 779 1732 812 auctoritate
1757 777 1838 811 Con-

1099 832 1299 874 greg-rationis
1325 832 1514 864 eorumdem
1540 831 1770 864 cardinalium.

1145 885 1159 927 §
1176 884 1208 917 3.
1230 884 1456 925 Decernentes,
1479 884 1565 927 ipsas
1581 890 1771 927 praesentes
1790 883 1840 917 lit-

1103 943 1187 970 teras
1211 947 1342 980 semper
1367 937 1487 978 firmas,
1504 938 1626 971 validas
1644 943 1677 971 et
1694 937 1840 972 efficaces

1103 990 1243 1023 existere
1281 996 1312 1023 ct
1348 990 1429 1031 sore,
1457 1000 1597 1034 suosque
1622 990 1785 1034 plenarios
1809 995 1842 1023 et

1103 1043 1247 1086 integros
1268 1042 1400 1076 effectus
1428 1043 1539 1076 sortiri
1565 1049 1598 1077 et
1621 1043 1780 1082 obtinere,
1805 1053 1842 1076 ac

1105 1097 1189 1138 illis,
1219 1097 1259 1130 ad
1291 1108 1372 1140 quos
1403 1102 1530 1140 spectat
1554 1101 1587 1130 et
1611 1107 1670 1140 pro
1695 1103 1841 1140 tempore

1105 1150 1375 1193 quandocumque
1392 1150 1558 1193 spectabit,
1576 1150 1766 1193 plenissime
1782 1149 1842 1182 sus-

1105 1202 1234 1245 uagari,
1261 1207 1293 1235 et
1316 1202 1355 1235 ab
1380 1202 1446 1236 illis
1471 1203 1652 1245 respective
1673 1202 1843 1235 inviolabi-

1106 1255 1179 1287 liter
1196 1255 1375 1294 observari,
1395 1255 1505 1298 sicque
1523 1256 1555 1288 in
1572 1255 1764 1298 praemissis
1783 1265 1843 1298 per

1105 1317 1327 1350 quoscumque
1349 1307 1473 1340 iudices
1498 1307 1680 1341 ordinarios
1707 1314 1738 1341 et
1755 1308 1844 1341 dele-

1106 1365 1208 1402 gatos,
1232 1360 1328 1393 etiam
1346 1369 1517 1393 causarum
1535 1361 1646 1403 palatii
1672 1360 1843 1403 apostolici

1106 1412 1281 1452 auditores,
1306 1412 1443 1445 iudicari
1464 1418 1496 1445 et
1513 1413 1640 1446 deliniri
1666 1414 1845 1453 debere‚ac

1106 1465 1234 1498 irritum
1260 1471 1294 1498 et
1324 1466 1430 1506 inane,
1449 1465 1475 1498 si
1504 1476 1598 1499 secus
1628 1475 1728 1509 super
1753 1465 1803 1498 his
1829 1477 1846 1499 a

1107 1528 1294 1561 quoquam,
1327 1518 1437 1561 quavis
1467 1519 1679 1557 auctoritate,
1704 1519 1846 1551 scienter

1107 1572 1156 1604 vel
1175 1571 1378 1613 ignoranter,
1394 1571 1568 1613 contigerit
1587 1571 1752 1605 attentari.

1150 1623 1164 1666 ἓ
1188 1623 1219 1656 4.
1246 1623 1315 1658 Non
1331 1624 1537 1658 obstantibus
1558 1624 1846 1658 constitutionibus

1107 1681 1139 1709 et
1164 1675 1425 1710 ordinationibus
1445 1676 1641 1720 apostolicis,
1666 1687 1712 1717 ac,
1733 1684 1847 1722 quate-

1106 1739 1165 1762 nus
1192 1739 1274 1772 opus
1299 1730 1351 1770 sit,
1369 1728 1499 1764 Ordinis
1525 1735 1557 1762 et
1582 1730 1765 1774 provinciae
1786 1732 1847 1764 hu·

1106 1782 1253 1823 iusmodi,
1273 1782 1370 1816 etiam
1386 1783 1578 1822 iuramento,
1597 1783 1846 1818 confirmatione

1107 1835 1295 1878 apostolica,
1316 1836 1365 1869 vel
1390 1836 1502 1879 quavis
1530 1835 1681 1870 firmitate
1707 1837 1769 1870 alia
1793 1848 1846 1871 ro—

1106 1889 1237 1929 boratis,
1264 1890 1393 1922 statutis
1412 1895 1444 1922 ct
1459 1890 1760 1930 consuetudinibus,
1780 1890 1847 1934 pri-

1107 1941 1233 1983 vilegiis
1257 1952 1398 1985 quoque,
1421 1942 1554 1975 indultis
1579 1949 1611 1976 et
1635 1944 1751 1976 litteris
1771 1954 1848 1988 apo-

1107 1993 1228 2026 stolicis
1269 1994 1303 2026 in
1348 1995 1549 2027 contrarium
1588 1995 1846 2038 praemissorum

1108 2046 1356 2089 quomodolibet
1381 2048 1566 2088 concessis,
1591 2047 1787 2082 confirmatis
1815 2055 1848 2083 et

1108 2099 1286 2140 innovatis,
1319 2099 1436 2143 quibus
1459 2101 1610 2134 omnibus
1641 2108 1673 2135 et
1700 2103 1845 2146 singulis,

1107 2153 1239 2187 illorurn
1265 2157 1396 2186 tenores
1420 2155 1647 2197 praesentibus
1668 2165 1727 2199 pro
1748 2157 1847 2200 plene

1108 2212 1140 2239 et
1165 2206 1364 2239 sufficienter
1389 2207 1554 2251 expressis
1583 2218 1621 2241 ac
1648 2209 1688 2242 ad
1713 2210 1848 2244 verbum

1108 2260 1237 2292 insertis
1263 2259 1431 2300 habentes,
1458 2260 1522 2295 illis
1550 2262 1627 2294 alius
1652 2261 1684 2295 in
1714 2273 1772 2296 suo
1799 2273 1848 2297 ro-

1108 2313 1188 2346 bore
1208 2314 1442 2356 permansuris,
1461 2314 1501 2348 ad
1519 2314 1772 2357 praemissorum
1802 2316 1848 2349 es—

1109 2366 1237 2405 sectum,
1252 2366 1314 2398 hac
1334 2366 1403 2399 vice
1425 2366 1597 2407 dumtaxat,
1612 2368 1799 2411 specialiter
1814 2374 1847 2402 et

1108 2428 1259 2461 expresse
1284 2417 1493 2461 derogamus,
1512 2420 1696 2464 ceterisque
1717 2427 1846 2455 contra-

1108 2471 1164 2504 riis
1190 2470 1461 2514 quibuscumque.

1151 2523 1208 2567 {5-
1223 2524 1374 2557 Volumus
1388 2529 1494 2558 autem
1507 2530 1541 2558 ut
1553 2526 1738 2559 earumdem
1754 2537 1845 2570 prae-

1107 2577 1247 2610 sentium
1288 2577 1470 2610 litterarum
1514 2579 1726 2623 transumptis
1743 2606 1750 2616 ,
1786 2590 1844 2612 seu

1108 2630 1276 2674 exemplis,
1295 2631 1391 2664 etiam
1404 2631 1580 2676 impressis,
1597 2643 1693 2665 manu
1705 2632 1842 2666 alicuius

1728 242 1794 278 493
1839 253 1890 279 Aa.
1910 251 1938 278 c.
1957 251 2023 278 icen

1875 892 1996 915 clusum.

1882 1632 2038 1663 Contrariorum

1856 1660 1975 1687 derogatio.

1893 2529 1955 2552 rides
1979 2533 2036 2553 tran·

1852 2561 1989 2585 sumptorum.
