2254 3225
213 233 266 258 An.
287 232 403 261 c.1095
450 223 513 257 708

237 2140 346 2164 ctausuta.

991 231 1170 257 BULLARIUM
1193 229 1348 255 ROMANUM

407 281 506 313 sancti
525 281 687 315 Francisci
702 282 912 323 Consessoris,
926 281 992 326 qui,
1005 280 1140 314 terrenis
1183 290 1260 319 rem,
1275 275 1334 312 sub
1351 280 1471 319 annulo
1494 277 1674 319 piscatoris,
1693 277 1744 311 die
1767 286 1844 310 xv111
1862 286 1916 309 au-

407 334 558 367 omnibus
582 336 753 379 despectis,
773 335 921 369 caelestis
947 334 1068 378 gratiae
1092 334 1143 366 be·
1184 333 1265 375 gusti
1284 343 1419 373 itincxcv,
1438 332 1642 376 pontificatus
1662 331 1768 365 nostri
1785 341 1869 364 anno
1886 341 1915 364 v.

407 387 594 421 nedictione
619 389 780 432 repletus,
807 388 985 422 innumeris
1010 386 1143 420 mirabi-

407 440 487 473 lium
513 441 666 475 virtutum
684 442 840 486 exemplis
858 447 1000 475 sanctam
1016 440 1073 473 Dei
1089 439 1144 471 Ec-

409 494 543 527 clesiam
568 495 748 535 illustravit,
781 500 814 528 et
849 495 1019 527 hominum
1048 492 1145 525 corda

410 556 464 587 eo,
506 558 568 590 quo
607 548 676 590 ipse
715 547 940 580 ardentissime
979 545 1143 588 flagrabat,

409 599 579 633 charitatis
614 601 690 643 igne
727 600 915 639 succendit,
952 598 1068 631 merita
1090 597 1145 640 pio

410 653 593 696 devotoque
614 652 713 685 animi
728 652 839 685 affectu
855 653 1053 691 recolentes,
1071 660 1145 682 nec-

408 715 476 738 non
501 705 657 749 spirituali
683 705 942 738 christifidelium
974 705 1012 737 ad
1038 703 1144 736 eccle-

410 757 489 791 siam
514 759 618 802 ipsius
644 758 745 791 sancti
771 757 932 791 Francisci
950 758 1064 790 domas
1086 757 1146 788 sra-

411 815 496 844 trum
521 811 648 845 Ordinis
674 811 833 845 Minorum
868 812 1012 844 eiusdem
1042 809 1144 843 sancti

409 863 573 898 Francisei
597 865 862 898 Conventualium
886 869 1146 907 nuncupatorum

410 918 548 951 civitatis
565 918 764 958 Assisiensis,
784 918 815 950 in
842 929 905 961 qua
930 927 1057 950 sacrum
1079 915 1146 949 eius

410 982 530 1015 corpus
561 972 748 1015 requiescit,
775 971 901 1004 assidue
937 972 996 1014 (ut
1026 970 1148 1013 accepi-

409 1026 500 1068 mus)
526 1036 562 1058 ex
583 1024 744 1057 universis
770 1024 938 1057 christiani
960 1019 1052 1056 ‘orbis
1078 1033 1148 1066 par-

410 1077 496 1110 tibus
514 1077 696 1111 devotionis
713 1079 806 1110 eausa
825 1077 1055 1110 confluentium
1076 1087 1149 1109 con-

410 1128 572 1169 solationi,
600 1134 694 1171 atque
720 1128 899 1160 animarum
925 1127 1029 1167 saluti,
1049 1138 1148 1170 quan-

409 1187 477 1215 tum
515 1192 587 1215 eum
611 1181 748 1214 Domino
785 1192 980 1224 possumus,
1006 1181 1147 1223 benigne

409 1236 583 1268 consulere
601 1235 781 1278 cupientes,
799 1245 834 1267 ac
851 1235 891 1267 de
916 1234 1147 1277 omnipotentis

408 1288 466 1321 Dei
498 1287 722 1321 misericordia
754 1293 784 1320 et
816 1287 984 1320 beatorum
1011 1287 1095 1320 Petri
1118 1293 1149 1319 et

408 1340 499 1373 Pauli
521 1341 744 1383 apostolorum
770 1340 840 1372 eius
865 1340 1055 1372 auctoritate
1074 1351 1148 1372 con-

408 1393 468 1434 fisi,
487 1393 637 1427 omnibus
657 1399 688 1425 et
704 1393 838 1435 singulis
864 1393 1031 1436 utriusque
1053 1404 1147 1425 sexus

409 1447 676 1480 christifidelibus
718 1447 756 1479 ad
799 1447 967 1479 ecclesiam
1003 1446 1149 1489 supradi-

410 1506 501 1540 ctam,
529 1500 612 1532 sicut
642 1499 871 1542 praemittitur,
899 1500 1145 1539 confluentibus,

410 1554 464 1597 qui
495 1553 583 1586 illam
608 1563 683 1586 vere
717 1553 927 1596 poenitentes
952 1558 983 1586 ct
1008 1554 1147 1586 confessi

410 1617 447 1640 ac
472 1608 564 1640 sacra
589 1606 819 1639 communione
857 1606 971 1639 resecti
1000 1607 1032 1639 in
1068 1618 1147 1650 quo-

410 1671 547 1704 cumque
572 1660 648 1692 anni
675 1660 726 1692 dic
754 1659 867 1693 devote
885 1660 1096 1700 visitaverint,
1117 1667 1148 1694 ct

410 1713 455 1746 ibi
479 1723 540 1757 pro
572 1712 829 1745 christianorum
855 1713 1040 1756 principum
1074 1724 1147 1746 cou-

411 1766 531 1805 cordia,
558 1766 730 1798 haeresum
757 1766 986 1809 extirpatione,
1015 1776 1050 1799 ac
1075 1777 1148 1799 san-

412 1827 480 1853 ctae
513 1819 626 1852 matris
660 1819 824 1851 Ecclesiae
851 1819 1047 1852 exaltatione
1079 1820 1148 1863 pias

412 1873 450 1906 ad
483 1873 581 1906 Deum
613 1882 727 1915 preces
762 1872 942 1911 effuderint,
968 1873 1145 1915 plenariam

411 1925 554 1958 omnium
578 1930 785 1968 peccatorum
822 1936 952 1957 suorum
978 1925 1149 1968 indulgen-

414 1979 488 2012 tiam
518 1984 550 2011 et
579 1978 804 2010 remissionem
830 1978 1084 2011 misericorditer
1116 1979 1147 2011 in

412 2031 549 2065 Domino
575 2031 795 2064 concedimus.
822 2031 1050 2064 Praesentibus
1075 2043 1149 2075 per-

414 2084 517 2128 petuis
538 2084 653 2117 suturis
677 2084 876 2127 temporibus
901 2084 1058 2117 valituris.

457 2139 472 2181 ἓ
502 2137 534 2171 2.
564 2138 719 2170 Volumus
751 2142 858 2169 autem
892 2143 926 2169 ut
961 2138 1147 2171 earumdem

412 2191 632 2235 praesentium
648 2191 827 2223 litterarum
855 2191 1076 2234 transumpti&
1093 2202 1148 2225 seu

414 2245 578 2287 exemplis,
597 2244 691 2276 etiam
711 2244 887 2287 impressis,
902 2255 999 2276 manu
1013 2245 1148 2279 alicuius

412 2297 529 2331 notarii
547 2297 669 2340 publici
691 2297 894 2340 subscriptis,
908 2303 939 2330 et
952 2298 1059 2340 sigillo
1077 2310 1150 2342 pcr-

411 2360 511 2384 sonae
532 2350 565 2382 in
592 2349 815 2382 ecclesiastica
843 2350 998 2392 dignitate
1030 2353 1150 2384 consti-

412 2409 500 2436 tutae
518 2403 663 2442 munitis,
686 2403 799 2435 eadem
822 2414 957 2446 prorsus
978 2405 1056 2438 fides
1078 2407 1149 2438 ubi-

411 2466 475 2500 que
493 2457 640 2489 locorum
664 2455 834 2495 habeatur,
858 2467 938 2498 quae
955 2457 1035 2500 ipsis
1053 2469 1149 2501 prae-

410 2510 556 2543 sentibus
578 2509 766 2548 haberetur,
794 2508 818 2541 si
850 2509 954 2542 forent
984 2511 1147 2544 exhibitae

410 2563 461 2596 vel
488 2567 652 2595 ostensae.

454 2615 567 2648 Datum
592 2614 712 2648 Romae
727 2641 734 2655 ‚
752 2616 835 2658 apud
854 2615 884 2648 S.
908 2616 1034 2649 Mariam
1052 2617 1148 2650 Male-

1220 395 1279 423 Dat.
1297 395 1341 423 die
1357 395 1391 423 18
1410 396 1516 431 augusti
1539 395 1617 429 1695,
1638 393 1736 430 pontif.
1752 402 1823 422 anno
1838 401 1865 422 v.

1501 512 1600 546 CXIV.

1188 580 1380 614 Conceditur
1402 583 1611 625 indulqenlz’a
1632 582 1787 626 plenaria
1804 593 1919 626 perpe-

1233 637 1289 666 tua
1311 635 1519 668 visitantibus
1543 636 1709 668 ecclesiam
1731 636 1763 670 S.
1798 637 1924 670 Mariae

1231 687 1434 727 Anqelorum
1457 688 1599 730 fratrum.
1627 689 1794 722 Minorum
1820 691 1925 723 sancti

1232 739 1402 772 Franciscz·
1426 740 1463 773 de
1481 740 1689 775 Obseruantia
1706 742 1848 775 civitatis
1862 743 1925 776 As-

1232 794 1379 827 sisiensis
1404 794 1425 827 ¹.

1369 865 1563 893 Innocentius
1584 867 1663 900 Papa
1683 867 1748 901 XII,

1303 910 1339 937 ad
1361 914 1540 944 perpetuam
1562 911 1609 938 rei
1628 912 1812 939 memoriam.

1234 970 1462 1015 Redemptoris
1495 978 1527 1006 et
1562 973 1685 1006 domini
1721 973 1824 1006 nostri
1856 973 1927 1007 Iesu
1965 980 2084 1002 Exordium*

1190 1022 1310 1056 Christi
1343 1024 1440 1065 vices,
1479 1024 1555 1058 licet
1587 1025 1750 1066 immeriti,
1775 1031 1927 1069 gerentes

1190 1075 1222 1108 in
1241 1076 1543 1117 terriscaelestium
1560 1089 1731 1111 munerum
1749 1078 1928 1119 thesauros,

1192 1139 1329 1172 quorum
1357 1131 1637 1174 dispensationem
1671 1131 1844 1164 humilitati
1871 1143 1930 1166 no-

1191 1187 1275 1215 strae
1301 1184 1457 1216 commisit
1473 1183 1571 1224 Deus,
1596 1183 1684 1216 fideli
1710 1184 1929 1228 prudentique

1191 1235 1385 1269 liberalitate
1411 1236 1551 1269 libenter
1576 1247 1758 1279 erogamus,
1774 1237 1857 1270 sicut
1876 1238 1930 1280 pia

1191 1289 1375 1322 sublimium
1400 1288 1596 1332 principum,
1623 1290 1800 1332 praeclaris
1817 1290 1849 1323 in
1873 1290 1932 1323 Ec-

1192 1343 1321 1375 clesiam
1346 1342 1401 1374 Dei
1423 1342 1546 1375 meritis
1571 1343 1774 1385 fulgentium,
1798 1353 1834 1376 ae
1858 1344 1933 1377 reli-

1192 1395 1356 1437 giosorum
1381 1395 1522 1427 virorum
1547 1396 1700 1439 propriae
1738 1396 1930 1440 alienaeque

1192 1448 1287 1480 saluti
1324 1448 1531 1481 laudabiliter
1567 1449 1823 1482 incumbentium
1856 1454 1931 1482 vota

1190 1501 1378 1543 postulant,
1405 1506 1437 1533 et
1462 1511 1521 1533 nos
1546 1501 1584 1533 ad
1612 1501 1793 1543 augendam
1818 1501 1930 1535 foven-

1191 1553 1329 1596 damque
1367 1553 1509 1586 fidelium
1546 1553 1700 1596 pietatem
1725 1554 1928 1597 profuturum

1190 1605 1223 1637 in
1248 1606 1385 1638 Domino
1406 1605 1610 1638 arbitramur.

1233 1659 1248 1702 ἓ
1273 1659 1303 1690 1.
1332 1659 1460 1702 ltaque,
1482 1659 1642 1701 spirituali
1668 1659 1927 1694 christifidelium

1191 1711 1230 1743 ad
1257 1712 1425 1744 eeclesiam
1443 1711 1473 1744 S.
1494 1711 1609 1744 Mariae
1629 1712 1826 1754 Angelorum
1845 1724 1928 1746 nun-

1191 1770 1339 1807 cupatam
1366 1765 1482 1797 domas
1503 1765 1635 1798 fratrum
1662 1765 1790 1799 Ordinis
1820 1767 1925 1800 Mino-

1190 1829 1260 1850 rum
1298 1819 1401 1851 sancti
1437 1818 1600 1851 Francisci
1638 1819 1676 1851 de
1716 1819 1929 1853 Observantia

1191 1877 1461 1914 nuncupatorum,
1487 1881 1589 1914 prope
1626 1877 1658 1904 et
1694 1878 1783 1905 extra
1817 1883 1927 1906 muros

1191 1924 1328 1957 civitatis
1354 1924 1553 1965 Assisffinsis,
1579 1925 1704 1958 assidue
1734 1926 1783 1968 (ut
1807 1926 1929 1969 accepi-

1191 1978 1280 2021 mus)
1307 1989 1343 2011 ex
1368 1978 1524 2011 universis
1549 1978 1719 2011 christiani
1745 1979 1833 2012 orbis
1858 1990 1928 2023 par-

1192 2031 1276 2064 tibus
1294 2032 1475 2065 devotionis
1493 2034 1588 2064 eausa
1605 2032 1837 2065 confluentium
1856 2043 1928 2065 con-

1192 2085 1357 2125 solationi,
1378 2090 1474 2128 atque
1500 2085 1679 2117 animarum
1699 2086 1806 2125 saluti,
1826 2096 1928 2128 quan-

1191 2143 1259 2171 tum
1297 2149 1368 2171 cum
1392 2139 1529 2172 Domino
1566 2149 1737 2182 possumus
1753 2166 1760 2180 ‚
1783 2139 1927 2181 henigne

1192 2193 1373 2233 consulere,
1399 2202 1527 2224 necnon
1554 2192 1662 2224 dilecti
1688 2191 1743 2224 filii
1761 2192 1928 2224 Bonaven-

1192 2251 1280 2278 turae
1305 2245 1409 2278 Poerii
1435 2245 1575 2277 ministri
1600 2245 1761 2287 generalis
1781 2244 1856 2277 dicti
1874 2244 1928 2277 Or-

1192 2299 1274 2332 dinis
1300 2299 1590 2343 supplicationibus
1616 2299 1712 2331 etiam
1749 2298 1844 2330 totius
1872 2298 1928 2331 Or-

1192 2352 1275 2385 dinis
1301 2351 1457 2395 praedicti
1485 2351 1614 2384 nomine
1635 2351 1727 2383 nobis
1749 2361 1847 2394 super
1865 2351 1929 2384 hoc

1192 2406 1357 2438 humiliter
1393 2404 1560 2448 porrectis,
1595 2403 1711 2447 quibus
1742 2403 1796 2447 pie
1831 2409 1928 2447 atque

1227 2495 1236 2520 1
1261 2493 1338 2520 Aliae
1348 2492 1531 2527 indulgentiae
1547 2499 1693 2518 concessae
1702 2491 1846 2518 sueruntin
1862 2500 1928 2518 con-

1190 2538 1245 2564 stit.
1267 2537 1332 2564 edit.
1353 2543 1472 2568 MDCxcn,
1494 2536 1536 2562 die
1555 2536 1589 2562 24
1609 2535 1770 2569 decembris,
1786 2535 1881 2571 pontif.
1897 2542 1927 2569 11,

1191 2586 1217 2609 et
1244 2583 1269 2608 in
1295 2582 1441 2609 Clementis
1460 2580 1496 2607 XI
1517 2585 1604 2607 const.
1626 2579 1691 2607 edit.
1714 2586 1810 2614 uocet,
1831 2579 1875 2607 die
1895 2581 1929 2607 ¹4

1191 2627 1366 2662 septembris,
1381 2625 1477 2661 pontif.
1494 2632 1511 2651 1.

1920 225 1972 254 An.
1993 226 2023 254 C.
2041 226 2108 256 1695

1979 1667 2122 1698 Indulgentiae

1940 1700 2057 1716 concessio.
