2227 3225
155 231 203 257 An.
221 230 249 256 C.
271 228 334 255 1591

915 223 1123 248 INNosttTNTirs
1150 223 1192 244 ΚΠ
1220 223 1265 244 ΓΡ.

348 286 519 320 processu,
546 281 578 308 et
606 274 767 307 sententia
790 274 865 313 tata,
891 273 931 305 ad
962 282 1083 314 poenas

347 328 562 371 incorrigibili
594 327 778 370 designatas
804 325 1082 363 condemnabitur,

347 387 379 415 et
415 382 581 425 potissime
618 381 658 414 ad
693 390 854 414 carcerem
889 389 947 422 per
985 387 1084 409 unum

347 445 480 468 annum.

391 499 435 523 iv.
461 489 501 522 Ut
524 498 601 531 ergo
626 488 750 521 scelera
775 490 924 529 pateant,
945 486 983 518 de
1009 495 1086 528 quo-

346 553 417 576 rum
433 543 572 586 repetito
586 543 686 585 lapsu,
705 546 736 573 et
755 540 884 573 tandem
898 540 936 572 de
951 538 1086 571 incorri-
1105 582 1106 586 Ἰ

348 596 589 638 gibilitatereus
607 593 753 627 convinci
767 593 895 632 debeat,
914 593 1085 634 denuoque
1105 594 1108 610 ²

347 649 476 691 repelli,
501 647 672 690 sequentia
695 645 832 678 maxime
850 643 1085 687 designainus¹‚

347 701 500 735 videlicet
524 699 717 743 apostasiam
746 699 796 731 vel
822 699 941 741 sugam,
967 698 1089 741 expila-

348 755 471 788 tionem
497 755 545 786 vel
570 751 814 795 dissipationem
845 751 1006 784 bonorum
1039 760 1088 783 re-

348 807 545 851 demptionis
577 812 608 838 et
627 805 776 845 Ordinis,
801 805 987 847 frequentes
1017 814 1087 836 enm

348 860 419 893 aliis
436 859 587 892 fratribus
606 858 834 891 contentiones
861 863 892 891 et
916 858 999 890 rixas
1017 868 1087 889 cum

348 912 435 956 gravi
461 912 667 955 percussione
692 911 842 951 violenta,
861 915 892 943 et
914 909 1088 953 praecipue

347 966 374 1000 si
399 966 481 999 haec
506 965 618 998 eadem
643 964 842 1007 conspiratio
871 963 1006 1006 insuper
1040 964 1088 996 vel

348 1019 468 1053 seditio
494 1019 526 1051 in
551 1019 713 1061 praelatos
738 1022 957 1057 exerceantur,
976 1017 1090 1060 partia-

348 1073 456 1107 litates
476 1077 508 1105 et
525 1071 700 1105 divisiones
718 1071 750 1103 in
767 1071 979 1104 conventibus
998 1070 1088 1113 quasi

348 1135 441 1159 more
466 1130 645 1158 castrorum
670 1134 764 1166 agere
789 1125 838 1157 vel
862 1124 981 1162 fovere,
1008 1124 1091 1156 clau-

350 1188 444 1211 surae
469 1177 689 1217 violationem,
724 1176 829 1210 carnis
862 1177 986 1219 lapsum
1018 1186 1088 1208 cnm

350 1232 501 1275 quolibet
525 1230 682 1274 complice
707 1235 883 1273 patratum,
909 1229 1020 1262 salsam
1045 1239 1091 1261 ac·

350 1284 552 1318 cusationem
578 1294 634 1316 seu
661 1283 878 1316 testimonium
901 1282 1014 1315 salsum
1040 1282 1091 1314 lit-

351 1342 497 1370 terarum
522 1335 786 1379 apostolicarum,
806 1336 855 1368 vel
881 1335 975 1367 etiam
1001 1345 1091 1376 supe-

349 1390 473 1423 riorum
491 1389 619 1422 Ordinis
639 1387 877 1426 confictionem,
897 1387 1041 1429 rapinam
1061 1392 1091 1419 et

351 1442 481 1483 furtum,
511 1441 714 1479 ebrietatem,
740 1440 923 1482 ingressum
955 1439 993 1471 ad
1023 1449 1090 1471 ino-

350 1494 527 1528 nasterium
541 1493 737 1532 monialium,
752 1492 951 1531 veneficium,
963 1493 1012 1524 vel
1028 1491 1090 1524 alia

351 1548 384 1581 id
420 1557 521 1590 genus
562 1545 683 1589 flagitia
718 1551 749 1578 et
784 1545 928 1578 enormia
967 1546 1090 1578 scelera

351 1601 481 1644 saepius
508 1601 632 1639 iterata,
668 1604 700 1633 et
735 1598 989 1633 correctionibus
1025 1609 1090 1632 non

352 1655 533 1688 emendata.

396 1718 427 1741 v.
454 1708 569 1741 Statim
593 1707 690 1750 igitur
721 1717 757 1740 ac
788 1717 848 1750 pro
880 1706 950 1739 istis
976 1706 1035 1739 rite
1061 1711 1092 1739 et

353 1761 463 1795 debite
484 1761 580 1793 suerit
605 1761 703 1793 frater
727 1761 888 1803 expulsus,
915 1759 1013 1793 debet
1032 1770 1092 1791 ma-

354 1814 454 1857 gister
477 1812 605 1846 Ordinis
630 1812 822 1845 sententiam
843 1813 876 1845 in
895 1823 968 1845 eum
999 1813 1092 1844 latam

354 1872 464 1900 notam
488 1866 594 1899 facere
619 1866 814 1899 dioecesano
846 1866 918 1905 loci,
954 1871 986 1898 et
1021 1876 1092 1898 eum

355 1920 478 1964 pariter
503 1919 615 1952 habitu
648 1919 791 1952 clericali
829 1919 975 1951 indutum
1008 1919 1094 1951 illius

355 1973 420 2006 iuri
446 1978 477 2006 et
501 1971 707 2005 obedientiae
726 1971 898 2011 subiicere,
919 1971 1022 2014 ipsum
1043 1982 1095 2003 au-

356 2031 421 2059 tern
446 2025 614 2069 expulsum
640 2024 678 2057 de
703 2024 912 2067 sequentibus
943 2025 1096 2057 admone-

355 2079 418 2112 bit:
444 2079 602 2122 primurn,
629 2087 688 2120 per
713 2077 934 2120 expulsionem
958 2087 1020 2110 non
1047 2088 1097 2110 re-

356 2132 456 2166 laxari
481 2131 567 2164 illius
592 2135 665 2163 vota
684 2130 794 2163 Ordini
820 2136 929 2163 nostro
946 2131 1098 2163 essentia-

358 2185 401 2218 lia
435 2190 467 2218 et
499 2185 538 2217 ab
571 2183 643 2227 ipso
668 2184 701 2216 in
727 2183 930 2226 professione
962 2183 1095 2221 emissa,

359 2239 416 2271 sed
441 2237 594 2280 suspendi
619 2237 790 2277 dumtaxat,
816 2236 849 2269 in
875 2236 924 2268 liis
949 2236 1096 2269 videlieet

360 2301 442 2334 quae
467 2296 568 2324 status
593 2291 800 2333 expulsorum
825 2300 889 2322 non
907 2289 1048 2332 patitur·,
1065 2290 1097 2321 in

360 2344 425 2378 illis
450 2354 527 2377 vero
542 2354 624 2387 quae
648 2353 712 2375 non
728 2348 921 2386 repugnant,
940 2342 1097 2385 adstringi

361 2397 493 2430 omnino
518 2396 557 2430 ad
583 2407 696 2430 eorum
713 2396 967 2429 observantiam:
987 2406 1100 2428 secun-

363 2450 451 2491 dum,
478 2449 505 2483 si
534 2449 632 2483 suerit
655 2449 754 2482 sacris
780 2449 941 2489 initiatus,
968 2459 1099 2481 manere

364 2512 556 2546 suspensum
577 2501 616 2536 ab
640 2502 729 2534 omni
755 2502 907 2535 ordinum
935 2501 1098 2542 exercitio,

990 2593 996 2598 .
1011 2593 1016 2598 .
1031 2592 1037 2598 .
1053 2571 1099 2598 de-

758 2638 762 2645 .
778 2638 783 2644 .
801 2618 987 2652 ‹Iesiyuomus
1000 2621 1034 2652 ln,
1051 2618 1097 2650 T.).

399 2573 413 2599 1
437 2572 555 2600 Pessime
570 2572 633 2600 edit.
651 2572 729 2599 lllain.
748 2572 812 2608 legit
828 2572 971 2599 sentencia

366 2617 497 2653 siynatus
508 2626 556 2653 pro
570 2619 715 2653 sequentia
733 2638 737 2645 .

1756 212 1820 243 ΒΝ.)

1125 270 1265 313 obligari
1291 274 1398 301 tamen
1424 269 1463 301 ad
1495 270 1715 302 recitationem
1741 271 1860 302 otlicii:

1126 327 1158 354 et.
1184 322 1324 362 tertium,
1350 320 1454 354 teneri
1485 321 1517 353 in
1550 322 1746 355 conscientia
1770 334 1802 355 se
1831 334 1863 355 se

1126 374 1292 417 corrigere
1318 379 1348 407 et
1371 379 1558 407 convertere
1591 374 1623 406 in
1658 375 1775 407 bonam
1803 375 1865 407 sru-

1127 439 1210 470 gem,
1223 433 1257 460 ut
1274 428 1392 470 dignus
1409 427 1464 460 liat
1481 427 1535 470 qui
1555 428 1593 460 ad
1608 427 1865 462 misericordiam

1128 486 1158 514 ct
1171 481 1300 514 Ordinis
1317 481 1517 513 consortium
1536 481 1642 513 denuo
1661 481 1864 524 suscipiatur.

1173 545 1214 567 vit
1242 535 1322 577 Ipsis
1358 540 1463 567 tamen
1501 535 1655 577 praelatis
1693 535 1724 567 in
1749 534 1867 568 Christi

1129 587 1305 620 visceribus
1332 588 1515 626 suademus,
1541 594 1575 619 ut
1599 593 1768 631 antequam
1795 596 1868 630 gra-

1130 641 1295 673 vissimum
1321 646 1351 672 et
1376 646 1554 673 extremum
1593 641 1794 684 expulsionis
1819 651 1869 674 re-

1131 693 1270 725 iiiesliuin
1297 692 1515 735 experiantur,
1542 702 1701 725 memores
1726 693 1791 725 sint
1815 704 1871 736 pa-

1131 752 1239 778 ternae
1258 745 1423 778 charitatis
1441 751 1472 778 et
1493 746 1759 786 mansuetudinis,
1774 756 1870 789 quain

1130 810 1166 832 ex
1192 798 1297 832 officio
1320 804 1351 831 et
1376 798 1497 832 Christi
1524 799 1703 832 imitatione
1721 798 1871 843 profiten-

1132 859 1190 892 tur,
1210 853 1359 896 nihilque
1378 853 1573 886 intentatum
1592 853 1790 897 relinquant,
1807 864 1870 896 quo

1131 907 1252 939 animas
1279 907 1411 938 fratrum
1438 905 1498 938 sibi
1522 906 1660 939 creditas
1691 907 1811 940 lucrari
1837 912 1869 939 et

1131 971 1148 991 a
1172 960 1334 1003 profundo
1359 960 1517 993 malorum
1543 960 1670 1003 eripere
1696 959 1783 993 omni
1809 965 1872 993 stu-

1131 1013 1184 1045 dio
1206 1018 1235 1046 et
1262 1013 1439 1046 dilectione
1464 1013 1675 1053 contendant,
1702 1023 1752 1053 ne,
1777 1013 1804 1045 si
1830 1012 1871 1046 ob

1132 1067 1215 1099 hanc
1229 1066 1461 1109 negligentiam
1476 1067 1507 1098 in
1522 1066 1671 1100 vitiorum
1683 1066 1872 1099 barathrum

1133 1119 1283 1152 decidant
1307 1125 1339 1152 et
1363 1120 1539 1162 aliquando
1562 1124 1708 1162 pereant,
1735 1129 1770 1151 ex
1803 1118 1870 1152 illo-

1133 1184 1202 1205 rum
1227 1183 1324 1205 manu
1350 1172 1503 1205 Dominus
1526 1172 1662 1205 istorum
1679 1172 1870 1215 sanguinem

1133 1226 1252 1269 exigat.

1176 1290 1232 1313 v11.
1260 1279 1297 1312 U
1319 1285 1423 1312 autem
1450 1279 1561 1312 litibus
1588 1289 1767 1319 caveamus,
1794 1289 1872 1322 quas

1133 1343 1168 1365 ex
1195 1332 1380 1364 huiusmodi
1411 1332 1658 1374 expulsionibus
1685 1332 1761 1364 oriri
1788 1332 1872 1365 sorte

1133 1385 1316 1428 eontigerit,
1342 1386 1507 1427 praesenti
1534 1385 1768 1418 constitutione
1801 1395 1873 1418 san-

1134 1438 1248 1477 cimus,
1275 1443 1311 1469 ut
1337 1437 1453 1470 litteris
1478 1437 1542 1470 sive
1574 1438 1776 1481 expulsionis
1802 1448 1874 1470 sen-

1135 1491 1255 1524 tentiae
1281 1490 1340 1523 ista
1366 1491 1511 1523 clausula
1530 1491 1703 1524 inseratur:
1728 1503 1740 1522 α
1762 1490 1875 1523 Omnia

1135 1543 1348 1576 nihilominus
1371 1543 1450 1584 iura,
1475 1543 1620 1576 actiones
1646 1548 1678 1576 et
1702 1544 1876 1576 successio-

1135 1607 1204 1636 nes,
1232 1602 1295 1629 tam
1332 1607 1369 1629 ex
1401 1597 1469 1628 iure
1506 1596 1678 1635 communi,
1704 1607 1800 1640 quam
1837 1606 1874 1629 ex

1134 1649 1311 1692 privilegiis
1329 1660 1385 1682 seu
1402 1649 1527 1682 statutis
1544 1648 1685 1689 Ordinis,
1704 1649 1876 1682 occasione

1135 1713 1208 1735 suae
1235 1702 1445 1745 professionis
1471 1702 1532 1745 ipsi
1562 1701 1673 1734 Ordini
1700 1702 1729 1734 in
1756 1712 1875 1743 genere

1135 1762 1189 1788 aut
1207 1756 1303 1788 alicui
1322 1755 1520 1799 provinciae,
1547 1755 1802 1797 congregationi,
1819 1765 1875 1787 seu

1136 1809 1309 1842 conventui
1334 1809 1434 1851 ipsius
1460 1809 1492 1840 in
1517 1808 1625 1851 specie
1651 1808 1879 1850 qualitercum-

1137 1873 1198 1905 que
1224 1862 1431 1906 pertinentia,
1457 1861 1580 1894 eisdem
1606 1871 1820 1901 reservamus,
1846 1866 1877 1893 et

1138 1917 1169 1948 in
1195 1917 1285 1949 nullo
1310 1916 1441 1959 penitus
1461 1915 1657 1957 derogamus
1684 1927 1715 1946 n.

1183 1980 1204 2003 1.
1232 1969 1308 2002 Cum
1334 1969 1549 2001 absolvendus
1586 1968 1684 2000 suerit
1708 1971 1876 2010 apostata,

1139 2022 1187 2055 vel
1223 2022 1305 2054 alius
1330 2021 1526 2064 quicumque
1553 2020 1851 2053 excommunicatus
1868 2033 1913 2058 ,nv
1944 2032 1954 2045 a

1140 2076 1178 2108 ab
1200 2075 1295 2108 huius
1314 2084 1470 2107 censurae
1489 2073 1628 2113 vinculo,
1647 2084 1680 2105 se
1700 2072 1876 2112 humiliter,
1889 2079 2071 2100 escommumcass-

1140 2129 1230 2161 flexis
1257 2128 1407 2170 genibus,
1440 2128 1586 2170 praelato
1623 2125 1800 2165 submittat,
1826 2125 1877 2156 vel

1141 2183 1168 2215 ei
1194 2181 1245 2214 cui
1272 2181 1373 2213 vicem
1393 2179 1602 2222 delegaverit,
1622 2179 1805 2220 habeatque
1825 2188 1879 2210 nu-

1141 2236 1214 2267 dum
1233 2234 1370 2273 dorsum,
1390 2238 1421 2265 et
1434 2231 1649 2275 scapularium
1667 2241 1766 2274 super
1783 2235 1879 2273 caput

1141 2294 1171 2321 et
1193 2287 1295 2327 facie,
1322 2285 1482 2328 praelatus
1506 2295 1594 2324 vero,
1621 2289 1674 2316 aut
1698 2284 1878 2324 absolvens,

1143 2346 1250 2374 teneat
1275 2340 1390 2382 virgas,
1417 2349 1472 2371 seu
1490 2339 1590 2371 'aliud
1623 2337 1741 2380 flagelli
1777 2347 1880 2380 genus

1142 2395 1173 2427 in
1199 2404 1307 2433 manu,
1332 2403 1395 2436 quo
1415 2391 1504 2424 illum
1522 2391 1695 2423 verberare
1713 2391 1829 2429 debet·‚
1849 2394 1880 2422 et

1143 2448 1218 2480 dum
1242 2446 1313 2490 ipse
1335 2456 1404 2478 cum
1431 2450 1588 2478 conventu
1614 2444 1772 2486 psalmum
1790 2443 1882 2475 Mise-

1142 2511 1211 2534 rere
1235 2500 1298 2533 mei
1325 2498 1457 2532 alternis
1492 2497 1638 2530 versibus
1674 2495 1810 2534 recitat,
1841 2496 1880 2528 ad

1142 2554 1238 2587 finem
1265 2553 1421 2595 cuiusque
1445 2561 1556 2584 versus
1573 2550 1690 2582 nudam
1715 2548 1880 2591 scapulam

1144 2608 1312 2647 verberet,
1352 2606 1381 2638 in
1408 2604 1619 2638 conclusione
1655 2613 1730 2635 vero
1764 2599 1880 2643 psalmi

1868 222 1916 247 An.
1936 221 1964 248 C.
1987 221 2051 248 1691

1920 1971 1988 1991 Cirr-r
2005 1970 2036 1990 Χῖ.

1915 2000 1944 2019 Dc
1955 1998 2070 2018 absolutio·

1959 2027 2054 2051 pwtalac
2067 2038 2071 2044 ,

1958 2050 2071 2071 cuiuslibet
