2227 3225
149 253 200 279 An.
217 251 246 279 C.
269 253 332 280 1891

922 251 1129 276 txxoctzxrtt's
1156 251 1197 274 ΧΗ
1222 252 1269 275 Pl'.

342 302 460 334 fratres
485 302 587 334 nostri
621 301 810 345 disciplinas
841 301 1002 343 virgarum
1029 311 1080 333 re-

336 353 476 396 cipiant.
506 355 617 388 Modus
642 365 719 388 vero
744 355 778 387 in
810 354 875 387 illis
905 353 1080 387 servandus

343 406 398 439 hic
417 407 495 440 erit:
522 406 614 440 {inito
639 407 867 450 completorio,
888 411 919 439 et
938 405 1081 439 recitatis

344 459 445 492 Pater
457 464 564 492 noster
577 465 608 493 et
619 460 683 492 Ave
695 459 815 499 Maria,
827 464 859 492 et.
871 457 978 498 Credo,
993 468 1082 501 prae·

345 518 463 555 parent.
479 523 512 545 se
537 522 650 546 omnes
668 512 793 552 fratres
811 512 893 545 sicut
909 511 1007 544 moris
1025 515 1080 549 est,

338 565 385 598 .ad
410 565 652 609 suscipiendam
677 564 900 608 disciplinam,
927 563 1083 597 dectectis

346 617 471 650 scilicet
495 619 631 651 liumero
648 619 698 651 vel
723 617 883 660 scapulis·,
910 627 973 660 quo
1000 617 1082 649 sacto

339 670 457 703 ⁴dicant
481 671 639 712 Confiteor
666 670 742 709 Deo,
769 670 1012 713 praelatusque,
1030 674 1083 701 aut

347 723 417 756 eius
441 723 589 763 vicarius,
613 724 676 763 vel,
695 723 760 756 illis
785 722 985 761 absentibus,
1006 722 1084 754 lieb-

350 776 557 809 domadarius
581 782 670 809 stans
694 775 727 808 in
751 775 859 808 medio
885 775 970 808 dicat
991 775 1084 807 Mise-

347 834 460 862 realur
483 829 593 869 vestri,
613 834 675 862 ete.
703 829 824 862 Deinde
849 828 982 871 incipiat
1000 828 1086 870 psal—

348 892 433 925 mum
460 882 611 915 Miserere
631 882 694 914 mei
719 882 859 914 tenendo
883 880 1083 924 manipulum

349 934 513 977 virgarum
538 934 571 967 in
595 944 701 974 manu,
720 945 783 977 quo
800 935 931 967 dorsum
951 934 1083 965 fratrum

349 987 521 1021 verberare
553 988 710 1031 incipiat,
738 992 769 1021 et
801 987 847 1020 sic
871 990 1086 1031 prosequetur

350 1050 455 1084 usque
473 1041 511 1073 ad
538 1040 653 1074 Gloria
669 1041 779 1081 Patri,
799 1051 853 1074 eos
871 1040 1086 1084 percutiendo

351 1092 384 1125 in
409 1093 545 1136 singulis
569 1093 713 1126 versibus
737 1094 860 1126 alterne
885 1103 903 1125 a
926 1093 1028 1126 choro
1058 1098 1085 1125 et

351 1145 423 1188 ipso
445 1146 640 1179 recitandis:
660 1146 750 1179 sinito
771 1147 894 1189 psalmo
912 1146 1083 1187 subiunga-

352 1204 405 1230 tur
429 1199 468 1231 ab
493 1199 644 1231 omnibus
669 1200 773 1242 Kyrie
796 1199 933 1238 eleison,
962 1198 1088 1232 Christe

353 1249 488 1290 eleison,
513 1251 616 1294 Kyrie
640 1251 772 1291 eleison,
800 1257 831 1284 et
855 1252 1019 1295 praelatus
1045 1251 1088 1283 di-

352 1308 403 1335 cat
430 1302 524 1336 Pater
547 1309 672 1343 noster,⁸
704 1315 768 1347 quo
803 1305 896 1337 tacite
928 1304 1084 1344 recitato,

353 1355 504 1388 adiiciat:

392 1408 425 1447 11.
449 1408 482 1439 Et
504 1418 540 1439 ne
562 1419 615 1440 nos
637 1410 757 1440 inducas
779 1410 809 1440 111
832 1410 1057 1448 tentciitionem,

392 1464 425 1496 Β.
448 1457 503 1487 Sed
525 1457 615 1488 libera
640 1468 691 1488 nos
713 1468 728 1488 a
751 1459 837 1488 malo.

393 1506 426 1545 ᾖ.
450 1506 548 1536 Salvos
571 1508 614 1537 sac
637 1517 736 1537 servos
759 1512 835 1545 11105,
856 1507 987 1546 Domine,

420 1577 426 1583 .
450 1555 524 1584 Deus
547 1565 640 1594 meus,
664 1562 816 1596 sperantes
838 1557 867 1586 in
891 1560 929 1586 te.

419 1627 425 1633 .
448 1605 586 1635 Dominus
607 1605 768 1636 vobiscum.

421 1676 426 1682 .
452 1653 485 1683 Et
507 1663 573 1684 cum
596 1654 701 1694 spiritu
725 1659 785 1685 tuo.

662 1702 788 1732 Ormnus.

393 1750 479 1788 Deus,
503 1751 549 1780 cui
573 1752 723 1790 proprium
754 1756 797 1781 est
820 1750 953 1782 misereri
976 1760 1089 1791 semper

353 1801 382 1829 et
403 1808 536 1838 parcere,
550 1800 666 1838 suscipe
692 1800 924 1840 deprecationem
947 1805 1087 1835 nostram,

353 1851 385 1876 ut
406 1856 479 1887 quos
501 1848 673 1879 delictorum
696 1853 798 1878 catena
820 1849 1013 1887 constringit,
1037 1849 1090 1878 mi-

353 1896 459 1926 seratio
481 1899 547 1926 tuae
565 1897 680 1936 pietatis
701 1897 860 1927 clementer
880 1897 1021 1928 absolvat.
1037 1898 1090 1928 Per

353 1943 498 1975 Christum
522 1946 674 1975 Dominum
696 1950 838 1976 nostrum.
861 1947 957 1976 Amen.

397 2003 431 2027 11.
448 1994 526 2026 Dum
540 2000 647 2027 autem
664 1995 822 2038 psalmus,
840 2006 952 2027 versus
969 2001 999 2028 et
1017 2006 1089 2029 ora-

354 2047 398 2080 tio
422 2047 608 2087 recitantur,
636 2047 815 2081 circumeat
838 2049 1012 2091 praelatus,
1037 2051 1087 2083 vel

351 2099 487 2133 vicarius
497 2100 574 2140 eius,
592 2106 645 2133 aut
658 2101 942 2141 hebdomadarius,
957 2102 1087 2135 ordines

352 2152 490 2186 fratrum
524 2153 693 2196 utriusque
719 2154 832 2195 chori,
858 2154 1045 2198 incipiendo
1070 2166 1085 2188 a

352 2211 444 2248 parte
470 2205 631 2249 superiori
656 2216 738 2249 quae
761 2212 808 2239 est
832 2207 865 2239 in
890 2207 1036 2248 dextero,
1055 2214 1084 2241 et

352 2259 584 2302 prosequendo
608 2258 647 2291 ab
671 2259 819 2292 inferiori
843 2265 936 2303 parte
954 2261 1085 2299 sinistri,

351 2311 457 2344 donec
476 2312 620 2354 psalmus
637 2322 708 2345 cum
726 2313 874 2345 versibus
892 2319 923 2345 et
939 2314 1085 2347 oratione

351 2362 523 2404 finiantur·,
539 2365 565 2397 si
586 2370 693 2398 autem
719 2365 798 2399 adeo
817 2377 953 2409 magnus
970 2367 1010 2399 sit
1027 2367 1085 2399 sra-

351 2421 437 2449 trum
462 2427 639 2457 numerus,
666 2423 701 2450 ut
731 2428 814 2450 unus
838 2429 873 2451 se
899 2419 963 2452 cito
989 2430 1085 2462 expe-

351 2468 420 2501 dire
445 2475 596 2512 nequeat,
620 2470 767 2511 vicarius,
785 2472 836 2504 vel
861 2473 943 2505 alter
967 2482 1004 2505 ex
1029 2483 1085 2504 an-

351 2521 567 2565 tiquioribus,
593 2523 728 2566 incipiat
752 2534 769 2556 a
801 2525 959 2568 superiori
993 2530 1083 2568 parte

350 2573 444 2606 chori
468 2574 589 2607 sinistri
612 2576 717 2608 donec
734 2576 866 2610 fratrum
887 2577 1019 2611 ordines
1036 2587 1085 2610 se-

350 2627 415 2660 mel
439 2631 562 2660 tantum
586 2633 722 2672 uterque
749 2630 912 2663 decurrat.

392 1604 412 1644 „4
392 1556 414 1593 ,a

393 1654 415 1692 *³2

1165 309 1212 333 111.
1240 300 1330 333 Hanc
1364 300 1476 343 utique
1512 302 1676 345 antiquam
1703 310 1735 337 et
1764 316 1858 348 regu-

1122 353 1224 385 larem
1249 352 1377 385 Ordinis
1402 353 1638 387 observantiam
1656 356 1702 389 sic
1722 357 1858 390 ini-iola-

1122 405 1232 438 biliter
1257 406 1408 448 praefatis
1433 406 1546 440 diebus
1563 409 1709 442 exerceri
1730 410 1858 443 deside·

1123 468 1242 498 ramuS,
1262 465 1297 491 ut
1315 460 1494 502 praelatum
1512 471 1582 493 eam
1599 463 1859 504 praetermitten-

1124 516 1208 551 tem,
1236 517 1292 544 aut
1318 512 1474 545 serentem
1499 515 1861 558 praetermitti,dignis-

1125 563 1205 596 sime
1223 564 1398 597 reddamus
1415 565 1454 597 ab
1469 565 1575 599 officio
1590 577 1785 608 suspensum
1803 579 1861 612 per

1125 626 1179 648 sex
1205 627 1346 650 menses.
1375 618 1507 651 Praeter
1539 619 1597 651 lias
1627 619 1787 662 virgamm
1814 622 1861 654 di-

1125 669 1281 712 sciplinas
1306 680 1323 702 a
1347 671 1501 713 praelatis
1526 671 1729 715 infligendas,
1747 673 1825 706 alias
1844 684 1860 706 a

1126 732 1158 754 se
1173 722 1251 765 ipsis
1266 723 1412 766 recipere
1426 724 1573 757 volumus
1587 725 1702 758 fratres
1717 732 1859 767 nostros,

1125 779 1161 806 ut
1184 774 1281 808 etiam
1306 786 1339 808 sc
1365 776 1452 819 ipsos
1486 777 1621 811 viriliter
1645 779 1848 822 castigationi

1126 826 1186 860 bus
1213 829 1398 861 emendent.

1171 890 1211 913 ιν.
1238 880 1380 924 Singulis
1401 882 1511 926 itaque
1531 883 1629 916 sextis
1656 883 1744 917 seriis
1764 884 1861 918 totius

1127 934 1212 975 anni,
1228 939 1323 977 atque
1338 935 1432 968 etiam
1448 936 1568 979 quartis
1582 941 1727 981 tempore
1742 938 1864 971 Adven-

1127 992 1177 1019 tus
1204 993 1235 1020 et
1260 987 1542 1031 Quadragesimae,
1569 996 1701 1033 peracto
1719 992 1864 1034 complc-

1128 1040 1223 1080 torio‚
1244 1040 1269 1073 si
1293 1041 1400 1074 adhuc
1419 1042 1487 1074 dies
1509 1048 1673 1086 superest,
1697 1044 1864 1088 paulisper

1128 1095 1272 1136 spectata
1290 1099 1394 1133 nocte,
1409 1105 1520 1128 omnes
1538 1095 1654 1129 fratres
1670 1098 1864 1130 conveniant

1129 1145 1159 1178 in
1186 1146 1323 1179 ecclesia
1341 1148 1390 1180 vel
1412 1147 1523 1188 choro,
1542 1155 1573 1182 et
1589 1149 1632 1181 ibi
1659 1160 1862 1185 communem

1129 1205 1301 1232 exerceant
1325 1200 1550 1244 disciplinam;
1578 1202 1790 1235 recitantibus
1816 1203 1864 1236 in-

1130 1257 1216 1284 terca
1243 1253 1398 1295 praelato,
1420 1255 1469 1288 vel
1491 1255 1560 1287 eius
1583 1256 1713 1296 vicario,
1733 1262 1765 1289 et
1788 1267 1864 1290 con-

1129 1309 1225 1336 ventu
1256 1306 1440 1338 alternatim
1476 1307 1678 1350 praedictum
1704 1311 1863 1352 psalmum

1130 1357 1231 1389 semel
1256 1362 1287 1389 et
1312 1358 1445 1398 iterum,
1470 1361 1519 1392 vel
1546 1361 1725 1394 secundum
1752 1362 1864 1399 domo-

1130 1418 1199 1440 rum
1231 1411 1528 1452 consuetudincm,
1556 1423 1628 1446 cum
1665 1414 1807 1447 versibus
1833 1420 1865 1448 et

1128 1461 1277 1495 oratione
1309 1462 1458 1505 praefixis
1483 1465 1522 1497 ab
1548 1465 1619 1508 ipso
1649 1468 1792 1509 praelato
1818 1466 1865 1500 di-

1130 1513 1260 1554 cendis3
1288 1515 1367 1547 alias
1391 1522 1497 1549 autcm
1524 1517 1722 1561 disciplinas,
1747 1520 1863 1562 quibus

1131 1567 1216 1599 ultro
1238 1572 1269 1600 et
1294 1568 1443 1611 privatim
1470 1570 1585 1603 fratres
1611 1570 1812 1613 afficiuntur,
1838 1573 1864 1605 si

1129 1619 1310 1662 prudenter
1327 1627 1358 1654 et
1378 1632 1448 1655 cnm
1474 1623 1670 1657 discretione
1695 1624 1781 1665 fiant,
1799 1636 1865 1658 non

1130 1673 1236 1706 solum
1260 1674 1439 1708 laudabiles
1465 1682 1672 1719 reputamus,
1698 1688 1808 1711 verum
1833 1684 1865 1712 ct

1130 1727 1306 1760 salubriter
1328 1729 1517 1762 suademus.

1174 1790 1196 1812 1.
1223 1780 1306 1814 Sane
1339 1792 1398 1824 per
1422 1783 1565 1816 medium
1592 1785 1741 1829 corporis
1765 1786 1864 1819 alitur

1129 1832 1193 1865 vita
1216 1833 1343 1874 mentis,
1363 1845 1460 1878 quam
1485 1836 1691 1878 pinguiorem
1716 1838 1862 1878 facimus,

1130 1895 1195 1928 quo
1227 1886 1300 1929 plus
1335 1888 1501 1930 squallore
1534 1890 1784 1932 languescimus.
1818 1891 1862 1923 Ne

1131 1948 1208 1981 ergo
1227 1939 1342 1973 fratres
1360 1941 1463 1974 nostri
1479 1952 1495 1973 a
1509 1942 1682 1975 sobrietate
1701 1943 1863 1983 deliciant,

1129 1991 1175 2024 sic
1201 2002 1257 2025 eos
1289 1993 1321 2026 in
1353 1995 1480 2027 ratione
1512 1996 1614 2028 victus
1651 1996 1860 2029 instituimus.

1130 2044 1238 2077 Primo
1264 2046 1350 2078 enim
1368 2058 1384 2079 a
1404 2047 1528 2080 Pascha
1545 2057 1645 2091 usque
1670 2049 1707 2081 ad
1727 2049 1863 2092 primam

1129 2097 1241 2130 seriam
1267 2099 1442 2132 secundam
1469 2101 1627 2133 exclusive
1659 2112 1740 2144 quae
1776 2102 1861 2135 diem

1127 2150 1277 2184 Omnium
1291 2151 1481 2185 Sanctorum
1497 2153 1681 2187 immediate
1697 2155 1862 2199 subsequi·

1129 2210 1198 2245 tur,
1225 2210 1256 2237 et
1281 2216 1297 2237 a
1323 2205 1373 2238 die
1398 2205 1516 2239 Natalis
1541 2206 1665 2239 Domini
1694 2218 1796 2251 usque
1821 2208 1860 2241 ad

1127 2258 1319 2290 dominicam
1334 2257 1621 2301 Quinquagesimae
1636 2259 1861 2300 inclusive‚bis

1126 2321 1180 2344 eos
1205 2311 1293 2344 refici
1318 2311 1564 2352 constituimus,
1591 2313 1734 2356 exceptis
1755 2320 1860 2347 tamen

1127 2364 1239 2397 diebus
1265 2364 1493 2407 Rogationum‚
1512 2365 1611 2398 sextis
1636 2365 1735 2406 seriis,
1752 2366 1861 2409 vigilia

1127 2417 1353 2458 Pentecostes,
1385 2417 1514 2450 ieiuniis
1549 2417 1691 2456 Ouatuor
1722 2419 1861 2463 Tempo-

1126 2480 1207 2510 rum,
1226 2476 1257 2502 et
1282 2470 1319 2502 iis
1344 2480 1425 2513 quae
1454 2470 1493 2502 ab
1513 2470 1654 2504 Ecclesia
1671 2473 1718 2505 vel
1739 2471 1858 2505 Ordine

1127 2524 1240 2556 nostro
1266 2523 1386 2556 suerint
1410 2523 1564 2562 instituta,
1585 2524 1632 2557 vel
1659 2524 1688 2556 in
1708 2523 1858 2557 dioecesi·

1125 2577 1185 2609 bus
1200 2581 1252 2608 aut
1267 2576 1345 2609 locis
1371 2576 1455 2610 intra
1480 2576 1626 2619 praefata
1644 2583 1787 2621 tempora
1805 2576 1858 2610 ob-

1126 2635 1305 2663 serventur.
1592 2629 1602 2631 ’
1614 2628 1655 2632 ’“’

1757 245 1821 280 ⁶260
1867 255 1916 282 11η.
1937 255 1965 283 c.
1984 255 2047 283 111111

1900 1794 1969 1816 Cas-rr
1986 1795 2028 1817 vu.

1898 1822 1927 1843 De
1943 1828 2036 1844 ieiuniis.
