2227 3225
137 209 190 235 An.
210 207 238 235 C.
259 208 319 235 ¹691

908 206 1116 230 INNOCENTIUS

331 256 450 290 suerint
484 257 688 290 decernenda
723 265 782 299 per
813 265 846 288 se
871 255 978 298 ipsos,
1004 264 1067 287 non

330 319 486 353 personas
510 310 558 342 rel
583 309 692 342 odium
712 308 744 341 in
770 319 824 341 eas
853 309 901 341 vel
928 317 1069 340 amorem

331 362 502 404 accipiant,
522 367 562 402 et,
580 361 613 394 in
631 361 831 404 corrigendis
846 361 1006 401 fratribus,
1021 371 1070 393 so-

332 415 393 448 lius
418 414 606 458 disciplinae
627 414 784 457 regularis
800 414 869 447 zelo
887 425 954 447 non
971 414 1069 447 livore

332 467 499 507 ducantur,
514 467 546 499 in
561 467 832 510 conserendisque
847 466 1070 509 dignitatibus,

333 518 433 552 solius
450 518 578 552 Ordinis
604 524 635 552 et
655 519 823 554 domorum
848 519 917 552 cius
937 518 1069 551 utilitati

332 572 545 616 prospiciant.

377 635 420 659 vi.
448 626 516 658 Hoc
533 630 706 668 praecepto
725 630 755 658 et
772 624 976 658 adiuratione
995 634 1071 657 cun-

334 678 375 711 cti
406 689 443 712 cx
469 678 655 712 definitorio
687 678 872 720 praeventi,
895 677 1072 721 procedant

335 731 374 766 ad
399 732 570 775 sequentia
605 741 662 764 suo
687 731 803 764 ordine
832 736 863 764 et
886 731 1071 764 maturitate

335 784 532 827 exequenda,
547 784 602 816 ubi
619 783 760 828 prunum
777 783 897 827 singuli
915 793 1073 817 commcn-

337 837 464 870 datores
487 836 654 879 resignare
679 837 800 870 debent
833 836 964 870 titulum
996 845 1072 869 suae

336 890 558 929 commendae,
576 894 609 922 ct
633 889 672 923 de
698 890 784 923 illius
808 894 890 922 statu
914 889 1073 931 integram

336 943 495 976 rationem
531 943 667 976 reddere
703 953 764 986 per
795 947 1032 986 transumptum
1057 951 1075 973 a

338 997 535 1029 calculorum
576 995 674 1029 totius
714 995 844 1028 triennii
878 995 1074 1039 compendio

339 1050 524 1088 deductum,
549 1059 566 1081 a
582 1059 682 1092 seque
700 1055 729 1082 et
747 1049 895 1092 praeside
916 1048 1077 1082 clavariis-

339 1113 400 1146 que
418 1107 594 1136 conventus
611 1101 840 1145 subscriptum,
855 1101 941 1144 quod
967 1111 1075 1134 coram

341 1155 527 1189 delinitorio
551 1155 590 1188 dc
609 1154 707 1188 verbo
727 1155 765 1187 ad
782 1155 916 1188 verbum
934 1155 1075 1197 legatur,

340 1214 383 1249 ut,
405 1207 724 1241 commendatoribus
741 1207 819 1250 ipsis
840 1208 878 1240 ad
904 1217 1078 1250 congrega-

342 1261 461 1295 tionem
485 1260 658 1301 accersitis,
675 1261 820 1294 eiusdem
840 1261 968 1293 nomine
986 1270 1079 1303 prae-

341 1325 390 1347 ses
411 1325 470 1357 pro
495 1314 747 1356 uniuscuiusque
765 1313 881 1346 merito
906 1323 1079 1356 operosum

341 1366 462 1407 laudet,
490 1366 636 1399 desidem
654 1376 730 1399 vcro
751 1366 918 1409 increpet·,
940 1365 964 1397 si
983 1375 1078 1408 quem

342 1419 421 1452 salsa
455 1419 666 1462 perhibuisse
701 1419 873 1462 probatum
910 1418 1015 1459 suerit,
1051 1418 1078 1450 is

341 1474 448 1515 poena
466 1471 622 1514 gravioris
641 1472 756 1515 culpae
774 1471 939 1514 puniatur.
965 1471 996 1504 Si
1018 1481 1080 1514 qua

342 1524 452 1557 debita
476 1524 720 1557 commendator
744 1524 860 1567 aliquis
877 1524 911 1556 in
928 1534 985 1557 suo
1003 1533 1080 1556 con-

341 1581 440 1609 ventu
466 1585 528 1608 non
554 1576 659 1607 soluta
678 1575 859 1618 reliquerit,
879 1586 981 1619 eaque
1006 1574 1081 1608 defi-

342 1627 462 1661 nitorio
487 1628 651 1666 celaverit,
668 1627 740 1671 ipsa
763 1638 823 1671 per
847 1639 920 1661 eum
937 1633 968 1661 et
985 1628 1080 1671 depo-

343 1681 488 1721 sitarios,
525 1681 580 1724 qui
620 1680 816 1714 simulationi
841 1681 1078 1722 consenserint,

344 1734 501 1768 solvenda
525 1744 596 1766 esse
621 1733 860 1767 constituimus.

388 1797 445 1820 vn.
472 1787 506 1819 ln
530 1786 696 1830 praedicto
726 1791 930 1831 transumpto
960 1788 1082 1831 pariter

345 1841 386 1874 de
404 1840 544 1883 receptis
561 1850 619 1883 pro
639 1840 865 1882 redemptione
883 1841 1080 1884 captivorum

345 1894 475 1928 fidelem
500 1893 630 1937 penitus
659 1893 816 1926 rationem
848 1894 962 1927 reddat
991 1905 1083 1938 prae-

346 1949 446 1988 latus,
472 1947 553 1979 itaut
576 1947 687 1979 nullus
711 1946 827 1979 audeat
850 1948 958 1981 venire
977 1949 1016 1981 ad
1035 1959 1084 1981 ca-

346 2001 485 2044 pitulum
510 2000 580 2032 sine
604 2009 680 2031 vero
706 2005 738 2031 et
762 1999 907 2041 legitimo
932 2007 1083 2045 computo

348 2064 461 2088 eorum
488 2051 630 2085 omnium
657 2062 739 2095 quae
764 2063 823 2095 pro
859 2053 1084 2097 redemptione

347 2107 575 2148 undecumque
594 2105 785 2147 susceperit.
809 2106 854 2138 Ad
874 2116 969 2148 quem
989 2108 1083 2140 etiam

348 2159 481 2193 uberius
495 2157 781 2200 comprobandum,
796 2158 923 2191 deferre
938 2164 1086 2192 tencatur

350 2213 388 2246 ad
414 2212 588 2255 capitulum
614 2216 850 2254 transumptum
880 2210 944 2244 dati
977 2218 1009 2245 et
1036 2224 1087 2245 ac-

351 2266 436 2308 cepti
463 2263 605 2297 omnium
640 2273 750 2295 eorum
783 2273 866 2306 quae
899 2264 938 2296 ad
963 2265 1087 2298 redem-

351 2319 496 2362 ptionem
522 2317 673 2357 attinent,
699 2322 799 2359 prout
823 2318 916 2350 adest
941 2318 971 2350 in
998 2320 1088 2352 libris

351 2370 596 2413 redemptionis,
620 2370 706 2402 iuxta
730 2370 878 2412 superius
904 2370 1085 2404 distinctio-

353 2434 421 2457 ne1
446 2434 516 2466 cap.
535 2433 567 2456 lv
591 2422 742 2462 stabilita,
766 2423 850 2455 circa
878 2433 959 2466 quae
978 2423 1090 2456 desmi-

356 2476 470 2510 torium
496 2476 669 2518 diligenter
693 2476 839 2518 exploret
867 2486 930 2518 quo
967 2476 1090 2509 fervore

355 2528 521 2562 charitatis
546 2528 732 2561 huiusmodi
764 2528 932 2571 nostrique
953 2528 1090 2561 instituti

1141 206 1187 230 ΧΠ
1212 206 1260 230 ΡΡ.

1113 253 1318 298 temporum¹
1344 255 1526 295 invenerit,
1557 255 1643 288 omni
1677 257 1847 289 severitate

1112 307 1280 350 corripiat.

1154 370 1223 394 viu.
1250 360 1373 394 Deinde
1391 360 1547 404 magister
1563 363 1735 404 generalis,
1750 364 1776 397 si
1797 364 1849 397 ad-

1112 412 1163 452 sit,
1179 418 1212 446 et
1235 413 1445 457 provincialis
1462 415 1638 456 absolutus,
1657 421 1712 449 aut
1737 427 1849 450 eorum

1112 466 1308 508 visitatores,
1333 466 1359 499 si
1383 466 1448 500 sint
1465 477 1501 500 ex
1520 467 1714 510 definitorio,
1729 480 1851 514 propo-

1112 524 1189 551 nant
1218 519 1266 552 illi
1289 529 1372 563 quae
1389 519 1422 552 in
1439 520 1676 555 visitationibus
1694 524 1744 556 vel
1762 529 1851 557 extra

1114 578 1175 605 tam
1201 574 1366 606 communi
1391 584 1488 617 quam
1513 575 1638 618 privata
1658 577 1853 611 emendatio·

1112 637 1152 659 ne
1174 631 1230 659 aut
1252 627 1486 660 reformatione
1512 627 1610 671 digna
1634 629 1666 662 in
1686 631 1852 674 provincia

1113 680 1304 722 perscrutati
1329 679 1472 721 suerint,
1499 682 1616 724 quibus
1640 693 1717 717 sane
1741 689 1776 717 ut
1799 685 1853 718 de·

1114 732 1289 765 sinitorium
1314 732 1354 766 de
1379 733 1550 768 salubriori
1586 736 1714 770 medela
1745 738 1854 781 provi-

1115 785 1200 825 deat,
1216 785 1313 818 rebus
1338 790 1461 819 mature
1482 792 1658 831 exacteque
1684 789 1853 831 discussis,

1115 843 1303 881 opportuna
1332 840 1574 874 reformationis
1599 841 1730 876 decreta
1754 853 1855 887 super

1115 891 1266 925 omnibus
1290 891 1449 926 instituat.

1160 954 1202 979 1x.
1228 944 1351 978 Rursus
1369 946 1408 979 de
1425 945 1534 980 litibus
1551 948 1636 981 inter
1654 948 1780 990 fratres,
1801 960 1855 983 au-

1118 997 1193 1030 ditis
1219 1008 1391 1031 causarum
1419 999 1579 1034 iudicibus
1596 1028 1604 1042 ‚
1637 1001 1856 1036 definitorium

1118 1050 1249 1092 iudicet,
1284 1061 1403 1095 easque
1440 1053 1573 1087 omnino
1610 1054 1740 1088 dirimat
1770 1055 1857 1089 iuxta

1119 1104 1249 1137 maioris
1274 1105 1374 1148 partis
1393 1105 1573 1140 arbitrium.
1594 1107 1624 1141 Si
1643 1108 1787 1142 visitator
1804 1114 1858 1142 aut

1119 1157 1340 1200 provincialiS,
1374 1168 1428 1191 seu
1453 1159 1590 1193 vicarius
1624 1161 1855 1203 provincialis,

1120 1210 1287 1243 absolutus
1316 1212 1537 1254 proclamatus
1571 1213 1679 1254 suerit,
1704 1219 1736 1247 et
1766 1225 1858 1247 accu-

1120 1268 1206 1296 satus
1232 1263 1329 1296 suerit
1354 1264 1506 1306 legitime,
1532 1266 1581 1299 vel
1606 1266 1645 1299 de
1671 1267 1779 1309 aliquo
1798 1267 1858 1299 cri-

1122 1315 1207 1348 mine
1220 1316 1409 1357 convictus,
1429 1317 1624 1360 corripiatur
1640 1329 1657 1351 a
1675 1318 1858 1352 definitorio

1121 1373 1268 1407 secreto,
1294 1369 1365 1408 vel,
1390 1374 1490 1411 prout
1513 1370 1685 1413 aequitatis
1718 1371 1802 1404 ratio
1828 1376 1861 1404 et

1121 1421 1236 1463 culpae
1262 1420 1399 1463 qualitas
1425 1423 1647 1464 postulaverit,
1682 1428 1714 1456 et
1745 1434 1860 1457 secun-

1122 1472 1198 1505 dum
1233 1483 1357 1516 poenas
1389 1484 1406 1506 a
1437 1473 1506 1507 iure
1541 1476 1589 1508 vel
1625 1476 1859 1510 constitutione

1121 1525 1289 1568 suscipiat.

1165 1589 1196 1610 x,
1233 1577 1389 1612 Similiter
1423 1580 1659 1615 examinatores
1697 1593 1859 1616 annorum

1122 1632 1265 1664 lecturae
1292 1636 1323 1664 et
1338 1632 1593 1674 praedicationis
1612 1635 1787 1669 exhibeant
1804 1647 1860 1669 sua

1122 1684 1242 1717 iudicia
1267 1684 1305 1717 de
1329 1684 1399 1725 illis,
1426 1691 1461 1718 ut
1496 1687 1536 1719 ab
1568 1687 1639 1731 ipso
1677 1689 1859 1722 definitorio

1124 1737 1246 1769 seratur
1270 1737 1440 1777 sententia,
1459 1749 1513 1771 eos
1533 1739 1619 1772 iuxta
1636 1741 1788 1774 meritum
1806 1752 1861 1785 ap-

1122 1789 1303 1833 probando,
1327 1791 1494 1824 autetiam
1519 1794 1736 1835 reprobando.
1754 1795 1815 1833 vel,
1836 1794 1861 1827 si

1123 1853 1202 1885 opus
1220 1841 1272 1882 sit,
1299 1844 1492 1885 exponendo
1517 1845 1556 1877 ad
1582 1846 1699 1887 gradus
1715 1845 1860 1886 Ordinis,

1124 1895 1338 1927 calculatores
1366 1895 1506 1939 denique
1531 1898 1795 1940 susq-›iitaitionem
1822 1899 1861 1931 ad

1125 1947 1300 1990 capitulum
1326 1949 1556 1990 pertinentium
1578 1961 1643 1982 non
1662 1951 1863 1984 dissimiliter

1126 2006 1311 2044 proponant
1329 2000 1515 2034 definitorio
1541 2003 1626 2045 quod
1653 2004 1796 2036 sentiunt
1822 2005 1861 2037 de

1127 2054 1202 2093 illis,
1222 2059 1256 2085 ut
1271 2053 1415 2086 debitum
1440 2054 1525 2088 circa
1545 2066 1601 2088 eos
1627 2056 1793 2089 decretum
1811 2057 1864 2089 de-

1128 2106 1304 2139 smitorium
1330 2107 1487 2149 proferat.

1172 2170 1215 2192 xi.
1231 2159 1286 2191 llis
1304 2160 1450 2202 peractis,
1468 2161 1625 2204 procedat
1645 2162 1862 2195 definitorium

1130 2212 1168 2245 ad
1191 2213 1409 2255 praelatorum
1427 2214 1579 2247 localium
1597 2216 1863 2255 nominationem,

1131 2276 1186 2298 eos
1211 2265 1248 2298 ad
1275 2265 1338 2298 hoc
1367 2276 1483 2299 munus
1508 2267 1672 2310 eligendo,
1697 2280 1777 2312 quos
1802 2280 1866 2302 ma-

1130 2318 1191 2352 iori
1212 2319 1299 2351 bono
1320 2319 1480 2361 spirituali
1504 2331 1540 2354 ac
1567 2323 1737 2365 temporali
1757 2323 1866 2355 domo-

1131 2382 1202 2403 rum
1221 2372 1395 2404 secundum
1423 2372 1520 2405 Deum
1547 2379 1579 2406 et
1602 2376 1766 2417 propriam
1794 2386 1866 2408 con-

1132 2424 1298 2456 scientiam
1316 2425 1468 2457 meliores
1486 2425 1686 2466 iudicaverit,
1700 2439 1769 2461 cum
1789 2440 1866 2471 qua-

1133 2475 1275 2508 litatibus
1300 2487 1371 2520 cap.
1390 2488 1441 2510 alx
1466 2478 1562 2511 huius
1581 2479 1795 2513 distinctionis
1813 2482 1866 2513 dc-

1171 2547 1178 2571 1
1201 2545 1298 2573 Forsan
1316 2547 1492 2575 incuriosum
1509 2557 1558 2584 pro
1574 2550 1687 2577 iniuria
1705 2553 1865 2586 temporum

357 2582 553 2624 impleantur
569 2581 681 2621 officia,
697 2586 737 2621 et,
752 2591 845 2624 quem
864 2581 895 2613 in
915 2581 953 2613 iis
975 2581 1091 2613 iniuria
1134 2590 1276 2625 tegendum
1294 2594 1328 2628 (a.
1345 2593 1393 2625 τ.).

1743 197 1807 231 357
1852 206 1905 234 Αη,
1925 206 1955 233 c.
1974 206 2034 233 moi
