2254 3225
216 221 265 246 Au.
280 220 310 247 C.
329 221 394 248 ¹1:95

246 1962 378 1984 Confirmatio

197 1989 257 2010 relati
273 1990 360 2010 decreti.
408 2009 413 2013 ,

439 213 503 246 724

406 270 507 303 nerali
528 271 718 314 superstites
737 273 918 316 pertineat;
938 285 1042 318 eoque
1067 285 1139 308 casu
1161 278 1163 297 l

1161 326 1162 335 ¹
1182 329 1292 372 quavis
1317 329 1485 363 occasione
1509 331 1557 363 vel
1583 331 1678 362 causa
1701 329 1782 369 latis,
1800 329 1825 361 si
1847 329 1915 373 qui-

406 323 499 357 facile
524 325 713 368 contingere
738 327 858 369 possit,
885 333 927 367 ut,
955 328 1140 361 delinitorio

405 375 592 410 huiusmodi
611 378 649 411 ad
668 389 719 412 sex
738 390 892 422 personas
909 381 1052 422 redacto,
1068 386 1141 414 vota

405 439 462 462 seu
488 430 637 474 sum-agia
671 432 704 465 in
740 435 893 476 aequales
924 439 1032 477 partes
1066 434 1140 467 divi·

405 482 534 523 dantur,
569 494 605 516 ac
639 490 815 528 propterea
847 487 964 519 electio
989 486 1138 519 concludi

403 541 559 578 nequeat:
577 537 661 577 ideo,
683 538 720 569 ad
741 539 882 571 tollenda
903 538 1067 581 quaelibet
1090 539 1137 570 in-

404 589 640 630 convenientia,
668 600 748 632 quae
765 590 879 623 exinde
897 591 973 623 oriri
992 595 1136 633 possent,

402 639 437 673 in
457 641 558 674 tribus
582 642 729 685 capitulis
756 643 964 684 generalibus
993 643 1135 675 eiusdem

403 692 667 736 Congregationis
684 696 870 735 successive,
891 706 927 728 ac
944 696 1135 738 praesertim

402 744 434 778 in
471 746 643 779 novissime
676 747 839 780 celebrato
865 758 948 780 anno
973 757 1133 787 uocxcw,

402 798 521 831 editum
541 799 607 839 suit,
626 810 661 832 ac
678 799 763 832 iuxta
784 801 913 833 easdem
938 800 1135 833 constitutio-

399 860 458 883 nes
479 851 540 884 vim
564 853 644 894 legis
663 852 813 892 obtinuit,
833 858 984 885 statutum
1015 852 1134 885 tenoris

400 903 455 946 qui
480 904 635 946 sequitur,
660 904 829 937 videlicet:
861 917 873 935 α
899 904 931 936 ln
957 914 1041 944 casu,
1070 914 1132 947 quo

399 955 432 988 in
458 955 640 990 definitorio
666 957 812 989 facienda
829 957 869 989 sit
887 957 1004 990 electio
1022 957 1132 989 vicarii

400 1009 561 1050 generalis
599 1014 653 1041 aut
688 1008 877 1049 definitoris·¹
900 1009 1075 1051 generalis,
1102 1014 1133 1041 et

398 1071 451 1093 sex
477 1067 549 1094 vota
572 1061 747 1095 definitorii
772 1062 1014 1105 comperiantur
1032 1062 1132 1095 divisa

397 1113 430 1145 in
466 1116 617 1157 aequales
653 1120 774 1157 partes,
802 1121 833 1147 et
864 1116 905 1148 ob
941 1115 1130 1148 divisionem

396 1165 573 1209 impeditur
593 1167 770 1210 procedere
785 1168 824 1200 ad
841 1168 1043 1207 electionem,
1063 1173 1128 1208 aut,

396 1224 471 1261 post
495 1219 581 1252 illam
603 1225 782 1263 sequutam,
801 1226 992 1263 permanent
1009 1221 1130 1263 pariter

397 1271 496 1304 divisa
520 1272 552 1303 in
574 1273 724 1315 aequales
749 1277 866 1315 partes,
896 1272 966 1305 aut¹
992 1273 1031 1305 ad
1057 1273 1130 1305 eil‘e-

395 1327 480 1356 ctum
506 1324 647 1356 habendi
680 1325 873 1357 electionem
901 1335 958 1368 pro
984 1326 1128 1367 legitima

394 1382 448 1409 aut
486 1377 574 1410 illam
615 1377 848 1418 confirmandi,
880 1379 1127 1411 determinatum

395 1429 462 1470 suit,
491 1435 532 1470 ut,
560 1431 589 1462 in
617 1440 822 1473 quocumque
841 1441 876 1464 ex
899 1431 967 1463 istis
991 1431 1126 1472 casibus,

394 1482 512 1516 intret²
535 1493 593 1526 pro
618 1483 754 1525 septimo
773 1489 845 1517 voto
870 1484 1010 1517 decisivo
1035 1489 1128 1528 pater

392 1536 600 1578 provincialis
626 1536 792 1579 antiquior
809 1537 840 1569 in
859 1538 1063 1580 professione
1081 1538 1127 1570 in-

393 1593 443 1620 ter
467 1599 519 1621 eos
544 1589 595 1631 qui
623 1589 840 1621 terminarunt
864 1600 957 1622 suum
985 1590 1124 1622 officium

392 1640 533 1673 triennio
552 1641 733 1674 immediate
752 1642 965 1681 antecedenti,
984 1642 1016 1674 in
1034 1643 1123 1675 cuius

392 1693 561 1734 desectum,
587 1700 639 1726 aut
660 1705 697 1727 eo
722 1694 892 1738 impedito,
918 1695 1124 1738 provincialis

391 1746 444 1788 qui
470 1747 691 1790 subsequitur·,
712 1747 765 1790 qui
792 1753 979 1790 expectetur
996 1754 1031 1781 ut
1050 1759 1121 1781 cum

390 1799 469 1831 votis
504 1799 726 1843 inaequalibus
763 1800 895 1833 dubium
931 1801 1120 1843 decidatur,

390 1851 520 1894 quique,
546 1853 671 1895 expleta
695 1853 755 1886 ista
781 1854 955 1894 functione,
975 1865 1041 1887 non
1071 1856 1123 1888 ha-

389 1903 463 1937 beat
486 1905 624 1937 ulterius
648 1911 757 1938 votum
778 1907 809 1938 in
832 1906 1018 1940 definitorio
1044 1920 1075 1941 v.

434 1957 448 1999 g
474 1956 505 1989 ⁶2.
533 1957 611 1990 Cum
636 1963 754 1997 autem,
781 1958 864 1991 sicut
888 1960 998 1992 eadem
1024 1971 1122 2004 expo-

389 2009 462 2041 sitio
488 2010 709 2053 subiungebat,
733 2012 836 2044 dictus
861 2011 1022 2055 Iosephus
1046 2025 1121 2056 pro-

389 2067 518 2094 curator
548 2064 709 2104 generalis
735 2069 884 2097 statutum
911 2065 1118 2107 huiusmodi,
1139 2099 1141 2112 Ι,

388 2124 451 2155 quo
477 2114 600 2147 firmius
625 2115 775 2148 subsistat
811 2123 842 2149 et
865 2123 1012 2150 servetur
1047 2129 1120 2152 exa-

388 2166 482 2205 ctius,
501 2167 695 2209 apostolicae
713 2169 967 2203 confirmationis
989 2177 1117 2205 nostrae
1138 2202 1140 2209 ,

387 2219 568 2260 patrocinio
590 2222 781 2254 communiri
808 2223 981 2265 plurimum
998 2225 1117 2258 deside·
1138 2243 1139 2254 2

387 2276 437 2303 ret
452 2282 458 2303 z
475 2282 541 2312 nos,
562 2272 666 2314 ipsum
685 2273 855 2317 losephum
872 2283 1115 2318 procuratorem

385 2324 573 2364 generalem
599 2325 731 2367 speciali
758 2327 865 2360 favore
897 2330 1017 2370 gratiae
1042 2342 1115 2374 pro-

385 2375 476 2418 sequi
501 2378 655 2416 volentes,
686 2383 717 2409 et
748 2389 764 2410 a
800 2380 964 2421 quibusvis
989 2393 1115 2416 excom-

384 2429 623 2469 municationis,
642 2432 864 2473 suspensionis
886 2439 916 2465 et
940 2434 1111 2477 interdicti,
1133 2426 1135 2448 f

383 2481 520 2525 aliisque
546 2483 772 2516 ecclesiasticis
798 2486 975 2527 sententiis,
999 2498 1113 2521 censu·
1133 2482 1134 2486 ¹

417 2554 429 2578 ί
453 2551 583 2579 Particula
603 2556 653 2581 auc
672 2553 787 2581 delenda
808 2554 910 2581 videtur
925 2560 961 2587 (a.
978 2558 1026 2590 T.).

416 2596 433 2622 2
448 2597 513 2625 Male
525 2597 566 2624 ed.
581 2598 663 2625 Main.
676 2598 740 2633 legit
750 2599 779 2626 in
794 2602 848 2626 tres
858 2610 906 2635 pro
919 2601 1007 2630 intret
1018 2608 1046 2636 ta
1060 2604 1108 2638 r).

976 226 1154 251 BULLARIUM
1179 227 1195 251 n
1202 227 1332 252 OMANUM

1183 275 1226 308 ris
1252 280 1284 309 et
1307 275 1444 320 poenis,
1472 285 1488 308 a
1513 276 1585 309 iure
1619 276 1669 309 vel
1696 275 1734 308 ab
1758 275 1915 317 homine,

1181 381 1240 415 bus
1265 382 1514 426 quomodolibet
1537 382 1709 415 innodatus
1734 382 1849 423 existit,
1874 382 1914 415 ad

1182 433 1328 467 effectum
1353 435 1570 478 praesentium
1607 435 1772 467 dumtaxat
1802 444 1915 468 conse-

1180 488 1361 529 quendum,
1388 488 1502 520 harum
1535 488 1619 520 serie
1652 489 1858 520 absolventes
1883 492 1915 520 et

1180 539 1363 572 absolutum
1390 539 1459 572 sore
1493 545 1677 580 censentes„
1704 539 1914 582 supplicatio-

1157 601 1159 609 ’
1179 591 1274 624 nibus
1300 591 1368 625 eius
1389 591 1519 624 nomine
1545 591 1639 624 nobis
1657 601 1755 634 super
1772 591 1836 624 hoc
1853 591 1914 623 hu-

1178 642 1297 676 militer
1321 643 1480 686 porrectis
1500 643 1656 683 inclinati,
1684 643 1722 676 de
1748 643 1914 676 venerabi-

1178 695 1257 728 lium
1284 696 1417 728 fratrum
1443 701 1630 729 nostrorum
1654 696 1685 729 S.
1700 696 1743 728 Ἦ.
1763 696 1797 729 Ε.
1814 696 1914 729 cardi-

1177 748 1297 780 nalium
1324 748 1465 790 negotiis
1490 753 1520 781 et
1540 748 1830 781 consultationibus
1849 748 1915 792 epi-

1176 810 1346 844 scoporum
1374 807 1403 834 et
1423 801 1623 843 regularium
1641 801 1912 844 praepositorum,

1176 853 1230 895 qui
1264 854 1473 886 relationem¹
1499 853 1694 887 venerabilis
1721 853 1829 886 fratris
1854 864 1911 888 no-

1175 905 1231 937 stri
1248 905 1363 938 Palutii
1379 906 1524 949 episcopi
1543 906 1741 939 Praenestini
1766 907 1911 940 eiusdem

1174 956 1204 989 S.
1220 957 1257 989 R.
1274 958 1307 990 E.
1324 959 1496 991 cardinalis
1514 959 1553 992 de
1571 959 1700 992 Alteriis
1723 960 1908 1003 nuncupati,

1176 1010 1251 1042 dicti
1283 1010 1411 1044 Ordinis
1436 1012 1519 1054 apud
1546 1022 1604 1044 nos
1629 1017 1661 1044 et
1685 1012 1801 1045 Sedem
1826 1013 1911 1055 Apo-

1173 1064 1319 1096 stolicam
1341 1065 1546 1107 protectoris,
1561 1065 1621 1097 sibi
1640 1075 1739 1108 super
1754 1065 1911 1109 praemis-

1173 1116 1215 1149 sis
1242 1117 1354 1149 saetam
1370 1144 1378 1158 ,
1420 1123 1452 1150 et
1484 1117 1635 1150 dilectum
1660 1118 1761 1151 filium
1785 1118 1909 1151 moder-

1173 1180 1247 1202 num
1273 1176 1518 1213 procuratorem
1552 1172 1736 1213 generalem
1762 1170 1908 1204 eiusdem

1171 1222 1301 1255 Ordinis
1328 1224 1534 1264 audiverunt,
1561 1224 1708 1264 consilio,
1725 1224 1908 1267 praeinser-

1172 1280 1237 1308 tum
1277 1281 1449 1316 statutum,
1476 1276 1664 1309 auctoritate
1704 1276 1904 1320 apostolica,

1172 1334 1281 1362 tenore
1299 1329 1528 1372 praesentium,
1546 1330 1774 1362 confirmamus
1795 1335 1825 1362 et
1850 1340 1906 1373 ap-

1170 1382 1356 1423 probamus,
1383 1381 1496 1424 illique
1528 1382 1727 1414 inviolabilis
1752 1382 1905 1425 apostoli-

1169 1443 1224 1466 cae
1245 1433 1403 1467 firmitatis
1420 1434 1519 1466 robur
1543 1434 1719 1475 adiieimus,
1737 1445 1773 1467 ac
1789 1445 1902 1467 omnes

1170 1492 1201 1519 et
1223 1487 1368 1530 singulos
1393 1488 1470 1520 iuris
1488 1492 1519 1520 et
1536 1488 1609 1520 sacti
1632 1487 1784 1528 desectus,
1803 1487 1828 1519 si
1847 1487 1903 1530 qui

1168 1540 1309 1583 desuper
1348 1540 1595 1583 quomodolibet
1640 1541 1900 1582 intervenerint,

1168 1594 1374 1636 supplemus,
1391 1594 1478 1625 salva
1497 1599 1601 1626 tamen
1620 1604 1749 1636 semper
1766 1593 1799 1626 in
1814 1604 1902 1637 prae-

1166 1646 1269 1678 missis
1287 1646 1481 1678 auctoritate
1500 1646 1767 1689 Congregationis
1783 1657 1901 1680 memo-

1166 1703 1306 1731 ratorum
1332 1698 1557 1731 cardinalium.

1207 1751 1221 1794 ἕ
1245 1751 1276 1785 3.
1304 1751 1529 1792 Decernentes,
1555 1751 1683 1785 easdem
1709 1758 1899 1795 praesentes

1164 1803 1287 1836 litteras
1313 1814 1442 1846 semper
1466 1804 1584 1844 firmas,
1604 1804 1724 1836 vaIIdas
1743 1809 1775 1837 et
1793 1805 1898 1838 effica-

1163 1866 1215 1889 ces
1234 1856 1371 1889 existere
1390 1862 1420 1888 et
1437 1856 1522 1897 sore,
1539 1867 1676 1900 suosque
1690 1857 1854 1900 plenarios
1868 1863 1898 1890 et

1163 1909 1305 1951 integros
1331 1908 1460 1941 ess'ectus
1485 1909 1591 1942 sortiri
1616 1915 1648 1942 et
1672 1910 1834 1951 obtinere,
1860 1921 1897 1944 ac

1164 1962 1238 2002 illis,
1265 1963 1302 1995 ad
1334 1973 1414 2005 quos
1451 1968 1574 2005 spectat
1600 1967 1631 1995 et
1663 1973 1723 2006 pro
1748 1968 1896 2006 tempore

1162 2015 1331 2058 spectabit,
1349 2015 1380 2047 in
1398 2015 1548 2048 (mnibus
1568 2021 1599 2047 et
1618 2026 1678 2059 per
1703 2016 1810 2049 omnia
1826 2018 1897 2059 ple-

1162 2068 1293 2100 nissime
1318 2067 1495 2109 suffragari,
1523 2073 1555 2100 et
1579 2069 1618 2100 ab
1645 2069 1690 2101 eis
1713 2069 1895 2112 respective

1161 2120 1391 2153 inviolabiliter
1417 2121 1593 2161 observari,
1625 2122 1735 2164 sicque
1754 2122 1785 2154 in
1803 2133 1895 2165 prae-

1160 2173 1263 2206 missis
1288 2184 1348 2216 per
1368 2184 1590 2216 quoscumque
1615 2173 1737 2206 iudices
1763 2175 1894 2208 ordina-

1161 2226 1225 2259 rios
1251 2231 1283 2258 et
1306 2227 1481 2268 delegatos,
1515 2226 1611 2258 etiam
1644 2237 1812 2259 causarum
1837 2238 1894 2270 pa-

1158 2280 1226 2312 latii
1252 2279 1423 2323 apostolici
1442 2279 1617 2318 auditores,
1636 2279 1773 2312 iudicari
1792 2286 1823 2312 ct
1843 2281 1894 2314 de-

1136 2327 1243 2365 ¹finiri
1269 2333 1410 2372 debere,
1444 2343 1480 2365 ac
1512 2332 1637 2364 irritum
1670 2337 1702 2364 et
1734 2332 1839 2374 inane,
1865 2334 1891 2366 si

1134 2383 1135 2386 ’
1157 2395 1248 2418 secus
1273 2396 1371 2428 super
1392 2385 1442 2417 liis
1469 2396 1485 2418 a
1511 2395 1683 2428 quoquam,
1702 2385 1811 2428 quavis
1837 2397 1893 2419 au-

1156 2439 1310 2477 ctoritate,
1332 2438 1468 2471 scienter
1488 2439 1536 2470 vel
1562 2438 1760 2480 ignoranter,
1787 2439 1891 2472 conti-

1155 2491 1238 2532 gerit
1263 2490 1423 2522 attentari.

1197 2543 1211 2586 g
1235 2543 1266 2575 4.
1289 2543 1359 2576 Non
1378 2542 1578 2576 obstantibus
1602 2544 1889 2579 constitutionibus

1190 2606 1199 2629 l
1224 2604 1296 2631 Edit.
1319 2604 1398 2632 Main.
1421 2605 1485 2641 legit
1508 2606 1647 2634 relatione
1669 2608 1707 2642 (a.
1728 2607 1778 2644 ⁷12).

1922 228 1976 258 An.
1993 228 2021 256 C.
2037 230 2108 257 1695

1936 1764 2056 1789 Clausulas.

1965 2551 2080 2578 Dcrogatio

1897 2579 2058 2603 contrariorum.
