2227 3225
94 265 147 292 An.
163 264 192 292 C.
217 263 279 292 1691

121 324 209 346 Sanctio
227 330 277 351 poe-

94 352 156 373 uatis.

870 261 1078 286 INNOCENTIUS
1104 261 1149 284 ΧΠ
1172 261 1210 285 PP

332 312 346 356 ἓ
371 311 425 345 21.
451 311 536 346 Nulli
566 322 643 355 ergo
680 311 814 345 omnino
851 310 1022 344 hominum

288 365 384 399 liceat
407 365 558 409 paginam
584 365 668 398 hane
692 369 878 397 nostrorum
913 364 1026 396 volun-

291 417 362 450 tatis
387 423 419 450 et
450 418 573 451 decreti
598 417 778 459 infringere
812 417 860 449 vel
894 416 922 448 ei
948 425 1024 448 ausu

291 470 464 503 temerario
490 470 664 504 contraire.
690 469 721 502 Si
740 469 811 512 quis
832 473 937 501 autom
963 468 1025 500 hoc

291 528 450 556 attentare
473 521 738 566 praesumpserit,
765 520 1024 563 indignationem

290 576 524 620 omnipotentis
548 575 602 608 Dei
628 585 664 608 ac
688 575 856 607 beatorum
884 573 967 606 Petri
995 578 1027 605 et

290 628 378 662 Pauli
402 629 624 673 apostolorum
660 627 729 661 eius
760 637 794 660 se
818 626 946 660 noverit
978 625 1027 658 in-

291 692 433 715 cursum.

333 734 447 768 Datum
468 735 589 768 Romae
604 761 611 775 ,
637 733 722 777 apud
746 732 778 766 S.
805 732 947 773 Petrum,
971 742 1026 764 an-

290 797 333 820 no
357 787 589 821 Incarnationis
606 786 793 820 Dominicae
818 794 945 825 istocxm,
966 784 1027 817 ibi-

291 840 350 874 dus
375 841 453 882 iulii,
477 840 595 885 pontit.
622 839 724 873 nostri
751 850 835 872 anno
862 849 884 872 1.

325 902 384 930 Dat.
409 902 452 930 die
475 902 507 930 15
526 902 583 929 iulii
606 902 683 936 1691,
707 901 804 937 pontif.
827 909 899 928 anno
914 906 933 927 1.

419 1009 468 1060 ᾖ
493 1009 578 1046 EGO
612 1006 906 1044 INNOCENTIUS

365 1087 561 1114 CATHOLICAE
581 1085 749 1109 ECCLESIAE
773 1083 954 1108 EPISCOPUS.

295 1968 314 2003 †
335 1966 393 2004 Ego
414 1966 575 1996 Alderanus
595 1965 748 2006 episcopus
770 1965 914 1996 Ostiensis
938 1965 1033 1996 cardi-

377 2014 482 2044 diuatis
503 2014 590 2053 Cybo.

296 2063 315 2100 †

297 2113 317 2147 ,ἶ-

297 2161 316 2198 †
336 2159 394 2198 Ego
414 2158 535 2190 lacobus
556 2159 709 2198 episcopus
730 2158 956 2189 Tusculanensis
972 2168 1035 2189 car-

377 2208 483 2238 dinalis
504 2208 680 2237 Franzonus.

298 2259 317 2295 †
337 2257 396 2296 Ego
417 2257 520 2287 Petrus
541 2257 693 2296 episcopus
714 2256 882 2287 Sabinensis
903 2257 1035 2287 cardina-

379 2306 415 2336 lis
436 2305 471 2336 de
492 2305 610 2336 Alteriis
631 2305 736 2335 S.R.E.
760 2306 948 2336 camerarius.

300 2356 319 2392 †

301 2405 320 2440 «1-

303 2453 321 2488 †
342 2451 401 2490 Ego
422 2451 454 2481 F.
479 2451 555 2481 tituli
576 2450 605 2480 S.
628 2450 734 2480 Mariae
755 2451 785 2480 in
807 2451 859 2481 Via
886 2451 1038 2491 presbyter

381 2499 538 2529 cardinalis
559 2499 777 2528 Maidalchinus.

302 2549 321 2586 †
341 2548 399 2586 Ego
420 2548 538 2578 Carolus
560 2548 635 2577 tituli
656 2547 685 2577 S.
708 2548 857 2578 Laurentii
878 2548 907 2578 in
930 2549 1036 2578 Lucina

383 2595 531 2634 presbyter
552 2595 709 2626 cardinalis
730 2595 916 2626 Barberinus.

1066 311 1086 539 -i--i-t-i-t-

1107 503 1164 541 Ego
1187 503 1297 542 Gaspar
1319 503 1395 533 tituli
1411 502 1439 533 S.
1463 503 1570 533 Mariae
1587 502 1805 542 Transtyberim

1148 551 1299 592 presbyter
1320 551 1477 582 cardinalis
1498 551 1670 591 CarpineuS.

1067 602 1086 833 -1-4-1-1-1-

1107 796 1166 834 Ego
1187 795 1361 826 Franciscus
1384 795 1459 826 tituli
1482 795 1510 825 S.
1535 795 1670 826 Matthaei
1697 795 1727 825 in
1749 795 1808 827 Me·

1148 845 1250 875 rulana
1274 845 1423 884 presbyter
1445 844 1601 874 cardinalis
1622 844 1750 874 Nerlius.

1068 897 1086 932 †
1107 895 1165 933 Ego
1187 895 1378 933 Hieronymus
1400 893 1476 924 tituli
1498 892 1527 923 S.
1550 893 1682 923 Silvestri
1703 894 1733 923 in
1755 893 1807 924 Ca-

1149 944 1207 983 pite
1230 943 1380 983 presbyter
1402 942 1558 972 cardinalis
1575 942 1724 972 Casanate.

1069 993 1086 1030 †
1108 992 1165 1030 Ego
1186 991 1333 1022 Galeatius
1356 991 1432 1021 tituli
1454 990 1498 1021 Ss.
1522 990 1632 1026 Quirici
1651 995 1678 1020 et
1694 990 1807 1021 lulittae

1149 1041 1298 1081 presbyter
1319 1039 1475 1070 cardinalis
1498 1039 1699 1069 Marescottus.

1069 1092 1088 1129 †
1110 1090 1168 1129 Ego
1185 1091 1216 1120 F.
1241 1089 1318 1120 tituli
1338 1089 1366 1119 S.
1384 1088 1560 1128 Chrysogoni
1579 1087 1731 1128 presbyter
1744 1097 1808 1118 car-

1149 1139 1254 1169 dinalis
1275 1138 1380 1177 Spada.

1070 1239 1088 1275 †
1109 1237 1168 1275 Ego
1189 1236 1311 1266 loannes
1340 1235 1467 1275 Baptista
1500 1235 1577 1265 tituli
1607 1234 1636 1266 S.
1665 1234 1807 1265 Caeciliae

1152 1285 1301 1324 presbyter
1324 1285 1481 1314 cardinalis
1502 1284 1633 1323 Spinula.

1071 1385 1089 1419 †
1110 1383 1168 1420 Ego
1190 1381 1280 1412 Savus
1302 1381 1378 1411 tituli
1400 1381 1428 1410 S.
1453 1380 1529 1410 Petri
1545 1381 1574 1410 in
1592 1380 1712 1410 Vincula
1730 1389 1810 1420 pres·

1152 1430 1234 1468 byter
1255 1428 1410 1459 cardinalis
1431 1428 1570 1458 Millinus.

1071 1481 1091 1809 -1-1-1--2-1-2--1-

1113 1772 1171 1810 Ego
1202 1771 1315 1801 Marcus
1351 1770 1495 1800 Antonius
1526 1769 1704 1800 Barbadicus
1734 1769 1810 1799 tituli

1153 1820 1182 1850 S,
1206 1819 1355 1849 Susannae
1378 1818 1530 1858 presbyter
1545 1817 1700 1848 cardinalis
1715 1816 1743 1847 S.
1760 1817 1812 1847 Su-

1155 1878 1275 1898 sannae.

1116 2063 1174 2102 Ego
1196 2062 1318 2092 Ioannes
1348 2061 1424 2092 tituli
1453 2061 1482 2092 S.
1506 2061 1584 2092 Petri
1611 2063 1641 2091 in
1666 2061 1813 2092 Monteau-

1156 2120 1206 2142 reo
1228 2110 1378 2150 presbyter
1400 2109 1555 2140 cardinalis
1576 2110 1611 2139 de
1634 2109 1772 2141 Gaessen.

1075 2162 1096 2392 -e-t--t-i-—t-
1075 1921 1094 2101 -t-—t-t-t-

1078 2406 1096 2441 †
1117 2404 1175 2442 Ego
1196 2403 1299 2443 Ioseph
1320 2403 1408 2434 Saens
1430 2403 1505 2434 tituli
1528 2403 1557 2434 S.
1575 2403 1711 2435 Balbinae
1733 2413 1815 2444 pres-

1157 2451 1239 2491 byter
1259 2451 1415 2481 cardinalis
1436 2451 1470 2481 de
1492 2452 1626 2489 Aguirre.

1078 2502 1096 2536 †
1117 2500 1175 2538 Ego
1197 2500 1327 2529 Leander
1348 2499 1424 2528 tituli
1452 2499 1495 2529 Ss.
1520 2499 1605 2529 Nerei
1636 2504 1663 2529 et
1691 2500 1813 2530 Achillei

1159 2547 1309 2587 presbyter
1330 2548 1487 2578 cardinalis
1505 2547 1672 2578 Colloredus
1691 2557 1813 2586 magnus

1159 2596 1412 2635 poenitentiarius.

1078 2646 1096 2685 †

1699 253 1763 286 105
1810 265 1857 289 An.
1875 262 1902 288 c.
1928 263 1990 289 tom
