2227 3225
114 230 162 260 Αιι,
179 231 206 259 C.
233 231 298 257 tuso

120 1671 242 1700 ‘iniungitur
252 1672 288 1701 mi-

102 1701 175 1718 nisti-u
191 1701 288 1727 egecutio

102 1727 252 1751 praesentium.

134 2517 192 2539 Lites
217 2524 280 2546 super

906 231 1092 253 MENANDER
1120 231 1173 253 Vll!
1199 232 1246 254 PP.

308 281 472 313 mensales
507 279 608 312 nostri
647 285 678 312 et
713 279 847 311 Romani
884 278 1049 311 Pontit'wis

307 345 368 378 pro
389 339 534 377 tempore
553 332 687 366 viventis
705 333 737 365 in
756 332 864 365 rotulo
881 331 1047 374 descripti,

309 387 456 430 gaudent
472 392 503 419 et
519 386 659 430 gaudere
676 390 923 423 consueverunt,
942 393 1047 426 neque

307 439 383 474 illas
410 440 451 473 ob
471 450 642 473 numerum
669 438 842 472 duodecim
866 437 1004 470 filiorum
1031 447 1046 469 a

307 492 618 537 praedecessoribus
650 492 770 526 nostris
796 497 827 525 et
851 491 922 524 aliis
948 501 1047 534 supra

307 546 469 591 expressis
487 557 676 587 concessas;
696 553 776 590 quas
794 551 901 578 tamen
927 545 965 577 ad
984 550 1046 577 ter—

307 601 414 634 minos
439 599 676 633 constitutionis
701 599 893 632 recolendae
924 608 1046 631 memo—

307 654 374 687 riae
392 654 437 686 Pii
455 654 490 687 lv
508 653 772 697 praedecessoris
789 652 912 696 pariter
931 651 1043 691 nostri,

307 719 390 751 quae
422 707 537 751 incipit
568 707 656 740 Licet
683 707 787 749 felicis
814 705 1046 739 recordationis

304 761 444 801 Paulus,
469 766 530 794 etc.
558 760 661 802 (cuius
688 765 836 792 tenorem
863 759 1044 802 praesenti-

305 815 366 847 bus
394 825 452 857 pro
486 815 582 857 plene
608 819 638 846 et
662 813 860 846 sufficienter
891 823 1044 855 expresso

305 878 342 901 ac
366 868 405 900 de
430 868 528 900 verbo
554 867 592 899 ad
618 866 750 899 verbum
771 866 893 898 inserto
920 866 1044 905 haberi,

305 921 458 964 illamque
474 926 584 953 exacte
602 925 633 953 et
649 919 840 952 adamussim
855 919 940 951 iuxta
957 919 1044 952 illius

304 974 444 1014 seriem,
478 978 625 1006 tenorem
662 978 694 1005 et
729 972 976 1015 dispositionem
1011 971 1044 1004 in

306 1026 455 1060 omnibus
480 1032 512 1059 et
533 1036 591 1069 per
624 1025 730 1058 omnia
766 1025 886 1058 serrari
923 1025 1043 1058 debere

303 1070 467 1122 volumus)
487 1084 517 1112 et
535 1079 670 1112 aliarum
688 1078 955 1111 constitutionum
973 1088 1045 1120 apo-

304 1133 492 1166 stolicarum
517 1143 615 1176 super
632 1132 785 1165 similium
803 1131 1043 1175 exemptionum

305 1186 523 1219 declaratione
543 1185 710 1225 editarum,
729 1190 758 1218 et
775 1185 813 1217 ad
832 1185 903 1217 illas
922 1190 1043 1217 tantum

305 1245 336 1272 et
353 1250 412 1283 pro
434 1245 578 1282 tempore
595 1244 624 1271 et
644 1237 821 1281 personis¹‚
839 1248 875 1270 ac
893 1248 931 1270 eo
949 1238 1044 1271 modo

304 1298 336 1325 et
360 1293 462 1325 forma
495 1297 591 1334 prout
624 1291 662 1323 de
694 1291 763 1323 iure
792 1291 952 1323 communi
978 1291 1043 1323 illis

302 1350 503 1388 competunt,
536 1355 572 1377 ac
604 1345 683 1377 alias
716 1345 802 1376 iuxta
832 1344 933 1387 ipsius
965 1343 1042 1376 iuris

302 1397 480 1431 communis
507 1407 543 1429 ac
566 1397 825 1440 supradictarum
850 1401 881 1429 et
907 1396 1041 1429 aliarum

301 1450 566 1484 constitutionum
583 1449 836 1493 apostolicarum
856 1449 1042 1493 dispositio-

300 1515 385 1543 nem,
411 1503 606 1543 reducimus,
631 1513 737 1546 neque
765 1503 860 1535 aliter
885 1513 979 1545 quam
1006 1509 1041 1535 ut

300 1557 482 1602 praefertur
496 1556 561 1589 sive
576 1556 608 1589 in
623 1555 825 1599 possessorio
839 1555 902 1589 sive
918 1556 948 1588 in
964 1556 1040 1598 peti-

300 1611 381 1644 tori)
401 1608 570 1652 suffragari
592 1610 738 1642 volumus
758 1614 787 1642 et
815 1609 1036 1642 decernimus.

342 1665 357 1708 ἓ
381 1663 413 1697 9.
441 1663 589 1696 Ceterum
615 1662 884 1706 appaltatoribus,
909 1663 1039 1695 thesau-

300 1717 413 1758 rariis,
442 1716 666 1759 depositariis,
692 1715 897 1756 camerariis,
924 1726 1038 1749 execu-

298 1770 446 1811 toribus,
474 1775 504 1803 et
530 1769 646 1802 ceteris
678 1769 851 1812 agentibus
888 1774 920 1802 et
943 1769 1037 1802 mini-

297 1823 370 1856 stris
385 1823 488 1856 dietae
502 1822 654 1856 Gamerae
673 1827 704 1855 et
717 1822 986 1854 communitatum
1006 1828 1037 1855 et

295 1875 542 1909 universitatum
567 1874 820 1918 praedictarum,
847 1876 1035 1909 earumdem

296 1931 380 1963 serie
398 1929 627 1973 praesentium,
642 1928 822 1961 districtius
838 1928 1034 1970 inhibemus,

294 1994 348 2023 ne,
375 1987 488 2015 contra
512 1982 655 2025 ipsarum
680 1981 902 2024 praesentium
927 1982 1034 2025 dispo-

293 2036 455 2076 sitionem,
481 2035 700 2068 immunitates
734 2040 767 2067 et
797 2035 1031 2078 exemptiones,

292 2090 354 2123 nisi
377 2094 412 2121 ut
436 2099 532 2132 supra
558 2094 717 2131 exceptas,
743 2099 780 2120 ac
805 2099 858 2121 eas
892 2099 970 2131 quas
996 2100 1032 2121 ex

293 2145 388 2176 causa
411 2152 484 2175 vere
506 2143 644 2174 onerosa
663 2151 834 2174 concessas
852 2141 883 2173 in
902 2140 1032 2174 Camena

292 2196 474 2240 praedicta,
499 2201 535 2228 ut
558 2195 751 2238 praefertur,
778 2194 903 2228 admitti
929 2196 1031 2228 conti-

292 2252 393 2294 gerit,
418 2251 578 2284 ullatenus
604 2249 794 2289 admittant3
823 2254 854 2282 et
885 2249 911 2282 si
937 2260 1030 2283 secus

291 2305 436 2343 fecerint,
459 2303 491 2336 id
517 2302 638 2335 nemini
664 2313 773 2335 eorum
799 2302 831 2334 in
857 2303 924 2336 suis
950 2313 1030 2337 com-

289 2357 377 2401 putis
402 2366 456 2389 seu
479 2355 660 2388 rationibus
682 2365 742 2399 per
759 2355 905 2388 eamdem
923 2355 1030 2389 Came—

290 2420 357 2443 ran]
382 2408 506 2443 admitti
527 2410 684 2449 volumus,
703 2408 759 2441 sed
778 2419 890 2441 eorum
909 2409 1028 2443 damno

289 2473 454 2496 cessurum
482 2472 553 2495 esse
578 2462 791 2494 declaramus.

334 2517 349 2560 ἓ
372 2515 426 2549 10.
453 2515 622 2548 Postremo
647 2514 719 2548 lites
752 2515 913 2558 quaslibet
937 2525 1027 2548 occa-

323 2586 336 2612 1
355 2585 447 2621 Aptius
460 2588 486 2614 et
499 2586 536 2613 ad
547 2586 615 2613 illas
631 2587 744 2613 lantum
756 2593 812 2620 pro
825 2588 1024 2621 temporeper-

287 2638 372 2658 sonas
387 2631 424 2666 (a.
437 2630 484 2664 T.).

400 2693 479 2720 Ball.
494 2693 577 2720 Rom.
590 2709 623 2712 —
642 2693 703 2720 Vol.
721 2694 779 2721 XX.
901 2709 906 2714 ·
923 2691 940 2720 3

1748 226 1788 258 17
1835 236 1884 262 An.
1905 236 1932 262 e.
1954 236 2017 262 msa

1091 278 1179 311 sione
1206 278 1450 322 privilegiorum
1474 291 1511 313 ac
1534 282 1733 315 indultorum
1753 293 1827 316 nec—
1837 298 1957 322 pram-nm-
1985 304 2018 318 m-

1090 342 1154 364 non
1179 331 1415 366 immunitatum
1447 338 1477 366 et
1501 335 1740 377 exemptionum
1768 337 1826 369 liu-

1089 385 1226 418 iusmodi
1257 386 1503 429 quomodolibet
1525 388 1700 429 suscitatas,
1733 395 1763 422 et
1793 390 1825 423 in

1089 439 1255 482 quibusvis
1280 439 1494 472 tribunalibus
1520 441 1698 484 pendentes
1732 443 1826 484 (illa-

1088 502 1158 523 rum
1178 492 1321 525 omnium
1340 498 1371 525 et
1390 492 1590 536 singulorum
1607 495 1777 527 statutum¹
1796 502 1827 529 et

1087 544 1212 585 merita,
1237 545 1437 589 nominaque
1463 551 1495 579 et
1525 546 1717 588 cognomina
1749 548 1827 580 iudi-

1087 607 1159 630 cum
1188 604 1219 631 et
1235 598 1483 641 colligitantium
1501 600 1703 642 quorumvis,
1729 601 1826 633 etiarn

1087 651 1220 694 speciali
1235 652 1400 684 mentione
1416 651 1633 694 dignor-umet
1653 652 1715 685 alia
1729 653 1826 686 etiarn

1087 706 1125 738 de
1160 706 1353 738 necessitate
1379 704 1566 748 specialiter
1591 705 1825 748 exprimenda,

1086 757 1312 801 praesentibus
1346 768 1407 801 pro
1443 758 1539 801 plene
1571 763 1602 790 et
1630 757 1828 791 sufficienter

1086 811 1246 855 expressis
1265 811 1442 853 habentes)
1465 822 1482 843 a
1498 811 1754 853 quibuscumque
1774 811 1829 843 tri-

1086 865 1260 899 bunalibus
1286 864 1470 897 huiusmodi
1498 865 1536 897 ad
1555 875 1614 897 nos
1635 865 1827 898 earumdem

1086 919 1171 952 serie
1207 918 1428 962 praesentium
1464 928 1655 958 avocamus,
1692 918 1829 961 illasque

1086 973 1215 1016 penitus
1238 978 1270 1005 et
1302 972 1435 1004 omnino
1468 974 1630 1014 peiffstetuo
1656 972 1829 1015 supprimi-

1086 1038 1155 1060 mus
1176 1032 1207 1060 et
1227 1026 1453 1068 extinguimus,
1472 1030 1503 1058 et
1520 1035 1578 1068 pro
1596 1025 1780 1068 suppressis
1798 1031 1830 1058 et

1087 1080 1234 1113 extinctis
1260 1078 1375 1111 haberi
1400 1079 1548 1111 volumus
1567 1083 1598 1111 et
1615 1078 1827 1118 declaramus,

1086 1145 1122 1166 ac
1138 1133 1284 1176 partibus
1297 1136 1493 1176 perpetuum
1508 1132 1648 1175 desuper
1662 1131 1827 1165 silentium

1086 1186 1297 1230 imponimus.

1129 1241 1144 1283 g
1169 1239 1220 1271 111.
1238 1239 1457 1271 Decernentes
1476 1243 1669 1282 praesentes
1692 1239 1826 1280 litteras,

1086 1304 1120 1325 ac
1146 1292 1255 1325 onmia
1284 1296 1314 1324 et
1347 1291 1475 1333 singula
1501 1291 1534 1324 in
1566 1291 1630 1325 illis
1664 1297 1827 1332 contenta,

1085 1346 1179 1378 etiam
1204 1355 1241 1378 ex
1268 1355 1306 1377 eo
1332 1345 1418 1387 quod
1435 1344 1641 1388 quicumque
1673 1345 1706 1378 in
1736 1356 1827 1389 prae-

1083 1399 1190 1431 missis
1215 1398 1279 1431 sive
1306 1408 1419 1431 eorum
1445 1397 1552 1440 aliquo
1584 1398 1743 1432 interesse
1769 1400 1826 1432 ha-

1083 1453 1199 1485 bentes
1225 1462 1280 1484 seu
1307 1451 1429 1483 habere
1460 1451 1707 1494 quomodolibet
1730 1463 1825 1495 prae-

1084 1505 1253 1538 tendentes
1270 1504 1332 1537 illis
1350 1514 1414 1537 non
1433 1504 1670 1544 consenserint,
1690 1514 1725 1536 ac
1743 1505 1824 1538 adeo

1081 1558 1185 1592 vocati
1219 1562 1250 1591 et
1285 1556 1404 1596 auditi,
1433 1567 1489 1589 seu
1515 1567 1653 1597 causae,
1689 1563 1825 1600 propter

1082 1622 1161 1655 quas
1179 1612 1270 1655 ipsae
1289 1614 1478 1653 praesentes
1501 1615 1703 1649 emanarunt,
1722 1611 1823 1643 addu-

1081 1671 1159 1706 ctae,
1185 1663 1377 1703 verilicatae,
1415 1673 1471 1696 seu
1508 1663 1586 1696 alias
1621 1663 1822 1697 sufficienter

1080 1724 1134 1752 aut
1158 1717 1255 1751 etiam
1282 1718 1444 1750 ullatenus
1462 1716 1653 1750 iustificatae
1672 1727 1735 1750 non
1755 1717 1822 1751 sue-

1078 1772 1152 1813 rint,
1178 1776 1233 1804 aut
1257 1781 1292 1803 ex
1316 1770 1377 1802 alia
1395 1769 1504 1812 quavis
1522 1770 1759 1813 quantumlibet
1776 1771 1823 1803 le-

1078 1824 1198 1867 gitima,
1217 1824 1281 1867 pia,
1301 1823 1438 1855 iuridica
1462 1827 1493 1855 et
1517 1822 1721 1866 privilegiata
1746 1833 1821 1856 eau-

1077 1880 1122 1917 sa,
1151 1878 1268 1915 colore,
1294 1881 1476 1919 praetextu,
1505 1876 1676 1909 occasione
1703 1881 1734 1909 et
1760 1887 1820 1909 ca-

1076 1930 1152 1973 pite,
1168 1929 1263 1962 eliam
1280 1929 1312 1961 iu
1332 1939 1470 1972 corpore
1489 1928 1567 1961 iuris
1585 1930 1703 1969 clauso,
1724 1929 1819 1962 etiam

1076 1983 1227 2023 enormis,
1245 1982 1490 2015 enormissimae
1517 1987 1548 2015 et
1572 1982 1680 2015 totalis
1701 1983 1818 2016 laesio-

1075 2036 1133 2076 nis,
1148 2037 1238 2069 nullo
1257 2046 1399 2079 unquam
1417 2040 1562 2078 tempore
1580 2036 1618 2068 de
1638 2035 1818 2080 subreptio-

1075 2089 1136 2129 nis,
1153 2090 1201 2122 vel
1223 2088 1439 2131 obreptionis,
1467 2088 1625 2121 nullitatis
1651 2093 1704 2120 aut
1729 2088 1816 2121 inva-

1074 2141 1206 2175 liditatis
1242 2141 1340 2180 vitio,
1367 2151 1421 2174 seu
1458 2141 1648 2174 intentionis
1682 2146 1814 2174 nostrae

1072 2197 1120 2229 vel
1146 2194 1331 2239 quorumvis
1349 2194 1507 2227 interesse
1526 2195 1714 2228 habentium
1741 2206 1813 2228 con-

1072 2260 1135 2288 sus,
1162 2254 1216 2281 aut
1240 2248 1301 2280 alio
1328 2247 1440 2291 quovis
1467 2248 1671 2291 quantumvis
1695 2258 1812 2290 magno

1073 2308 1104 2335 et
1129 2301 1334 2334 substantiali
1368 2306 1398 2333 et
1429 2300 1647 2343 inexcogitato
1684 2301 1811 2334 defectu

1071 2356 1184 2395 notari,
1210 2354 1406 2399 impugnari,
1431 2354 1613 2394 invalidari,
1644 2354 1808 2397 restringi,

1071 2408 1239 2442 retractari
1265 2408 1296 2441 in
1330 2408 1379 2441 ius
1411 2408 1459 2441 vel
1485 2407 1736 2441 controversiam
1761 2418 1811 2440 re-

1069 2462 1185 2501 vocari,
1212 2461 1377 2504 suspendi,
1404 2461 1548 2500 limitari,
1568 2465 1621 2493 aut
1639 2461 1677 2493 ad
1704 2460 1809 2493 termi-

1069 2526 1126 2547 nos
1151 2515 1230 2547 iuris
1253 2514 1377 2553 reduci,
1397 2524 1452 2546 seu
1471 2514 1624 2546 adversus
1642 2513 1712 2546 illas
1736 2523 1807 2555 ape·

1068 2568 1193 2601 ritionis
1218 2568 1296 2608 oris,
1324 2567 1540 2600 restitutionis
1576 2567 1609 2599 in
1633 2566 1804 2609 integrata,

1103 2632 1113 2658 1
1135 2630 1228 2658 Potius
1248 2630 1306 2666 lege
1326 2632 1434 2658 statum
1454 2630 1494 2664 (a.
1510 2629 1579 2673 T.).A

1836 327 1963 350 unguuntur,

1866 1246 1985 1271 clausulae.
