2227 3225
106 223 155 249 An.
172 222 200 250 C.
223 222 291 250 ¹690

142 1392 255 1419 erunt-gia
270 1393 292 1412 et

106 1419 220 1440 facultates
260 1417 291 1439 illi

108 1451 217 1466 concessa.

896 221 1083 246 Attixnnssn
1110 223 1162 245 t'tlt
1188 223 1235 245 ΓΡ.

298 271 459 304 firmitatis
485 270 584 304 robur
609 270 798 310 adiicimus3
818 275 849 303 et
869 270 1035 304 nihilomi-

298 335 358 358 nus
389 325 422 358 in
452 324 589 358 ecclesia
626 324 729 358 dictae
765 324 1035 366 Congregationis

298 388 393 411 unam
411 377 632 421 praefatorum
646 378 912 421 presbyterorum
929 382 961 410 et
976 378 1035 411 cle-

299 430 442 464 ricorum
469 431 683 463 saecularium
715 431 747 463 in
774 441 844 466 eam
870 441 929 474 pro
957 435 1035 463 tem-

298 494 376 528 pore
400 483 502 528 recipi
533 484 714 518 volentium
741 484 1035 526 Congregationem

299 536 357 570 sub
381 542 559 570 memorato
592 537 684 570 titulo
718 538 752 570 B.
787 537 903 570 Mariae
935 537 1036 579 Virgi-

299 590 349 622 nis
374 590 575 634 Assuniptae‚
595 590 634 622 ad
658 590 758 622 instar
775 590 1035 633 supradictarum

299 643 595 685 Congregationum
612 642 750 675 Oratorii
771 643 874 675 sancti
892 643 1034 686 Philippi

299 695 384 728 Nerii
421 695 460 728 de
497 695 584 728 L'rbe
616 700 647 727 et
679 695 712 728 B.
747 695 864 728 Mariae
896 695 1035 738 Virginis

299 749 491 791 ›Assumptae
510 748 784 792 Ulyssiponensis,
798 748 973 782 dummodo
993 754 1036 781 ta-

299 812 374 834 men
399 802 499 835 iidem
534 802 716 845 presbyteri
743 807 775 835 et
806 802 916 835 clerici
948 802 1035 836 ordi-

299 853 449 887 nationes
475 859 507 887 et
531 854 678 887 instituta
711 854 869 888 dictarum
894 855 1036 898 Congre-

299 907 477 950 gationum,
495 908 574 941 alias
595 918 612 941 a
636 909 833 941 recolendae
859 909 1035 942 memoriae

300 961 400 994 Paulo
418 961 502 1003 Papa
519 961 550 999 V,
570 961 825 1003 praedecessore
843 962 966 1004 pariter
982 972 1036 995 no-

300 1019 378 1055 stro,
404 1025 441 1047 ac
465 1015 608 1057 praefato
644 1015 810 1049 Clemente
842 1016 1036 1059 praedeces-

301 1077 376 1101 sore
411 1067 591 1111 respective
622 1067 828 1108 confirmata,
854 1069 1037 1111 receperint

301 1131 356 1153 seu
380 1120 552 1164 recipiant,
572 1125 604 1154 et
623 1121 677 1154 illa
700 1131 761 1164 pro
779 1122 900 1154 viribus
926 1122 1037 1154 obser-

300 1183 375 1205 vare
392 1172 571 1212 intendant,
594 1173 655 1206 sub
672 1173 957 1207 constitutionibus
972 1174 1035 1207 sive

302 1226 428 1258 statutis
441 1226 637 1269 illorumque
655 1227 835 1270 appendice
853 1227 1036 1270 praedictis,

301 1279 496 1310 auctoritate
522 1283 555 1310 et
580 1283 691 1311 tenore
726 1280 898 1321 praefatis,
925 1280 1036 1313 itidem

301 1337 459 1374 perpetuo
476 1330 631 1372 erigimus
647 1336 679 1363 et
695 1331 904 1364 instituimus.

345 1382 360 1426 §
384 1382 416 1415 4.
439 1383 483 1416 Ac
502 1384 666 1417 modernis
684 1390 716 1417 et
731 1395 788 1427 pro
809 1390 954 1428 tempore
972 1385 1038 1418 exi-

302 1435 466 1468 stentibus
491 1436 680 1479 praeposito
700 1443 732 1470 et
749 1437 820 1471 aliis
838 1438 1036 1482 presbyteris

302 1487 449 1522 eiusdem
466 1488 733 1532 Congregationis
751 1491 797 1524 sic
815 1491 853 1524 de
871 1502 956 1525 novo
969 1502 1038 1525 ere-

302 1545 382 1580 ctae,
401 1541 455 1585 qui
473 1542 512 1574 ab
529 1541 700 1575 Ordinario
718 1544 889 1586 approbati
907 1544 1036 1584 suerint,

301 1600 336 1627 ut
360 1594 584 1628 consessiones
615 1605 893 1640 quorumcumque
919 1598 958 1630 ad
984 1608 1038 1631 eos

303 1647 525 1681 accedentium
560 1659 767 1693 quocumque
792 1650 866 1683 anni
893 1656 1037 1694 tempore

302 1701 426 1740 audire,
452 1701 595 1745 illisque,
619 1702 820 1745 poenitentia
846 1703 955 1737 debita
979 1714 1037 1747 pro

301 1755 398 1788 modo
429 1755 543 1798 culpae
575 1761 608 1788 et
638 1755 707 1788 aliis
732 1766 815 1798 quae
840 1757 1038 1799 iniungenda

302 1807 424 1841 fuerint
451 1807 620 1847 iniunctis,
645 1809 884 1842 absolutionem
917 1811 1038 1854 impen-

303 1862 380 1895 dere
405 1862 580 1894 salutarem
605 1862 730 1904 possint
760 1867 792 1894 et
816 1864 963 1903 valeant,
991 1874 1038 1896 sa-

302 1914 449 1947 cerdotes
473 1924 550 1947 vero
575 1919 605 1947 et
630 1915 739 1948 clerici
766 1915 798 1947 in
824 1916 936 1949 eadem
956 1916 1038 1950 Con-

299 1967 492 2011 gregatione
517 1968 651 2010 recepti,
679 1978 857 2011 eorumque
888 1970 1038 2009 ministri,

301 2031 361 2066 pro
384 2025 533 2064 tempore
560 2020 711 2064 quoque¹
736 2022 857 2055 ibidem
882 2033 1036 2065 perman-

301 2073 414 2114 serint,
437 2073 591 2116 parochis
618 2083 799 2117 eorumque
820 2075 1037 2109 iurisdictioni

300 2126 433 2160 minime
453 2126 666 2167 subiaceant,
692 2127 821 2170 ipsique
855 2129 1038 2162 sacerdotes

301 2179 363 2213 sibi
393 2179 555 2218 invicem,
582 2189 618 2212 ac
654 2179 780 2212 clericis
816 2185 849 2213 et
884 2181 1039 2215 ministris

300 2232 468 2277 praefatis,
499 2232 594 2265 etiarn
619 2232 720 2273 laicis,
741 2244 965 2278 quaecumque
991 2245 1039 2268 ec-

303 2285 486 2319 clesiastica
520 2291 745 2326 sacramenta,
789 2287 902 2329 quovis
942 2287 1038 2320 etiam

247 2365 251 2368 .
302 2338 466 2372 Pascbatis
484 2338 742 2373 Resurrectionis
767 2339 950 2374 Dominicae
966 2346 1038 2373 tem-

302 2402 394 2435 pore,
420 2391 487 2425 vice
513 2397 545 2424 et
570 2393 642 2425 loco
666 2392 800 2436 parochi
834 2393 1038 2432 ministrare,

303 2444 489 2488 superiores
515 2450 622 2477 autem
646 2445 748 2488 ipsius
773 2445 1038 2488 Congregationis

303 2508 361 2542 per
373 2504 562 2541 praesentes
580 2504 718 2539 erectae,
734 2510 792 2542 per
806 2510 851 2538 se,
867 2501 915 2532 vel
931 2500 1037 2539 alium,

304 2560 360 2583 seu
385 2551 466 2583 alios
491 2561 527 2583 ex
553 2551 631 2594 ipsis
662 2552 723 2584 iam
751 2552 947 2595 approbatis,
963 2563 1038 2585 suos

342 2611 353 2638 ¹
376 2610 419 2639 vet
435 2612 494 2648 lege
511 2613 550 2640 vel
567 2612 635 2640 adde
651 2622 706 2648 quo
723 2614 762 2648 (n.
781 2615 829 2647 T.).

1733 217 1775 250 70

1078 270 1227 304 subditos
1252 281 1268 303 a
1293 271 1456 311 censuris,
1483 282 1547 305 non
1573 278 1678 306 tamon
1705 275 1737 306 in
1763 286 1812 307 ca-

1078 324 1166 356 sibus
1192 324 1266 357 Sedi
1301 325 1505 368 Apostolicae
1535 327 1707 359 reservatis
1724 354 1731 366 ‚
1758 338 1812 360 ne-

1079 387 1140 419 que
1165 377 1198 409 in
1224 377 1340 410 litteris
1367 377 1417 410 die
1443 378 1570 411 Coenae
1594 379 1722 412 Domini
1748 381 1810 423 legi

1079 429 1180 463 solitis
1205 431 1376 470 contentis,
1401 432 1581 471 absolvere,
1602 432 1734 475 illisque
1760 433 1814 466 dc-

1079 483 1178 515 bitam
1197 484 1432 526 poenitentiam
1447 484 1598 517 similiter
1620 485 1811 528 iniungerc;

1079 535 1243 579 iidemque
1283 537 1467 579 superiores
1507 543 1654 581 receptos
1696 538 1810 571 inobe-

1079 588 1205 621 dientes
1222 593 1254 622 et
1278 589 1377 632 ipsius
1404 589 1669 633 Congregationis
1694 591 1814 624 consti-

1080 641 1241 674 tutionum
1267 647 1527 684 transgressores
1547 643 1672 686 punire,
1693 649 1724 676 et
1740 655 1815 687 poe-

1079 694 1214 728 nitentia
1231 705 1291 738 pro
1309 695 1406 728 modo
1424 697 1548 738 culpae,
1566 698 1691 730 servata
1707 703 1812 730 tamen

1079 748 1179 780 forma
1193 748 1435 781 ordinationum
1458 754 1490 782 et
1506 749 1739 783 inhibitionum
1759 751 1813 783 liu-

1078 800 1229 839 iusmodi,
1255 801 1400 840 afficere,
1421 807 1460 842 el,
1487 802 1511 834 si
1545 802 1605 835 sibi
1630 802 1813 842 ridebitur,

1079 863 1150 885 cum
1167 863 1327 887 consensu
1348 854 1479 887 maioris
1498 855 1599 898 partis
1621 855 1723 888 dictae
1737 855 1815 889 Con-

1079 906 1288 948 gregationis‚
1306 908 1487 950 culpabiles
1514 908 1644 949 eiicere,
1666 908 1813 941 invocato

1078 958 1174 992 etiam
1192 959 1231 992 ad
1249 960 1322 999 hoc,
1341 960 1367 992 si
1386 971 1466 1003 opus
1485 961 1589 999 suerit,
1609 961 1726 995 auxilio
1744 962 1816 994 bra-

1079 1011 1142 1043 chii
1169 1013 1359 1052 saecularis,
1378 1013 1480 1046 libere
1500 1018 1532 1046 et
1555 1013 1643 1046 licite
1664 1014 1815 1047 similiter

1079 1065 1205 1107 possint
1229 1070 1261 1098 et
1284 1067 1421 1106 valeant,
1439 1066 1524 1099 dicta
1548 1067 1748 1107 auctoritate,
1763 1067 1816 1100 lia·

1079 1127 1147 1150 rum
1180 1118 1277 1157 serie,
1301 1119 1509 1152 concedimus
1541 1124 1572 1152 et
1594 1119 1812 1162 indulgemus.

1080 1171 1249 1204 Praeterea
1270 1172 1467 1214 presbyteris
1486 1177 1516 1205 et
1537 1172 1663 1205 clericis
1682 1172 1714 1205 in
1732 1184 1815 1206 eam-

1081 1224 1152 1257 dem
1178 1224 1468 1267 Congregationem
1500 1236 1559 1269 pro
1595 1231 1738 1269 tempore
1763 1237 1815 1259 re-

1081 1277 1192 1320 ceptis,
1211 1289 1252 1310 ne
1278 1278 1348 1320 ipse
1371 1277 1642 1320 (long-regatione,
1661 1279 1756 1312 etiam
1777 1290 1814 1312 ex

1081 1330 1253 1364 iustissima
1278 1333 1380 1370 causa,
1406 1332 1466 1364 nisi
1492 1332 1582 1374 prius
1606 1333 1694 1365 illam
1721 1343 1815 1376 supe-

1081 1382 1159 1415 riori
1173 1383 1441 1426 Congregationis
1460 1383 1647 1417 huiusmodi
1663 1395 1721 1427 pro
1740 1391 1815 1418 tem-

1081 1446 1161 1479 pore
1195 1436 1345 1469 existenti
1382 1436 1678 1476 manifestaverint,
1704 1439 1815 1480 egredi

1081 1489 1223 1522 audeant
1244 1490 1356 1533 quovis
1381 1490 1476 1523 modo
1509 1491 1558 1523 vel
1583 1497 1813 1534 praesumant,

1081 1544 1140 1576 sub
1159 1543 1501 1576 excommunicationis
1525 1544 1608 1576 latae
1633 1545 1816 1577 sententiae

1081 1598 1186 1640 poenz}
1211 1607 1272 1640 per
1300 1597 1570 1630 contrafacientes
1604 1607 1642 1630 eo
1668 1598 1739 1640 ipso
1769 1598 1816 1630 iu-

1081 1650 1251 1689 currenda,
1278 1650 1470 1682 auctoritate
1496 1655 1528 1682 et
1552 1655 1664 1682 tenore
1690 1651 1817 1693 praedi-

1081 1702 1139 1735 ctis
1163 1702 1375 1746 prohibemus
1393 1708 1423 1736 et
1444 1704 1679 1736 interdicimus.
1701 1705 1743 1737 Ac
1762 1705 1817 1737 de-

1080 1766 1176 1794 nium,
1196 1756 1284 1799 quod
1301 1756 1447 1799 praefata
1471 1756 1684 1800 Congregatio
1703 1768 1817 1801 perpe-

1082 1815 1135 1841 tua
1159 1809 1202 1841 sit
1226 1814 1257 1842 et
1283 1819 1352 1842 esse
1378 1809 1591 1852 intelligatur,
1620 1811 1814 1853 pracsertim

1081 1862 1186 1904 quoad
1217 1861 1389 1895 missiones
1407 1889 1414 1900 ,
1441 1863 1585 1896 subiecta
1610 1863 1816 1896 omnimodae

1082 1915 1298 1948 iurisdictioni
1324 1916 1562 1960 archiepiscopi
1584 1917 1816 1950 Brachurensis

1081 1978 1139 2012 pro
1173 1973 1320 2012 tempore
1347 1969 1534 2008 existentis,
1561 1980 1577 2002 a
1603 1980 1666 2013 qno
1699 1971 1817 2003 nihilo-

1082 2020 1187 2053 minus
1221 2021 1443 2055 ordinationes
1470 2027 1501 2054 et
1534 2022 1678 2055 instituta
1714 2022 1817 2066 ipsius

1081 2074 1349 2117 (long-rogationis
1390 2075 1552 2107 immutari
1590 2081 1644 2108 aut
1687 2076 1816 2108 alterzui

1082 2127 1213 2160 minime
1229 2128 1366 2171 possint,
1379 2128 1568 2160 auctoritate
1584 2128 1756 2171 praedicta,
1770 2138 1818 2160 ea-

1081 2181 1228 2213 rumdem
1245 2186 1356 2214 tenore
1369 2180 1600 2224 praesentium,
1615 2180 1817 2224 pariterper-

1081 2239 1178 2277 petuo
1197 2234 1367 2266 statuimus
1384 2237 1414 2267 et
1438 2233 1638 2267 ordinamus.

1126 2287 1140 2330 ξ
1165 2287 1196 2319 5.
1216 2287 1438 2320 Decernentes
1457 2287 1540 2330 ipsas
1562 2292 1755 2330 praesentes
1771 2287 1819 2320 lit·

1084 2346 1169 2372 teras
1195 2350 1324 2383 semper
1349 2339 1472 2379 firmus,
1500 2339 1624 2372 validas
1657 2345 1688 2372 et
1713 2339 1819 2372 effica-

1082 2403 1135 2425 ces
1156 2393 1296 2425 existere
1323 2398 1354 2425 et
1379 2392 1459 2431 sore,
1488 2402 1630 2434 suosque
1648 2393 1818 2435 plenarios

1081 2452 1113 2479 et
1137 2446 1284 2488 integros
1313 2445 1446 2479 effectus
1464 2446 1573 2478 sortiri
1606 2451 1636 2478 et
1657 2446 1820 2483 obtinere.

1081 2510 1117 2532 ac
1139 2499 1216 2539 illis,
1240 2500 1278 2532 ad
1302 2510 1383 2542 quos
1401 2504 1529 2542 spectat
1545 2504 1576 2531 et
1592 2509 1651 2541 pro
1671 2505 1818 2541 tempore

1082 2553 1351 2595 (piandocumque
1384 2552 1557 2595 spectabit,
1586 2551 1819 2584 inviolabiliter

1081 2606 1255 2645 observari,
1271 2606 1384 2649 sicque
1400 2606 1430 2637 in
1448 2605 1636 2648 praemissis
1653 2614 1712 2647 per
1729 2613 1820 2647 quos-

1822 229 1870 252 Λη.
1886 227 1913 252 C.
1938 226 2004 252 1000

1855 2292 1976 2314 Clausulae.
