2254 3225
240 230 287 255 An.
310 229 335 253 tl.
359 230 378 253 lt
390 230 422 253 ‘2¹2'-

281 870 340 889 Fide«
367 872 421 889 tran-

294 904 296 909 ·
316 905 319 913 ι

264 2082 292 2102 Ex
303 2093 313 2100 ι.
326 2082 376 2102 lium

469 218 531 250 :⁸52
1010 227 1188 251 numanum
1213 226 1366 250 nouam-u

433 281 486 308 aut
510 275 617 318 aliqua
642 275 702 308 alia
732 274 888 318 exquisita
914 274 1015 308 forma
1038 276 1078 308 ad
1103 276 1167 308 hoc

432 328 591 361 servanda
616 328 704 367 soret,
724 328 852 360 illorum
876 328 1021 360 omnium
1047 333 1079 360 et
1103 328 1167 361 sin-

433 382 581 423 gulorum
604 386 745 421 tenores,
773 381 901 421 formas,
922 391 1035 413 causas
1061 386 1093 414 et
1116 391 1167 414 oc-

432 433 578 467 casiones
603 433 832 477 praesentibus
861 444 921 477 pro
939 434 1037 477 plene
1055 439 1087 466 et
1103 434 1169 466 sus-

432 486 581 519 ficienter
616 486 786 529 expressis,
813 487 954 526 insertis,
979 487 1112 519 servatis
1138 491 1169 518 et

434 540 625 583 specificatis
644 539 820 582 respective
837 539 1076 578 hahentes,illis
1089 539 1167 571 alias

434 593 465 625 in
487 603 546 625 suo
571 594 690 625 robore
709 592 940 635 permansuris,
958 592 996 624 ad
1015 591 1169 635 praemis-

433 655 544 678 sorum
566 645 723 684 effectum,
739 645 800 677 liac
816 644 884 678 vice
906 645 1077 684 dumtaxat,
1098 655 1169 688 spe-

434 698 558 731 cialiter
578 702 610 731 et
634 708 784 741 expresse
801 698 1006 740 derogamus,
1026 703 1059 730 et
1076 698 1170 731 dero-

434 756 542 792 gatum
578 761 650 783 esse
685 751 854 790 volumus,
880 750 1066 794 ceterisque
1091 761 1169 784 con-

434 803 541 835 trariis
566 803 838 846 quibuscumque.

477 856 491 898 §
517 855 548 888 6.
575 855 727 888 Volumus
765 861 872 888 autem
907 861 942 888 ut
981 858 1167 890 earumdem

432 909 651 953 praesentium
671 908 851 941 litterarum
878 910 1097 952 transumptis,
1114 921 1170 943 seu

433 962 600 1005 exemplis,
620 961 715 993 etiam
741 960 921 1004 impressis,
948 972 1045 994 manu
1074 963 1172 996 alicu-

431 1015 481 1046 ius
500 1013 618 1046 notarii
642 1013 763 1056 publici
789 1013 988 1056 subscriptis
1008 1020 1039 1047 et
1063 1014 1169 1058 sigillo

431 1078 591 1110 personae
618 1067 649 1099 in
676 1067 893 1099 ecclesiastica
915 1067 1071 1109 dignitate
1095 1079 1171 1101 con-

431 1121 561 1153 stitutae
598 1119 753 1158 munitis,
787 1120 898 1152 eadem
934 1130 1066 1163 prorsus
1089 1120 1169 1154 fides

431 1178 496 1205 tam
528 1173 561 1205 in
594 1172 713 1205 iudicio
745 1183 840 1215 quam
873 1177 963 1205 extra
993 1173 1074 1206 illud
1102 1173 1170 1206 ubi-

431 1236 495 1269 que
521 1226 666 1258 locorum
692 1225 862 1265 habeatur,
887 1236 968 1268 quae
994 1218 1171 1258 haberetur

431 1279 511 1322 ipsis
530 1277 756 1321 praesentibus
775 1278 800 1310 si
819 1278 924 1311 forent
940 1278 1103 1312 exhibitae
1119 1280 1170 1312 vel

432 1336 594 1363 ostensae.

475 1384 587 1416 Datum
612 1383 743 1423 Romae,
769 1384 852 1426 apud
878 1384 907 1416 S.
929 1384 1057 1417 Mariam
1075 1384 1171 1424 Maio-

432 1447 514 1477 rem,
535 1437 595 1469 sul)
613 1437 734 1469 annulo
752 1436 932 1475 piscatoris,
952 1437 1002 1469 die
1019 1447 1076 1471 xm
1094 1438 1169 1471 maii

432 1499 588 1529 iuncxcui,
607 1488 814 1532 pontificatus
830 1490 930 1522 nostri
950 1500 1086 1524 annon.

468 1551 526 1578 Dat.
546 1551 589 1578 die
608 1551 639 1578 13
655 1551 717 1578 maii
738 1551 815 1585 1693,
832 1551 930 1586 pontif.
953 1560 1024 1579 anno
1045 1559 1072 1579 11.

673 1693 746 1726 [νη
773 1694 832 1736 (αι.
860 1693 926 1737 56).

431 1771 610 1804 Mandutur
634 1772 782 1804 omnibus
806 1772 926 1815 ubique
944 1776 1105 1805 terrarum
1121 1783 1170 1805 re-

476 1824 589 1856 citatio
613 1825 710 1866 officii
741 1828 769 1856 et
801 1825 918 1857 missae
949 1825 1170 1868 Conceptionis

478 1878 516 1910 B.
540 1876 584 1909 M.
612 1877 644 1909 V.
673 1888 742 1909 cum
767 1879 876 1910 octavci
900 1876 918 1910 ⁴.

609 1957 806 1984 Innocentius
829 1958 908 1991 Papa
929 1958 992 1991 XII,

551 2002 587 2027 ad
609 2004 785 2035 perpetuam
804 2002 848 2029 rei
869 2002 1050 2029 memoriam.

476 2072 509 2104 lu
536 2072 662 2104 excelsa
684 2072 775 2104 Sedis
794 2073 1001 2115 Apostolicae
1025 2073 1168 2116 specula,

432 2124 555 2157 meritis
587 2125 664 2157 licet
688 2125 876 2168 imparibus,
892 2136 950 2168 per
974 2125 1171 2159 ineffabilem

434 2176 559 2209 divinae
577 2177 733 2209 bonitatis
747 2178 978 2210 abundantiam
994 2178 1170 2217 constituti,

432 2229 576 2262 muneris
600 2230 700 2263 nostri
723 2240 792 2262 esse
815 2231 1017 2271 arbitrzunur,
1043 2237 1077 2264 ut
1102 2233 1171 2274 glo-

433 2282 632 2315 riosissimae
647 2283 786 2324 Virginis
801 2283 854 2315 Dei
871 2284 1034 2326 genitricis
1052 2284 1170 2316 Mariae

433 2337 555 2368 cultum
581 2340 612 2368 et,
635 2336 878 2368 venerationem
898 2337 928 2368 in
948 2336 1051 2377 terris,
1070 2348 1169 2380 quan-

435 2395 501 2421 tum
536 2389 631 2421 nobis
667 2399 702 2421 ex
725 2390 787 2421 alto
820 2390 1022 2431 conceditur,
1050 2401 1168 2434 augere

435 2441 553 2484 iugiter
578 2446 771 2484 satagamus.

474 2524 485 2548 1
509 2521 536 2547 ln
553 2521 701 2548 innocentii
721 2520 752 2547 xl
774 2520 879 2548 constit.
905 2529 1049 2554 nnctxxix,
1073 2523 1116 2550 die
1136 2523 1170 2550 ⁶26

439 2566 510 2601 maii,
535 2566 627 2600 pontis.
645 2573 683 2600 111,
706 2569 777 2592 extat
801 2566 921 2594 extensio
937 2566 997 2593 sesti
1021 2568 1167 2595 ratiocinii

437 2612 464 2639 B.
479 2611 510 2638 M.
523 2611 554 2638 V.

1949 226 1999 252 Λη.
2022 226 2049 253 C.
2068 227 2133 253 ¹093

1253 275 1267 317 ἓ
1292 275 1322 307 1.
1350 275 1472 318 ltaque,
1492 285 1550 318 pro
1569 275 1722 317 singulari
1741 277 1850 307 nostra
1867 285 1964 333 ergad
1979 287 2059 334 ‘1³³'¹¹'['¹⁰
2077 296 2134 309 mn.

1920 327 1926 333 .
1968 320 1996 333 eii
2019 322 2029 335 e
2061 322 2134 339 preces

1209 328 1355 361 eamdem
1386 329 1606 361 beatissimam
1633 335 1729 372 atque
1755 327 2008 370 augustissi-regis
2025 342 2134 363 ciuium.

1208 390 1292 412 mam
1310 381 1473 423 Virginem
1491 381 1571 413 caeli
1590 382 1734 423 reginam
1761 381 1942 421 devotione,

1209 442 1336 465 necnon
1362 433 1457 465 etiam
1489 433 1553 476 piis
1586 439 1617 466 et
1648 434 1751 467 enixis
1785 434 1943 467 carissimi

1210 484 1242 517 in
1266 485 1396 518 Christo
1430 485 1486 518 filii
1518 486 1620 518 nostri
1645 486 1748 519 Caroli
1774 487 1945 530 Hispania-

1210 548 1280 570 rum
1297 538 1383 579 regis
1400 538 1551 570 catholici
1573 539 1865 582 supplicationibus
1889 551 1946 573 no-

1209 589 1258 622 his
1283 600 1340 633 per
1365 590 1516 623 dilectum
1542 590 1641 623 filium
1676 592 1820 624 nobilem
1845 592 1946 625 virum

1210 643 1401 676 modernum
1427 643 1542 676 ducem
1569 645 1608 677 de
1633 644 1862 686 Medinaeaeli,
1886 656 1947 689 pro

1211 696 1326 729 eodem
1347 696 1461 729 Carolo
1486 707 1562 739 rege
1588 698 1674 740 apud
1699 709 1757 731 nos
1783 704 1813 731 et
1832 698 1947 732 Seden]

1211 749 1388 793 praefatam
1407 755 1686 793 oratorem‚super
1701 751 1761 784 hoc
1780 752 1950 785 humiliter

1211 803 1367 847 porrectis
1401 803 1540 845 benigne
1565 803 1725 845 inclinati,
1749 811 1784 837 ut
1807 805 1949 839 officium

1213 862 1244 889 et
1268 856 1366 889 missa
1396 855 1622 899 Conceptionis
1659 857 1802 890 ciusdem
1833 858 1948 891 beatae

1211 909 1350 951 Virginis
1374 908 1600 942 immaculatae
1626 920 1697 942 eum
1715 910 1823 943 octava
1849 915 1881 944 et
1905 912 1951 944 le-

1212 961 1374 993 ctionibus
1398 961 1431 993 in
1457 962 1618 994 octavario
1636 972 1771 995 romano
1790 963 1910 996 dudum
1934 975 1951 997 a

1212 1014 1471 1057 Congrcgatione
1492 1019 1567 1048 tunc
1586 1015 1795 1048 existentium
1815 1016 1846 1049 S.
1859 1017 1897 1050 R.
1913 1017 1947 1050 E.

1212 1068 1423 1101 cardinalium
1440 1068 1538 1100 sacris
1556 1068 1672 1101 ritibus
1687 1070 1950 1112 praepositorum

1213 1121 1394 1164 approbato
1413 1120 1586 1160 contentis,
1605 1125 1636 1154 et
1661 1132 1677 1154 a
1702 1121 1754 1154 die
1776 1124 1886 1155 octava
1911 1123 1951 1155 ad

1214 1172 1520 1216 decimamquintam
1547 1173 1731 1206 decembris
1756 1174 1816 1207 rite
1842 1175 1952 1218 dispo-

1213 1226 1290 1266 sitis,
1318 1224 1403 1269 quod
1428 1226 1489 1258 iam
1515 1226 1643 1269 pridem
1662 1236 1697 1259 ex
1717 1226 1852 1260 diversis
1871 1227 1952 1260 eius-

1214 1280 1286 1312 dem
1312 1279 1403 1312 Sedis
1425 1278 1557 1312 indultis
1583 1290 1640 1312 seu
1666 1280 1804 1313 decretis
1828 1279 1860 1313 in
1886 1281 1951 1323 ple·

1213 1332 1321 1376 risq’ue
1347 1332 1516 1365 christiani
1535 1332 1623 1365 orbis
1641 1333 1817 1376 provinciis
1844 1337 1876 1366 et
1901 1343 1950 1366 re-

1213 1386 1284 1428 gnis
1310 1385 1439 1419 recitari
1458 1386 1634 1425 consuevit,
1651 1386 1770 1429 ubique
1792 1391 1949 1419 terrarum

1213 1439 1245 1471 in
1282 1444 1448 1482 posterum
1489 1439 1526 1471 ab
1564 1440 1715 1472 omnibus
1752 1444 1785 1472 et
1811 1439 1948 1482 singulis

1213 1492 1383 1535 utriusque
1404 1502 1500 1524 sexus
1519 1491 1787 1529 christifidelibus
1805 1498 1869 1525 tam
1886 1503 1951 1525 sae-

1213 1545 1377 1578 cularibus
1413 1555 1509 1588 quam
1545 1545 1777 1587 regularibus,
1816 1545 1869 1589 qui
1910 1546 1949 1578 ad

1213 1598 1311 1630 horas
1335 1597 1508 1630 canonicas
1534 1602 1714 1638 teneantur,
1741 1598 1780 1630 de
1817 1608 1951 1641 praece-

1213 1655 1269 1693 pto
1295 1649 1457 1689 recitetur,
1485 1650 1665 1692 apostolica
1689 1650 1878 1683 auctoritate
1904 1655 1951 1683 te-

1213 1713 1293 1736 nore
1319 1702 1540 1746 praesentium
1564 1703 1753 1736 mandamus
1783 1709 1814 1737 et
1837 1703 1951 1737 decer-

1212 1756 1331 1789 nimus.

1256 1809 1316 1852 52.
1339 1808 1408 1842 Non
1427 1808 1631 1842 obstantibus
1649 1808 1949 1851 constitutionibus,

1213 1867 1245 1895 et
1262 1861 1524 1895 ordinationibus
1542 1861 1752 1905 apostolicis;
1769 1861 1950 1906 ceterisque

1213 1915 1385 1949 contrariis
1407 1915 1679 1958 quibuscumque.

1257 1969 1271 2012 ἓ
1302 1969 1333 2002 3.
1368 1968 1522 2001 Volumus
1558 1973 1664 2002 autem
1697 1975 1731 2001 ut
1763 1969 1949 2002 earumdem

1213 2021 1433 2065 praesentium
1459 2022 1639 2055 litterarum
1658 2023 1879 2066 transumptis,
1894 2033 1950 2056 seu

1214 2075 1383 2118 exemplis,
1396 2075 1491 2107 etiam
1509 2075 1795 2117 i1np1·essis,inanu
1814 2075 1950 2109 alicuius

1214 2127 1332 2160 notarii
1369 2127 1491 2170 publici
1528 2127 1740 2170 subscriptis,
1779 2133 1810 2160 et
1844 2127 1952 2170 sigillo

1214 2191 1373 2224 personae
1399 2180 1428 2212 in
1452 2180 1671 2213 ecclesiastica
1693 2180 1848 2223 dignitate
1875 2191 1951 2213 con-

1214 2233 1343 2266 stitutae
1380 2233 1520 2271 munitis,
1558 2233 1669 2266 eadem
1705 2243 1839 2276 prorsus
1869 2232 1950 2266 fides

1214 2292 1276 2319 tam
1301 2287 1333 2319 in
1360 2286 1481 2318 iudicio
1518 2296 1612 2328 quarn
1638 2290 1726 2319 extra
1751 2285 1832 2319 illud
1858 2285 1950 2319 adhi-

1213 2340 1337 2378 beatur,
1364 2349 1446 2382 quae
1471 2339 1649 2371 haberetur
1673 2338 1751 2382 ipsis
1770 2339 1950 2382 praesenti-

1213 2393 1272 2425 bus
1298 2391 1322 2423 si
1350 2391 1455 2424 forent
1479 2391 1641 2424 exhibitae
1666 2392 1715 2424 vel
1742 2396 1905 2425 ostensae.

1256 2444 1369 2477 Datum
1393 2443 1523 2491 Romae,
1544 2444 1629 2486 apud
1654 2443 1685 2476 S.
1705 2444 1833 2476 Mariam
1855 2444 1949 2477 Maio·

1214 2507 1290 2537 rem,
1316 2497 1376 2529 sub
1400 2497 1523 2529 annulo
1543 2496 1727 2537 Piscatoris,
1748 2497 1799 2530 die
1816 2507 1855 2529 xv
1872 2497 1946 2530 maii

1212 2559 1369 2588 iuncxcni,
1395 2548 1601 2592 pontificatus
1626 2549 1727 2582 nostri
1754 2561 1838 2583 anno
1864 2560 1900 2584 Π.

1248 2611 1307 2639 Dat.
1330 2611 1374 2640 die
1394 2611 1427 2640 15
1448 2611 1508 2639 maii
1531 2611 1608 2645 11393,
1631 2611 1727 2649 pontif.
1750 2619 1822 2640 anno
1842 2619 1872 2639 11.

1985 763 2106 784 Mandatum
2119 765 2142 784 ut

1959 791 1980 811 in
1995 791 2087 811 rubrica.

1989 1818 2108 1839 Clausulas.

2012 1976 2073 1996 Fidus
2089 1978 2144 1998 tran·

1961 2006 2097 2029 sumpturum.
