2254 3225
232 260 280 286 An.
298 259 326 285 c.
351 258 417 285 ΜΠ
466 249 529 283 818

428 312 490 340 tam
508 307 761 341 Mendicantium
779 318 875 352 quam
901 318 967 341 non
985 308 1168 341 Mendican-

425 362 506 394 tium
523 389 531 403 ,
555 361 763 401 militiarum,
790 361 886 394 etiam
913 362 1013 394 sancti
1040 361 1169 395 loannis

426 414 725 459 IIierosolymitani,
747 420 778 447 et
795 415 1099 458 congregationum,
1120 425 1170 448 so-

427 469 593 511 cietatum,
615 479 650 502 ac
674 468 846 502 cuiuslibet
870 469 1002 501 alterius
1020 468 1169 508 instituti,

427 522 524 555 etiam
549 522 743 561 necessario,
762 526 794 554 et
814 521 846 554 in
872 521 1039 554 individuo
1066 521 1171 563 expri-

427 575 536 609 mendi
554 603 561 616 ‚
603 574 838 614 ecclesiarum,
878 573 1168 613 monasteriorum,

428 634 656 667 conventuum,
684 627 910 669 collegiorum,
944 626 1171 669 capitulorum,

427 681 649 725 hospitalium,
665 679 967 713 confraternitatum
987 684 1017 712 et
1034 679 1171 712 aliorum

427 745 709 779 quorumcumque
743 739 807 766 tam
832 733 1047 766 saecularium
1074 743 1171 776 quam

427 789 627 832 regularium
661 789 818 827 locorum,
857 797 988 820 necnon
1026 787 1169 825 illorum,

429 843 525 876 etiam
542 843 739 883 iuramento,
754 840 1001 874 confirmatione
1014 839 1173 883 apostoli-

426 897 474 937 ca,
492 897 541 929 vel
560 895 670 939 quavis
689 894 840 927 firmitate
858 893 1032 933 roboratis,
1045 892 1172 925 statutis

427 956 458 983 et
483 948 784 988 consuetudinibus,
807 948 903 980 etiam
930 946 1172 980 immemorabi-

427 1004 524 1044 libus,
551 1002 732 1046 privilegiis
757 1012 899 1045 quoque,
917 1001 1049 1033 indultis
1068 1005 1099 1033 et
1125 1000 1173 1033 lit-

428 1057 504 1091 teris
530 1055 731 1099 apostolicis,
760 1054 856 1087 etiam
875 1054 963 1087 Mari
980 1054 1099 1097 Maqno
1114 1064 1172 1086 seu

427 1110 530 1144 Bullci
556 1110 656 1142 aureci
686 1115 741 1142 aut
765 1108 844 1142 alias
868 1108 1064 1151 nuncupatis
1080 1134 1087 1147 ,
1113 1107 1172 1140 sub

428 1164 684 1208 quibuscumque
712 1162 881 1196 tenoribus
914 1167 946 1195 et
977 1161 1109 1200 formis,
1136 1172 1173 1194 ac

428 1228 501 1250 cum
542 1216 708 1260 quibusvis
751 1216 849 1249 etiam
886 1214 1173 1258 derogatoriarum

429 1269 656 1312 derogatoriis,
672 1275 702 1302 et
715 1268 855 1302 insolitis
869 1268 1031 1308 clausulis,
1044 1277 1173 1300 necnon

430 1323 637 1355 irritantibus
655 1322 804 1361 decretis,
815 1322 912 1354 etiam
925 1326 1013 1354 motu
1024 1321 1172 1364 proprio,

430 1382 518 1409 etex
545 1378 635 1409 certa
660 1375 804 1415 scientia,
838 1386 874 1408 ac
909 1375 947 1407 de
974 1375 1173 1418 apostolicae

429 1430 601 1474 potestatis
626 1428 840 1472 plenitudine,
859 1433 912 1461 aicit
937 1425 1016 1461 alias
1041 1438 1174 1471 quomo-

430 1483 565 1522 dolibet,
582 1483 678 1515 etiam
696 1492 755 1525 per
773 1482 854 1514 viam
874 1481 1174 1514 communicationis

429 1547 488 1569 seu
514 1534 903 1574 extensionis,concessis
929 1540 960 1567 et
986 1534 1111 1567 iteratis
1132 1534 1175 1566 vi-

431 1589 523 1622 cibus
542 1588 730 1632 approbatis
747 1594 778 1621 et
791 1588 962 1628 innovatis,
974 1586 1101 1620 etiamsi
1116 1597 1175 1630 pro

430 1643 563 1676 illorum
589 1640 763 1674 sufficienti
800 1640 1014 1683 derogatione
1041 1641 1079 1673 de
1110 1639 1175 1673 illis

431 1705 611 1738 eorumque
631 1694 706 1727 totis
726 1694 894 1727 tenoribus
914 1699 945 1726 et
965 1693 1078 1726 formis
1101 1704 1175 1737 spe-

430 1749 519 1783 cialis
546 1754 577 1782 et
600 1748 765 1781 individua
785 1759 823 1781 ac
849 1748 888 1780 de
913 1748 1012 1780 verbo
1038 1747 1076 1779 ad
1102 1758 1175 1780 ver-

429 1803 516 1843 bum,
529 1813 593 1835 non
612 1808 718 1835 autem
737 1812 797 1844 per
815 1801 976 1834 clausulas
995 1801 1174 1843 generales,

431 1856 555 1889 mentio
580 1866 635 1888 seu
662 1855 792 1899 quaevis
819 1854 882 1888 alia
916 1855 1085 1898 expressio
1118 1855 1174 1886 ha·-

431 1910 539 1943 beuda
574 1914 629 1942 aut
659 1909 766 1952 aliqua
791 1908 853 1942 alia
878 1908 1038 1952 exquisita
1072 1908 1175 1941 forma

430 1964 588 1997 servanda
612 1968 710 2003 esset,
731 1969 862 1996 tenores
880 1961 1079 2001 huiusmodi,
1096 1972 1130 1994 ac
1149 1961 1174 1994 si

430 2018 469 2050 de
490 2018 586 2050 verbo
605 2017 644 2049 ad
662 2016 805 2056 verbum,
828 2015 911 2048 nihil
931 2015 1060 2058 penitus
1079 2014 1176 2048 omis-

430 2081 476 2110 so,
502 2075 534 2102 et
560 2069 662 2103 forma
687 2069 719 2101 in
746 2069 810 2102 illis
844 2069 964 2102 tradita
989 2069 1173 2108 observata,

430 2123 542 2156 inserti
561 2123 678 2162 forent,
691 2123 919 2166 praesentibus
937 2133 996 2165 pro
1011 2122 1174 2165 expressis

430 2177 569 2216 liabens,
590 2176 706 2219 quibus
727 2175 835 2219 quoad
858 2186 895 2208 ea
918 2186 999 2218 quae
1025 2186 1176 2219 praesen-

431 2228 534 2262 tibus¹
560 2229 784 2268 adversantur,
804 2228 868 2261 illis
894 2229 973 2261 alias
994 2229 1026 2261 in
1053 2239 1111 2261 suo
1129 2239 1177 2261 ro-

431 2283 511 2315 bore
543 2282 783 2325 permansuris,
810 2292 900 2315 sacra
933 2283 1175 2325 Congregatio,

432 2335 616 2369 Sanctitatis
643 2335 724 2368 Suae
757 2335 965 2374 auctoritate,
990 2335 1177 2379 specialiter

432 2441 488 2475 riis
506 2442 775 2484 quibuscumque.

476 2495 590 2528 Datum
624 2495 765 2534 Romae,
798 2494 849 2527 die
888 2505 963 2528 xxm
990 2496 1177 2529 novembris

431 2559 596 2583 mocxcvu.
619 2568 664 2571 —
688 2548 803 2582 Iossru
827 2549 917 2584 card.
944 2549 1174 2591 Sacnuzmas,

466 2620 479 2646 1
503 2619 594 2647 Verba
614 2620 671 2651 ista,
690 2627 745 2654 pro
766 2619 909 2654 expressis
934 2620 1052 2653 habens,
1070 2622 1174 2655 quibus

432 2666 527 2703 quoad
540 2673 574 2691 ea
586 2673 659 2700 quae
666 2665 879 2700 praesentibus,
889 2672 937 2692 nos
946 2664 1072 2692 addimus
1084 2667 1175 2700 (R.T.).

1017 258 1197 282 BULLARIL'M
1222 259 1377 283 ROMANUM

1212 308 1407 351 praefectus.
1427 307 1657 342 FERmNAivnus
1669 307 1822 349 Nur'rlus,
1842 317 1953 340 sacrae

1212 361 1373 404 Congreg.
1401 361 1593 394 secretarius
1618 373 1649 394 ».

1257 415 1271 457 g
1292 414 1324 447 ΕΞ.
1351 414 1516 453 Quocirca,
1543 424 1614 447 cum
1633 414 1770 447 dilectus
1793 413 1875 447 tilius
1901 425 1956 447 no·
1993 428 2062 449 ema
2077 428 2152 449 confir-

1965 259 2016 285 An.
2032 259 2059 286 G.
2084 259 2149 288 ¹697

1934 467 1940 473 ⁴
1966 459 2071 476 malimus.

1213 472 1281 500 ster
1312 468 1430 510 Ioseph
1458 467 1539 500 tituli
1565 467 1596 500 S.
1616 467 1732 501 Mariae
1749 467 1956 511 Transponti-

1214 530 1275 553 nae
1292 520 1322 552 S.
1344 520 1381 552 R.
1401 520 1436 553 E.
1456 520 1628 563 presbyter
1652 520 1830 553 cardinalis
1855 520 1956 553 Sacri-

1215 578 1344 615 pantes,
1362 578 1561 605 memoratae
1579 572 1849 615 Congregationis
1867 584 1958 617 prae-

1216 626 1329 665 fectus,
1355 626 1498 668 praefata
1516 626 1646 658 decreta
1671 625 1766 658 nobis
1787 626 1956 666 retulerit,

1215 689 1275 712 nos
1296 706 1303 719 ,
1331 679 1579 712 considerantes
1606 679 1718 712 eadem
1760 684 1791 712 et
1830 679 1959 722 singula

1216 732 1327 766 omnia
1353 732 1493 771 decreta,
1521 734 1557 764 ea
1583 742 1646 775 qua
1664 732 1758 765 decet
1774 732 1958 766 maturitate

1217 785 1342 828 digesta
1364 790 1394 818 et
1420 784 1609 824 examinata,
1628 796 1664 818 ae
1688 785 1721 818 in
1745 786 1809 818 vim
1831 789 1960 828 aposto-

1216 840 1298 872 licae
1335 838 1545 878 auctoritatis,
1573 838 1678 871 eidem
1706 838 1959 881 Congregationi

1217 892 1404 936 specialiter
1421 897 1454 924 ut
1470 892 1653 934 praefertur
1677 891 1864 932 attributae,
1885 901 1959 935 per·

1217 954 1296 987 acta,
1334 946 1486 990 perutilia
1518 946 1586 979 sore
1619 951 1804 986 censentes,
1838 946 1960 989 illaque

1218 1005 1396 1044 propterea
1418 1005 1581 1043 perpetuo
1607 1005 1638 1032 ct
1655 999 1886 1032 inviolabiliter
1903 999 1961 1032 ob-

1217 1053 1355 1095 servari,
1389 1063 1517 1085 necnon
1554 1052 1797 1085 constitutionis
1831 1056 1961 1086 nostrae

1218 1108 1396 1141 munimine
1415 1107 1570 1140 roborare
1588 1107 1737 1139 volentes
1752 1133 1759 1146 ,
1783 1111 1872 1139 motu
1891 1117 1962 1150 pro-

1217 1162 1303 1205 prio,
1335 1171 1401 1193 non
1437 1160 1476 1193 ad
1509 1159 1698 1202 cuiusquam
1733 1159 1826 1193 nobis
1862 1170 1962 1203 super

1218 1215 1280 1247 hoc
1299 1215 1426 1247 oblatae
1445 1213 1613 1256 petitionis
1630 1212 1829 1253 instantiam,
1849 1214 1904 1247 sed
1924 1224 1962 1246 ex

1218 1270 1305 1301 certa
1329 1267 1463 1300 scientia
1496 1272 1526 1299 et
1557 1267 1683 1299 matura
1713 1266 1960 1307 deliberatione,

1219 1323 1323 1364 deque
1339 1319 1538 1364 apostolicae
1556 1319 1726 1363 potestatis
1743 1320 1962 1363 plenitudine,

1218 1376 1340 1408 inserta
1365 1374 1507 1413 decreta,
1527 1373 1701 1416 omniaque
1724 1378 1756 1406 et
1780 1372 1909 1416 singula
1928 1373 1962 1406 in

1218 1428 1264 1461 eis
1284 1433 1448 1467 contenta,
1469 1432 1583 1460 tenore
1605 1426 1839 1470 praesentium,
1855 1432 1963 1460 aucto-

1219 1480 1312 1513 ritate
1338 1479 1525 1523 apostolica,
1545 1480 1774 1512 confirmamus
1797 1484 1829 1512 et
1845 1490 1964 1522 appro-

1218 1534 1340 1572 bamus,
1361 1533 1490 1575 illisque
1509 1532 1706 1564 inviolabilis
1733 1536 1764 1564 et
1787 1532 1963 1575 irrefraga-

1218 1587 1293 1620 bilis
1318 1586 1516 1630 apostolicae
1538 1585 1698 1618 firmitatis
1722 1585 1824 1619 robur
1845 1591 1877 1618 et
1897 1586 1964 1619 esti·

1218 1641 1338 1674 caciam
1357 1640 1544 1680 adiicimus,
1567 1639 1720 1683 quinimo,
1740 1644 1841 1680 motu,
1860 1639 1964 1672 scien-

1222 1695 1276 1735 tia,
1307 1693 1543 1727 deliberatione
1569 1704 1606 1726 ac
1626 1693 1795 1736 potestatis
1820 1687 1988 1737 plenitus

1219 1749 1293 1781 dine
1336 1746 1511 1787 similibus,
1538 1746 1648 1779 omnia
1686 1751 1717 1779 et
1751 1746 1881 1789 singula
1900 1773 1907 1786 ,
1930 1746 1963 1779 in

1219 1800 1416 1844 supradictis
1449 1799 1589 1832 decretis
1623 1804 1787 1839 contenta,
1813 1799 1852 1832 de
1877 1810 1962 1833 novo

1219 1854 1403 1893 statuimus,
1424 1853 1626 1886 decernimus
1651 1857 1684 1886 et
1708 1853 1905 1894 ordinamus,
1927 1864 1964 1887 ac

1219 1909 1258 1940 ab
1294 1908 1443 1941 omnibus
1481 1912 1513 1940 et
1549 1907 1828 1951 quibuscumque,
1867 1907 1965 1941 etiam

1220 1961 1355 2005 speciali
1374 1967 1405 1994 et
1423 1960 1589 1994 individua
1607 1963 1683 1994 nota
1699 1961 1805 2003 dignis
1830 1960 1963 1994 omnino

1219 2021 1329 2049 exacte
1367 2020 1397 2048 et
1432 2020 1595 2058 perpetuo
1632 2015 1754 2047 servari
1789 2015 1962 2056 volumus,

1220 2069 1382 2102 sancimus
1408 2074 1439 2101 et
1462 2069 1667 2101 mandamus.

1263 2123 1278 2166 ἓ
1302 2122 1334 2156 3.
1354 2123 1586 2162 Decernentes‚
1608 2128 1797 2165 praesentes
1822 2122 1960 2164 litteras,

1219 2186 1291 2208 cum
1311 2175 1463 2208 onmibus
1482 2180 1513 2207 et
1530 2175 1666 2216 singulis
1688 2175 1765 2207 inibi
1784 2176 1960 2215 contentis,

1219 2239 1350 2273 semper
1373 2228 1494 2269 firmas,
1524 2228 1644 2261 validas
1674 2233 1705 2261 et
1730 2229 1876 2261 efficaces
1902 2229 1963 2261 exi-

1197 2277 1199 2313 ¹1
1220 2288 1305 2316 stere
1331 2288 1363 2316 et
1388 2283 1465 2321 sore,
1492 2293 1633 2325 suosque
1667 2281 1833 2325 plenarios
1860 2287 1891 2315 et
1915 2282 1964 2315 In-

1198 2369 1199 2383 ,
1222 2341 1331 2379 tegros
1352 2336 1482 2369 effectus
1501 2334 1610 2368 sortiri
1626 2340 1657 2368 et
1670 2335 1817 2368 obtinere
1833 2335 1962 2376 debere,

432 2394 463 2422 et
489 2399 641 2432 expresse
667 2388 818 2430 derogat,
845 2389 1029 2432 ceterisque
1054 2386 1199 2422 contra-T

1221 2401 1258 2423 ac
1280 2389 1318 2422 ab
1345 2388 1506 2428 omnibus,
1524 2388 1563 2421 ad
1589 2399 1670 2431 quos
1698 2393 1825 2432 spectat
1847 2393 1877 2421 et
1902 2399 1963 2432 pro

1198 2449 1369 2487 *tempore
1406 2442 1680 2486 quandocumque
1717 2447 1749 2474 et
1785 2442 1963 2485 quomodo-

1220 2507 1361 2539 cumque
1397 2495 1566 2538 spectabit,
1593 2494 1624 2526 in
1662 2495 1814 2527 omnibus
1847 2501 1878 2528 et
1903 2505 1964 2539 per

1220 2550 1327 2583 omnia
1352 2548 1538 2593 plenissime
1557 2553 1589 2580 et
1606 2547 1837 2581 inviolabiliter
1857 2548 1964 2581 obser·

1219 2603 1284 2636 vari
1303 2614 1311 2644 ;
1339 2603 1448 2645 sicque
1475 2606 1506 2634 et
1527 2611 1590 2634 non
1608 2601 1703 2633 aliter
1720 2611 1778 2644 per
1795 2610 1964 2644 quoscum-

1219 2667 1282 2701 que
1319 2656 1441 2690 iudices
1478 2654 1660 2689 ordinarios
1700 2660 1732 2688 et
1771 2655 1960 2699 delegatos,

1999 2129 2121 2151 ctaueutae.
