2227 3225
115 229 162 257 An.
183 229 211 257 C.
229 231 296 260 169?

141 1136 168 1157 Da
184 1139 267 1159 cautu,-

86 1163 173 1183 cmruliis
186 1167 268 1191 regula·

99 1195 101 1197 ’
126 1196 137 1208 xi

86 1715 115 1736 De
129 1717 247 1741 homimis.

66 1743 168 1767 bannitis.
189 1747 246 1768 atus-

65 1776 104 1794 vpiu
120 1772 244 1800 delinquen-

64 1796 125 1819 tibus.

901 250 1106 277 rxxocm'wm
1132 257 1174 280 ΧΠ
1198 260 1245 283 ΡΡ.

304 288 335 315 et
358 284 445 318 iuxta
469 289 655 323 corumdem
672 290 829 328 Ordinum
855 302 887 330 et
912 310 1041 343 congre-

302 335 467 378 gationum
497 342 661 383 regularia
698 345 845 382 instituta
877 351 1040 395 eligentur

300 389 346 421 vel
365 389 459 423 aliter
475 400 691 438 assumentur,
712 400 873 444 recipere,
892 407 1034 450 assequi,

297 451 409 483 gerere
440 449 472 477 et
496 446 600 481 libere
625 459 776 486 exercere
816 456 913 490 etiam
949 459 1034 493 licite

297 495 433 537 valeant,
450 497 647 543 dispensare,
664 514 783 549 eosque
801 507 833 540 in
851 511 1034 552 pristinum,

295 551 326 580 et
350 548 389 581 ad
415 559 499 590 eum,
524 552 556 585 in
583 565 648 597 quo
666 562 740 590 ante
758 561 936 601 praemissa
953 575 1033 607 quo-

293 601 474 636 modolibet
499 612 604 650 erant,
630 613 757 650 statum,
785 617 816 645 et
847 614 886 647 ad
918 627 1030 650 vocem

292 654 426 688 activam
445 662 477 690 et
491 660 649 701 passivam
668 664 848 707 restituere,
870 679 1028 712 reponere

291 711 322 740 et
345 709 491 751 plenarie
516 713 728 758 reintegrare,
755 723 786 752 et
808 731 933 764 poenas
963 724 1027 759 illis

289 761 429 803 gratiose
443 765 611 800 remittere
630 775 661 801 et
677 772 873 813 condonare,
888 787 1025 819 necnon,

287 824 347 856 pro
372 816 488 850 maiori
513 818 755 857 absolutionum
792 832 825 859 et
859 828 1026 872 dispensa-

287 866 410 902 tionum
434 872 649 913 praefatarum
675 875 836 919 firmitate,
857 882 1023 924 quibusvis

285 922 582 967 constitutionibus,
600 929 871 975 ordinationibus,
897 939 1022 971 statutis

284 976 315 1004 et
339 975 520 1020 privilegiis
545 983 793 1022 quomodolibet
817 986 1021 1023 obstantibus

282 1025 480 1062 sufficienter
504 1031 673 1076 derogare,
690 1037 791 1071 maior
806 1041 1020 1083 poenitentia—

280 1078 346 1112 rius
368 1083 530 1123 praefatus
554 1089 660 1129 possit
684 1095 716 1122 et
742 1093 858 1126 valeat.

323 1133 337 1176 ἕ
359 1133 411 1167 ⁶29.
434 1136 585 1172 Volumus
603 1145 708 1175 tamen
728 1150 763 1177 ut
780 1145 812 1178 in
831 1147 1014 1185 huiusmodi

279 1185 404 1219 casibus
439 1191 596 1232 occultis,
623 1193 654 1226 in
692 1196 761 1230 foro
790 1200 1012 1237 eonscientiae

278 1241 412 1279 tantum,
439 1241 471 1273 in
496 1245 636 1285 publicis
662 1258 738 1282 vero
762 1252 898 1292 casibus,
920 1255 950 1288 in
978 1268 1012 1289 u-

275 1294 388 1334 troque
411 1293 493 1335 foro,
513 1298 629 1331 auditis
649 1304 751 1334 tamen
773 1309 803 1336 et
828 1308 1011 1350 supplican-

272 1343 355 1375 tibus
379 1348 617 1390 superioribus,
644 1352 830 1399 bonumque
856 1361 1004 1395 testimo-

268 1395 356 1429 nium
389 1399 428 1431 de
462 1401 540 1443 ipsis
574 1407 780 1447 regularibus
805 1410 1003 1455 ferentibus,

266 1453 394 1490 gravata
430 1452 463 1485 in
499 1455 538 1488 iis
575 1462 762 1495 eorumdem
799 1468 1003 1509 superiorum

264 1504 475 1546 conscientia,
503 1513 535 1541 et
566 1515 688 1546 matura
715 1515 1000 1562 circumspectione

263 1564 394 1598 semper
418 1559 572 1602 adhibita,
599 1575 670 1598 cum
696 1567 810 1603 iisdem
844 1576 1000 1616 regulari-

261 1606 331 1646 bus,
348 1614 383 1642 ut
402 1613 595 1655 praefertur,
615 1617 804 1662 dispensare
823 1630 851 1656 et
872 1627 999 1671 dispen-

260 1661 325 1693 sari
349 1664 503 1698 mandare
529 1669 642 1703 valeat.

301 1714 316 1757 ἓ
340 1714 393 1748 30.
421 1717 496 1751 Cum
517 1721 698 1765 homicidis,
726 1727 876 1772 bannitis,
909 1735 995 1769 aliis-

257 1776 319 1809 que
345 1768 619 1816 delinquentibus,
637 1779 701 1821 qui,
723 1787 890 1818 memorati
915 1788 991 1823 Sixti

255 1821 519 1861 praedecessoris
545 1838 629 1862 anno
651 1831 880 1870 incarnationis
905 1852 992 1883 prae-

253 1872 335 1906 fatae
360 1886 547 1919 MDLxxxvu,
569 1892 598 1915 vi
620 1884 773 1920 kalendas
792 1891 986 1937 decembris,

251 1928 410 1969 expeditis
435 1930 552 1965 litteris
577 1937 769 1979 religionem
796 1943 933 1988 ingredi,
957 1955 988 1982 et

249 1978 279 2011 in
302 1981 338 2012 ea
358 1983 595 2025 professionem
618 1992 764 2027 emittere
784 1995 986 2035 inhabilitan-
1005 2019 1007 2026 0

248 2036 308 2072 tur,
336 2034 363 2067 si
388 2038 540 2080 expedire
566 2041 735 2086 videbitur,
762 2048 934 2086 habilitare
953 2061 984 2088 et

246 2084 407 2120 liabilitari
432 2093 598 2135 mandare,
616 2101 646 2129 et
671 2108 742 2132 cum
769 2101 816 2141 iis,
843 2106 896 2147 qui
922 2107 981 2141 ho-

242 2137 370 2172 micidia
387 2142 567 2179 voluntaria
585 2151 817 2195 commiserint,
832 2162 864 2188 ut
883 2161 977 2194 etiam

241 2191 284 2222 uti
310 2192 418 2227 clerici
450 2197 590 2241 aliquam
621 2212 657 2235 ex
682 2208 870 2249 approbatis
895 2214 976 2246 reli-

238 2243 390 2286 gionibus
427 2248 574 2292 ingredi,
602 2254 713 2300 ibique
746 2261 914 2305 profiteri,
942 2267 973 2300 in

236 2302 374 2342 utroque
399 2300 478 2344 foro,
497 2307 625 2347 quando
645 2309 690 2343 sic
711 2315 861 2356 expedire
889 2318 974 2352 vide-

233 2349 331 2392 bitur,
348 2353 540 2397 dispensare
562 2364 594 2392 et
611 2361 792 2406 dispensari
817 2372 970 2406 inundare

232 2404 347 2446 valeat,
369 2409 405 2439 ea
432 2413 539 2443 tamen
567 2413 652 2456 lege,
673 2422 705 2449 ut
729 2419 774 2451 sic
799 2421 970 2458 liabilitan-

231 2457 262 2489 di
299 2468 355 2491 seu
391 2461 603 2505 dispensandi
630 2467 741 2504 fiscum
779 2478 809 2506 et
840 2483 966 2518 partem

229 2510 318 2552 prius
355 2517 646 2562 concordaverint,
674 2529 705 2556 et
728 2526 964 2568 professionem

228 2564 388 2607 emittant,
407 2578 466 2601 nec
490 2577 564 2605 ante
590 2576 824 2617 professionem
852 2582 963 2618 huius-

226 2617 312 2650 modi
339 2618 370 2651 in
396 2625 554 2666 susceptis
580 2629 748 2665 ordinibus
777 2634 960 2672 ministrare

300 2681 380 2708 Ball.
399 2684 476 2711 Rom.
494 2702 524 2706 —
547 2689 604 2717 Vol.
621 2692 681 2720 XX.
825 2698 858 2729 ἶὸ

1716 271 1780 304 ,1137
1825 284 1871 309 An.
1895 286 1921 312 t),
1944 288 2008 315 teas

1083 314 1142 338 nec
1179 307 1218 341 ad
1254 312 1441 354 superiores
1477 317 1612 355 Ordines
1644 329 1817 363 ascendere

1082 359 1215 399 possint.

1122 412 1215 453 3⁵31.
1242 415 1352 454 Quoad
1384 428 1546 464 apostatas
1581 432 1611 460 et
1647 433 1813 468 transitum
1853 450 1999 478 mannaan<

1077 466 1274 506 regularium
1291 471 1330 504 de
1349 476 1412 506 una
1431 476 1470 508 ad
1495 478 1591 512 aliam
1607 483 1811 529 religionem,
1826 478 1996 528 ‘i'issii'ssffa'ssaamff

1077 516 1155 550 citra
1179 520 1318 564 aliquam
1350 526 1590 566 innovationem
1614 534 1743 572 interim
1768 529 1934 580 sa'-2.‘¹00‘ssi}{f¹'¹
1958 537 2005 557 ‘¹¹¹⁴'

1075 568 1233 614 ciendam,
1254 586 1292 608 an
1319 584 1350 611 et
1374 582 1484 622 quales
1509 584 1675 622 facultates
1695 592 1811 628 maiori

1073 624 1323 664 poenitentiario
1348 643 1527 678 remanere,
1545 640 1725 684 reformari,
1752 657 1808 680 seu

1072 679 1206 711 concedi
1250 685 1422 719 conveniat
1445 715 1452 728 ,
1494 690 1532 724 de
1572 698 1807 734 nonnullorum

1070 728 1100 761 S.
1129 729 1165 763 R.
1192 731 1227 765 E.
1254 737 1466 774 cardinalium
1492 743 1634 788 desuper
1670 760 1687 782 a
1711 752 1805 786 nobis

1069 781 1240 825 deputatae
1274 788 1542 835 congregationis
1573 802 1712 837 consilio
1737 807 1802 840 suis

1067 836 1139 869 loeo
1164 844 1195 872 et
1219 845 1367 885 tempore
1393 847 1616 887 decernemus.

1114 889 1129 932 §
1162 891 1216 927 32.
1254 894 1287 927 In
1322 900 1535 936 matrimoniis
1570 910 1802 947 contrahendis
1827 925 1868 954 ,ne
1890 929 1993 949 matrimo-

1064 944 1167 984 possit
1179 945 1264 980 idem
1277 951 1381 984 maior
1396 956 1664 996 poenitentiarius
1682 963 1712 996 in
1731 966 1799 1001 foro
1811 957 1850 1000 352³ss
1868 956 1992 976 mmmmm

1063 997 1281 1034 conscientiae
1300 1008 1423 1039 tantum
1441 1019 1538 1053 super
1555 1012 1796 1057 impedimentis

1062 1051 1215 1094 occultis,
1243 1064 1323 1097 quae
1355 1060 1598 1098 matrimonium
1623 1077 1686 1102 non
1712 1071 1793 1105 diri-

1061 1107 1162 1143 munt,
1183 1104 1369 1148 dispensare
1389 1113 1437 1145 vel
1463 1114 1642 1159 dispensari
1667 1125 1795 1159 manda-

1058 1163 1103 1186 re.
1124 1155 1161 1187 At
1179 1168 1196 1189 a
1213 1159 1509 1204 dispensationibus
1526 1180 1624 1214 super
1641 1185 1794 1217 quocum-

1057 1217 1119 1249 que
1145 1209 1375 1254 impedimento
1397 1229 1434 1251 ex
1461 1223 1572 1264 quovis
1597 1228 1698 1268 gradu
1724 1231 1790 1265 sive

1054 1265 1339 1306 consanguinitatis
1357 1270 1421 1305 sive
1436 1274 1600 1311 affinitatis
1619 1291 1655 1313 ex
1673 1286 1790 1327 copula

1053 1313 1138 1347 licita
1159 1316 1224 1350 sive
1250 1330 1286 1351 ex
1312 1326 1509 1365 cognatione
1535 1331 1693 1373 spirituali
1715 1347 1789 1380 pro-

1050 1367 1224 1411 veniente,
1263 1373 1359 1407 etiam
1392 1377 1424 1410 in
1460 1380 1531 1414 foro
1567 1387 1786 1425 conscientiae

1049 1423 1190 1463 tantum,
1218 1427 1344 1459 tametsi
1370 1429 1638 1474 impedimentum
1664 1441 1704 1474 sit
1730 1454 1784 1477 oc-

1046 1473 1166 1507 cultum
1184 1481 1215 1508 et
1231 1479 1413 1520 perieulum
1433 1487 1656 1525 scandalorum
1681 1494 1784 1529 immi-

1044 1532 1127 1566 neat,
1155 1528 1186 1561 in
1212 1530 1326 1565 iisdem
1351 1537 1565 1573 matrimoniis
1590 1548 1781 1582 contrahen-
1809 1542 1813 1545 .

1042 1579 1090 1612 dis
1117 1582 1285 1618 abstineat.

1084 1634 1098 1676 ξ,
1123 1634 1176 1667 33.
1204 1636 1237 1669 ln
1263 1643 1435 1676 contractis
1461 1656 1537 1680 vero
1562 1652 1776 1690 matrimoniis

1040 1696 1057 1717 a
1081 1687 1335 1733 dispensatione,
1357 1705 1414 1728 seu
1437 1700 1636 1737 matrimonii
1662 1709 1776 1742 revali-

1038 1739 1167 1774 datione
1189 1742 1220 1775 In
1247 1747 1400 1787 gradibus
1425 1752 1530 1793 primo
1555 1761 1587 1788 et
1610 1762 1772 1804 secundo,

1035 1803 1089 1826 seu
1111 1798 1254 1830 secundo
1277 1805 1397 1834 tantum
1415 1809 1705 1850 consanguinitatis
1722 1818 1771 1850 vel

1034 1845 1196 1881 affinitatis
1223 1861 1259 1883 ex
1286 1856 1402 1896 copula
1426 1857 1527 1899 licita,
1545 1862 1639 1897 etiam
1664 1865 1696 1899 in
1722 1879 1770 1901 oc-

1032 1900 1125 1932 cultis
1148 1903 1270 1945 pariter
1293 1907 1462 1951 abstineat,
1484 1921 1714 1961 praeterquam
1741 1922 1767 1955 si

1030 1951 1062 1984 in
1098 1954 1286 1990 huiusmodi
1323 1964 1467 1997 secundo
1506 1972 1628 2003 tantum
1663 1976 1765 2015 gradu

1028 2005 1294 2048 impedimentum
1322 2015 1437 2048 saltem
1473 2029 1533 2061 per
1568 2023 1763 2063 decennium

1026 2058 1191 2093 duraverit
1215 2066 1396 2107 occultum,
1425 2076 1456 2102 et
1488 2078 1635 2110 oratores
1666 2080 1761 2117 simul

1023 2111 1152 2153 publice
1179 2119 1400 2152 contraxerint
1424 2128 1455 2155 et
1480 2127 1709 2165 coniunxerint
1727 2140 1759 2168 et

1021 2165 1066 2196 uti
1084 2166 1239 2209 coniuges
1256 2169 1390 2213 legitimi
1413 2179 1552 2219 reputati
1573 2180 1703 2218 fuerint.
1722 2187 1756 2220 In

1021 2217 1115 2250 tertio
1133 2225 1239 2253 autem
1257 2228 1288 2254 et
1308 2231 1420 2266 quarto
1438 2231 1593 2271 gradibus
1619 2240 1754 2273 occultis

1017 2271 1119 2312 possit
1144 2273 1343 2317 dispensare,
1371 2290 1406 2312 ac
1433 2287 1464 2314 et
1489 2284 1522 2316 in
1550 2285 1663 2323 iisdem
1690 2296 1754 2326 ter-

1016 2322 1059 2355 tio
1085 2329 1116 2357 et
1141 2333 1255 2368 quarto
1288 2332 1442 2372 gradibus
1477 2338 1615 2380 publicis
1640 2347 1754 2379 revali-

1014 2376 1090 2409 dare
1126 2381 1331 2416 matrimonia
1366 2388 1500 2422 nulliter
1524 2399 1687 2430 contracta
1713 2410 1749 2432 ex

1011 2431 1107 2462 causa
1133 2433 1351 2477 subreptionis
1388 2442 1437 2473 vel
1470 2443 1672 2488 obreptionis
1696 2462 1749 2484 oc-

1009 2483 1111 2516 cultae
1148 2486 1329 2523 litterarum
1356 2497 1628 2542 apostolicarum,
1656 2514 1747 2546 prae-

1008 2539 1152 2580 terquam
1189 2541 1213 2573 si
1247 2543 1368 2578 salsitas
1395 2550 1549 2584 consistat
1574 2554 1605 2586 in
1640 2567 1745 2591 narra-

1007 2588 1093 2622 tione
1119 2596 1345 2634 praeeedentis
1372 2604 1516 2644 copulae,
1536 2616 1616 2648 quae
1636 2614 1743 2644 tamen

1007 2648 1100 2677 antea
1126 2656 1189 2679 non
1217 2648 1453 2687 intercesserat.

1803 1666 1843 1695 *De
1862 1671 1969 1689 matrimo-

1786 1698 1826 1713 niis
1845 1698 1967 1719 contractis.
