2227 3225
156 234 205 261 Αη.
227 233 256 258 C.
276 232 341 259 mai

201 1455 278 1485 [tonius
301 1454 344 1484 epi·

162 1487 220 1507 teupi
240 1485 260 1502 et
283 1486 344 1502 uenit-

161 1514 243 1530 uarium

926 227 1133 252 INNOCENTH'S
1158 227 1201 251 ΧΠ
1224 227 1272 251 ΓΡ.

346 278 448 322 ipsius
473 279 504 310 in
531 279 585 311 illa
611 282 700 320 parte
723 287 778 309 seu
798 276 949 319 portione
967 276 1013 307 sui
1035 286 1084 307 ar·
1104 279 1108 292 '
1126 286 1182 308 seu
1208 276 1302 309 etiam
1337 274 1462 313 initiati,
1489 274 1520 306 iu
1546 273 1718 306 seminario
1742 274 1861 306 Carno-

347 331 592 364 chidiaconatus
618 336 652 362 ut
676 330 857 374 praefertur
881 329 1035 361 distracta
1053 333 1084 361 et

347 382 581 421 dismembrata,
608 382 758 426 quamdiu
780 382 895 414 vixerit
911 381 959 414 οῖ’
979 380 1084 413 archi-

347 436 550 469 diaconatum
560 434 1085 476 obtinuerit,reservamus),quod-
1104 429 1105 455 l

349 500 409 532 que
435 490 587 533 deinceps
612 489 777 533 perpetuis
800 488 910 521 sutm'is
928 487 1085 530 tempori-

349 544 423 582 bus,
451 544 721 586 quando‘umque
751 546 782 574 et
815 541 1083 585 quotiescumque

349 596 493 629 eamdem
509 596 679 629 ecclesiam
697 594 927 627 Carnotensem
944 604 1003 637 per
1021 593 1083 626 obi-

351 655 415 681 tum
447 650 534 683 illius
571 648 718 692 episcopi
755 654 809 680 aut
844 648 1026 680 cessionem
1051 646 1082 678 iu

351 702 495 735 manibus
521 702 655 735 Romani
681 700 845 734 l'ont‘iticis
871 711 928 744 pro
955 706 1081 743 tempo-

352 765 383 785 re
399 754 574 795 existentis,
593 754 687 787 etiam
708 764 743 786 ex
763 755 860 786 causa
879 752 1086 796 permutatio-

352 806 399 837 nis
431 808 482 840 vel
520 807 739 839 coadiutoriae
774 810 827 838 aut
863 805 939 838 alias
971 804 1084 848 quovis

350 860 447 893 modo
473 859 616 903 pastoris
643 859 758 892 solatio
787 858 915 891 destitui
942 859 1086 900 eontige-

351 912 402 950 rit,
423 922 535 945 omnes
561 917 593 945 et
617 911 735 954 singuli
763 911 866 944 dictae
892 921 1021 944 mensae
1037 911 1086 943 ab·

351 965 478 999 batialis
502 965 759 999 Gaudivallensis
785 965 914 1004 fructus,
940 964 1085 997 redditus

352 1024 385 1052 et
407 1024 582 1063 proventus
608 1018 681 1062 qui²
698 1018 872 1051 cuiuslibet
891 1017 986 1061 primi
1011 1017 1086 1050 anni

352 1077 424 1115 post
440 1070 662 1115 siugularum⁸
679 1070 889 1109 vacationem,
904 1070 942 1102 ad
960 1071 1088 1113 cappel-

352 1126 481 1165 lanum,
513 1125 685 1168 dignitates
715 1130 748 1157 et
772 1124 946 1157 canonicos
984 1125 1087 1157 dictae

354 1178 510 1211 ecclesiae
531 1178 736 1211 Carnotensis
756 1177 924 1220 (distracta
942 1176 1029 1220 prius
1051 1187 1086 1210 ex

354 1230 401 1264 eis
427 1233 550 1264 summa
574 1230 752 1274 praedictis
774 1230 876 1262 tribus
890 1229 1089 1263 archidiaco-

353 1285 402 1318 nis
429 1285 614 1327 assignata,
640 1289 671 1317 et
696 1283 895 1327 supportatis
927 1283 1089 1326 quibusvis

353 1337 425 1371 aliis
449 1337 567 1370 debitis
592 1337 760 1380 oneribus)
786 1341 934 1380 spectent
958 1341 990 1369 et
1014 1346 1089 1380 per-

354 1390 491 1423 tineant.

398 1443 413 1486 5
433 1442 464 1475 6.
491 1442 525 1475 Et
552 1442 625 1486 quia
650 1442 681 1475 in
704 1442 787 1474 dicta
804 1442 929 1475 civitate
947 1442 1090 1475 Blesensi

355 1495 471 1529 domus
488 1505 548 1538 pro
567 1494 713 1538 episcopi
734 1494 934 1527 habitatione
950 1500 1091 1527 constru-

355 1554 406 1581 cta
440 1558 506 1581 non
541 1552 643 1587 extat,
670 1558 728 1580 nos
764 1547 950 1590 supradicto
985 1547 1091 1580 futuro

356 1602 510 1646 episcopo
529 1602 711 1634 facultatem
730 1606 760 1634 et
781 1600 943 1634 licentiam
963 1601 1093 1634 domus⁴

354 1655 388 1688 in
408 1655 490 1688 dicta
515 1654 640 1688 civitate
670 1653 815 1687 Blesensi
842 1659 897 1687 aut
927 1654 1002 1686 alibi
1031 1653 1094 1687 exi-

357 1713 490 1747 stantes,
503 1713 534 1741 et
547 1708 587 1740 ad
598 1717 726 1740 mensas
740 1707 917 1740 abbatiales
933 1707 1091 1740 dictorum

357 1760 639 1795 monasteriorium
658 1760 688 1792 S.
706 1760 896 1792 Launomari
915 1765 945 1793 et
962 1760 1001 1793 de
1020 1761 1095 1794 Bur-

359 1813 509 1857 gomedio
527 1819 723 1856 spectantes,
738 1812 911 1852 vendendi,
931 1813 1092 1846 alienandi

359 1873 414 1900 aut
438 1866 691 1911 hypothecandi,
715 1872 745 1898 et
770 1877 806 1899 ex
832 1866 896 1899 illis
921 1871 1093 1899 retractum

359 1920 499 1964 pretium
518 1919 551 1952 in
570 1919 769 1962 emptionem
791 1918 884 1959 situs,
900 1924 931 1952 et
947 1924 1095 1952 constru-

360 1973 501 2006 ctionem
529 1977 560 2005 et
593 1971 853 2005 aedificationem
887 1972 1002 2005 domus
1028 1971 1096 2015 epi-

361 2026 501 2070 scopalis
538 2025 726 2058 huiusmodi
760 2025 997 2065 construendi⁵,
1031 2035 1096 2058 ero-

361 2079 469 2122 gandi,
491 2079 586 2111 etiam
606 2078 814 2111 concedimus
833 2084 864 2111 et
882 2078 1092 2121 impartimur.

361 2131 538 2165 Statuimus
554 2141 699 2174 quoque,
710 2136 754 2170 ut,
767 2131 871 2163 donec
888 2130 1094 2163 seminarium

362 2185 401 2218 ad
426 2184 663 2228 praescriptum
688 2183 822 2217 Concilii
848 2183 1028 2216 Tridentini
1050 2184 1097 2216 in-

362 2237 507 2270 stitutum
533 2236 640 2276 suerit,
666 2236 798 2269 clerici⁶
818 2236 914 2269 sacris
939 2235 1096 2276 initiandi,

397 2309 410 2335 1
434 2307 463 2335 ln
476 2308 569 2336 Gallia
588 2307 753 2335 Christiana
765 2306 872 2334 additur
888 2307 993 2334 dictum
1010 2308 1096 2341 (aaz).

397 2353 415 2379 2
434 2352 488 2380 Vox
515 2353 567 2387 qui
592 2351 707 2379 delenda
727 2351 844 2383 videtur,
866 2352 906 2378 vel
926 2352 984 2386 lege
1010 2360 1099 2386 prae-

364 2398 430 2432 fati,
451 2401 481 2424 ut
500 2396 582 2424 habet
604 2397 701 2424 Gallia
723 2396 893 2424 Christiana
912 2397 950 2430 (a.
966 2396 1013 2430 r.).

400 2442 416 2469 3
434 2442 529 2477 Aptius
543 2442 638 2469 Gallia
651 2441 757 2468 Christ.
773 2441 825 2476 leg.
836 2442 983 2475 singulam
995 2443 1034 2475 (a.
1049 2444 1098 2471 ·r.t.

401 2487 417 2512 Δ
435 2486 555 2514 Pessime
571 2485 635 2513 edit.
648 2485 728 2513 Main.
744 2485 808 2521 legit
818 2486 921 2512 damus
938 2493 984 2520 pro
999 2485 1101 2514 domus

366 2536 404 2564 (a.
424 2532 472 2561 τ.).

403 2575 419 2601 5
438 2575 531 2601 Potius
548 2575 732 2604 convertendi
751 2578 777 2603 et
796 2576 834 2609 (R.
855 2575 904 2609 7.),

403 2619 420 2646 6
439 2618 508 2645 Edit.
526 2619 604 2646 stain.
620 2620 686 2656 legit
700 2620 810 2648 clericis
829 2622 867 2656 (a.
881 2621 930 2654 ¹12).

1128 328 1207 360 tensi
1234 327 1363 360 educari
1390 332 1421 359 et
1445 326 1558 358 instrui
1585 325 1770 369 pote1·unt¹.

1171 380 1230 423 {T
1249 380 1385 422 Insuper
1403 378 1499 411 etiam
1518 378 1683 421 episcopo,
1698 378 1861 419 dignitati-

1127 433 1198 473 bus,
1213 432 1352 476 capitulo
1371 437 1401 465 et
1418 431 1581 464 canonicis
1599 431 1782 473 praedietis,
1800 435 1834 461 ut

1127 496 1186 529 pro
1205 485 1328 518 dictae³
1352 484 1510 518 ecclesiae
1529 483 1703 523 Blesensis,
1722 494 1756 514 ac
1776 483 1862 514 illius

1128 548 1259 570 mensae
1289 537 1490 582 capitularis,
1516 536 1679 569 sacristiae
1710 539 1742 567 et
1768 534 1864 567 sabri-

1127 600 1194 630 cae,
1218 601 1395 634 earumque
1420 601 1528 623 rerum
1557 595 1589 623 et
1611 589 1772 622 bonorum
1799 593 1862 620 tam

1127 643 1344 686 spiritualium
1370 654 1464 687 quam
1485 642 1712 686 temporalium
1730 650 1864 684 prospe-

1127 706 1163 728 ro
1189 702 1220 728 et
1244 696 1328 729 felici
1353 701 1447 735 statu,
1467 695 1626 738 regimine
1643 699 1675 728 et
1693 693 1863 737 gubernio,

1128 749 1317 789 directione,
1336 760 1373 781 ae
1390 759 1525 782 onerum
1544 747 1590 781 illi
1610 746 1864 780 incumbentium

1855 457 1860 469 5

1103 821 1106 837 s
1128 801 1389 844 supportatione,
1416 801 1596 842 missarum,
1626 801 1781 834 horarum
1807 811 1866 833 ca-

1127 855 1319 888 nonicarum
1336 882 1343 895 ,
1370 855 1550 888 divinorum
1588 859 1651 886 tam
1677 853 1866 886 diurnorum

1129 918 1224 951 quam
1250 914 1486 941 nocturnorum
1512 907 1711 947 officiorum,
1738 917 1867 950 proces-

1129 961 1284 1001 sionum⁴,
1303 961 1507 1002 suneralium,
1527 960 1818 994 anniversariorum
1837 965 1868 993 et

1129 1016 1265 1049 aliorum
1286 1015 1505 1058 praefatorum
1524 1014 1754 1053 celebratione,
1773 1024 1808 1046 ac
1828 1014 1866 1047 de

1131 1069 1357 1112 dignitatibus,
1384 1068 1630 1102 canonicatibus
1654 1073 1686 1101 et
1709 1068 1869 1111 praeben-

1131 1121 1191 1161 dis,
1219 1121 1355 1164 aliisque
1381 1120 1548 1154 beneficiis
1567 1126 1598 1153 et
1614 1120 1801 1153 ministeriis
1822 1130 1870 1153 ec-

1132 1173 1320 1206 clesiasticis
1338 1184 1397 1218 pro
1424 1179 1569 1217 tempore
1586 1173 1869 1216 providendorum

1133 1229 1334 1271 receptione,
1350 1228 1565 1268 admissione,
1592 1227 1764 1260 residentia
1788 1237 1866 1270 per-

1133 1282 1248 1322 sonali,
1263 1282 1530 1315 distributionum
1549 1281 1645 1314 etiam
1665 1280 1870 1324 quotidiana-

1134 1346 1204 1368 rum
1230 1341 1262 1368 et
1280 1336 1572 1368 emolumentorum
1592 1344 1869 1378 quorumcumque

1134 1388 1299 1428 divisione,
1325 1387 1540 1430 repartitione
1567 1393 1598 1419 et
1618 1386 1871 1419 administratio-

1135 1451 1189 1479 ne,
1216 1450 1392 1483 poenarum
1419 1450 1478 1483 per
1503 1441 1654 1472 absentes
1676 1444 1708 1472 et
1732 1439 1870 1479 divinis,

1135 1494 1199 1526 suis
1225 1495 1298 1527 loco
1326 1498 1357 1526 et
1383 1498 1550 1537 tempore,
1577 1503 1643 1525 non
1669 1492 1872 1532 assistentes,

1135 1557 1191 1580 seu
1219 1557 1318 1580 onera
1345 1551 1375 1579 et
1400 1545 1579 1578 ministeria
1613 1545 1658 1578 eis
1682 1545 1873 1577 incumben-

1137 1600 1177 1632 tia
1212 1599 1320 1633 subire
1353 1599 1577 1642 negligentes,
1603 1598 1872 1631 incurrendarum

1135 1652 1345 1695 impositione
1359 1652 1380 1692 ⁵,
1408 1651 1609 1694 singulorum
1627 1652 1827 1694 praesentias
1844 1656 1875 1683 et

1136 1705 1300 1738 absentias
1314 1704 1704 1744 notandi⁶,cae1*emoniis
1718 1708 1748 1736 et
1762 1703 1874 1736 ritibus

1136 1759 1169 1791 in
1196 1758 1378 1792 cathedrali
1403 1757 1552 1796 ecclesia,
1579 1757 1692 1795 choro,
1720 1756 1873 1799 capitulo,

1137 1811 1403 1855 processionibus
1430 1816 1460 1844 et
1484 1810 1555 1843 aliis
1573 1810 1698 1843 actibus
1723 1809 1875 1842 servatis⁷

1137 1865 1311 1905 servandis,
1339 1869 1370 1897 et
1393 1863 1547 1897 ministris
1582 1863 1686 1896 dictae
1716 1862 1874 1895 ecclesiae

1138 1917 1283 1950 Blesensi
1301 1916 1497 1950 necessariis
1519 1916 1715 1959 deputandis
1740 1921 1772 1948 et
1788 1926 1876 1948 amo·

1137 1970 1278 2010 vendis⁸,
1294 1971 1419 2003 salariis
1436 1974 1468 2002 et
1485 1969 1656 2012 stipendiis
1675 1979 1788 2001 eorum
1810 1968 1876 2001 cui-

1139 2023 1219 2056 libet
1244 2023 1459 2065 assignandis,
1479 2027 1510 2055 et
1534 2021 1702 2064 quibusvis
1728 2021 1825 2054 rebus
1844 2022 1876 2054 in

1175 2087 1183 2112 t
1208 2085 1299 2120 Aptius
1319 2084 1378 2119 lege
1395 2085 1505 2119 possint
1524 2086 1561 2118 (n.
1582 2083 1630 2118 τ).

1174 2132 1188 2154 ‘2
1206 2130 1251 2156 Vel
1272 2129 1403 2165 particula
1424 2132 1454 2156 ut
1475 2128 1601 2159 delenda,
1623 2128 1662 2154 vel
1683 2135 1714 2154 ex
1735 2135 1791 2163 seq.
1815 2135 1877 2155 con-

1140 2179 1211 2202 textu
1225 2173 1367 2209 tegendum
1382 2176 1413 2200 ut
1433 2173 1558 2200 habeant
1576 2174 1618 2206 (R.
1632 2174 1680 2203 τ.).

1174 2219 1191 2245 3
1214 2217 1336 2245 Pessime
1356 2217 1420 2244 edit.
1439 2216 1520 2244 main.
1541 2216 1606 2251 legit
1625 2216 1696 2243 Dote
1716 2224 1764 2251 pro
1788 2216 1878 2243 dictae

1140 2266 1177 2296 (fl.
1198 2263 1247 2295 T.).

1176 2307 1191 2334 4
1211 2306 1282 2333 Edit.
1303 2306 1385 2333 Main.
1408 2305 1472 2340 legit
1487 2305 1696 2340 processionem
1717 2305 1753 2339 (n.
1770 2305 1818 2338 τ.).

1176 2351 1192 2378 5
1212 2351 1281 2378 Edit.
1303 2350 1382 2377 Main.
1404 2350 1469 2385 legit
1488 2349 1671 2384 impositioni
1689 2350 1728 2383 (n.
1745 2350 1793 2382 Τ.).

1177 2396 1194 2422 6
1220 2395 1311 2422 Potius
1335 2395 1393 2429 lege
1419 2394 1557 2427 notando,
1584 2393 1625 2420 vel
1647 2393 1824 2428 praesentiis
1851 2395 1878 2419 et

1142 2440 1280 2468 absentiz's
1299 2439 1437 2467 notandis
1456 2440 1493 2473 (R.
1505 2439 1554 2471 τ.).

1179 2485 1192 2512 7
1213 2483 1269 2511 Vox
1294 2483 1415 2510 servatis
1439 2481 1556 2509 delenda
1575 2481 1681 2508 videtur
1700 2484 1741 2512 (R.
1757 2482 1808 2515 τ.).

1179 2529 1194 2556 8
1210 2529 1309 2556 Forsan
1325 2528 1384 2555 heic
1399 2528 1477 2554 deest
1491 2534 1605 2560 comma,
1616 2527 1739 2554 seruitiis
1750 2529 1775 2552 et
1790 2526 1879 2553 mini-

1144 2575 1240 2603 steriis
1254 2582 1306 2609 per
1318 2582 1363 2600 eos
1373 2572 1557 2601 observandis
1572 2574 1598 2600 ee
1613 2571 1743 2607 ayendis,
1756 2575 1785 2598 ut
1798 2578 1879 2606 supra

1145 2627 1205 2655 pag.
1223 2618 1273 2645 629
1289 2627 1306 2645 α
1319 2619 1356 2654 (a.
1373 2618 1421 2653 Τ.).

1898 388 1953 407 Con.-

1840 429 1851 445 2
1872 416 1972 434 vultatuiu
2010 420 2052 438 epi-

1873 447 1935 466 NFUVO

1874 468 1925 488 tulo.

1758 216 1821 249 707
1869 223 1919 249 Λη.
1936 222 1962 248 c.
1982 221 2048 248 iem

1957 387 2010 407 essin
2023 387 2053 406 (i-

1956 443 1975 460 ut
1997 446 2052 466 iuqu-
