2227 3225
120 208 169 234 An.
184 207 214 233 C.
239 207 305 234 ¹693

119 532 302 584 ωξῖῃυῖἒέζέζῗ.
316 571 342 581 ,.
570 573 578 582 ,
1010 581 1016 588 ,

119 588 232 638 3033?
247 585 302 638 0133
312 576 420 605 bixtus
447 573 532 616 Papa
555 573 573 604 X*
602 573 835 617 praedecessor
852 577 964 604 noster
977 581 1053 615 pio-

119 639 228 659 mendicis.

899 205 1107 230 INNOCENTIUS
1131 206 1177 230 ΧΠ
1199 207 1247 230 Pe.

313 260 397 295 runt,
423 254 619 288 memorabit
642 253 780 288 comiter
812 253 850 287 ad
881 253 1049 297 sempiter-

311 318 385 340 nam
411 307 659 341 retributionem
686 313 717 340 et
737 307 881 350 gloriam,
900 305 1049 350 reprobis

312 365 417 393 autem
442 360 497 403 qui
524 370 562 393 ea
594 360 808 403 abnegarunt,
841 359 1051 403 exprobrabit

311 413 430 447 acriter
468 414 507 447 ad
554 420 719 447 aeternam
762 413 979 457 perditionem
1019 417 1051 445 et

311 476 462 509 poenam.

357 519 371 563 g
396 520 428 553 1.
454 520 548 561 Sane,
576 520 655 554 licet
687 519 791 554 felicis
815 517 1051 553 recordationis

314 625 424 659 videre
443 626 606 669 sategerit,
620 637 661 660 ne
682 625 816 659 ulterius
834 624 975 658 mendici
994 633 1053 667 per

313 678 432 712 Urbem
457 680 632 723 praefatam
665 679 802 723 dispersi
835 683 868 711 et
901 683 1052 720 vagantes

311 731 430 765 victum
456 733 685 776 quaeritarent,
707 732 859 775 indeque,
878 737 913 763 ut
930 740 1054 764 eorum·
1071 723 1072 731 ¹

313 784 385 818 dem
412 785 538 818 animae
574 785 668 818 simul
709 790 741 818 et
776 784 923 827 corporis
958 782 1052 816 saluti

313 838 509 878 consuleret,
536 838 665 871 domum
691 837 888 880 hospitalem
907 836 945 869 ad
965 846 1053 868 men-

312 890 401 924 dicos
426 891 613 925 huiusmodi
638 891 806 934 utriusque
839 900 934 923 sexus
968 889 1053 922 exci-

312 943 464 986 piendos,
490 945 623 978 alendos
660 949 690 977 et
724 943 912 977 vestiendos
947 953 1051 986 prope

312 997 447 1030 Pontem
467 997 591 1030 Sixtum
616 1002 838 1041 nuncupatum
863 996 902 1030 ad
919 995 1051 1040 Tyberis

311 1049 415 1093 ripam
437 1050 631 1091 fundaverit,
652 1049 798 1090 erexerit,
825 1048 1002 1082 instituerit
1019 1053 1052 1081 et

313 1103 488 1143 dotaverit;
512 1102 590 1146 quin
615 1102 648 1135 in
673 1102 759 1136 Urbe
784 1102 928 1146 praefata
941 1111 1051 1145 quam-

313 1156 406 1199 plura
421 1157 495 1197 alia,
523 1161 554 1189 et
579 1156 709 1199 quidem
728 1155 897 1196 ditissima,
916 1155 1051 1188 existant

314 1209 502 1253 hospitalia,
528 1209 820 1250 confraternitates,
846 1213 1052 1241 conservato-

312 1261 368 1302 ria,
394 1263 463 1295 loca
487 1267 518 1295 et
542 1272 642 1305 opera
666 1262 719 1305 pia
750 1272 811 1305 pro
841 1261 938 1294 variis
974 1271 1051 1305 pau-

312 1326 428 1359 perum
447 1315 716 1348 subventionibus
734 1315 890 1355 instituta,
906 1325 942 1347 ac
957 1314 1050 1347 valde
1070 1339 1073 1357 ἱ

312 1368 579 1407 consfflerabiles,
606 1373 638 1400 et
665 1368 698 1400 in
730 1368 799 1400 dies
829 1372 1050 1400 excrescentes

313 1422 538 1464 eleemosynae
574 1431 632 1464 per
671 1421 834 1454 Romanos
877 1419 1050 1454 Pontifices

311 1473 580 1517 praedecessores
617 1479 746 1507 nostros
772 1479 804 1507 et
836 1483 894 1506 nos
930 1473 1052 1517 pariter

312 1527 496 1569 dispensari
520 1527 761 1560 consuevissent
785 1532 817 1559 et
841 1527 984 1559 soleant:
1005 1526 1052 1559 ni-

312 1579 499 1612 hilomimus
528 1579 661 1622 provida
691 1584 723 1612 et
753 1579 807 1623 pia
838 1579 932 1612 simul
969 1579 1053 1612 eius-

312 1633 385 1666 dem
410 1632 488 1665 sixti
517 1633 776 1676 praedecessoris
807 1633 945 1666 intentio
971 1633 1051 1676 (tum

312 1691 446 1729 propter
471 1685 584 1718 domus
610 1685 787 1728 praefatae,
809 1685 955 1729 alioquin
987 1696 1073 1745 ani—t

312 1740 397 1782 plae,
418 1739 474 1771 sed
486 1749 598 1771 omnes
615 1738 781 1771 mendicos
796 1749 859 1771 non
878 1738 1049 1782 capientis;
1071 1749 1072 1753 ¹

313 1797 379 1824 tum
403 1796 539 1835 propter
573 1791 670 1830 dotis,
699 1791 845 1834 alioquin
871 1791 1052 1824 considera-

313 1844 397 1885 hilis,
423 1845 480 1877 sed
499 1844 643 1877 omnium
660 1844 887 1877 mendicorum
905 1845 1052 1877 substen-

313 1897 426 1930 tationi
459 1897 616 1940 imparis,
658 1897 940 1937 insufficientiam,
984 1903 1050 1929 tum

312 1956 448 1994 propter
473 1950 610 1993 praefati
642 1950 810 1993 hospitalis
846 1951 895 1983 vel
927 1949 1051 1983 institu-

314 2008 380 2036 tum
398 2005 447 2036 vel
463 2005 556 2036 usum
574 2003 755 2047 recipiendi
780 2008 812 2036 et
833 2004 942 2036 alendi
961 2004 1050 2037 dum-

313 2062 399 2090 taxat
422 2056 509 2090 viros
527 2061 558 2089 et
575 2056 744 2097 mulieres,
764 2067 830 2089 non
848 2062 956 2089 autem
974 2068 1052 2100 pue-

313 2120 367 2143 ros
393 2115 424 2143 et
454 2110 604 2153 puellaS,
639 2120 699 2143 nec
730 2110 927 2153 pauperibus
963 2116 1051 2143 extra

314 2162 395 2196 illud
420 2162 692 2195 commorantibus
713 2163 940 2206 subveniendi)
961 2174 1052 2207 prae-

313 2216 501 2249 meditatum
528 2216 689 2249 tollendae
708 2216 954 2249 mendieationis
975 2216 1051 2250 elle-

316 2274 403 2302 ctum
428 2269 536 2301 sortiri
561 2279 627 2301 non
646 2269 752 2308 valuit,
771 2269 928 2302 immenso
944 2270 1052 2303 adhuc

315 2332 428 2354 eorum
445 2322 702 2364 superexistente
723 2332 877 2362 numero,
906 2322 972 2365 qui,
1001 2325 1049 2357 vel

316 2384 425 2407 revera
449 2385 609 2418 pauperes
634 2379 665 2407 et
695 2385 832 2418 corpore
863 2380 917 2407 aut
946 2381 1049 2409 aetat'e

315 2427 468 2467 invalidi,
490 2438 550 2471 per
574 2438 606 2461 se
633 2434 685 2463 aut
720 2439 780 2472 per
811 2428 891 2462 alios
928 2429 1047 2463 victum

315 2481 376 2513 sibi
405 2491 562 2523 quaerere
591 2491 656 2514 non
692 2482 850 2522 valentes,
890 2483 939 2515 vel
971 2493 1049 2526 pau-

316 2538 477 2576 pertatem
502 2538 557 2566 aut
581 2533 815 2567 invaliditatem
841 2535 1044 2578 simulantes,

315 2586 365 2619 vel
389 2591 564 2630 utcumque
590 2598 648 2631 per
671 2598 704 2621 se
730 2594 786 2621 aut
809 2588 848 2621 ab
873 2589 942 2623 aliis
958 2590 996 2624 ad
1015 2590 1046 2624 id

1091 254 1243 297 obligatis
1267 254 1384 287 victum
1411 266 1568 299 quaerere
1583 266 1648 289 non
1663 263 1826 297 curantes,

1090 307 1209 339 nedum
1224 317 1281 350 per
1297 307 1444 340 eamdem
1458 307 1576 341 Urbem
1591 309 1826 350 mendicabant,

1091 360 1147 393 sed
1173 360 1206 393 in
1231 360 1309 404 ipsis
1336 361 1433 394 etiam
1452 361 1617 403 ecclesiis,
1642 362 1676 395 in
1700 363 1827 405 quibus,

1091 415 1126 446 ut
1149 413 1325 456 plurimum
1348 413 1549 447 reverentiae
1582 424 1659 457 erga
1690 414 1744 447 Dei
1777 415 1830 448 do-

1092 475 1178 498 mum
1196 470 1228 498 et
1245 465 1485 499 sanctissimum
1497 465 1720 499 Eucharistiae
1734 466 1829 500 etiarn

1093 518 1275 561 expositum
1299 523 1537 552 sacramentum
1562 519 1779 560 immemores,
1797 530 1829 552 e-

1093 571 1254 612 iulatibus,
1281 571 1496 615 querimoniis
1515 577 1547 605 et
1562 572 1756 616 importunis
1773 582 1829 616 pe-

1094 624 1262 657 titionibus
1302 624 1416 658 fideles
1434 651 1442 665 ‚
1469 624 1622 668 precibus
1640 650 1648 665 ,
1672 624 1828 658 sacrificio

1093 676 1206 710 Missae
1221 682 1252 710 et
1274 677 1390 710 divinis
1410 677 1523 710 officiis
1545 676 1698 717 intentos,
1718 677 1831 711 distra-

1094 729 1232 771 liebant;
1252 730 1329 773 quin
1350 730 1511 770 nonnulli,
1525 730 1675 774 crapulae
1693 735 1724 763 et
1743 729 1829 763 vitiis

1095 783 1209 823 dediti,
1229 783 1420 825 flagitiosam
1445 784 1540 817 vitam
1566 784 1714 827 agebant,
1733 783 1831 817 filios-

1093 846 1156 878 que
1183 835 1344 869 similibus
1369 837 1511 870 moribus
1544 837 1686 870 imbutos
1716 837 1832 870 educa-

1093 890 1179 929 bant,
1206 899 1242 922 ac
1267 889 1346 932 vagi,
1369 895 1557 934 certumque
1584 890 1782 924 domicilium
1800 896 1832 923 et

1094 942 1209 976 exinde
1234 943 1403 986 proprium
1421 944 1601 986 paroclium
1620 954 1686 976 non
1707 943 1832 976 baben-

1093 999 1151 1036 tes,
1176 995 1362 1039 nulliusque
1383 1006 1540 1043 censurae
1564 996 1714 1037 subiecti,
1733 1006 1831 1039 qnan—

1093 1047 1199 1092 doque
1226 1048 1322 1082 etiam
1348 1049 1559 1082 sacramentis
1575 1048 1738 1082 Ecclesiae
1753 1059 1830 1083 con-

1092 1106 1141 1134 tra
1165 1102 1235 1135 eius
1259 1108 1434 1146 praecepta
1458 1102 1545 1136 refici
1564 1113 1621 1136 seu
1639 1101 1830 1136 communiri

1092 1154 1225 1198 impune
1251 1155 1474 1199 negligebant.

1135 1210 1150 1252 g
1176 1208 1206 1241 ⁶2.
1233 1208 1406 1252 Cupientes
1434 1209 1542 1252 itaque
1573 1208 1661 1252 pium
1687 1214 1720 1242 et
1742 1210 1829 1243 salu-
1854 1220 1937 1251 erectio
1952 1219 2023 1250 huss«.

1092 1262 1196 1295 lutare
1222 1272 1314 1306 opus,
1338 1262 1417 1295 alias
1441 1272 1457 1294 a
1482 1262 1649 1295 nonnullis
1675 1250 1946 1297 Romanislissessoissss'
1965 1247 2023 1293 ¹{1'ii

1841 1301 1942 1321 inctioati.

1092 1314 1303 1348 Pontificibus
1327 1315 1633 1358 praedecessoribus
1657 1315 1778 1348 nostris
1799 1322 1830 1348 et

1092 1368 1266 1411 praecipue
1291 1368 1488 1401 recolendae
1506 1368 1682 1401 memoriae
1704 1368 1760 1401 Pio
1778 1368 1827 1409 lv,

1093 1421 1251 1464 Gregorio
1276 1421 1341 1454 Xlll
1356 1421 1553 1462 inchoatum,
1572 1431 1700 1464 semper
1713 1427 1829 1462 tamen,

1093 1485 1129 1507 ex
1156 1485 1194 1507 eo
1219 1474 1306 1518 quod
1332 1473 1376 1506 illi
1402 1478 1507 1506 certos
1532 1473 1677 1507 redditus
1694 1485 1753 1518 pro
1772 1474 1830 1508 ali-

1093 1521 1209 1560 mentis
1234 1537 1414 1570 pauperum
1432 1537 1496 1560 non
1518 1526 1768 1569 assignaverant,
1787 1527 1832 1559 ir-

1093 1579 1155 1612 rito
1173 1585 1291 1613 conatu
1309 1579 1488 1619 dimissum,
1505 1584 1536 1612 et
1553 1580 1592 1612 ab
1611 1580 1727 1612 eodem
1742 1579 1829 1612 Sixto

1093 1633 1343 1676 praedecessore
1368 1632 1577 1665 constitutum
1604 1632 1746 1675 quidem,
1774 1633 1829 1665 sed
1862 1642 1864 1644 “

1093 1686 1251 1730 plenario,
1269 1691 1305 1718 ut
1327 1686 1524 1730 praefertur,
1543 1685 1730 1718 destitutum
1756 1685 1831 1719 effe-

1094 1746 1156 1780 ctu,
1182 1740 1348 1784 ampliare,
1365 1745 1405 1779 et,
1425 1746 1580 1784 quantum
1598 1739 1693 1772 nobis
1710 1750 1748 1772 ex
1765 1740 1829 1772 alto

1093 1793 1294 1834 conceditur,
1320 1793 1491 1837 perlicere,
1512 1804 1576 1836 quo
1594 1803 1766 1836 possemus
1782 1803 1831 1825 ec-

1093 1847 1264 1881 clesiarum
1288 1846 1490 1880 reverentiae
1508 1847 1692 1886 consulere,
1709 1846 1830 1879 anima-

1092 1910 1163 1932 rum
1188 1899 1282 1932 saluti
1308 1899 1512 1943 prospicere,
1539 1910 1613 1932 vere
1631 1899 1829 1943 pauperibus

1092 1952 1240 1985 invalidis
1273 1952 1454 1999 subvenire,
1474 1958 1700 1995 paupertatem
1725 1957 1757 1985 et
1780 1952 1829 1984 in—

1092 2005 1288 2038 validitatem
1321 2004 1539 2037 simulantium
1572 2005 1740 2038 sraadibus
1775 2005 1829 2038 ob·

1093 2057 1188 2097 viare,
1211 2067 1485 2100 quorumcumque
1511 2057 1613 2090 otiose
1639 2056 1746 2090 rivere
1772 2057 1828 2090 eli·

1092 2111 1235 2153 gentium
1250 2110 1392 2143 desidiae
1410 2120 1590 2150 occurrere,
1603 2120 1638 2142 ac
1655 2110 1827 2143 salubriori

1093 2163 1238 2196 eiusdem
1262 2162 1356 2196 Urbis
1386 2163 1537 2206 regimini
1562 2163 1751 2206 providere:
1778 2174 1829 2196 va⁶

1093 2227 1150 2260 gos
1181 2217 1370 2250 huiusmodi
1404 2222 1435 2250 et
1469 2217 1690 2250 mendicantes
1716 2227 1828 2250 omnes

1093 2281 1203 2304 revera
1228 2281 1400 2314 paupereS,
1422 2276 1454 2304 et
1478 2281 1616 2314 corpore
1646 2271 1697 2304 vel
1722 2276 1826 2303 aetate

1093 2324 1264 2364 invalido&
1292 2324 1420 2367 sibique
1445 2324 1587 2368 propriis
1605 2324 1717 2357 labore
1736 2329 1767 2357 et
1783 2324 1828 2356 in-

1093 2378 1216 2411 dustria
1240 2378 1358 2410 vietum
1384 2388 1542 2420 quaerere
1568 2388 1632 2411 non
1656 2379 1802 2411 valentes
1817 2405 1825 2418 ,

1092 2442 1152 2465 nec
1177 2442 1193 2464 a
1219 2432 1334 2475 quibus
1368 2431 1409 2464 ali
1441 2431 1599 2464 deberent
1632 2436 1664 2464 et
1698 2431 1827 2474 possint

1093 2486 1272 2525 habentes,
1304 2484 1389 2518 viros
1414 2484 1589 2525 nimirum,
1614 2485 1767 2517 mulieres
1796 2489 1827 2517 et

1090 2538 1217 2581 puellas
1241 2537 1274 2570 in
1298 2537 1514 2571 Lateranense
1538 2542 1725 2571 nostrorum
1739 2537 1826 2579 pala·

1092 2591 1188 2633 tium,
1214 2601 1336 2635 pueros
1362 2601 1436 2624 vero
1454 2590 1484 2624 in
1510 2591 1616 2624 locum
1634 2601 1688 2624 seu
1715 2589 1825 2624 aediti-

1722 199 1786 233 525
1832 208 1880 237 An.
1898 209 1927 236 e.
1949 209 2017 236 1⁶93
