2227 3225
141 231 192 260 An.
208 229 238 259 C.
261 229 322 258 ¹695

911 225 1118 250 leort-txwrs

377 289 430 311 xii.
463 278 542 320 lpsis
573 282 741 320 praeterea
775 275 998 317 subiungimus
1035 280 1065 305 ut

332 331 424 363 nullo
450 329 546 362 modo
567 329 735 361 missarum
754 328 853 371 stipes
871 327 1065 370 expendant,

333 392 437 425 neque
468 382 541 414 illas
573 392 591 414 a
623 381 786 414 communi
816 380 964 423 deposito
990 379 1068 412 edu-

333 441 417 474 cant,
440 434 502 467 nisi
527 434 618 478 prius
641 434 736 467 suerit
760 433 867 467 omnis
891 443 999 467 earum
1017 444 1067 467 ee-

332 487 470 521 lebratio
495 489 665 531 completa.
698 487 828 522 Praeter
856 488 928 520 illas
962 492 1065 519 autem

333 551 415 584 quae
441 546 516 573 sunt
540 541 579 573 de
603 540 672 573 iure
698 540 948 580 constitutionis,
971 551 1067 572 unam

332 594 495 638 relinquat
518 593 650 626 liberam
676 594 826 626 omnibus
851 593 916 626 suis
942 593 1067 637 presby-

334 647 413 680 teris
437 647 574 690 singulis
591 646 859 685 hebdomadibus,
879 658 971 690 quam
990 646 1068 690 ipsis

333 711 393 744 per
417 705 518 733 totum
536 699 688 732 Ordinem
711 710 786 732 suae
804 699 973 732 intentioni
992 709 1068 733 eon-

334 753 489 787 cedimus.
516 751 598 791 Quas
630 757 736 785 autem
754 779 761 792 ,
794 757 925 795 praeter
953 753 1066 792 istam,

333 806 405 840 aliis
430 805 583 838 fratribus
609 805 811 846 elargimur,
834 805 840 821 ¹
868 805 899 837 in
930 805 1069 848 propriis

334 860 396 900 iam
421 859 571 902 capitulis
596 858 832 891 constituimus.

378 922 447 946 xm.
474 910 613 944 Cuilibet
647 910 782 944 ulterius
814 911 1067 944 commendatori

335 965 565 1010 praecipimus,
591 965 652 997 sub
678 963 803 997 formali
829 965 1013 997 obedientia
1039 970 1071 997 et

335 1020 443 1063 poena
476 1017 667 1062 privationis
698 1017 864 1060 utriusque
897 1018 982 1051 roris
1014 1029 1072 1061 per

337 1077 403 1104 tres
429 1081 552 1111 annos,
577 1074 614 1103 ut
644 1070 736 1103 nullo
762 1075 928 1113 praetextu
955 1082 1014 1114 per
1038 1082 1070 1104 se

338 1126 442 1158 solum
477 1124 593 1157 audeat
628 1124 811 1167 expendere
843 1125 892 1157 vel
928 1125 1071 1167 recipere

339 1177 460 1220 aliquid
485 1178 524 1210 ad
560 1177 791 1209 monasterium
817 1177 984 1220 pertinens
1009 1188 1072 1210 non

338 1230 563 1274 praesentibus
580 1229 794 1272 depositariis‚
811 1240 945 1272 quorum
964 1231 1074 1263 absen-

340 1284 381 1316 tia
398 1283 437 1315 ad
454 1282 617 1325 praedicta
639 1287 785 1314 teneatur
802 1293 915 1315 vocare
933 1283 1072 1326 aliquem

339 1347 375 1370 ex
401 1336 583 1369 senioribus
600 1341 789 1368 conventus.
808 1336 897 1373 Quod
915 1342 949 1368 ut
973 1336 1074 1370 invio-

339 1389 490 1423 labilibus
514 1388 657 1432 periodis
682 1389 868 1431 impleatur,
894 1389 953 1421 sub
978 1400 1073 1432 prae-

339 1442 410 1475 fatis
434 1441 549 1484 poenis
582 1440 687 1473 eidem
720 1441 919 1482 iniungimus
949 1447 984 1474 ut
1014 1442 1073 1474 sin-

339 1494 425 1538 gulis
451 1493 643 1536 septimanis
669 1493 1074 1536 indispensabiliterconi-

338 1553 416 1591 puta
441 1547 546 1586 saciat,
572 1556 637 1579 non
663 1546 793 1590 quidem
818 1547 978 1590 privatim,
999 1548 1095 1581 soli-‹

339 1611 403 1644 quc
422 1599 624 1644 procuratori
643 1599 830 1639 associatus,
847 1600 903 1633 sed
929 1601 1069 1644 publice,

338 1652 606 1696 adstantibusque
620 1652 837 1695 depositoriis,
857 1653 997 1695 sacrista,
1014 1655 1073 1688 dis·
1093 1671 1095 1692 ς

338 1711 513 1751 pensatore
538 1710 734 1745 conventus,
760 1705 894 1749 eiusque
918 1717 1073 1750 procura-

338 1764 417 1799 tore,
436 1764 531 1802 atque
552 1757 646 1791 etiam
664 1758 928 1801 procuratoribus
948 1761 1072 1795 redem-

339 1811 474 1854 ptionis,
493 1815 654 1854 quotquot
675 1810 708 1842 in
726 1812 762 1843 ea
780 1811 876 1844 domo
898 1812 1072 1853 resideant,

339 1874 419 1897 sono
444 1864 581 1907 cymbali
608 1864 744 1904 vocatis;
772 1874 853 1908 quos
877 1875 987 1898 ornnes
1013 1866 1072 1898 ltu-

339 1917 480 1951 iusmodi
504 1917 803 1960 computationibus
821 1919 1002 1951 necessario
1022 1920 1073 1952 ad-

340 1981 411 2004 esse
437 1970 672 2014 compellimus.

381 2033 444 2057 xlv.
469 2022 754 2056 Commendatores
773 2025 949 2058 observare
967 2030 1073 2058 tenen·

340 2082 390 2109 tur
416 2076 710 2120 motumproprium
741 2076 860 2110 Urbani
893 2078 956 2110 vnl
988 2079 1072 2111 eirca

337 2129 425 2164 bona
447 2129 609 2162 Ecclesiae
634 2139 697 2162 non
723 2130 903 2163 alienanda.
931 2130 1020 2169 Quod
1047 2132 1071 2164 si

339 2184 410 2228 quis
434 2188 546 2217 contra
576 2183 680 2216 facere
704 2184 968 2227 praesumpserit,
995 2185 1072 2217 alie-

339 2236 500 2276 nationes,
514 2246 627 2269 omnes
646 2241 676 2269 et
693 2236 849 2279 singulas,
862 2236 972 2270 inanes
984 2237 1073 2271 duci-

339 2300 429 2330 mus,
456 2289 687 2333 praesentique
712 2289 941 2322 constitutione
964 2290 1071 2323 irritas

340 2344 554 2377 declaramus.
571 2341 803 2386 Dissipatorem
831 2348 936 2376 autem
961 2343 1072 2376 huius-

340 2396 464 2430 cemodi
489 2396 648 2429 bonorum
668 2395 805 2435 Ordinis,
827 2396 880 2439 qui
907 2397 981 2429 talia
1003 2407 1072 2440 per—

340 2455 467 2492 petrare
485 2448 698 2486 attentaverit,
717 2459 782 2481 non
802 2453 923 2481 tantum
941 2449 1071 2482 damna-

340 2512 410 2535 mus
438 2502 475 2534 ad
501 2512 638 2545 poenam
667 2501 822 2544 gravioris
858 2502 971 2545 culpae
1002 2503 1070 2535 sine

341 2555 539 2588 relaxatione
563 2554 779 2595 subeundam,
806 2565 917 2587 verum
939 2559 969 2587 et
985 2555 1069 2587 omni

374 2616 386 2643 1
410 2615 572 2642 Particularn
595 2619 623 2642 ul
643 2615 764 2642 delemus
782 2618 820 2642 (R.
837 2616 886 2650 ¹12).

430 2671 503 2698 [lull.
529 2671 606 2696 Ιέυῑιι.
627 2685 659 2689 —
683 2669 743 2697 Ῐύἷ.
763 2670 815 2696 XX

954 2669 986 2695 47

1144 227 1187 249 vu
1214 227 1260 250 rr.
1741 218 1804 251 :300

1111 277 1195 310 cuz-a,
1222 273 1498 306 administratione
1525 279 1554 306 et
1580 277 1770 307 comineth
1789 277 1840 308 Or-

1111 327 1195 360 dinis
1219 327 1322 359 nostri
1347 326 1417 370 ipso
1444 327 1526 359 sacto
1554 327 1614 359 liae
1641 332 1747 361 nostra
1765 340 1840 362 rou-

1108 379 1276 413 stitutione
1296 379 1467 422 privamus.

1152 442 1203 465 xv.
1231 432 1515 470 Commendatores
1533 433 1655 476 itaque,
1668 435 1842 477 quomodo-

1108 486 1189 519 libet
1212 485 1389 525 eonstituti,
1408 496 1471 519 non
1488 491 1627 529 possunt
1643 487 1728 520 intra
1749 488 1843 521 trien·

1109 539 1196 571 nium
1222 548 1282 581 per
1301 539 1441 581 aliquem
1467 539 1596 581 deponi,
1622 539 1683 572 nisi
1710 540 1844 583 dissipa-

1110 598 1196 625 tores
1219 591 1380 624 bonorum
1405 591 1534 626 Ordinis
1559 591 1679 635 reperti
1704 593 1840 635 suerint,

1110 646 1159 678 vel
1174 645 1339 688 publicum
1358 645 1544 677 scandalum
1562 646 1612 677 vel
1631 645 1778 688 quaevis¹
1799 648 1844 680 al-

1111 704 1176 731 tera
1191 697 1379 741 privationis
1396 708 1492 730 eausa
1509 708 1526 730 a
1550 698 1667 731 nostris
1692 700 1844 732 constitu-

1111 751 1252 784 tionibus
1262 750 1429 792 designata
1442 751 1648 793 processerit,
1664 762 1699 784 ae
1714 752 1752 785 de
1765 752 1844 796 ipsis

1111 804 1171 836 sint
1199 803 1290 846 prius
1309 803 1348 836 de
1373 803 1442 835 iure
1465 803 1613 836 convicti.
1632 804 1666 837 ln
1685 815 1748 848 quo
1768 815 1843 838 casu

1110 856 1264 899 magister
1295 855 1422 889 Ordinis
1452 855 1657 898 provincialis
1674 884 1681 897 ,
1706 857 1844 891 vicarius

1112 909 1329 952 provincialis,
1347 914 1401 941 aut
1418 909 1575 948 visitator,
1596 920 1651 942 eos
1678 910 1843 953 deponere

1111 962 1242 1006 poterit,
1262 963 1300 994 ea
1323 967 1429 994 tamen
1448 963 1634 995 conditione
1659 968 1695 995 ut
1718 974 1846 1007 semper

1113 1015 1144 1048 id
1164 1015 1218 1048 liat
1242 1026 1259 1048 a
1282 1015 1457 1058 praedictis
1483 1016 1522 1048 de
1548 1015 1684 1049 consilio
1709 1017 1846 1050 duorum

1114 1069 1411 1103 commendatorum
1426 1074 1478 1101 aut
1495 1069 1703 1102 definitorum
1720 1071 1848 1114 provin-

1114 1123 1203 1162 ciae,
1229 1132 1285 1154 seu
1317 1122 1357 1154 ab
1389 1132 1454 1155 uno
1485 1123 1748 1156 commendatore
1774 1134 1846 1157 cum

1092 1175 1296 1209 ‘definitore
1323 1174 1472 1217 Magister
1496 1181 1603 1208 autem
1639 1176 1671 1208 in
1707 1176 1772 1209 suis
1797 1188 1848 1210 re-

1115 1228 1256 1271 spective
1281 1227 1409 1260 casibus
1438 1228 1622 1270 praedictos
1647 1229 1848 1262 commenda·

1116 1287 1202 1313 tores
1226 1285 1281 1313 aut
1305 1279 1490 1313 definitores
1515 1281 1669 1314 adhibeat
1686 1283 1783 1315 modo
1800 1283 1847 1316 di-

1115 1339 1165 1366 cto
1202 1343 1239 1366 ex
1273 1333 1421 1376 personis
1459 1333 1526 1365 eius
1564 1334 1750 1377 provinciae
1790 1337 1848 1369 ubi

1115 1391 1264 1430 repertus
1290 1385 1398 1419 suerit.
1427 1385 1457 1418 Si
1485 1391 1589 1419 tamen
1622 1387 1846 1430 provincialis,

1115 1446 1164 1472 aut
1189 1441 1257 1473 eius
1280 1439 1432 1479 vicarius,
1452 1450 1508 1472 seu
1525 1439 1681 1479 visitator,
1699 1441 1795 1474 aliter
1814 1442 1848 1474 in

1115 1493 1259 1536 praefata
1280 1492 1487 1535 depositione
1506 1493 1708 1536 processerit,
1728 1494 1844 1536 gravis-

1115 1546 1229 1578 simam
1253 1545 1487 1578 correctionem
1519 1546 1633 1578 subeat
1655 1546 1686 1578 in
1711 1547 1846 1589 provin-

1115 1599 1186 1631 ciali
1206 1599 1362 1642 capitulo.
1382 1597 1530 1631 Ceterum
1548 1598 1787 1632 absolutionem
1808 1600 1848 1632 ab

1114 1653 1160 1686 eis
1187 1653 1301 1684 saetam
1326 1661 1419 1684 secus
1444 1662 1480 1683 ac
1503 1651 1714 1694 praedicitur,
1729 1653 1786 1685 etsi
1804 1663 1847 1686 re·

1113 1716 1188 1739 vera
1213 1704 1419 1747 culpabilem,
1446 1714 1511 1736 non
1541 1709 1646 1736 tamen
1674 1705 1847 1740 invalidam

1115 1758 1274 1797 ducimus,
1292 1767 1397 1800 neque
1423 1757 1687 1789 substitutionem
1712 1764 1766 1790 aut
1791 1769 1846 1791 no-

1113 1822 1182 1844 vam
1207 1809 1479 1844 commendatoris
1504 1809 1697 1842 electionem
1725 1816 1758 1842 ut
1784 1811 1846 1843 ina-

1114 1874 1188 1897 nem
1212 1862 1357 1906 reputari
1382 1862 1618 1904 permittimus,
1651 1862 1708 1895 sed
1733 1863 1845 1896 factam

1113 1916 1298 1954 subsistere,
1316 1920 1352 1947 ut
1367 1915 1610 1957 urgentioribus
1634 1914 1846 1949 incommodis

1113 1978 1331 2003 occurramus.

1165 2032 1229 2055 xvi.
1263 2021 1353 2060 Quod
1385 2021 1411 2053 si
1447 2021 1691 2054 commendator
1723 2022 1846 2064 aliquid

1114 2074 1326 2114 commiserit,
1345 2085 1407 2117 quo
1425 2074 1457 2106 in
1483 2073 1771 2106 constitutionibus
1795 2084 1846 2107 no-

1114 2129 1188 2162 stris
1200 2130 1307 2172 poena
1324 2126 1546 2170 suspensionis
1561 2127 1708 2164 afficitur,
1719 2127 1847 2160 illamve

1114 2185 1338 2226 promereatur
1376 2180 1556 2223 superioris
1592 2179 1729 2220 iudicio,
1770 2186 1848 2213 tunc

1114 2235 1263 2278 superior
1286 2243 1346 2277 per
1381 2243 1414 2265 se
1450 2234 1577 2271 solum,
1601 2232 1723 2276 absque
1754 2243 1848 2276 prae-

1114 2289 1271 2321 dictorum
1302 2287 1524 2330 praelatorum
1554 2295 1608 2318 seu
1639 2285 1847 2319 definitorum

1113 2340 1260 2379 consilio,
1278 2349 1315 2372 ac
1332 2338 1469 2381 strepitu
1486 2337 1630 2371 iudiciali
1645 2338 1778 2377 reiecto,
1797 2349 1847 2371 se-

1113 2393 1254 2426 eundum
1278 2393 1325 2424 sui
1351 2392 1453 2435 ipsius
1478 2392 1695 2434 prudentiam,
1714 2402 1776 2435 pro
1793 2403 1846 2425 ca-

1113 2447 1200 2479 sibus
1226 2445 1468 2488 emergentibus
1494 2445 1692 2487 praedictam
1717 2455 1848 2488 suspen·

1113 2500 1246 2538 sionem,
1261 2498 1436 2530 dummodo
1455 2507 1511 2530 sex
1527 2496 1686 2529 mensium
1705 2497 1846 2540 spatium

1113 2563 1177 2585 non
1203 2552 1357 2591 excedat,
1383 2551 1529 2592 infligere
1552 2550 1667 2593 possit.

1150 2616 1158 2640 1
1183 2613 1254 2640 Edit.
1275 2612 1354 2639 tttain.
1376 2612 1441 2647 legit
1460 2612 1560 2646 quavis
1579 2612 1619 2647 (n.
1635 2611 1685 2647 τ.).

1852 229 1897 253 Au.
1913 229 1941 254 C.
1967 229 2026 255 Ηιῦί
