2227 3225
95 276 145 303 An.
166 275 196 303 C.
217 275 284 302 1607

125 2202 153 2223 De
166 2204 288 2227 terr-pliona

105 2232 125 2248 ot
150 2230 221 2250 tatuta
239 2236 287 2250 noe-

105 2263 148 2276 ruin
169 2263 272 2277 missaiun

869 276 1080 299 txxoclzxrtt's
1108 277 1149 299 xlt
1175 277 1223 300 ΙΨ.

290 336 347 359 san
372 325 492 358 suerint
525 325 575 358 vel
609 324 694 364 siut,
722 325 801 368 qui,
830 325 896 357 suis
928 325 1035 367 pravis

290 383 322 412 et
346 377 493 411 erroneis
518 377 757 410 intentionibus
788 388 843 411 seu
871 377 1035 420 opinioni-

290 431 350 464 bus
386 429 527 464 blandiri
558 431 726 469 volentes,
747 431 916 463 missarum
943 432 1032 464 cele-

290 484 473 517 brationem
510 483 665 517 omittunt
702 485 761 517 sub
798 485 960 518 malitiosa
985 486 1035 518 vel

291 537 509 570 irrationabili
531 548 588 581 spe
608 539 794 571 earumdem
821 539 1037 572 condonatio-

291 601 367 624 nem
399 592 449 624 vel
479 591 704 624 reductionem
738 602 755 623 a
788 592 871 624 Sede
898 587 1035 635 A'posto-

291 645 353 678 lica
389 645 438 677 vel
476 645 745 688 compositionem
793 656 810 678 a
854 646 1036 678 reverenda

293 699 414 732 fabrica
448 699 480 732 S.

291 752 507 796 Congregatio
533 754 679 797 praefata
706 758 770 786 tum
798 753 942 793 eosdem,
969 759 1035 785 tum

291 816 518 850 quoscumque
544 806 633 846 alios,
657 806 711 849 qui
738 807 876 849 postliac
898 806 930 838 iu
954 806 1035 838 adeo

293 859 501 892 detestabiles
529 859 646 892 abusus
679 860 747 891 ausi
782 859 904 891 suerint
936 858 1037 891 oll'eu-

293 913 393 953 dere,
430 912 586 945 certiores
625 910 692 945 lieri
727 918 757 945 et
791 913 929 945 monitos
964 923 1035 945 esse

291 965 415 1006 voluit,
442 967 604 1009 praefatas
637 966 897 999 condonationes
930 972 961 999 et
987 977 1037 999 re-

294 1019 466 1053 ductiones
500 1021 539 1052 ab
564 1020 677 1053 eadem
714 1021 797 1053 Sede
834 1020 963 1053 nunriisi
999 1031 1035 1053 ex

294 1073 480 1106 rationabili
508 1076 600 1106 causa
623 1084 679 1106 seu
707 1076 808 1117 aequa
830 1074 1037 1107 commisera-

295 1126 403 1167 tione,
431 1127 685 1170 compositiones
723 1138 800 1160 vero
834 1139 850 1160 a
887 1128 970 1160 dicta
997 1128 1037 1159 l'a-

295 1180 394 1220 bricii,
409 1187 519 1213 utente
545 1181 611 1214 suis
632 1181 838 1214 facultatibus
858 1187 889 1214 et
913 1182 1039 1225 privile·
1060 1188 1061 1203 ³

296 1234 366 1276 giiS,
382 1234 512 1267 nonnisi
530 1246 566 1267 ex
585 1237 681 1267 causa
699 1235 821 1278 pariter
838 1234 1036 1273 rationabili,

295 1395 466 1427 omiserint
484 1396 593 1428 (mimo
609 1395 752 1427 habendi
765 1397 1039 1438 compositionem,

295 1447 381 1480 alifis
404 1449 515 1491 qratia
533 1448 734 1480 nullomodo
759 1449 967 1491 sezffrayetur,
987 1449 1041 1481 ad-

295 1500 378 1532 miui
400 1501 607 1533 consuevisse
627 1507 658 1533 et
676 1502 796 1533 solere.
821 1500 1039 1544 Quapropter,

297 1560 332 1588 ut
357 1557 447 1589 locus
465 1555 572 1587 oumis
590 1556 621 1588 111
641 1561 805 1598 posterum
834 1555 922 1588 bisce
948 1566 1041 1598 prae-

299 1609 438 1642 textibus
463 1609 719 1652 praecltulatur‚
754 1615 934 1642 memorata
959 1609 1042 1642 Cou-

297 1662 445 1705 gregatio
464 1663 543 1695 tales
562 1662 773 1702 intentiones,
787 1662 962 1705 opiniones
985 1673 1040 1695 seu

297 1726 391 1759 spes,
418 1726 454 1748 ac
497 1717 777 1760 elecmosynarum
815 1717 881 1749 sive
915 1716 947 1748 in
976 1722 1064 1749 toto*

298 1769 362 1802 sive
387 1769 419 1801 in
453 1775 544 1812 parte
571 1769 735 1802 versiones
762 1770 793 1802 iu
820 1770 917 1803 alium
946 1781 1041 1813 quam

300 1822 518 1865 praefatarum
545 1822 714 1855 missarum
733 1834 825 1855 usum
849 1834 904 1856 seu
923 1824 1043 1856 satissa-

300 1875 454 1915 etionem,
485 1882 517 1908 et
541 1886 761 1919 (piascumque
787 1877 875 1914 alias,
903 1877 1042 1909 directas

298 1929 346 1961 vel
366 1928 554 1968 indirectas,
575 1929 778 1961 immediatas
803 1931 853 1962 vel
875 1929 1042 1969 mediatas,

300 1983 585 2015 contraventiones
598 1993 651 2015 seu
669 1983 974 2022 circumventiones,
993 1984 1044 2016 de-

300 2036 401 2069 clarat
427 2047 561 2079 prorsus
584 2036 835 2076 irrationabiles,
861 2037 994 2070 iniustas
1013 2042 1044 2070 et

300 2089 438 2129 illicitas,
457 2090 597 2133 illasque
623 2090 756 2123 omnino
783 2091 950 2133 reprobat,
981 2090 1044 2123 ela-

300 2147 365 2175 mat
390 2147 421 2175 et
447 2142 625 2176 interdicit.

344 2206 392 2230 111.
425 2196 570 2240 Cumque
605 2197 794 2230 huiusmodi
833 2197 974 2230 absurda
1006 2208 1041 2230 ex

300 2259 339 2282 eo
365 2250 559 2293 plerumque
585 2251 802 2293 proveniant,
829 2251 917 2294 quod
943 2261 1043 2283 onera

301 2303 471 2336 missarum
496 2315 594 2348 supra
618 2305 703 2337 vires
730 2305 974 2348 suscipiantur,
995 2316 1044 2338 ca-

299 2363 395 2390 veant
419 2368 532 2391 omnes
558 2362 588 2391 et
612 2358 731 2401 singuli
758 2365 920 2399 rectores,
948 2370 1043 2402 supe-

300 2410 406 2444 riores
432 2416 464 2444 et
487 2411 629 2444 ministri
666 2423 943 2455 quarumcumque
978 2418 1042 2445 tum

302 2464 516 2496 saecularium
532 2469 598 2497 tum
610 2466 808 2507 regularium
820 2466 1041 2504 ecclesiarum,

302 2527 356 2550 seu
372 2527 481 2550 earum
498 2519 649 2562 capitula,
663 2530 703 2552 ne
718 2530 828 2560 onera,
848 2530 902 2552 seu
917 2520 1041 2560 missas,

303 2574 370 2602 tum
403 2577 600 2613 perpetuas,
627 2578 693 2605 tum
727 2574 945 2616 ten‘morales,
976 2579 1042 2605 tum

304 2623 399 2656 etiam
418 2626 597 2666 manuales,
610 2637 747 2670 quarum
765 2626 976 2660 satisfactioni
991 2627 1044 2659 im-

302 2687 400 2721 pares
425 2677 569 2719 suerint,
596 2680 826 2725 quoquomodo
852 2681 1042 2725 suscipiant.

519 699 605 731 Petri
640 699 679 732 de
718 699 801 732 Urbe
839 699 1066 735 obtinendi-,⁴

1713 268 1776 301 815
1825 279 1872 304 sn.
1894 277 1923 303 r..
1948 276 2013 304 ¹607

1077 324 1181 368 thue
1207 325 1238 357 id
1255 325 1371 369 ipsum,
1393 327 1501 369 quoad
1522 325 1592 359 sieri
1612 328 1744 370 poterit,
1764 338 1820 371 pa-

1079 383 1152 417 teat,
1180 383 1352 410 teneantur
1370 378 1468 411 iidem
1491 378 1662 417 conticere,
1678 391 1821 423 semper-

1079 442 1140 474 que
1166 431 1198 463 in
1225 432 1294 464 loco
1320 432 1420 475 magis
1446 433 1568 475 patenti
1594 439 1626 465 et
1651 434 1745 466 obvio
1773 444 1822 466 re-

1080 485 1183 518 tinere
1222 486 1372 519 tabellam
1410 496 1549 519 onerum
1587 493 1820 529 perpetuorum

1057 551 1059 571 1
1080 544 1110 571 et
1131 539 1357 582 temporalium
1377 539 1494 572 litteris
1520 540 1701 583 perspicuis
1723 546 1754 573 et
1775 540 1823 573 iii-

1080 591 1314 635 mulgentibus*
1333 593 1588 636 descriptorum:
1608 598 1745 637 querum
1765 594 1824 626 im-

1080 647 1245 689 plemento
1274 645 1297 678 si
1324 647 1493 680 moraliter
1511 653 1542 680 et
1564 647 1648 680 intra
1669 648 1824 690 praescri-

1081 705 1170 742 ptum
1196 710 1252 732 seu
1275 700 1371 732 breve
1398 705 1524 743 tempus
1542 700 1729 733 satisfacere
1756 711 1821 734 non

1079 763 1187 795 posse,
1207 763 1262 784 seu
1278 753 1332 785 illa
1352 753 1519 786 dumtaxat
1537 758 1568 786 et
1584 764 1648 787 non
1666 754 1823 787 ulteriora

1080 805 1260 848 adimplere
1294 816 1391 849 posse
1428 806 1637 844 crediderint.
1665 817 1721 839 seu
1755 818 1824 840 cre-

1081 859 1157 891 dere
1185 859 1380 899 debuerint;
1409 860 1487 892 alias
1513 860 1635 900 missas,
1662 860 1729 894 sive
1756 871 1824 904 per-

1081 918 1204 955 petuas,
1231 913 1296 945 sive
1325 915 1531 956 temporales,
1551 914 1617 946 sive
1643 915 1821 957 manuales,

1080 977 1139 1009 per
1153 977 1186 998 se
1206 967 1253 999 vel
1269 977 1327 1009 per
1339 966 1546 1010 interpositas
1565 978 1731 1010 personas,
1748 979 1824 1011 quo-

1080 1020 1245 1062 quomodo
1265 1020 1411 1063 recipere
1427 1031 1482 1054 seu
1502 1026 1670 1064 acceptare
1690 1021 1822 1054 omnino

1081 1073 1237 1105 desistant
1254 1083 1308 1106 seu
1334 1073 1536 1114 abstineant;
1556 1079 1587 1106 et
1608 1075 1745 1107 ulterius
1768 1074 1823 1108 tali

1082 1138 1155 1160 casu
1183 1128 1215 1160 in
1246 1128 1358 1160 cadem
1391 1129 1509 1160 tabella
1542 1128 1691 1161 similiter
1715 1129 1825 1172 expri-

1081 1186 1170 1212 mant
1194 1191 1228 1213 se
1250 1191 1283 1213 se
1302 1186 1475 1224 propterea
1501 1181 1572 1214 aliis
1599 1182 1705 1214 missis
1731 1192 1825 1215 aece-

1082 1234 1212 1276 ptandis
1240 1240 1271 1267 et
1297 1235 1503 1268 celebrandis
1529 1236 1670 1278 impares
1692 1246 1776 1268 esse.

298 1293 330 1320 et
354 1298 425 1320 cum
452 1289 607 1321 clausulis
641 1288 856 1331 opportunis,
884 1294 916 1321 et
946 1291 1062 1331 prae-¹

295 1342 405 1375 sertim
420 1353 489 1374 cuin
509 1342 576 1375 illa:
602 1342 780 1374 1,)1111111111110
797 1342 957 1374 malitiose
976 1352 1039 1374 non
1061 1366 1062 1369 ¹

1126 1297 1169 1320 lv.
1204 1288 1396 1331 Iidemque⁴²
1430 1294 1601 1321 teneantur
1637 1290 1760 1332 pariter
1792 1289 1904 1345 11111111
1933 1298 2020 1346 :timim

1845 1333 1895 1345 tiri<
1941 1332 1971 1345 *Hk*

1083 1341 1225 1374 sacrario
1253 1341 1331 1373 duos
1359 1341 1462 1374 libros
1488 1342 1639 1380 retinere,
1659 1353 1695 1374 ac
1719 1342 1750 1374 in
1770 1353 1824 1375 eo·
1837 1359 1954 1374 uma-um.

1061 1406 1155 1436 ,rum
1181 1396 1283 1428 altero
1314 1396 1442 1437 singula
1475 1406 1576 1428 onera
1609 1402 1769 1439 perpetua
1795 1403 1827 1429 et

1084 1449 1285 1491 temporalia,
1308 1449 1338 1481 ir·
1366 1450 1468 1482 altero
1490 1455 1598 1482 autem
1624 1450 1738 1482 missas
1759 1461 1826 1483 ma-

1061 1503 1220 1550 gnuales,
1247 1508 1278 1534 et
1303 1507 1366 1534 tam
1401 1502 1531 1535 illorum
1566 1514 1661 1546 quam
1695 1503 1826 1536 istarum

1084 1555 1379 1597 adimplementum
1409 1560 1439 1587 et
1464 1556 1688 1598 eleemosynas
1718 1556 1829 1589 distin-

1084 1614 1132 1641 ete
1152 1614 1184 1641 et
1204 1609 1379 1651 diligenter
1403 1614 1559 1651 annotare
1579 1615 1609 1643 et
1627 1610 1828 1642 annotandas

1085 1673 1139 1695 seu
1163 1664 1350 1695 annotanda
1368 1674 1494 1703 curare,
1514 1664 1717 1707 singulisque
1737 1664 1828 1696 annis

1085 1717 1123 1749 de
1149 1716 1345 1760 supradictis
1371 1717 1657 1760 adimplementis‚
1684 1718 1829 1750 eleemo-

1085 1770 1172 1813 synis
1198 1776 1229 1802 ct
1255 1770 1412 1803 oneribus
1447 1771 1569 1813 pariter
1601 1777 1744 1804 exactam
1772 1782 1826 1804 ra-

1086 1823 1207 1856 tionem
1244 1824 1309 1856 suis
1341 1823 1569 1867 superioribus
1606 1825 1766 1865 reddere,
1793 1836 1829 1857 ac

1086 1888 1198 1910 omues
1224 1883 1257 1909 et
1288 1877 1435 1920 singulas
1468 1878 1614 1911 rationes
1641 1878 1828 1911 huiusmodi

1086 1930 1119 1962 111
1145 1930 1300 1973 praelatis
1325 1931 1503 1973 respective
1534 1931 1636 1971 libris,
1664 1931 1759 1964 simili
1783 1931 1826 1964 di-

1087 1983 1258 2016 stinctione
1285 1989 1313 2016 et
1341 1984 1530 2026 diligentia,
1560 1989 1623 2017 tam
1648 1984 1786 2027 praefati
1813 1996 1829 2017 a

1087 2037 1203 2080 quibus
1226 2037 1368 2070 rationes
1394 2037 1515 2070 debent
1540 2038 1642 2078 reddi,
1662 2049 1756 2081 quam
1775 2048 1830 2070 su—

1087 2089 1237 2133 periores
1267 2089 1387 2132 quibus
1420 2090 1607 2123 reddendae
1632 2096 1750 2131 erunt,
1777 2091 1831 2124 de-

1064 2161 1066 2166 x
1087 2143 1231 2176 scribere
1253 2154 1308 2176 seu
1330 2149 1488 2177 annotare
1510 2144 1577 2177 sive
1599 2144 1831 2177 describendas

1089 2198 1136 2230 vel
1163 2198 1364 2230 annotandas
1389 2198 1567 2241 respective
1593 2209 1718 2231 curare.

1131 2261 1162 2283 v.
1181 2250 1300 2290 Quibus
1319 2261 1448 2295 semper
1465 2251 1569 2291 salvis,
1591 2252 1733 2285 debeant
1753 2253 1830 2285 ulte·
1849 2260 2026 2307 1l'lss'wsstll'4‘sslmi'

1088 2305 1155 2336 rius
1174 2306 1341 2347 regulares
1361 2305 1520 2348 praedicti
1545 2316 1658 2338 omnes
1685 2312 1716 2338 et
1741 2296 1975 2361 (1¹¹³S'‡¹L¹.lss}³s‡¹fij1⁴‚5
1989 2317 2025 2338 rto

1088 2367 1225 2400 eumque
1262 2358 1487 2401 eleemosynas
1527 2364 1593 2391 tum
1632 2359 1829 2391 manualium
1867 2356 1877 2366 ⁰
1903 2353 1907 2359 ⁸
1978 2354 1983 2358 ⁴

1090 2417 1155 2444 tum
1180 2417 1415 2454 perpetuarum
1447 2417 1478 2445 et
1504 2412 1729 2455 temporalium
1755 2412 1831 2444 mis-

1089 2476 1194 2498 sarum
1217 2476 1381 2508 reponere
1399 2466 1430 2498 in
1450 2469 1545 2510 capsa
1562 2466 1751 2509 particulari
1771 2467 1830 2498 sub

1090 2519 1213 2552 duabus
1238 2519 1390 2561 clavibus,
1409 2531 1544 2563 quarum
1571 2530 1634 2552 una
1659 2530 1761 2562 penes
1779 2530 1832 2552 su-

1089 2573 1255 2616 periorem
1288 2574 1425 2606 localem
1446 2600 1453 2614 ‚
1488 2573 1586 2606 altera
1618 2583 1694 2606 vero
1731 2583 1831 2616 penes

1126 2647 1134 2670 1
1160 2644 1260 2672 Forsan
1281 2645 1518 2680 intelliyibilz'bus
1538 2646 1576 2679 (11.
1593 2645 1642 2678 1.).

1123 2689 1140 2716 2
1159 2689 1231 2717 Edit.
1253 2690 1337 2717 Maia.
1359 2690 1424 2725 legit
1442 2690 1578 2725 Idemque
1598 2693 1636 2723 (11.
1657 2690 1707 2721 Τ.).
