2227 3225
878 257 1088 283 msocax‘rws
1113 257 1157 281 κη
1181 258 1230 282 ΡΡ.
1726 245 1791 280 943
1836 254 1885 282 An.
1901 253 1930 283 C.
1950 254 2021 282 1700

302 308 480 351 capitulum
508 307 658 350 generale
678 306 904 340 auctoritatem
924 307 1044 339 babeat
1087 305 1247 339 violabilis
1272 305 1470 348 apostolicae
1490 305 1650 339 firmitatis
1665 306 1762 339 robur
1777 307 1828 339 ad-

302 360 488 394 declarandi
515 360 613 393 dubia
647 370 729 404 quae
764 370 939 393 occurrere
972 369 1045 403 pos·
1087 358 1273 401 iungimus,
1299 368 1335 391 ac
1362 368 1476 391 omnes
1506 363 1538 390 et
1569 358 1714 401 singulos
1746 359 1825 391 iuris

303 419 376 447 sent
400 413 433 447 in
464 413 682 457 intelligentia
714 413 933 458 praesentium
969 423 1044 445 con·
1064 413 1066 445 l
1087 418 1120 444 et
1145 413 1216 445 sacti
1243 413 1413 451 desectus,
1441 411 1465 444 si
1492 411 1545 455 qui
1573 411 1713 455 desuper
1749 423 1826 455 quo-

302 467 533 507 stitutionum,
562 468 665 500 facere
696 472 814 500 statuta
845 471 878 499 et
907 465 1040 498 ordina·
1064 458 1066 511 ξ
1086 465 1264 499 modolibet
1288 465 1529 498 intervenerint
1554 465 1758 508 supplemus.

304 521 408 555 tiones
421 532 482 565 pro
496 522 582 555 bono
596 521 765 565 religionis
780 513 1066 564 gubernioiuxta'
1131 519 1145 562 ξ
1170 519 1202 552 3
1222 519 1454 559 Decernentes‚
1481 519 1612 552 easdem
1638 523 1828 561 praesentes
1866 531 1900 549 ru

303 574 514 608 necessitates
529 585 610 618 quae
625 585 795 608 occurrere.
806 579 1043 618 poteruntcum
1064 546 1067 615 i
1086 573 1212 606 litteras
1238 583 1370 617 semper
1395 572 1524 611 sirmas,
1551 571 1673 605 validas
1703 576 1735 603 et
1760 570 1827 603 esti-
1851 590 1855 594 -

303 628 647 671 tempore,dummodo
666 628 725 660 ista
741 638 805 661 non
820 627 901 660 sint¹
920 633 1044 661 contra-
1064 616 1066 672 }
1086 637 1179 660 caces
1201 626 1338 660 existere
1357 632 1388 659 et
1407 626 1484 662 sore„
1501 635 1642 668 suosque
1662 624 1826 668 plenarios

303 680 349 713 ria
375 682 474 714 sacris
492 682 671 714 canonibus
698 687 729 714 ct
754 681 1043 714 constitutionibus
1065 681 1066 695 l
1087 686 1117 712 et
1142 681 1289 723 integros
1315 680 1448 713 el'l'eetus
1471 679 1580 713 sortiri
1609 685 1640 711 et
1666 679 1826 718 obtinere,

303 735 492 778 apostolicis
512 746 571 768 nec
589 735 816 778 praesentibus
838 735 1044 768 constitutio·
1064 733 1066 780 j
1086 745 1122 767 ac
1147 735 1224 774 illis,
1245 735 1282 767 ad
1302 745 1381 777 quos
1406 739 1533 778 spectat
1557 740 1586 766 et
1606 744 1663 776 pro
1682 738 1827 776 tempore

303 790 400 823 nibus
418 817 425 829 ,
451 801 510 824 nec
537 790 677 823 babeant
712 790 855 833 vigorem
890 790 1044 822 coustitu-
1086 789 1355 831 quandocumque
1379 787 1553 831 spectabit,
1571 787 1601 819 iu
1627 786 1778 820 omnibus
1796 792 1824 818 et

305 844 443 884 tionum,
463 844 502 884 si,
529 849 603 887 post
628 844 726 876 saetas
752 843 976 877 ordinationes
994 853 1045 875 su-
1064 832 1066 880 ἶ
1087 852 1145 884 per
1166 841 1274 874 omnia
1305 841 1496 884 plenissime
1523 840 1704 883 sulti-agari,
1732 846 1764 872 et
1788 840 1826 872 ab

303 895 465 939 pradictas
491 897 523 928 in
550 907 615 929 uno
639 897 781 940 capitulo
803 896 960 939 generali,
980 906 1043 928 nou
1087 894 1133 927 eis
1172 895 1352 938 respective
1391 894 1597 928 inviolabiter
1630 894 1796 927 observari
1818 921 1824 933 ,

304 949 426 982 suerint
450 950 629 983 successive
656 949 862 983 coufirmata³
882 961 899 982 a
918 949 1043 983 duobus
1065 965 1066 970 =
1086 948 1196 991 sieque
1232 948 1264 980 in
1297 948 1487 991 praemissis
1522 958 1581 991 per
1605 957 1827 991 quoscumque

304 1003 376 1036 aliis
391 1004 540 1047 capitulis
555 1004 741 1037 immediate
757 1003 1043 1046 subsequentibus,
1087 1001 1210 1035 iudices
1235 1002 1421 1035 ordinarios
1456 1007 1486 1035 et
1517 1002 1699 1044 delegatos,
1730 1001 1827 1034 etiam

303 1062 336 1089 et
359 1057 497 1090 ulterius
523 1057 705 1101 appobatae
731 1057 771 1090 ab
794 1057 1043 1101 archiepiscopo
1072 1066 1255 1088 ·causarum
1267 1056 1379 1099 palatii
1397 1055 1570 1099 apostolici
1590 1055 1765 1093 auditores,
1782 1055 1829 1086 iu-

304 1109 470 1143 Mexicauo
496 1123 526 1142 γ’.
1065 1110 1186 1148 ,ὀίεαι-ι’
1213 1115 1243 1142 et
1281 1109 1407 1143 deffiniri
1445 1109 1566 1142 debere
1585 1136 1592 1147 ,
1628 1119 1664 1141 ac
1701 1108 1828 1141 irritum

156 1171 291 1192 count-matio
347 1163 362 1206 ἓ
388 1163 407 1196 2⁶2
414 1190 419 1194 ,

107 1200 222 1220 relatarum
241 1204 292 1218 eon-

106 1229 245 1247 stitutionuin.

103 258 153 286 An.
169 256 199 286 C.
221 258 289 287 1700

1906 531 1986 551 u-ulae.

447 1163 523 1196 Cum
549 1171 670 1204 autem,
700 1164 784 1197 sicut
813 1164 927 1198 eadem
953 1174 1045 1208 expo·
1065 1151 1067 1197 i
1088 1168 1119 1196 et
1142 1163 1248 1202 inane,
1275 1162 1300 1195 si
1316 1173 1410 1196 secus
1429 1162 1595 1206 superbis
1616 1173 1632 1195 a
1654 1172 1828 1206 quoquam,

303 1217 377 1250 sitio
401 1217 647 1260 subiungebat,
677 1218 779 1251 dictus
812 1218 950 1251 Ioannes
976 1229 1046 1261 pro·
1065 1199 1067 1236 Ι
1089 1217 1198 1261 quavis
1229 1217 1419 1250 auctoritate
1442 1244 1448 1256 ,
1482 1216 1624 1249 scienter
1655 1216 1704 1248 vel
1739 1215 1829 1258 igno-

303 1276 433 1304 curator
457 1271 620 1314 generalis
645 1271 896 1305 constitutiones
933 1271 1046 1303 buius-
1066 1264 1067 1299 Ῐ
1089 1276 1201 1303 ranter
1219 1297 1226 1310 ,
1251 1270 1426 1313 contigerit
1451 1269 1619 1303 attentari.

303 1324 404 1360 modi.
422 1334 486 1367 quo
502 1323 624 1357 firmius
640 1324 818 1357 subsistant
833 1330 864 1357 et
877 1329 1046 1357 serventur
1066 1335 1067 1370 ζ
1132 1324 1146 1367 g
1171 1323 1203 1356 4.
1230 1323 1299 1357 Non
1316 1324 1522 1357 obstantibus
1543 1322 1828 1356 constitutionibus
1839 1364 1862 1376 Μ
1881 1331 2024 1378 ι,[ηωςαιιο

303 1377 467 1418 exactius,
495 1378 694 1422 apostolicae
716 1378 971 1411 confirmationis
989 1389 1046 1411 no·
1066 1378 1067 1382 ’
1090 1383 1121 1410 et
1145 1377 1406 1410 ordinationibus
1435 1376 1646 1420 apostolicis,
1672 1387 1719 1416 ac,
1745 1386 1825 1420 qua-
1866 1365 2002 1380 nmmum

302 1437 388 1465 strae
418 1432 600 1475 patrocinio
637 1431 833 1465 communiri
870 1432 1044 1475 plurimum
1090 1437 1184 1464 tenus
1221 1442 1301 1475 opus
1339 1432 1390 1471 sit,
1422 1431 1526 1464 dietae
1551 1430 1827 1473 Congregationis,

303 1485 489 1518 desideret:
517 1495 585 1525 nos,
612 1485 711 1528 ipsius
736 1484 867 1518 loannis
892 1495 1048 1529 procura-
1067 1486 1069 1533 l
1089 1485 1227 1528 aliisque
1254 1485 1420 1528 quibusvis
1440 1511 1447 1525 ,
1487 1483 1583 1517 etiam
1622 1484 1804 1517 iuramento
1821 1510 1828 1524 ‚

304 1539 382 1572 toris
401 1539 564 1582 generalis
583 1539 666 1572 votis
693 1539 753 1572 bac
778 1538 809 1571 in
829 1549 872 1580 re,
891 1544 1046 1582 quantum

303 1604 374 1627 cum
393 1593 528 1627 Domino
547 1604 733 1638 possumus,
755 1593 976 1627 favorabiliter
994 1603 1047 1626 an-

303 1657 406 1681 nuere
440 1649 588 1681 volentes
605 1674 612 1688 ,
647 1658 788 1691 eumque
823 1658 839 1680 a
877 1647 1046 1691 quibusvis

305 1700 665 1740 excommunicationis,
691 1700 921 1744 suspensionis
948 1706 979 1733 et
999 1700 1045 1733 in-

304 1753 444 1794 terdicti,
461 1754 598 1797 aliisque
616 1754 848 1787 ecclesiasticis
866 1754 1046 1793 sententiis,

305 1808 451 1841 censuris
469 1814 499 1841 et
516 1807 641 1851 poenis,
660 1819 677 1840 a
694 1808 763 1841 iure
779 1808 828 1841 vel
846 1809 885 1841 ab
900 1808 1046 1849 bomine,

305 1861 416 1905 quavis
443 1861 614 1895 occasione
640 1862 690 1895 vel
718 1864 814 1895 causa
833 1862 916 1901 latis,
934 1861 958 1894 si
980 1862 1048 1905 qui-

303 1914 366 1948 bus
397 1915 649 1959 quomodolibet
669 1915 846 1949 innodatus
869 1915 985 1953 existit,
1009 1916 1046 1949 ad
1068 1928 1069 1933 ¹

305 1967 456 2002 effectum
481 1969 705 2012 praesentium
736 1969 903 2002 dumtaxat
933 1979 1048 2002 conse-

305 2016 485 2065 quendum,
513 2023 627 2055 harum
654 2022 738 2055 serie
773 2022 980 2055 absolventes
1016 2027 1048 2055 et

307 2074 489 2109 absolutum
522 2076 590 2110 sore
619 2081 793 2109 censentes
810 2103 817 2116 ,
843 2076 1070 2119 supplicatio-f

305 2129 402 2163 nibus
420 2129 489 2163 eius
507 2130 639 2163 nomine
656 2129 751 2163 nobis
777 2140 875 2173 super
901 2130 962 2163 boc
989 2130 1048 2162 bu-

306 2183 429 2216 militer
458 2183 619 2227 porrectis
645 2183 817 2224 inclinati,
842 2183 881 2217 de
906 2183 1049 2216 nonnul-

305 2236 410 2270 lorum
435 2236 672 2270 venerabilium
700 2237 833 2270 fratrum
860 2242 1047 2270 nostrorum

305 2289 338 2323 S.
357 2290 394 2324 R.
412 2290 448 2323 E.
475 2290 687 2324 cardinalium
712 2301 810 2334 super
837 2290 900 2323 hoc
915 2290 1047 2333 negotio

305 2343 492 2387 specialiter
526 2344 777 2388 deputatorum,
804 2343 857 2387 qui
883 2354 951 2377 rem
982 2354 1049 2376 ma-

307 2399 377 2430 ture
402 2397 644 2437 discusserunt,
671 2397 832 2438 consilio,
870 2407 983 2430 omues
1018 2402 1049 2430 et

308 2450 452 2493 singulas
478 2450 725 2485 constitutiones
739 2451 973 2494 praeinsertas‚
994 2461 1050 2483 au-

310 2503 459 2537 ctoritate
482 2505 675 2548 apostolica,
691 2510 803 2537 tenore
815 2504 1049 2548 praesentium,

310 2558 529 2602 approbamus
548 2564 581 2592 et
598 2558 837 2599 confirmamus,
855 2558 988 2602 illisque
1003 2557 1049 2591 in-

347 2633 359 2657 ¹
381 2629 452 2657 Edit.
473 2630 552 2658 Maia.
573 2630 638 2667 legit
655 2631 693 2659 sic
711 2632 750 2666 (R.
771 2630 819 2665 T.).

346 2675 363 2704 2
382 2674 575 2704 Cohaerentius
594 2675 653 2712 lege
673 2675 714 2704 vel
735 2675 924 2712 confirmatae
945 2675 984 2711 (n.
1001 2675 1048 2711 12).

1067 1535 1337 1613 {confirmatione
1363 1537 1553 1581 apostolica,
1581 1537 1629 1570 vel
1655 1536 1768 1580 quavis
1785 1536 1832 1569 [ir-

1089 1592 1200 1625 mitate
1227 1592 1288 1625 alia
1313 1590 1498 1629 roboratis,
1532 1591 1658 1623 statutis
1691 1595 1722 1623 et
1755 1601 1832 1624 con-

1067 1615 1069 1690 i
1090 1645 1329 1685 suetudinibus,
1348 1643 1528 1688 privilegiis
1546 1643 1830 1687 quoque,indultis

1068 1691 1069 1720 i
1091 1704 1122 1732 et
1136 1699 1251 1732 litteris
1266 1698 1452 1742 apostolicis
1468 1698 1499 1730 iu
1519 1697 1720 1730 contrarium
1737 1707 1833 1740 prae-

1068 1723 1070 1780 i
1091 1754 1263 1786 missorum
1289 1751 1537 1796 quomodolibet
1562 1751 1736 1791 concessis,
1754 1761 1832 1784 con-

1067 1782 1070 1830 i
1091 1807 1223 1841 firmatis
1249 1813 1281 1840 et
1298 1807 1471 1846 innovatis;
1489 1805 1608 1849 quibus
1624 1805 1777 1838 omnibus
1800 1810 1831 1837 et

1068 1847 1069 1861 ἵ
1090 1861 1226 1904 singulis
1245 1887 1252 1900 ,
1278 1861 1407 1894 illorum
1436 1865 1569 1893 tenores
1603 1858 1830 1903 praesentibus

1091 1925 1150 1958 pro
1176 1916 1272 1958 plene
1303 1920 1335 1947 et
1371 1913 1572 1947 sufficienter
1598 1912 1764 1956 expressis
1795 1923 1831 1944 ac

1068 2007 1069 2010 Ἴ
1091 1969 1129 2002 ad
1155 1968 1286 2001 verbum
1314 1967 1444 2001 insertis
1470 1967 1636 2007 babentes,
1663 1966 1727 1999 illis
1751 1965 1831 1999 alias

1090 2022 1122 2054 in
1148 2032 1207 2055 suo
1233 2022 1351 2055 robore
1378 2020 1599 2065 permansuris
1616 2048 1623 2060 ‚
1657 2020 1696 2053 ad
1730 2030 1828 2064 prae-

1091 2075 1263 2108 missorum
1289 2074 1449 2115 ell'ectum,
1475 2075 1536 2108 bac
1561 2074 1629 2107 vice
1656 2074 1830 2113 dumtaxat,

1069 2170 1070 2179 ἵ
1091 2130 1278 2173 specialiter
1304 2135 1335 2163 et
1360 2140 1512 2174 expresse
1538 2129 1732 2172 derogamus
1751 2139 1759 2169 3
1779 2138 1831 2161 ce-

1069 2187 1070 2231 }
1093 2183 1234 2226 terisque
1260 2183 1429 2216 contrariis
1456 2183 1726 2227 quibuscumque.

1068 2232 1070 2251 ³
1135 2238 1149 2280 ξ
1183 2236 1214 2269 5.
1249 2237 1401 2270 Volumus
1433 2241 1541 2270 antem
1574 2241 1610 2269 ut
1643 2235 1830 2269 earumdem

1068 2275 1070 2362 i!
1091 2290 1311 2333 praesentium
1329 2290 1513 2323 litterarum
1532 2289 1756 2333 transumptis,
1773 2300 1830 2322 seu

1092 2344 1258 2388 exemplis,
1278 2344 1373 2377 etiam
1388 2343 1567 2387 impressis,
1582 2354 1678 2377 manu
1696 2342 1829 2376 alicuius

1069 2410 1070 2416 ¹
1091 2397 1208 2431 notarii
1226 2397 1347 2441 publici
1366 2396 1570 2441 subscriptis,
1589 2401 1619 2430 et
1635 2396 1744 2439 sigillo
1761 2406 1832 2440 per-

1092 2462 1191 2485 sonae
1209 2452 1241 2484 in
1260 2450 1480 2485 ecclesiastica
1499 2449 1655 2493 dignitate
1674 2449 1833 2483 constitu-2

1093 2511 1142 2539 tae
1160 2505 1301 2545 munitis,
1323 2504 1434 2538 eadem
1451 2513 1585 2546 prorsus
1602 2502 1684 2535 fides
1709 2507 1773 2535 tam
1799 2502 1831 2535 in

1069 2540 1071 2599 i
1092 2558 1213 2592 iudicio
1227 2569 1323 2603 quarn
1338 2563 1428 2591 extra
1446 2556 1526 2589 illud
1545 2555 1665 2599 ubique
1683 2556 1829 2588 locorum

1093 2612 1260 2653 habeatur,
1280 2619 1362 2655 quae
1382 2610 1561 2643 baberetur
1578 2609 1656 2652 ipsis
1676 2618 1831 2652 praesen-

1093 2665 1177 2699 tibus
1202 2665 1228 2698 si
1255 2665 1360 2698 forent
1384 2663 1549 2697 exhibitae
1573 2663 1623 2697 vel
1645 2667 1804 2697 ostensae.

1877 2247 2027 2274 'transumpto-

1843 2280 1887 2295 rum
1902 2274 1962 2295 actes,
