2254 3225
229 239 278 264 An.
293 238 323 264 c.
342 238 408 266 1699
454 228 518 262 884

228 1343 310 1362 gressus

228 1363 384 1383 valetudinarii.

419 286 554 320 rectioni
592 287 714 331 ubique
755 288 914 328 locorum,
952 289 1156 333 potissimum

421 349 496 372 vero
522 340 553 372 in
581 341 663 373 alma
697 341 783 374 Urbe
813 345 927 375 nostra
950 354 1045 376 verae
1084 344 1159 376 reli-

420 392 526 435 gionis
553 404 635 434 arce,
669 405 704 427 ex
739 406 800 438 qua
824 396 985 429 bonorum
1023 407 1156 440 operum

420 447 567 490 exempla
593 447 624 479 in
652 458 763 481 omnes
789 449 954 481 christiani
981 450 1068 483 orbis
1087 461 1159 493 par-

420 504 468 531 tes
494 500 624 533 assidue
651 507 868 544 promanant,
897 513 1058 546 quamque
1084 514 1158 546 pro-

419 558 533 596 pterea
558 565 634 596 prae
653 555 768 587 ceteris
790 555 1065 588 ordinatissimam
1088 567 1158 589 esse

420 607 520 645 decet,
547 607 739 650 opportunis
765 607 946 640 rationibus
969 609 1157 648 consulitur,

419 659 591 701 propensis
618 660 732 692 studiis
759 660 877 702 iugiter
901 660 1109 701 intendimus,
1129 666 1160 694 et

418 717 453 744 ut
478 713 549 755 piae
577 713 761 745 testantium
786 715 986 755 voluntates,
1013 725 1159 757 praeser—
1180 732 1182 738 <

420 764 475 796 tim
502 765 539 797 ad
567 776 748 808 pauperum
775 767 1042 810 presbyterorum
1067 767 1159 799 intir-

418 828 543 850 morum
569 819 815 852 subventionem
836 826 866 853 et
883 820 1054 853 utilitatem
1074 821 1158 854 ordi-

418 876 521 910 natae,
542 872 743 905 commodius
760 884 796 905 ac
813 873 988 906 consultius
1006 874 1160 917 implean-

420 928 480 963 tur,
496 934 671 958 concessae
690 925 783 958 nobis
802 937 818 958 a
832 926 970 959 Domino
990 929 1160 970 potestatis

419 982 529 1019 partes
560 978 698 1011 libenter
730 979 987 1021 interponimus,
1015 979 1096 1012 sicut
1120 980 1159 1012 ad

420 1030 475 1062 Dei
498 1031 729 1074 omnipotentis
751 1033 906 1075 gloriam,
937 1034 1063 1076 piorum
1082 1044 1160 1076 ope-

419 1093 488 1115 rum
512 1084 756 1125 incrementum,
777 1091 808 1118 et
823 1086 1001 1119 animarum
1023 1088 1159 1120 salutem
1180 1079 1182 1091 ²

422 1137 574 1179 expedire
600 1138 632 1170 in
658 1139 794 1171 Domino
820 1139 1025 1172 arbitramur.

464 1190 478 1232 ἓ
504 1190 533 1222 l.
563 1191 649 1223 Alias
675 1191 835 1235 siquidem
874 1192 976 1225 felicis
1010 1194 1161 1226 recorda-

390 1235 517 1276 f'tionis
550 1244 705 1277 Clementi
732 1245 835 1288 Papae
861 1246 884 1278 X
911 1247 1158 1289 praedecessori

379 1292 543 1338 finostro,
569 1308 627 1340 pro
653 1303 745 1340 parte
771 1304 847 1331 tunc
872 1300 1077 1332 existentium
1104 1301 1160 1334 de-

421 1356 602 1393 putatorum
626 1350 695 1383 seu¹
717 1352 1014 1386 administratorum
1039 1356 1160 1388 valetu-

421 1403 538 1435 dinarii
564 1414 621 1436 seu
650 1404 819 1447 hospitalis
851 1417 1029 1449 pauperum
1056 1418 1160 1440 sacer-

422 1457 534 1489 dotum
560 1458 775 1490 saecularium
802 1459 840 1490 de
878 1459 971 1498 Urbe,
999 1461 1157 1503 exposito,

423 1511 531 1553 quod,
563 1522 634 1543 cum
672 1512 794 1544 dudum
832 1514 997 1556 quondam
1022 1514 1160 1547 Ioannes

423 1564 582 1597 Antonius
607 1565 748 1598 Vestrius
773 1565 935 1599 Romanus
960 1568 1160 1600 valetudina-

422 1617 505 1650 rium
531 1629 587 1650 seu
615 1618 776 1662 hospitale
810 1620 995 1653 huiusmodi
1033 1621 1072 1653 ad
1108 1632 1162 1653 cu-

421 1671 541 1704 randos
566 1682 727 1714 pauperes
751 1673 936 1706 sacerdotes
961 1673 1103 1707 infirmos
1128 1674 1159 1706 in

422 1725 555 1768 propria
589 1725 684 1758 domo
721 1725 760 1757 ad
797 1726 943 1759 Cloacam
976 1727 1007 1759 S.
1044 1727 1183 1760 Luciae'

422 1780 609 1821 nuncupata
637 1778 670 1810 in
698 1779 830 1821 regione
857 1779 967 1812 Pontis
989 1779 1021 1812 S.
1045 1780 1160 1822 Angeli

424 1831 528 1864 dictae
563 1831 657 1864 Urbis
694 1832 823 1875 posita,
862 1833 917 1865 ubi
954 1838 1031 1865 tunc
1066 1844 1162 1877 repe-

422 1884 569 1916 riebatur
593 1895 629 1917 ac
657 1885 696 1917 dc
722 1885 884 1928 praesenti
918 1885 1013 1918 etiarn
1040 1887 1162 1929 reperi-

424 1942 486 1978 tur,
515 1938 672 1970 erexisset
697 1943 728 1970 et
752 1938 986 1979 constituisset,
1013 1940 1160 1982 illudque

424 2001 516 2023 suurn
554 2002 589 2024 ex
631 2002 702 2024 asse
741 1992 918 2025 haeredem
958 1992 1160 2034 instituisset,

422 2054 551 2077 necnon
577 2055 675 2077 curae
708 2049 739 2078 et
770 2044 929 2087 gubernio
956 2046 1070 2078 decani
1111 2057 1162 2079 ca—

422 2098 616 2131 nonicorum
641 2098 792 2131 basilicae
814 2098 970 2142 Principis
988 2100 1162 2143 Apostolo-

423 2162 494 2184 rum
520 2151 559 2184 de
586 2151 699 2184 eadem
725 2151 809 2184 Urbe
834 2163 893 2195 pro
919 2157 1064 2196 tempore
1097 2154 1163 2186 exi-

425 2206 554 2245 stentis,
596 2216 631 2238 ac
667 2206 803 2238 duorum
839 2206 1107 2250 presbyterorum
1144 2219 1161 2240 a

424 2257 683 2300 Congregatione
722 2264 852 2291 centum
891 2260 1094 2293 sacerdotum
1132 2265 1162 2294 et

423 2310 534 2352 viginti
562 2311 758 2343 clericorum
783 2311 814 2343 in
839 2312 975 2344 ecclesia
1012 2313 1159 2346 ciusdem

423 2363 455 2396 S.
476 2363 591 2406 Angeli
613 2363 646 2396 in
667 2364 793 2396 civitate
812 2364 956 2397 Leonina
977 2366 1041 2399 sive
1058 2367 1161 2409 burgo

423 2416 517 2449 Urbis
543 2417 725 2450 huiusmodi
752 2417 907 2450 canonice
936 2423 971 2450 ut
996 2421 1160 2453 assereba-

424 2475 476 2502 tur
500 2472 608 2503 erecta
628 2470 898 2513 deputandorum,
925 2476 956 2503 et
980 2472 1070 2504 annis
1097 2473 1162 2506 sin-

425 2523 509 2565 gulis
534 2523 770 2562 mutandorum,
797 2523 1023 2564 commisisset,
1050 2535 1162 2558 execu-

424 2581 508 2609 tores
530 2576 715 2609 testamenti
740 2577 885 2610 eiusdem
900 2577 1028 2610 Ioannis
1052 2586 1163 2613 aucto-

461 2641 470 2666 1
489 2638 559 2666 Edit.
576 2639 654 2667 Main.
672 2639 736 2675 legit
750 2640 799 2667 sed
817 2648 865 2676 pro
884 2649 932 2668 seu
947 2640 986 2676 (n.
1006 2641 1056 2677 aa).

995 240 1175 264 nULLARIUM
1200 240 1355 265 ROMANUM

1202 291 1253 331 ris,
1277 290 1498 323 fundationem
1524 290 1696 334 hospitalis
1713 290 1901 324 huiusmodi
1926 301 1943 324 a

1201 344 1305 378 bonae
1333 344 1508 377 memoriae
1535 344 1673 377 Ascanio
1700 344 1838 378 Rinaldo
1867 349 1943 377 tunc

1204 397 1368 430 existentis
1394 398 1426 430 in
1452 397 1536 430 Urbe
1561 397 1728 440 praedicta
1764 397 1873 430 vicarii
1910 397 1943 430 in

1203 449 1424 492 spiritualibus
1450 451 1611 492 generalis
1642 450 1864 491 viceseerente
1890 461 1945 494 ap-

1203 503 1343 545 probari,
1370 504 1464 546 eique
1490 503 1535 535 sic
1553 509 1662 536 erecto
1688 504 1868 546 privilegia,
1890 504 1945 536 im-

1203 556 1380 588 munitates
1414 561 1445 588 et
1478 556 1728 599 exemptiones,
1756 567 1838 600 quae
1874 557 1944 590 aliis

1204 609 1421 652 hospitalibus
1436 609 1474 642 de
1497 609 1566 642 iure
1591 615 1790 652 competunt,
1808 610 1943 643 concedi

1203 663 1421 702 obtinuerant,
1443 673 1515 695 cum
1534 663 1683 696 facultate
1701 663 1823 696 ibidem
1842 664 1945 696 attare

1203 726 1258 747 seu
1283 715 1464 758 capellam¹
1492 716 1530 748 ad
1557 715 1704 748 effectum
1730 715 1942 755 celebrandi,

1203 779 1379 812 campanas
1407 768 1584 808 retinendi,
1612 769 1812 812 sepulturam
1838 768 1947 802 aedifi-

1203 822 1307 861 candi,
1323 832 1359 854 ac
1380 822 1488 854 omnia
1514 821 1576 854 alia
1594 822 1732 854 faciendi
1750 822 1837 854 iuxta
1853 832 1947 854 men-

1205 880 1266 908 tem
1293 881 1326 907 et
1349 875 1435 919 piam
1462 875 1711 919 dispositionem
1740 875 1816 908 dicti
1853 875 1947 908 Ioan-

1205 929 1254 960 nis
1274 929 1445 968 testatoris,
1465 934 1496 961 et
1514 928 1601 968 alias,
1620 934 1717 971 prout
1734 929 1764 961 in
1787 928 1944 972 praedicti

1205 981 1332 1014 Ascanii
1368 981 1598 1023 vicesgerentis
1633 982 1764 1014 decreto
1801 982 1946 1024 desuper

1205 1040 1355 1067 emanato
1391 1034 1525 1067 uberius
1557 1034 1727 1067 dicebatur
1762 1034 1944 1067 contineri:

1204 1088 1289 1121 idem
1305 1088 1453 1121 Clemens
1474 1088 1717 1131 praedecessor,
1735 1087 1944 1131 supplicatio-

1204 1142 1300 1174 nibus
1326 1141 1486 1174 dictorum
1512 1142 1738 1185 deputatorum
1769 1152 1824 1175 seu
1850 1140 1947 1174 admi-

1204 1196 1414 1228 nistratorum
1441 1194 1573 1227 nomine
1600 1194 1659 1226 sibi
1687 1204 1785 1238 super
1810 1194 1873 1227 hoc
1891 1194 1947 1227 hu-

1204 1249 1325 1282 militer
1359 1248 1518 1292 porrectis
1558 1247 1740 1289 inclinatus,
1778 1247 1945 1281 decretum

1204 1302 1423 1345 praedictum,
1449 1307 1517 1334 toto
1543 1301 1629 1333 illius
1667 1306 1780 1334 tenore
1807 1301 1944 1341 inserto,

1204 1356 1396 1389 auctoritate
1418 1355 1597 1399 apostolica
1618 1353 1821 1387 confirmavit
1845 1360 1877 1388 et
1891 1365 1946 1398 ap-

1203 1409 1367 1452 probavit,
1394 1415 1426 1441 et
1450 1408 1538 1447 alias,
1566 1413 1664 1451 prout
1689 1407 1722 1440 in
1747 1408 1845 1451 ipsius
1876 1407 1947 1441 Cle-

1204 1462 1320 1495 mcntis
1345 1462 1607 1504 praedecessoris
1630 1461 1772 1505 desuper
1792 1461 1824 1494 in
1847 1461 1946 1494 simili

1205 1516 1304 1548 forma
1342 1516 1454 1548 Brevis
1493 1515 1544 1548 die
1582 1525 1639 1548 x111
1679 1515 1746 1547 iulii
1784 1525 1945 1549 MDCLxxtv

1205 1568 1362 1611 expeditis
1381 1568 1506 1606 litteris,
1525 1578 1661 1611 quarum
1681 1572 1826 1600 tenorem
1848 1577 1945 1610 prae-

1205 1620 1351 1653 sentibus
1377 1632 1434 1664 pro
1460 1622 1556 1664 plene
1595 1626 1626 1653 et
1660 1621 1857 1654 sufficienter
1892 1631 1946 1654 ex-

1204 1685 1319 1718 presso
1345 1685 1381 1707 ac
1406 1675 1444 1707 de
1469 1674 1568 1707 verbo
1594 1674 1632 1707 ad
1658 1675 1791 1706 verbum
1822 1674 1945 1707 inserto

1205 1728 1321 1760 baberi
1346 1729 1502 1766 volumus,
1526 1727 1663 1760 uberius
1689 1727 1887 1760 continetur.

1249 1781 1263 1824 ἓ
1300 1780 1331 1813 02.
1359 1780 1436 1813 Cum
1470 1786 1596 1820 autem,
1625 1780 1709 1813 sicut
1744 1780 1942 1823 accepimus,

1207 1835 1331 1867 tametsi
1361 1834 1631 1867 valetudinarium
1656 1833 1859 1878 praedictum
1878 1860 1885 1873 ,
1912 1844 1946 1866 in

1205 1886 1384 1922 memorata
1408 1888 1575 1921 testatoris
1593 1888 1689 1920 domo
1708 1892 1742 1920 ut
1759 1887 1947 1931 praefertur

1206 1948 1350 1975 erectum
1377 1947 1409 1974 et
1433 1941 1668 1979 constitutum,
1694 1940 1845 1973 omnibus
1870 1951 1947 1982 pau-

1206 1995 1341 2038 peribus
1366 1995 1590 2027 sacerdotibus
1614 1993 1752 2026 infirmis
1777 1993 1809 2026 in
1835 2004 1873 2027 eo
1894 2005 1947 2027 ex-

1206 2048 1269 2091 cipi
1294 2048 1469 2081 volentium
1483 2057 1612 2090 semper
1630 2047 1788 2079 hactenus
1805 2047 1948 2090 patuerit

1206 2107 1238 2133 et
1276 2106 1386 2144 pateat
1421 2100 1459 2132 dc
1499 2100 1662 2143 praesenti
1681 2126 1689 2139 ,
1730 2099 1946 2132 nibilominus

1206 2154 1308 2197 ipsius
1332 2153 1560 2186 valetudinarii
1594 2153 1767 2192 redditus,
1804 2158 1868 2185 tam
1904 2152 1946 2186 ob

1206 2207 1355 2250 exiguum
1382 2207 1570 2239 eorumdem
1604 2206 1810 2238 sacerdotum
1842 2206 1882 2238 ad
1907 2206 1946 2239 il-

1206 2261 1260 2293 lud
1290 2260 1523 2293 confluentium
1555 2269 1748 2299 numerum,
1780 2269 1876 2302 quam
1903 2259 1945 2292 ob

1206 2314 1351 2346 sedulam
1370 2324 1406 2346 ac
1424 2312 1552 2346 fidelem
1574 2323 1692 2351 curam,
1712 2323 1776 2355 qua
1798 2312 1944 2345 redditus

1206 2367 1569 2409 huiusmodilincusque
1583 2365 1800 2398 administrati
1816 2365 1945 2406 suerint,

1206 2420 1395 2453 notabiliter
1412 2420 1587 2458 creverint,
1610 2418 1698 2462 iique
1716 2419 1850 2462 insuper
1868 2429 1948 2462 quo-

1205 2474 1350 2507 rumdam
1380 2473 1509 2517 piorum
1543 2473 1724 2515 legatorum
1766 2483 1802 2505 ac
1841 2472 1948 2505 novis-

1206 2528 1288 2560 sime
1332 2526 1542 2560 baereditatis
1581 2526 1745 2569 quondam
1782 2525 1945 2559 Francisci

1206 2579 1386 2619 Biancardi‚
1401 2589 1482 2623 quae
1499 2578 1737 2611 valetudinario
1754 2578 1944 2611 huiusmodi

1243 2643 1253 2669 1
1271 2642 1383 2669 Videtur
1398 2641 1493 2668 deesse
1509 2640 1622 2668 verbum
1637 2641 1770 2675 ενῖρεηιίἱ
1784 2641 1824 2676 (n.
1840 2640 1890 2677 au).

1950 243 2004 269 An.
2021 243 2049 270 C.
2064 243 2134 272 1699

1990 1788 2059 1810 Causa
2073 1790 2141 1810 trans·

1913 1834 1920 1840 ,
1957 1815 2051 1837 lationis.
