2254 3225
218 283 270 309 An,
290 282 315 306 «2.
340 280 408 307 1700
455 270 518 305 936
995 281 1176 305 ssciimatrn
1200 281 1356 306 florianum

415 339 473 373 pro
491 329 621 363 illorum
643 328 728 370 dote,
747 341 764 363 a
789 329 884 363 nobis
902 334 936 362 ut
953 330 1032 362 infra
1055 329 1155 374 appli-

415 383 534 417 candas
552 388 583 416 et
601 382 825 426 assignandas,
845 383 876 415 in
895 388 1022 426 portus,
1037 393 1156 426 aquae-

416 437 528 470 ductus
546 442 576 470 et
593 437 702 481 operis
721 436 909 470 huiusmodi
936 436 1156 469 conservatio-

1944 282 1993 305 Au.
2013 280 2040 306 C.
2065 280 2134 307 1700

1201 340 1320 363 ramus.
1344 330 1417 374 Ipso
1443 335 1551 364 autem
1578 329 1756 364 Benedicto
1783 328 1939 363 cardinali
1976 341 2066 371 εφη,
2083 342 2135 362 con-

1200 385 1296 417 rebus
1323 384 1471 417 humanis
1501 389 1674 428 exempto,
1701 382 1939 427 protectionem
1950 371 2134 421 fissigssffh'ssi‘ipssl

1202 437 1389 471 huiusmodi
1408 437 1539 481 penitus
1555 448 1694 478 cessare,
1712 448 1772 471 nec
1786 447 1856 470 eam
1876 423 2047 470 cui-iffa·{·.⁰'''
2071 422 2135 448 ΜΨ

415 500 489 523 nem
522 494 554 523 et
585 490 887 529 manutentionem,
914 495 1009 532 prout
1041 500 1157 522 secun·

416 543 490 576 dum
517 543 624 575 datam
655 542 715 574 sibi
748 553 765 574 a
790 541 925 574 Domino
951 541 1157 584 prudentiam

416 595 570 640 expedire
597 594 795 634 iudicaverit,
814 595 925 626 nostra
944 599 976 627 et
1000 604 1060 637 pro
1079 599 1158 626 tem-

418 659 496 692 pere
512 647 679 681 existentis
698 647 835 680 Romani
851 646 1014 679 Pontificis
1027 647 1058 679 S.
1072 646 1109 678 R.
1124 646 1156 678 E.

418 701 598 742 camerarii,
624 701 777 734 Gamerae
803 705 934 733 nostrae
960 699 1157 743 apostolicae

419 754 612 788 thesaurarii
639 753 814 797 generalis,
839 754 888 786 vel
915 753 1053 786 cuiusvis
1080 754 1158 786 alte-

419 809 485 842 rius
509 807 642 842 licentia
668 808 808 851 desuper
833 807 966 839 minime
992 806 1158 850 requisita,

418 860 629 905 convertendi
646 866 676 894 et
690 860 862 903 erogandi,
875 860 998 904 absque
1016 871 1053 894 eo
1072 860 1158 903 quod

419 915 489 958 ipse
510 914 705 948 Benedictus
728 914 901 947 cardinalis
918 914 985 946 sive
1001 913 1070 946 eius
1087 913 1159 946 bac-

419 969 514 1002 redes
540 973 570 1001 et
595 977 798 1001 successores
834 966 972 1010 quilibet
997 967 1037 1000 de
1062 977 1160 1010 pecu-

419 1022 480 1055 niis
515 1021 689 1065 praefatis,
714 1020 811 1054 etiam
848 1021 888 1053 ad
925 1030 1159 1064 quamcumque

420 1085 576 1108 summam
592 1073 854 1114 ascendentibus,
873 1084 932 1117 per
950 1084 1022 1107 eum
1043 1084 1099 1106 seu
1121 1074 1159 1106 de

420 1128 490 1161 eius
516 1128 670 1162 mandato
696 1127 955 1171 praemissorum
981 1129 1076 1160 causa
1100 1128 1162 1160 sol-

420 1181 532 1215 vendis
557 1187 589 1214 et
618 1181 868 1225 impendendis,
893 1182 990 1214 ullam
1017 1191 1160 1224 unquam

420 1236 579 1270 rationem
606 1235 753 1275 reddere,
777 1241 832 1268 aut
860 1245 1017 1278 expensas
1044 1234 1075 1267 in
1103 1234 1161 1267 eis—

420 1290 493 1322 dem
518 1288 707 1332 praemissis
744 1299 802 1332 per
836 1299 910 1322 eum
943 1299 999 1322 seu
1027 1289 1065 1322 de
1091 1288 1159 1322 eius

420 1343 572 1376 mandato
600 1342 762 1376 faciendas
788 1342 964 1375 iustificare
990 1352 1048 1375 seu
1074 1352 1161 1375 com-

421 1398 560 1441 probare
596 1398 663 1430 ullo
699 1396 798 1429 modo
832 1401 979 1429 teneatur
1014 1406 1070 1429 seu
1103 1406 1156 1428 re-

421 1450 562 1494 spective
600 1455 790 1489 teneantur,
829 1450 965 1492 insuper
997 1449 1105 1482 omnia
1130 1454 1162 1482 et

421 1504 560 1546 singula,
579 1514 661 1546 quae
686 1513 746 1546 pro
772 1503 1018 1536 conservatione
1045 1508 1076 1535 et
1100 1512 1160 1534 ma-

422 1555 612 1590 nutentione
645 1555 818 1599 praedictis
852 1555 997 1588 iacienda
1029 1566 1083 1588 seu
1117 1555 1161 1586 vi-

423 1610 520 1643 tanda
538 1609 667 1649 suerint,
687 1608 895 1647 decernendi,
911 1619 946 1641 ac
958 1619 1055 1652 super
1073 1618 1162 1651 prae-

423 1663 530 1696 missis
562 1662 658 1696 etiam
693 1667 812 1695 statuta
844 1662 1004 1696 condendi
1031 1667 1062 1694 et
1088 1672 1162 1704 pro-

423 1716 587 1759 mulgandi
613 1727 648 1748 ac
675 1715 840 1749 observari
860 1715 1008 1755 faciendi,
1030 1715 1161 1757 illaque,

424 1769 518 1803 toties
551 1769 678 1812 quoties
704 1779 786 1812 opus
818 1768 929 1807 suerit,
954 1767 1159 1807 moderandi,

423 1822 610 1865 corrigendi
636 1828 668 1855 et
692 1822 887 1855 emendandi
924 1833 959 1854 ac
993 1821 1160 1859 mutandi,

425 1882 455 1909 et
480 1876 541 1910 alia
567 1877 605 1910 de
631 1887 714 1910 novo
740 1876 871 1916 edendi,
901 1882 932 1909 et
963 1875 1163 1917 generaliter

424 1940 647 1974 quaecumque
673 1935 704 1963 et
729 1930 976 1973 qualiacumque
1013 1929 1045 1961 in
1071 1938 1162 1972 prae-

424 1984 530 2017 missis
567 1984 752 2017 buiusmodi
784 1990 816 2016 et
849 1983 933 2016 circa
959 1992 995 2015 ea
1020 1992 1159 2025 quomo-

424 2038 549 2072 dolibet
574 2037 758 2071 necessaria
784 2043 815 2070 et
839 2042 1022 2080 opportuna
1050 2035 1164 2068 sacien-

425 2092 465 2131 di,
493 2091 639 2134 gerendi,
662 2091 836 2124 mandandi
862 2095 893 2123 et
918 2089 1101 2129 ordinandi,
1128 2100 1163 2121 ac

425 2198 527 2237 randi,
553 2197 676 2230 etiamsi
697 2197 771 2230 talia
790 2197 908 2237 forent,
928 2207 1010 2240 quae
1036 2196 1096 2229 sub
1115 2206 1165 2238 ge-

426 2251 526 2284 nerali
558 2250 768 2293 expressione
805 2261 871 2283 non
907 2249 1077 2289 venirent,
1107 2249 1163 2282 sed

425 2303 609 2348 specificam
629 2308 659 2336 et
677 2302 876 2336 individuam
895 2303 1097 2336 mentionem
1116 2312 1164 2334 re-

426 2358 607 2402 quirerent)
635 2362 747 2390 tenore
772 2357 993 2400 praesentium
1020 2357 1164 2396 facimus,

426 2421 573 2445 creamus
597 2421 633 2444 ac
653 2409 881 2443 constituimus
901 2414 931 2444 et
954 2410 1163 2454 deputamus,

427 2465 612 2508 dictumque
638 2463 848 2497 Benedictum
880 2464 1100 2503 cardinalem,
1130 2474 1165 2496 ac

427 2518 513 2552 iilius
540 2518 699 2551 haeredes
717 2522 749 2550 et
770 2527 975 2551 successores
994 2528 1166 2560 quoscum-

427 2582 500 2616 que,
516 2582 552 2604 ex
579 2581 665 2604 nunc
683 2575 778 2614 prout
798 2581 833 2603 ex
862 2575 936 2603 tunc
957 2576 989 2602 et
1010 2580 1025 2603 e
1044 2576 1164 2610 contra,

427 2636 444 2658 a
469 2624 595 2658 ratione
627 2634 682 2657 seu
718 2623 986 2667 comprobatione
1012 2623 1164 2666 praefatis

428 2679 542 2712 harum
568 2679 652 2712 serie
678 2677 809 2712 omnino
836 2676 1004 2712 eximimus
1031 2682 1062 2711 et
1086 2677 1167 2711 libe-

1201 501 1296 534 quam
1333 491 1427 524 alteri
1467 491 1603 524 concedi
1645 492 1810 531 volentes,
1842 500 1940 533 super

1201 549 1307 587 portu,
1327 544 1526 587 aquaeductu
1553 549 1584 577 et
1609 554 1708 587 opere
1734 543 1941 587 supradietis,

1202 608 1238 629 ex
1266 607 1352 629 nunc
1386 602 1483 639 prout
1516 607 1552 630 ex
1587 602 1662 629 tunc
1693 602 1865 640 postquam
1895 596 1942 629 di-

1202 654 1270 682 ctus
1306 649 1500 682 Benedictus
1537 649 1711 683 cardinalis
1741 649 1941 689 decesserit,

1202 707 1234 734 et
1273 712 1289 734 e
1326 706 1440 734 contra
1457 729 1464 742 ,
1503 701 1796 744 Congregationem
1831 706 1943 745 portus

1204 755 1288 788 Antii
1314 756 1575 799 nuncupandam,
1596 755 1629 788 in
1650 766 1714 799 qua
1733 760 1808 788 tunc
1829 760 1861 788 et
1883 765 1943 799 pro

1204 813 1348 852 tempore
1374 809 1548 842 existentes
1579 808 1730 842 Gamerae
1756 807 1944 851 praedictae

1206 862 1426 895 thesaurarius
1452 862 1616 905 generalis
1648 869 1680 896 et
1704 862 1943 896 commissarius

1204 915 1299 948 etiam
1332 915 1503 958 generalis,
1535 926 1665 949 necnon
1690 925 1782 955 unus,
1812 914 1838 948 si
1871 914 1944 959 quis

1205 968 1311 1009 fuerit,
1331 979 1369 1001 ex
1387 968 1489 1001 nobili
1516 974 1545 1001 et
1571 969 1703 1012 antiqua
1723 968 1867 1002 eiusdem
1888 968 1945 1001 Be-

1204 1022 1324 1055 nedicti
1350 1022 1522 1055 cardinalis
1545 1021 1663 1055 familia
1680 1021 1869 1065 Pamphilia,
1885 1021 1945 1055 Ro-

1204 1085 1317 1108 manae
1343 1074 1456 1108 Curiae
1481 1076 1653 1118 praelatus,
1672 1085 1754 1107 unus
1776 1074 1887 1107 itidem
1905 1084 1942 1107 ex

1205 1128 1349 1161 eiusdem
1364 1128 1515 1161 Gamerae
1531 1128 1792 1172 praesidentibus
1806 1127 1943 1167 clericis,

1205 1182 1258 1226 qui
1285 1182 1448 1214 Romanus
1474 1182 1537 1220 sit,
1563 1192 1619 1214 seu
1653 1182 1767 1214 saltem
1794 1192 1829 1213 ex
1856 1180 1945 1213 Statu

1205 1242 1316 1268 nostro
1341 1235 1585 1276 Ecclesiastico,
1608 1246 1644 1267 ac
1668 1236 1797 1268 demum
1816 1234 1879 1267 duo
1901 1233 1945 1267 ci-

1205 1300 1258 1322 ves
1282 1289 1377 1322 etiam
1398 1289 1542 1329 Romani,
1563 1300 1621 1333 per
1641 1300 1700 1322 nos
1726 1294 1757 1321 et
1781 1298 1945 1321 suceesso-

1206 1353 1257 1375 res
1283 1348 1408 1376 nostros
1423 1343 1586 1376 Romanos
1605 1341 1776 1375 Pontifices
1795 1352 1852 1385 pro
1872 1346 1946 1374 tem-

1205 1407 1282 1440 pore
1301 1397 1475 1430 existentes
1495 1396 1533 1429 ad
1552 1396 1698 1439 ipsorum
1723 1404 1945 1428 successorum

1204 1455 1388 1483 nostrorum
1407 1450 1649 1492 beneplacitum
1672 1448 1859 1492 deputandi,
1877 1458 1946 1481 esse

1205 1504 1361 1543 debeant,
1388 1508 1499 1541 metu,
1524 1502 1679 1542 scientia,
1708 1500 1945 1535 deliberatione

1205 1561 1237 1589 et
1254 1557 1424 1599 potestatis
1443 1556 1647 1598 plenitudine
1667 1555 1810 1598 paribus,
1830 1555 1944 1588 harum

1204 1609 1299 1650 serie,
1318 1613 1478 1652 perpetuo
1501 1609 1654 1651 erigimus
1680 1614 1711 1641 et
1732 1607 1941 1640 instituimus.

1249 1663 1305 1705 53.
1324 1662 1482 1701 Ceterum,
1498 1662 1548 1694 ut¹
1563 1662 1730 1704 impensae
1745 1671 1803 1704 pro
1819 1671 1945 1694 conser-

1205 1769 1390 1802 necessario
1426 1768 1592 1801 faciendae
1614 1767 1694 1800 solvi
1720 1766 1855 1810 possint,
1885 1767 1947 1800 eis-

1206 1823 1277 1855 dem
1295 1823 1412 1866 portui‚
1431 1821 1648 1865 aquaeductui
1666 1826 1762 1864 atque
1781 1820 1869 1864 operi
1886 1830 1946 1864 pro

1207 1887 1321 1909 eorum
1358 1878 1463 1908 annua
1497 1881 1528 1908 et
1553 1877 1709 1918 perpetua
1746 1875 1820 1907 dote
1856 1873 1946 1907 mille

1206 1936 1295 1962 scuta
1327 1934 1478 1962 monetae
1506 1938 1656 1962 romanae
1682 1926 1817 1970 singulis
1843 1927 1945 1967 annis,

1207 1994 1243 2016 ex
1277 1982 1487 2026 proventibus
1525 1982 1628 2015 dictae
1668 1986 1770 2014 terrae
1806 1980 1946 2024 Neptuni

1207 2036 1318 2079 illique
1341 2045 1543 2069 annexorum
1562 2034 1601 2067 ad
1620 2034 1786 2067 Cameram
1803 2038 1947 2067 nostram

1184 2090 1406 2134 „praedictam
1443 2089 1685 2133 spectantibus,
1711 2088 1832 2132 quippe
1869 2097 1947 2131 quos

425 2144 606 2188 exequendi
639 2150 670 2177 et
702 2143 884 2177 executioni
921 2142 1067 2176 mandari
1103 2153 1186 2175 cu-¹

1208 2144 1331 2176 ratione
1357 2142 1606 2176 constructionis
1632 2147 1744 2184 portus
1771 2140 1947 2184 supradicti

1208 2199 1269 2230 iam
1288 2196 1480 2230 notabiliter
1497 2200 1608 2228 auctos
1629 2194 1723 2228 fuisse
1744 2199 1946 2237 compertum

1208 2255 1264 2289 est,
1280 2249 1501 2293 percipienda,
1518 2258 1657 2287 necnon,
1682 2247 1792 2289 vigore
1818 2246 1946 2279 manda-

1210 2309 1313 2337 torum
1347 2303 1493 2335 eiusdem
1528 2300 1693 2335 Benedicti
1712 2299 1884 2334 cardinalis
1914 2304 1946 2332 et

1209 2356 1415 2401 protectoris,
1431 2356 1540 2399 quoad
1567 2354 1690 2394 vixerit,
1709 2364 1746 2387 ac
1763 2352 1946 2387 successive

1209 2409 1478 2453 Congregationis
1493 2419 1509 2442 a
1523 2408 1625 2448 nobis,
1644 2413 1679 2440 ut
1691 2407 1885 2451 praefertur,
1905 2405 1946 2438 in-

1209 2463 1350 2503 stitutae,
1372 2473 1388 2495 a
1414 2462 1533 2495 dilecto
1567 2461 1632 2494 silio
1662 2459 1820 2493 moderno
1840 2464 1871 2492 et
1887 2469 1947 2502 pro

1211 2522 1353 2561 tempore
1389 2516 1549 2549 existente
1581 2514 1776 2548 conductore
1810 2523 1867 2546 seu
1893 2512 1949 2546 ad-

1210 2570 1427 2604 ministratore
1446 2573 1659 2612 proventuum
1675 2566 1859 2600 huiusmodi
1879 2576 1949 2609 per-

1210 2623 1374 2662 solvenda,
1401 2627 1504 2662 motu,
1532 2620 1682 2659 scientia,
1713 2618 1947 2653 deliberatione

1248 2688 1256 2713 1
1280 2685 1443 2714 Particulam
1464 2686 1494 2712 ut
1513 2691 1561 2711 nos
1580 2681 1702 2709 addimus
1721 2687 1758 2717 tn.
1780 2684 1827 2715 τ.),

2023 1670 2141 1694 ,assignatio

1955 1698 2012 1719 utillo
2036 1700 2141 1717 scutorum

1206 1716 1332 1749 vatione
1349 1721 1381 1748 ct
1395 1716 1640 1747 manutentione
1655 1714 1808 1757 praefatis
1830 1714 1861 1746 in
1877 1713 2051 1752 diesmoeoio
2062 1726 2142 1750 purius.
