2254 3225
206 205 254 230 Λη.
271 203 298 230 c.
322 205 388 232 1694
434 197 498 230 612

243 1008 378 1030 Confirmatto

196 1036 277 1056 relatae
302 1039 379 1057 consti·

195 1066 289 1083 tutionis.

218 2392 337 2414 ctausutae.

397 265 468 287 mus
498 260 605 288 autem
629 257 715 300 quod
734 262 921 301 praesentes
938 259 1066 293 litterae
1087 260 1134 292 in-

396 312 445 341 ter
469 313 585 342 statuta
610 315 640 343 et
664 311 869 345 definitiones
888 312 1033 346 eiusdem
1052 312 1134 346 Con-

396 363 594 405 gregationis
629 370 790 408 perpetuo
822 365 1041 400 observandae
1078 367 1133 400 de-

395 415 601 459 scribantur;
624 422 655 451 et
670 428 779 451 earum
797 421 1017 463 transumptis,
1036 420 1132 454 etiam

393 467 573 512 impressis,
600 481 697 503 manu
729 472 896 505 secretarii
925 473 1028 505 dictae
1053 472 1133 506 Con<

394 523 602 565 gregationis,
628 529 682 556 aut
706 524 842 557 alicuius
861 525 979 558 notarii
997 525 1130 567 publici,

393 585 522 609 necnon
542 576 650 618 sigillo
675 576 777 620 ipsius
798 577 1066 620 Congregationis
1083 578 1132 611 vel

393 627 528 661 alicuius
552 639 714 671 personae
738 629 772 662 in
794 630 950 672 dignitate
980 629 1133 663 ecclesia-

393 680 472 713 stica
491 682 683 715 constitutae
704 683 894 725 obsignatis,
915 683 1049 716 indubia
1064 683 1132 716 ubi-

392 743 454 776 que
478 733 511 765 in
535 733 656 767 iudicio
682 739 714 768 et
739 741 828 768 extra
852 746 955 779 aeque
980 746 1016 769 ac
1039 746 1131 780 prae-

391 786 536 820 sentibus
560 786 640 830 ipsis
664 787 745 821 fides
770 788 978 822 adhibeatur.

425 848 522 876 Datum
536 849 652 884 Romae,
673 849 745 886 apud
764 850 790 877 S.
806 851 940 883 Marcum,
961 850 1011 878 sub
1031 851 1130 878 annulo

390 892 550 929 piscatoris,
567 894 610 922 die
625 902 682 922 xxix
701 895 808 931 augusti
828 902 936 931 naxon,
958 896 1130 932 pontificatus

388 939 477 966 nostri
495 947 565 967 anno
585 946 593 966 ι
612 950 638 967 ».

433 1002 448 1046 ᾖ
469 1001 500 1035 2.
523 1001 601 1036 Cum
618 1007 736 1043 autern,
756 1003 840 1035 sicut
856 1003 967 1037 dilecti
984 1003 1043 1037 filii
1061 1013 1129 1036 mo-

390 1055 488 1088 nachi
506 1055 778 1099 Congregationis
795 1057 958 1100 praefatae
976 1057 1009 1090 in
1026 1067 1128 1100 regno

390 1109 606 1151 Portugalliae
632 1109 724 1142 nobis
750 1120 855 1153 nuper
891 1110 1009 1153 exponi
1045 1111 1130 1143 sece-

389 1166 475 1202 runt,
502 1161 565 1205 ipsi
589 1163 780 1205 praemissa,
798 1173 862 1206 quo
881 1163 1004 1196 firmius
1025 1163 1129 1196 subsi-

389 1220 476 1248 stant
493 1220 524 1248 et
540 1215 763 1248 inviolabilius
781 1222 962 1257 serventur,
979 1217 1129 1260 apostoli-

389 1279 445 1301 cae
470 1268 725 1302 confirmationis
751 1275 882 1303 nostrae
907 1270 1023 1303 robore
1041 1278 1128 1303 com·-

387 1322 509 1354 muniri
526 1332 732 1365 summopere
748 1323 954 1356 desiderent:
973 1334 1044 1363 nos,
1059 1334 1128 1367 spe-

388 1374 503 1407 cialem
517 1374 596 1418 ipsis
611 1375 849 1418 exponentibus
869 1376 1005 1417 gratiam
1022 1375 1127 1408 facere

387 1428 547 1468 volentes,
571 1433 603 1461 et
627 1438 739 1461 eorum
760 1428 942 1470 singulares
969 1438 1127 1471 personas

389 1492 406 1514 a
431 1481 598 1524 quibusvis
616 1481 970 1521 excomimmicationis,
991 1491 1130 1524 suspen-

388 1534 489 1567 sionis
514 1539 546 1567 et
569 1534 747 1575 interdicti,
774 1534 912 1577 aliisque
929 1534 1128 1567 ecclesiasti-

389 1586 435 1619 cis
462 1587 644 1627 sententiis,
664 1587 808 1620 censuris
828 1592 859 1619 et
876 1587 1005 1630 poenis,
1025 1578 1042 1619 a
1059 1587 1127 1619 iure

388 1641 438 1673 vel
477 1640 517 1673 ab
553 1639 697 1680 homine,
730 1639 841 1683 quavis
876 1639 1047 1673 occasione
1077 1641 1149 1673 veli

977 210 1156 236 BULLARIUM
1179 209 1333 236 ROMANUM

1915 211 1967 240 An.
1986 212 2017 240 G.
2033 212 2102 241 1694

1176 261 1449 304 quandocumque
1475 261 1643 304 spectabit,
1660 260 1694 294 in
1714 259 1864 294 omnibus
1881 265 1913 294 et

1175 323 1233 356 per
1261 313 1369 347 omnia
1393 314 1582 357 plenissime
1607 313 1791 358 suffragari,
1818 318 1849 347 et
1872 313 1911 346 ab

1175 366 1239 400 illis
1263 368 1444 411 respective
1469 367 1701 401 inviolabiliter
1735 373 1768 402 et
1798 367 1913 401 incon-

1175 428 1265 452 cusse
1291 420 1477 462 observari,
1516 421 1627 464 sicque
1660 421 1693 454 in
1723 420 1911 464 praemissis

1174 482 1236 514 per
1264 484 1488 516 quoscumque
1512 473 1638 506 iudices
1667 473 1853 507 ordinarios
1880 478 1913 506 et

1175 525 1356 567 delegatos,
1384 526 1481 559 etiam
1505 526 1807 571 causarumpalatii
1833 537 1912 570 apo-

1174 577 1280 610 stolici
1304 579 1482 619 auditores,
1501 579 1637 612 iudicari
1662 584 1694 613 et
1710 578 1839 612 definiri
1857 579 1912 613 de-

1173 629 1260 671 bere,
1279 641 1316 663 ac
1333 630 1463 663 irritum
1484 636 1516 664 et
1533 631 1641 672 inane,
1661 631 1686 664 si
1704 641 1795 665 secus
1812 642 1913 675 super

1174 682 1224 715 his
1240 694 1258 715 a
1271 694 1448 726 quoquam,
1463 684 1574 727 quavis
1592 685 1797 726 auctoritate,
1812 685 1912 718 scien-

1173 738 1222 768 ter
1246 737 1297 768 vel
1315 737 1516 778 ignoranter,
1544 738 1720 780 contigerit
1744 738 1908 771 attentari.

1217 788 1231 831 ἓ
1256 788 1289 821 4.
1310 789 1380 822 Non
1399 790 1604 823 obstantibus
1622 790 1908 826 constitutionibus
1946 802 2100 824 Contrariorum

1173 846 1204 875 et
1240 842 1501 876 ordinationibus
1537 844 1743 887 apostolicis,
1777 829 2038 878 necnondemwm'

1172 896 1321 928 omnibus
1342 901 1374 929 et
1398 897 1535 939 singulis
1553 897 1630 938 illis,
1650 908 1732 941 quae
1757 897 1791 930 in
1814 908 1909 941 prae-

1171 949 1303 983 insertis
1317 950 1490 984 Clemeutis
1508 952 1774 994 praedecessoris
1792 944 1916 986 litteris·

1171 1013 1325 1036 concessa
1349 1008 1426 1036 sunt
1450 1014 1515 1037 non
1539 1005 1668 1038 obstare
1684 1032 1692 1046 ,
1725 1005 1908 1049 ceterisque

1171 1056 1342 1090 contrariis
1367 1057 1639 1100 quibuscumque.

1214 1110 1228 1153 ἓ
1253 1110 1283 1143 5.
1311 1110 1466 1143 Volumus
1491 1116 1599 1143 autem
1624 1116 1662 1143 ut
1684 1111 1909 1154 praesentium
1959 1119 2020 1139 vnto*
2044 1121 2103 1140 tran-

1170 1163 1353 1196 littcrarum
1391 1163 1611 1206 transumptis,
1645 1174 1703 1197 seu
1740 1149 2056 1207 exemplisfumpm'um'

1171 1216 1267 1249 etiam
1292 1217 1473 1259 impressis,
1499 1227 1598 1248 manu
1631 1217 1766 1249 alicuius
1790 1217 1908 1250 notarii

1169 1268 1291 1312 publici
1313 1269 1518 1312 subscriptis,
1549 1274 1579 1301 et
1611 1269 1720 1311 sigillo
1744 1280 1908 1313 personae

1169 1322 1202 1354 in
1220 1322 1440 1354 ecclesiastica
1457 1322 1614 1364 dignitate
1631 1323 1827 1355 constitutae
1844 1333 1910 1355 mu-

1169 1375 1256 1415 nitis,
1282 1375 1394 1407 eadem
1424 1385 1563 1418 prorsus
1587 1375 1668 1408 fides
1693 1375 1852 1408 habeatur
1876 1376 1909 1408 in

1169 1428 1290 1461 iudicio
1316 1433 1348 1461 et
1377 1433 1467 1460 extra
1493 1427 1594 1468 illud,
1621 1438 1703 1471 quae
1730 1428 1910 1461 haberetur

1169 1481 1250 1525 ipsis
1283 1481 1513 1525 praesentibus
1546 1481 1573 1513 si
1602 1481 1711 1514 forent
1741 1481 1908 1514 exhibitae

1169 1535 1220 1567 vel
1247 1540 1411 1567 ostensae,

1212 1587 1326 1620 Datum
1352 1587 1485 1627 Romae,
1514 1587 1601 1631 apud
1626 1587 1657 1620 S.
1684 1587 1814 1619 Mariam
1846 1586 1909 1619 Ma-

1169 1640 1280 1681 iorem,
1307 1640 1366 1673 sub
1392 1641 1513 1681 annulo
1539 1640 1721 1681 Piscatoris,
1749 1640 1801 1673 die
1831 1649 1908 1673 xxw

388 1695 485 1726 causa
508 1692 594 1734 latis,
612 1693 638 1725 si
660 1693 778 1736 quibus
805 1693 1057 1736 quomodolibet
1080 1693 1129 1725 in·
1146 1674 1149 1706 ‘
1169 1693 1276 1726 martii
1302 1702 1449 1732 arnexcm
1477 1692 1684 1736 pontificatus
1715 1692 1819 1727 nostri
1852 1703 1909 1726 an-

386 1745 526 1778 nodatae
552 1745 704 1786 existunt,
730 1746 769 1779 ad
797 1745 946 1778 effectum
978 1756 1129 1789 praesen·
1171 1756 1213 1778 no
1240 1755 1288 1779 111.

387 1798 468 1831 tium
505 1798 669 1832 dumtaxat
704 1800 981 1842 consequendum,
1010 1800 1127 1832 harum

387 1851 473 1884 serie
499 1852 707 1885 absolventes
725 1857 757 1885 et
773 1852 938 1885 absolutas
961 1853 1028 1885 sore
1053 1863 1127 1885 ecn-

388 1910 511 1946 scntes,
530 1905 826 1948 supplicationibus
854 1915 968 1938 eorum
992 1906 1125 1939 nomine

386 1957 483 1991 nobis
503 1968 602 2001 super
618 1958 682 1991 hoc
699 1958 869 1992 humiliter
893 1956 1053 2002 porrectis
1077 1959 1126 1992 in-

387 2012 514 2054 clinati,
545 2013 765 2055 praeinsertas
790 2012 962 2046 Clementis
990 2013 1126 2057 praede-

387 2065 523 2098 cessoris
542 2065 680 2106 litteras,
699 2076 768 2098 cum
789 2066 937 2099 omnibus
962 2072 994 2099 et
1018 2067 1126 2110 singu-

387 2117 426 2151 lis
451 2117 484 2150 in
509 2118 554 2151 eis
580 2119 754 2159 contentis,
780 2119 969 2152 auctoritate
994 2124 1125 2162 aposto-

386 2171 458 2211 lica,
488 2177 601 2205 tenore
630 2172 863 2215 praesentium,
893 2172 1122 2206 confirmamus

387 2229 419 2257 et
443 2224 664 2268 approbamus
689 2236 725 2257 ac
750 2225 943 2258 innovamus
959 2252 966 2266 ,
991 2221 1123 2269 illisque

385 2277 584 2311 inviolabilis
608 2278 809 2321 apostolicae
836 2278 995 2312 firmitatis
1023 2280 1125 2313 robur

388 2331 573 2364 adiicimus.

429 2385 444 2428 ἓ
469 2384 501 2419 3.
528 2384 759 2425 Decernentcs,
783 2385 911 2418 easdem
933 2391 1123 2428 praesentes

384 2438 511 2472 litteras
536 2448 668 2481 semper
692 2438 807 2478 firmas,
826 2438 948 2471 validas
976 2444 1007 2471 et
1024 2439 1125 2472 effica-

386 2502 439 2526 ces
458 2492 596 2525 existere
626 2496 658 2524 et
684 2492 763 2532 sore,
789 2502 930 2535 suosque
961 2494 1124 2535 plenarios

386 2551 419 2579 et
448 2545 594 2589 integros
619 2545 751 2578 ess'ectus
776 2545 883 2578 sortiri
909 2551 940 2577 et
964 2546 1122 2585 obtinere,

386 2610 423 2635 ac
439 2598 516 2641 illis,
536 2599 575 2632 ad
601 2609 680 2643 quos
704 2603 828 2643 spectat
848 2602 879 2630 et
898 2609 958 2641 pro
979 2604 1123 2642 tempore

1203 1807 1262 1834 Dat.
1280 1807 1323 1835 die
1338 1807 1372 1834 24
1387 1806 1476 1834 martii
1494 1807 1573 1840 1694,
1591 1806 1692 1842 pontif.
1714 1814 1786 1834 anno
1802 1812 1841 1834 111.

1459 2013 1616 2047 LXXXVI.

1167 2119 1386 2163 Confirmatur
1431 2119 1593 2152 decretum
1641 2118 1907 2162 Conqreqatiom's

1210 2174 1430 2216 episcoporum
1456 2176 1483 2205 et
1507 2172 1713 2215 reqularium
1745 2172 1782 2204 de
1807 2171 1907 2204 lecto-

1207 2227 1299 2259 ribus
1317 2226 1546 2258 monachorwn
1566 2226 1775 2258 cremilurwn
1801 2225 1906 2257 sancti

1210 2279 1407 2321 Hieronymi
1423 2278 1637 2311 Lombarde'ae
1650 2282 1718 2321 post
1736 2277 1906 2310 duodecim

1210 2342 1310 2364 annos
1335 2332 1377 2364 ad
1400 2332 1568 2374 prioratus
1598 2330 1749 2363 titulares
1777 2340 1906 2373 promo-

1210 2384 1351 2418 condis&

1221 2475 1230 2500 1
1259 2473 1295 2500 De
1325 2473 1455 2500 electione
1484 2472 1606 2508 priorum
1635 2471 1805 2508 aliorumque
1834 2475 1906 2499 extat

1166 2518 1285 2553 Gregorii
1305 2517 1362 2543 XIII
1383 2521 1467 2544 const.
1490 2517 1553 2543 edit.
1574 2523 1704 2550 untxxw,
1721 2516 1763 2543 die
1778 2517 1812 2544 26
1827 2517 1903 2551 maii,

1166 2562 1263 2597 pontis.
1280 2568 1320 2596 iu,
1336 2565 1363 2588 et
1378 2561 1457 2588 liuius
1473 2561 1608 2588 Pontificis
1624 2565 1709 2589 const.
1727 2561 1771 2589 ed.
1788 2568 1903 2596 uncxcv,

1166 2608 1209 2634 die
1232 2608 1262 2634 19
1283 2607 1407 2641 ianuarii,
1424 2606 1519 2642 pontif.
1541 2612 1576 2634 tv.
