2254 3225
229 253 278 277 An.
299 250 326 277 c.
344 250 406 276 iam
456 240 520 274 5334

265 418 333 437 (Itrit'r
351 416 375 436 V.

258 445 286 463 liu
306 444 375 463 utlivni

230 472 333 495 petulans
348 469 402 492 magi

230 500 267 517 sti-1
285 496 398 521 gencralts.

421 299 569 331 absolute
595 297 724 330 nomine
757 301 789 330 et
815 296 906 329 titulo
933 294 1074 337 magistri

423 351 540 384 neralis
565 356 682 383 utatur.

467 415 488 437 1.
515 404 681 437 Generalis
699 403 849 446 magister
868 401 1082 434 universalem
1102 399 1156 431 ha—

405 444 498 490 {beat
533 462 723 501 potestatem
754 457 785 488 in
813 461 877 488 toto
903 453 1042 491 Ordine,
1068 452 1155 484 illam

424 511 574 544 videlicet
598 521 676 554 quae
703 508 863 552 supremis
887 505 1038 550 praelatis
1054 504 1157 537 cuius-

424 565 501 597 libet
527 563 655 597 Ordinis
682 567 727 596 est
755 563 793 594 de
820 562 889 593 iure
914 557 1074 592 communi
1108 557 1156 588 vel

424 616 602 661 privilegiis
626 626 777 649 concessa
803 619 830 646 et
852 614 881 645 in
903 616 1068 655 posterum
1087 620 1158 642 con-

425 669 589 707 cedenda,
614 668 651 700 ad
686 668 792 700 omnia
825 676 906 709 quae
939 674 974 697 ev
1001 662 1157 707 peculiari

426 727 545 755 statuto
570 721 671 754 nostri
686 720 814 752 Ordinis
841 729 903 751 non
929 716 1066 749 suntilli
1086 726 1159 759 pro-

427 775 537 814 hibita,
550 779 579 806 et
597 774 634 806 ad
653 784 760 806 curam
778 782 831 804 seu
849 769 1159 803 administrationem

427 828 524 861 totius
556 826 684 859 Ordinis
725 831 786 858 tani
824 824 1035 867 spiritualiter
1064 832 1159 864 quam

427 880 651 923 temporaliter
675 878 901 911 everrendam.
928 876 1018 909 Unde
1043 885 1102 918 per
1126 885 1159 905 se

428 935 530 966 solum
556 933 587 965 in
613 932 762 965 omnibus
795 936 823 963 et
850 929 983 972 singulis
1010 939 1078 961 eam
1105 938 1159 971 po-

429 992 575 1019 testatem
610 986 729 1018 lrabeat
761 984 792 1016 iu
820 988 884 1016 toto
911 982 1040 1021 Ordine,
1067 991 1160 1024 quam

428 1037 636 1082 provincialis
666 1038 697 1069 in
732 1038 788 1069 sua
813 1035 995 1079 provincia,
1023 1040 1054 1067 et
1077 1044 1162 1066 com-

428 1091 597 1123 mendator
621 1100 675 1121 seu
702 1090 865 1132 praelatus
891 1088 1027 1131 quisque
1052 1086 1161 1119 localis

431 1143 461 1175 in
498 1145 554 1175 sua
587 1141 777 1175 commenda
807 1142 854 1173 vel
881 1141 997 1180 domo;
1031 1139 1164 1182 insuper

430 1206 498 1227 eam
524 1205 605 1238 quae
631 1194 670 1226 ad
687 1193 844 1226 rationem
859 1192 906 1225 sni
925 1192 1022 1226 officii
1038 1202 1073 1224 ex
1093 1192 1162 1224 iure

430 1246 593 1281 communi
636 1252 691 1279 aut
725 1246 895 1289 privilegio
940 1256 975 1278 ex
1008 1245 1162 1278 nostrisve

430 1299 716 1334 constitutionibus
749 1304 921 1341 expectare
951 1303 1070 1341 potest.
1098 1298 1160 1330 Ve-

430 1358 614 1385 rumtamen
628 1352 818 1384 inferiorum
837 1352 1056 1394 praelatorum
1071 1350 1164 1382 mini-

431 1406 531 1438 sterio
553 1415 619 1437 non
643 1414 676 1436 se
701 1403 878 1436 immisceat
903 1403 963 1435 nisi
982 1403 1022 1435 ob
1041 1413 1165 1435 eorum-

432 1459 504 1491 dem
524 1458 698 1492 desectum.
718 1457 767 1489 vel
785 1467 856 1488 cum
881 1456 1050 1498 prudentia
1068 1461 1099 1487 et
1118 1466 1165 1487 ra-

433 1509 615 1543 tionabilis¹
637 1519 731 1542 causa
747 1508 779 1542 id
798 1508 1019 1551 postulaverit,
1037 1518 1165 1551 semper

434 1569 539 1595 tamen
565 1562 738 1595 inferiores
763 1561 810 1594 illi
841 1571 954 1604 parere
980 1565 1163 1593 teneantur.

477 1624 511 1647 ιι.
527 1613 603 1647 Cum
618 1613 715 1656 igitur
733 1613 793 1657 ipsi
813 1613 987 1653 incumbat,
1002 1618 1165 1655 tamquam

434 1667 577 1710 generali
598 1667 718 1710 pastori
737 1671 768 1699 et
786 1666 931 1706 antistiti,
948 1665 1100 1699 Ordinem
1121 1666 1167 1698 vi-

435 1721 532 1753 sitare
547 1725 578 1753 et
602 1720 751 1763 proprias
771 1730 847 1753 oves
867 1729 1074 1762 cognoscere,
1099 1729 1168 1761 pro-

434 1779 549 1816 pterea
580 1773 681 1816 ipsius
718 1772 936 1806 conscientiae
966 1772 1169 1805 consulendo

435 1826 651 1883 praecipimus
683 1826 715 1859 in
739 1826 891 1864 Domino,
917 1830 952 1857 ut
976 1825 1007 1857 in
1032 1830 1169 1867 utroque

436 1878 579 1911 triennio
606 1884 705 1911 totum
729 1878 882 1911 Ordinem
908 1883 939 1911 et
959 1878 1066 1910 omnia
1084 1877 1170 1910 illius

436 1932 631 1966 monasteria
666 1942 725 1975 per
756 1941 788 1964 se
821 1931 870 1964 vel
895 1930 1030 1963 idoneos
1056 1930 1171 1961 fratres

439 1986 479 2028 (si
504 1986 572 2028 ipse
598 1995 663 2018 non
680 1984 798 2027 valeat)
816 1983 902 2016 omni
920 1983 1025 2016 studio
1043 1983 1171 2015 visitare

437 2049 504 2073 non
529 2038 665 2070 desinat.
692 2037 727 2069 ln
762 2039 820 2069 sua
851 2041 957 2070 autem
991 2036 1171 2069 visitatione

440 2102 474 2125 se
498 2091 648 2124 omnibus
673 2091 792 2122 iustum
818 2096 850 2122 et
873 2089 982 2122 mitem
1009 2089 1171 2129 exhibeat,

441 2156 476 2177 ac
512 2144 669 2187 regularis
703 2142 928 2176 observantiae
969 2147 1170 2182 amatorem,

440 2207 526 2244 nunc
554 2197 653 2229 verbo
670 2222 677 2235 ‚
710 2206 793 2228 nunc
826 2196 963 2235 baculo,
994 2196 1042 2228 vel
1070 2196 1173 2227 ferrea

442 2251 538 2286 ctiam
557 2248 643 2291 virga
668 2248 857 2291 corripiens,
877 2250 903 2280 si
921 2258 1053 2281 necesse
1069 2248 1172 2287 suerit,

442 2309 522 2339 rant
546 2312 659 2336 omnes
693 2302 753 2334 sibi
780 2302 933 2341 subditos,
960 2308 1112 2344 quantum
1136 2301 1173 2333 sit

443 2355 611 2401 possibile,
638 2355 671 2387 in
694 2355 811 2387 bonam
837 2355 960 2396 frugem
977 2360 1007 2387 et
1031 2364 1174 2387 severam

443 2408 572 2443 Ordinis
597 2407 800 2450 disciplinam
827 2406 965 2439 inducat.

488 2473 534 2496 111.
577 2460 799 2494 Omnimodam
840 2464 948 2492 autem
988 2464 1176 2503 potestatem

445 2516 562 2550 habeat
585 2513 804 2553 modificandi,
826 2512 1062 2545 rationabiliter
1086 2518 1116 2545 et.
1140 2523 1175 2545 ex

445 2570 538 2602 causa
562 2572 597 2600 ut
625 2566 774 2610 superius
799 2565 1030 2608 praemittitur,
1057 2574 1177 2608 poenas

483 2632 494 2657 1
516 2629 586 2656 Edit.
607 2628 685 2655 Μαίη,
708 2627 772 2663 tegit
792 2626 964 2654 rationabili
985 2626 1023 2661 (n.
1041 2626 1088 2658 τ.).

1102 304 1155 335 30·

1003 244 1178 269 fli'LtAP-lt'iit
1205 244 1357 267 noittxttn

1198 291 1256 323 hac
1283 289 1510 324 constitutione
1537 287 1691 328 inflictas,
1718 286 1859 331 exceptis
1885 291 1929 319 ta-

1199 353 1271 376 men
1297 342 1423 375 casibus
1448 342 1486 374 ab
1511 344 1548 375 ea
1571 341 1732 385 praefixis.

1243 406 1282 428 iv.
1311 395 1412 438 Ipsius
1438 395 1571 437 insuper
1594 399 1639 426 est
1665 392 1833 437 potestatis
1858 402 1929 435 gra·

1199 450 1257 482 dus
1283 448 1408 482 Ordinis
1434 447 1635 487 confirmare,
1663 458 1698 480 ac
1724 447 1848 490 reliqua
1873 455 1930 489 per

1199 512 1231 534 se
1256 501 1369 544 exequi
1397 511 1478 544 quae
1510 499 1587 533 olim
1619 499 1798 542 agebantur
1824 499 1855 532 in
1880 508 1930 530 ca-

1200 554 1302 597 pitulo
1328 554 1469 596 generali
1488 552 1680 586 intermedio
1700 552 1785 584 iuxta
1801 551 1890 585 Pauli
1908 550 1930 582 V

1200 612 1232 640 et
1254 606 1374 639 Urbani
1396 605 1458 638 vttl
1484 606 1623 645 decreta,
1649 605 1765 648 quibus
1781 604 1931 648 equidem

1202 659 1385 692 insistente>-
1418 659 1596 702 praefatum
1630 658 1783 701 generale
1807 656 1933 700 capitu-

1202 713 1265 744 lum
1300 711 1529 744 intermedium
1563 711 1601 743 de
1634 715 1740 744 cetero
1772 709 1931 743 celebrari

1202 764 1333 797 omnino
1358 763 1584 807 prohibemus.

1247 829 1275 850 v.
1307 818 1351 850 Ad
1379 828 1448 850 eum
1482 816 1576 850 etiam
1611 815 1765 860 privative
1795 814 1937 859 pertinet

1203 871 1393 915 adoptiones
1420 875 1450 902 et
1482 870 1651 903 filiationes
1684 869 1816 901 fratrum
1842 867 1937 901 unius

1205 924 1388 968 provinciae
1406 924 1438 956 in
1455 923 1548 955 aliam
1567 922 1763 955 constituere
1780 933 1788 962 ;
1814 922 1839 955 si
1853 932 1936 966 quae

1205 982 1309 1008 autem
1335 975 1543 1008 commendae
1565 974 1746 1007 vacaverint
1762 974 1794 1006 in
1809 974 1939 1017 provin-

1205 1029 1251 1060 cia
1275 1028 1330 1060 ubi
1355 1027 1530 1071 reperitur,
1553 1032 1663 1070 potest
1687 1036 1740 1059 eas
1759 1037 1819 1070 pro
1845 1027 1938 1059 libito

1205 1081 1367 1121 conferre,
1394 1081 1470 1113 dum
1496 1085 1601 1113 tamen
1626 1079 1833 1123 provincialis
1859 1077 1941 1112 eius-

1206 1135 1278 1168 dem
1304 1133 1489 1178 provinciae
1524 1133 1820 1166 commendatorem
1851 1132 1940 1176 prius

1206 1198 1269 1221 non
1301 1186 1449 1229 elegerit.
1485 1185 1575 1219 Unde
1608 1186 1694 1218 inter
1725 1186 1811 1229 ipsos
1842 1195 1942 1228 super

1207 1242 1269 1273 lioc
1286 1241 1317 1273 in
1336 1240 1502 1283 praedicto
1519 1249 1591 1271 casu
1610 1239 1854 1282 praeventionis
1872 1238 1942 1272 iura

1206 1293 1445 1329 constituimus.
1463 1291 1619 1325 Similiter
1643 1292 1674 1324 in
1697 1290 1873 1335 provincia,
1891 1291 1941 1324 cui

1207 1347 1394 1389 magistrum
1419 1347 1531 1379 adesse
1556 1345 1746 1388 contigerit,
1774 1345 1801 1378 si
1826 1345 1942 1378 defini-

1209 1399 1324 1432 torium
1357 1399 1542 1442 provinciae
1569 1398 1754 1431 habendum
1778 1397 1835 1438 sit,
1862 1397 1942 1431 illud

1208 1462 1386 1485 convocare
1412 1455 1536 1494 potest,
1562 1455 1593 1484 et
1618 1451 1646 1483 ei
1672 1450 1795 1493 pariter
1818 1449 1944 1493 praesi-

1209 1506 1295 1544 dere,
1314 1510 1409 1548 atque
1435 1504 1556 1536 habere
1581 1502 1788 1546 suffragium;
1818 1503 1851 1535 in
1878 1503 1944 1537 ele-

1208 1558 1311 1590 ctione
1330 1556 1449 1601 prioris
1466 1555 1753 1596 Barchinonensis,
1775 1555 1800 1588 si
1819 1555 1946 1588 electio·

1211 1611 1258 1642 nis
1277 1615 1422 1653 tempore
1442 1609 1474 1641 in
1492 1610 1529 1641 ea
1547 1609 1641 1641 domo
1660 1608 1757 1640 suerit
1771 1607 1922 1641 inventus
1936 1634 1943 1648 ,

1211 1673 1275 1695 non
1301 1661 1491 1694 dissimilem
1516 1666 1710 1704 potestatem
1742 1660 1866 1694 habere
1891 1660 1947 1694 de-

1211 1716 1375 1749 cernimus
1399 1719 1434 1746 ut
1458 1719 1616 1748 convocet
1635 1719 1667 1747 et
1687 1713 1874 1758 praesideat
1889 1724 1947 1758 pa-

1211 1769 1354 1813 riterque
1379 1777 1494 1801 vocem
1519 1767 1651 1800 habeat.

1255 1833 1298 1855 vi.
1324 1822 1371 1855 Ad
1402 1820 1595 1864 magistrum
1625 1830 1758 1864 quoque
1788 1819 1947 1864 privative

1213 1875 1328 1908 attinet
1352 1874 1544 1909 sententiam
1569 1873 1771 1917 expulsionis
1791 1873 1876 1906 serre
1901 1873 1950 1906 iu-

1215 1929 1315 1961 ridice
1340 1928 1373 1960 in
1407 1927 1603 1960 criminosos
1638 1925 1878 1968 incorrigibiles
1910 1927 1949 1959 ea

1216 1983 1319 2015 forma
1343 1991 1439 2025 quam
1464 1980 1615 2023 superius
1641 1979 1894 2012 declaravimus.

1257 2045 1314 2069 vu.
1340 2034 1419 2067 Item
1443 2033 1599 2076 magister
1624 2031 1787 2074 generalis
1805 2031 1905 2064 debet
1921 2040 1949 2063 a·

1216 2089 1280 2131 pud
1298 2098 1332 2121 se
1350 2087 1473 2120 habere
1495 2086 1560 2118 duo
1578 2084 1693 2127 sigilla,
1711 2083 1864 2117 videlicet
1882 2094 1949 2116 ma-

1216 2152 1314 2184 gnum
1340 2146 1373 2174 et
1396 2150 1537 2184 parvum,
1560 2139 1591 2171 in
1618 2148 1753 2181 quorum
1779 2137 1884 2180 primo
1908 2136 1950 2168 sit

1217 2194 1318 2226 incisa
1343 2194 1450 2235 imago
1486 2190 1697 2224 revelationis
1722 2188 1851 2223 Ordinis
1876 2199 1949 2222 cum

1217 2247 1360 2279 eiusdem
1387 2249 1478 2277 scuto
1504 2248 1535 2276 et
1559 2242 1798 2281 stemmatibus,
1823 2241 1950 2284 istoque

1217 2299 1374 2332 versiculo
1405 2307 1465 2340 per
1498 2295 1653 2328 limbum:
1687 2294 1949 2337 Redemptionem

1217 2352 1306 2384 misit
1331 2351 1488 2384 Dominus
1513 2347 1633 2391 populo
1649 2357 1728 2386 suo,·
1756 2347 1786 2379 in
1804 2346 1950 2379 secundo

1218 2411 1325 2438 autem
1351 2404 1415 2436 sint
1441 2407 1566 2435 tantum
1590 2399 1757 2443 praedicta
1781 2399 1950 2441 religionis

1219 2462 1399 2496 stemmata;
1426 2464 1489 2498 quo
1514 2459 1548 2486 ut
1566 2464 1640 2487 vere
1658 2452 1775 2486 minori
1788 2457 1898 2485 utatur
1918 2451 1951 2484 in

1220 2510 1316 2542 rebus
1341 2507 1532 2546 minoribus,
1552 2506 1607 2539 illo
1628 2515 1704 2538 vero
1725 2505 1757 2537 in
1774 2504 1952 2538 maioribus

1222 2568 1354 2601 tantum,
1379 2570 1460 2603 quae
1486 2569 1544 2603 pro
1564 2559 1611 2592 rei
1635 2559 1802 2591 maiestate
1827 2558 1873 2590 sie
1898 2567 1954 2600 po-

1220 2616 1358 2654 stulant·,
1376 2614 1413 2646 ad
1431 2618 1684 2656 perpetuamque
1701 2612 1746 2644 rei
1764 2610 1954 2645 memoriam

1935 238 1984 265 An.
2005 237 2034 264 C.
2053 237 2117 265 teon
