2254 3225
210 237 259 264 An.
281 237 309 264 C.
329 238 394 264 1693
440 231 504 263 500
978 244 1156 268 mmmmm!

403 287 548 330 iudicari,
573 294 626 322 aut
650 290 796 334 cuiquam
822 291 896 324 novi
917 291 997 326 iuris
1015 292 1137 337 acquiri
1157 287 1160 307 ἶ

405 341 609 376 decernimus
636 349 665 376 ct
691 344 901 378 declaramus.

211 403 393 450 11..-‘³⁰'¹„31¹¹]1⁹1¹1]‘if.¹,-¹iss
448 395 463 438 ἓ
488 394 520 428 3.
546 394 720 429 Praeterea
744 397 910 440 cupientes
925 397 957 431 in
975 399 1160 452 praedicta}

211 455 251 474 im<
290 449 514 485 vqupuresnostra
547 449 703 492 pastorali
740 449 925 484 visitatione
957 452 1138 486 animarum

212 485 336 506 praesertim
366 483 395 502 in-

212 510 278 531 1111112.
319 500 509 541 ‹1¹11¹›ussaluti,
536 506 690 544 quantum
714 501 747 534 in
771 502 865 535 nobis
883 507 944 544 est,
971 504 1139 547 prodesse,

213 541 257 553 ιιιιιι
257 552 260 553 ⁷
260 534 334 555 'editur
360 535 395 555 be·
1158 542 1161 558 ¹

212 556 443 607 i·¹··v;=‹21=0sadpo¹-ac
468 553 563 586 etiam
588 555 776 596 corporales
807 554 925 587 Christi
962 564 1161 600 paupcrum¹3

212 592 592 649 {daubin-'ninidpariterque
625 606 826 640 infirmorum
862 607 1060 651 indigentias
1086 609 1162 656 pas¹

211 644 292 691 'sistii’fm
306 639 498 691 e“euw'terna
509 658 664 692 charitate
681 659 859 700 sublevare,
877 660 1141 704 circumspectio·
1160 657 1162 668 ’

405 710 437 743 ni
463 716 587 744 vestrae
612 716 643 744 et
666 717 807 745 vestrum
833 713 965 746 cuilibet
988 723 1141 756 praescn-

407 763 485 796 tium
501 764 584 797 serie
606 765 806 806 mandamus,
827 770 862 798 ut
878 766 1074 799 coniunctim
1093 767 1142 799 vel
1160 769 1164 808 ξ

407 815 534 848 divisim
554 817 728 860 parochias
746 818 953 851 eeclesiarum
970 818 1144 861 diligenter
1160 843 1163 848 .

406 869 607 910 perlustrare
633 875 664 902 et
686 870 878 914 perquirere
908 871 1072 912 studeatis,
1098 877 1143 904 at-

406 932 469 964 que
501 932 611 955 earum
635 932 797 966 pauperes
822 923 969 958 infirmos
1002 925 1143 968 graviter

407 974 637 1008 decumbentes
654 975 798 1018 singulos
817 982 930 1010 nostro
948 977 1079 1010 nomine
1100 977 1143 1010 vi-
1162 989 1163 1010 t

405 1026 525 1066 sitctis,
550 1028 762 1070 apostolicam
796 1034 827 1063 et
851 1035 992 1063 nostram
1019 1031 1064 1063 eis
1088 1031 1163 1070 bc-,

405 1080 635 1120 nedictioncm,
654 1086 689 1112 ut
706 1081 804 1114 moris
820 1088 875 1122 est,
902 1084 1003 1116 semel
1024 1082 1144 1126 impar·
1163 1107 1165 1129 t

1179 244 1335 270 ROMANUM

1180 293 1289 327 dinem
1314 294 1516 337 necessariis,
1538 295 1781 339 temporalibus,
1796 296 1915 340 quibus

1180 356 1266 380 nune
1301 352 1477 391 urgentur,
1517 359 1631 382 eorum
1668 349 1915 384 necessitatibus

1180 405 1357 433 succurrat.

1224 452 1239 495 ς
1262 452 1294 485 4.
1313 452 1383 486 Non
1401 454 1607 488 obstantibus
1624 455 1915 490 constitutionibus

1181 508 1214 536 et
1229 504 1490 538 ordinationibus
1509 507 1711 549 apostolicis,
1732 508 1828 542 etiam
1845 519 1917 543 con-

1181 556 1359 596 ciliaribus,
1379 561 1409 591 et
1433 559 1644 593 ecclesiarum
1661 587 1669 600 ,
1702 561 1916 595 monasterio-

1181 619 1265 649 rum,
1292 609 1510 652 hospitalium,
1537 610 1712 654 Ordinum,
1739 623 1917 657 congrega-

1182 661 1315 703 tionum,
1330 662 1503 704 societatis,
1518 664 1714 707 militiarum,
1725 666 1821 699 etiarn
1840 667 1917 700 dicti

1183 714 1354 757 hospitalis
1390 715 1421 748 S.
1452 716 1581 750 Ioannis
1605 717 1914 762 Hierosolymitani‚

1183 767 1591 812 archiconfraternitatum‚
1606 771 1916 812 confraternitatum,

1183 825 1214 853 et
1238 821 1374 853 aliorum
1399 822 1548 856 locorum
1568 828 1600 856 et
1624 834 1761 867 operum
1789 825 1916 868 piorum

1185 873 1379 914 huiusmodi,
1406 874 1504 907 etiam
1529 875 1724 917 iuramento,
1748 877 1918 912 confirma-

1184 925 1271 958 tione
1286 927 1474 969 apostoliea,
1492 929 1543 961 vel
1561 929 1670 972 quavis
1689 928 1840 963 firmitate
1857 930 1919 964 alia

1184 978 1368 1018 roboratis,
1395 979 1523 1012 statutis
1554 986 1584 1013 et
1609 982 1917 1023 consuetudinibus,

1185 1029 1279 1062 etiam
1305 1029 1618 1066 immemorabilibus
1635 1059 1643 1073 ,
1669 1033 1917 1075 stabilimentis,

1184 1082 1295 1124 usibus
1321 1088 1353 1116 et
1377 1084 1513 1124 naturis,
1538 1095 1574 1117 ac
1598 1086 1679 1129 stylo
1704 1086 1832 1127 curiae,
1854 1086 1919 1130 pri-

406 1132 541 1171 damini,
569 1143 691 1176 eosque
716 1134 861 1176 paternis
882 1135 1014 1168 monitis
1039 1139 1072 1168 et
1094 1145 1144 1168 sa·
1162 1148 1166 1183 ς
1183 1135 1310 1178 vilegiis
1335 1146 1474 1179 quoque,
1494 1137 1637 1179 indultis,
1658 1139 1919 1183 exemptionibus

404 1184 567 1218 lutaribus
586 1187 866 1220 consolationibus
884 1187 1049 1228 recreetis,
1068 1188 1144 1221 hor·
1163 1185 1166 1234 J
1186 1193 1218 1221 et
1241 1188 1357 1221 litteris
1384 1190 1583 1232 apostolicis,
1601 1192 1790 1234 praemissis
1809 1197 1842 1225 et
1858 1191 1920 1225 cui-

407 1241 511 1270 tantes
536 1238 622 1281 ipsos
639 1244 671 1270 ut
690 1239 718 1270 in
739 1239 921 1273 humilitate
938 1245 970 1273 et
987 1240 1145 1283 patientia
1163 1283 1164 1286 Ἴ
1184 1240 1252 1273 vis¹
1278 1241 1411 1276 illorum
1426 1269 1433 1282 ,
1460 1253 1497 1275 ae
1529 1243 1754 1286 superioribus
1785 1250 1818 1278 et
1847 1255 1921 1288 per-

407 1295 543 1333 propter
567 1291 664 1323 Deum
701 1293 849 1335 corporis
874 1293 1091 1327 infirmitatem
1114 1299 1146 1326 et
1185 1293 1274 1327 sonis
1308 1304 1419 1328 eorum
1456 1296 1705 1339 quomodolibet
1728 1298 1920 1341 nuncupatis

407 1342 539 1375 dolores
564 1344 749 1383 sustineant,
777 1346 866 1379 etad
892 1347 1073 1389 parc-ndum
1098 1347 1144 1379 di·
1185 1352 1218 1379 et
1241 1347 1455 1390 qualilicafis,
1482 1348 1541 1381 sub
1567 1349 1826 1393 quibuscumque
1850 1361 1920 1384 ver—

406 1394 498 1428 vinae
524 1396 680 1429 voluntati
697 1423 703 1436 ,
729 1397 1001 1441 quandocumque
1027 1399 1054 1431 ei
1080 1401 1145 1442 pla-
1163 1433 1165 1441 ,
1184 1399 1300 1432 borum
1326 1400 1494 1434 tenoribus
1513 1406 1544 1433 et
1562 1401 1683 1443 formis,
1702 1413 1739 1435 ac
1759 1413 1829 1435 cum
1852 1403 1921 1446 qui-

407 1447 511 1480 cuerit
534 1448 623 1491 ipsos
660 1460 695 1482 ex
729 1449 793 1482 hoc
826 1452 955 1483 saeculo
981 1462 1143 1492 revocare,
1184 1451 1294 1484 busvis
1321 1452 1417 1485 etiam
1443 1453 1722 1496 derogatoriarum
1746 1455 1919 1498 derogato-

407 1509 441 1532 se
467 1500 519 1542 pic
545 1504 575 1533 et
600 1501 776 1534 christiane
797 1508 1014 1545 praeparent,
1042 1504 1164 1571 since-i

408 1562 509 1595 roquc
534 1553 633 1586 corde
655 1554 692 1586 ad
719 1554 820 1589 Deum
844 1556 990 1588 conversi
1017 1556 1146 1589 humili-

408 1610 458 1638 ter
482 1606 521 1638 ab
547 1616 585 1639 eo
611 1617 742 1640 suorum
779 1612 986 1651 peccatorun‘i
1018 1610 1144 1643 veniam

406 1662 527 1702 petant,
553 1653 648 1702 atqti'e
666 1660 774 1693 omnia
798 1661 1018 1695 ecclesiastica
1039 1673 1144 1695 sacra-

407 1717 525 1751 menta,
551 1713 667 1755 quibus
693 1714 922 1748 christifideles
945 1726 981 1748 ex
1008 1716 1146 1748 hacvita

407 1764 573 1806 migraturi
601 1776 635 1799 sc
660 1767 866 1809 praemunire
903 1769 1010 1801 solent
1034 1774 1067 1801 et
1091 1769 1166 1802 dc-'

406 1817 496 1857 bem,
512 1818 625 1850 devote
641 1824 672 1851 et
685 1821 1069 1864 reverenterstctscipiant.
1083 1821 1145 1854 Nos
1162 1828 1166 1867 ἱ·

409 1868 494 1900 enim
521 1879 633 1902 corum
660 1870 805 1912 singulis,
832 1877 904 1904 ante
929 1873 978 1904 vel
1004 1877 1072 1915 post
1092 1876 1164 1929 ve-<

408 1926 507 1953 stram
532 1921 759 1962 visitationem,
776 1927 808 1956 ut
826 1924 1052 1966 praemittitur,
1068 1937 1145 1969 poc-

407 1974 595 2013 nitentibus,
620 1975 777 2008 confessis
804 1981 833 2008 et
850 1977 902 2009 SS.
924 1977 1143 2012 Eucharistiae

408 2034 611 2060 sacramento
649 2029 795 2067 resectis,
833 2031 931 2063 semel
964 2033 1144 2074 plenariam

408 2080 551 2113 omnium
576 2086 784 2122 pcccatorum
817 2093 948 2115 suorum
976 2085 1166 2128 indulgen-³

1185 1504 1249 1544 riis,
1269 1504 1406 1548 aliisque
1421 1505 1669 1547 efficacioribus,
1686 1507 1917 1541 efficacissimis

1185 1562 1216 1589 et
1241 1557 1378 1590 insolitis
1402 1559 1553 1591 clausulis
1580 1564 1613 1592 ct
1646 1560 1786 1593 decretis
1821 1561 1920 1593 etiam

1185 1609 1396 1651 irritantibus,
1423 1611 1456 1643 in
1488 1621 1609 1654 genere
1635 1613 1684 1645 vcl
1723 1613 1754 1645 in
1789 1614 1918 1657 specie,

1185 1662 1280 1695 etiam
1304 1664 1532 1706 motuproprio
1557 1665 1606 1697 vel
1635 1665 1675 1698 ad
1700 1665 1916 1708 imperatoris,

1184 1726 1310 1758 regum,
1336 1717 1543 1758 reginarum,
1570 1727 1681 1751 rerum
1716 1718 1920 1762 publicarum

1186 1773 1217 1800 ct
1240 1769 1423 1811 principum
1450 1771 1671 1812 quorumlibet
1687 1781 1802 1814 preces
1824 1778 1855 1805 et
1872 1772 1920 1805 in-

1186 1821 1346 1860 stantiam,
1375 1831 1431 1854 seu
1459 1832 1570 1855 eorum
1595 1825 1869 1867 contemplatione
1887 1831 1920 1859 et

1185 1873 1313 1914 intuitu,
1336 1884 1372 1906 ac
1389 1874 1486 1908 etiam
1500 1875 1772 1910 consistorialiter
1789 1882 1821 1910 et
1841 1878 1918 1911 alias

1185 1927 1493 1971 quomodocumque
1511 1933 1543 1962 et
1557 1930 1830 1975 quandocumque
1847 1942 1920 1965 eon·

1185 1981 1294 2020 cessis,
1314 1980 1513 2014 confirmatis
1537 1988 1570 2014 et
1588 1983 1712 2026 pluries
1735 1983 1916 2026 innovatis;

1185 2033 1301 2075 quibus
1326 2033 1479 2066 omnibus
1497 2039 1529 2067 et
1552 2034 1697 2078 singulis,
1715 2036 1838 2070 etiamsi
1858 2047 1917 2080 pro

1184 2085 1315 2118 illorum
1342 2085 1514 2120 sufficienti
1540 2088 1753 2131 derogatione
1784 2090 1824 2123 de
1853 2089 1918 2123 illis

408 2132 484 2164 tiam
500 2136 529 2166 et
546 2133 771 2166 remissionem
790 2136 974 2177 elargimur.
993 2137 1143 2171 Volumus
1162 2119 1166 2172 i
1184 2149 1363 2182 corumque
1386 2139 1460 2172 totis
1479 2140 1645 2173 tenoribus
1670 2141 1828 2185 specialis,
1846 2152 1919 2186 spe-

408 2190 513 2217 autcm
534 2191 568 2217 ut
593 2196 630 2218 co
656 2186 782 2219 interim
809 2188 974 2221 vobiscum
1006 2191 1144 2224 atlduea-
1162 2193 1164 2207 ³
1185 2192 1285 2231 citica,
1305 2201 1460 2235 expressa
1475 2193 1696 2234 etindividua,
1712 2205 1747 2227 ac
1762 2195 1801 2228 de
1815 2196 1916 2229 verbo

408 2238 448 2270 tis
474 2238 627 2270 dilectum
661 2238 759 2271 filium
797 2246 942 2273 nostrum
976 2249 1004 2275 et
1030 2244 1142 2286 palatii
1162 2267 1164 2282 .
1185 2244 1222 2277 ad
1247 2246 1395 2284 verbum,
1418 2255 1484 2278 non
1502 2252 1606 2279 autem
1627 2257 1686 2289 per
1710 2257 1769 2290 per
1792 2250 1918 2281 clausu-

409 2289 577 2332 apostolici
612 2291 904 2333 eleemosynarium
921 2320 928 2333 ,
955 2294 1009 2337 qui
1047 2301 1144 2338 prout
1185 2298 1230 2329 las
1256 2298 1426 2339 generales
1444 2298 1530 2331 idem
1547 2299 1771 2342 importantes,
1792 2301 1915 2334 mentio

408 2343 639 2385 cuiuscumque
662 2345 850 2377 corumdem
872 2356 1051 2390 pauperum
1070 2359 1143 2391 ege·
1184 2361 1239 2382 seu
1259 2350 1391 2393 quaevis
1413 2350 1475 2383 alia
1492 2352 1657 2394 expressio
1683 2352 1842 2394 habenda,
1862 2359 1917 2388 aut

408 2400 472 2427 stas
488 2401 519 2428 et
533 2406 742 2438 pei·son;=rum
759 2398 903 2430 conditio
921 2401 1142 2443 postulaverit,
1184 2403 1290 2445 aliqua
1315 2403 1377 2435 alia
1402 2403 1561 2446 exquisita
1585 2404 1687 2437 forma
1704 2407 1743 2438 ad
1769 2406 1832 2440 hoc
1846 2417 1915 2441 set·-

409 2448 505 2480 etiam
531 2448 646 2480 oblatis
673 2451 782 2480 nostra
809 2450 954 2493 impensa
976 2453 1141 2486 eharitatis
1185 2456 1286 2488 valida
1311 2456 1406 2495 soret,
1434 2456 1560 2489 illorum
1585 2457 1729 2491 omnium
1753 2464 1783 2491 et
1807 2460 1917 2503 singu-

409 2500 570 2539 subsidiis,
596 2501 752 2543 pecuniis,
778 2502 867 2542 cibis,
886 2509 974 2546 potu,
994 2507 1143 2547 pharma-
1185 2510 1287 2540 lorum
1322 2514 1471 2547 tenores,
1505 2509 1623 2541 formas
1659 2516 1692 2543 et
1728 2512 1916 2546 occasiones

408 2553 463 2592 cis,
484 2553 636 2593 vestibus,
655 2554 852 2587 medicorum
871 2566 942 2598 ope,
962 2558 1141 2601 ceterisque
1185 2561 1410 2602 praesentibus
1442 2571 1502 2604 pro
1532 2563 1631 2604 plene
1663 2568 1694 2595 ct
1718 2564 1917 2599 sufficienter

409 2607 447 2640 ad
473 2607 591 2639 victum
611 2617 666 2640 seu
689 2608 725 2641 ad
748 2610 1002 2652 recuperandam
1022 2612 1142 2644 valetu-
1224 2623 1229 2647 t
1255 2621 1324 2648 Edit.
1347 2621 1424 2648 Maia.
1448 2622 1512 2658 tegit
1531 2624 1653 2652 rzu‘usvis
1675 2626 1714 2660 (n.
1730 2626 1779 2659 r).

1921 247 1972 277 An.
1992 249 2021 278 C.
2036 249 2106 278 1693

1951 465 2072 490 ctausutae.
