2254 3225
252 239 301 265 An.
322 237 350 264 C.
368 235 431 263 1691

481 226 544 260 32ss

443 283 657 326 praecipitur,
689 293 794 326 neque
824 292 953 322 rursus,
985 282 1038 325 qui
1075 280 1175 313 vicem

443 347 519 369 snae
545 335 765 369 alternationis
793 335 926 368 inferius
962 334 1176 368 declarandae

444 399 502 432 per
519 389 707 422 sexennium
723 388 916 432 expleverit,
935 388 1046 420 eadem
1061 387 1175 419 iterum

444 447 597 485 vergente
615 453 679 475 non
698 442 798 485 possit
813 442 919 474 denuo
936 441 969 474 in
990 441 1176 483 magistrum

444 496 632 537 generalem
656 495 790 534 assumi,
815 495 870 528 sed
892 493 1054 537 expectari
1080 493 1177 525 debet

444 558 584 591 sequens
608 548 716 591 ipsius'⁴
739 548 945 590 magistratus
973 546 1174 579 vicissitudo.

488 611 522 634 11.
549 601 608 634 Sex
630 607 734 634 antem
756 611 858 633 annos
874 601 1056 643 praedictos
1075 599 1178 632 mobi-

443 654 491 687 les
507 660 537 686 et
554 654 791 686 ecclesiasticos
806 653 1015 696 intelligimus
1028 652 1179 685 videlicet

443 718 461 738 a
485 707 621 739 sabbato
639 707 670 738 in
697 706 861 738 sabbatum
884 711 957 738 ante
984 704 1178 738 dominicam

444 758 666 798 Pentecostes,
693 760 775 792 vela
801 759 934 790 sabbato
959 758 990 790 in
1010 758 1178 790 sabbatum

443 816 514 843 ante
542 811 668 843 tertiam
695 811 887 844 dominicam
915 810 1070 850 octobris,
1098 820 1178 853 quae

443 874 507 895 non
535 864 647 896 codem
673 874 782 896 mense
808 864 856 896 vel
882 863 933 895 die
969 863 1177 905 contingunt,

443 916 529 948 unde
555 916 581 948 si
608 916 780 959 capitulum
807 917 957 958 generale
978 916 1178 959 praecedens

443 969 640 1002 celebratum
674 968 768 1001 tuerit
799 968 931 1001 sabbato
966 974 1039 1001 ante
1079 968 1180 1001 domi-

442 1021 547 1054 nicam
573 1022 789 1061 Pentecostes,
815 1021 878 1054 1100
906 1021 1019 1054 codem
1046 1021 1179 1054 sabbato

442 1084 494 1106 sev
532 1080 607 1117 post
639 1074 730 1106 annis
765 1074 966 1117 subsequens
1002 1074 1177 1116 capitulum

443 1126 626 1159 habendum
652 1126 693 1158 sit
724 1127 846 1169 absque
884 1126 994 1159 dubio.
1034 1126 1064 1159 Si
1102 1137 1178 1159 vero

442 1179 483 1211 ol)
504 1179 701 1211 vacationem
732 1179 937 1221 magistratus
963 1185 1035 1212 ante
1068 1190 1180 1212 sexen-

441 1231 529 1264 nium
563 1233 727 1274 expletum
753 1232 807 1273 (ut
834 1232 915 1265 intra
945 1233 1177 1274 constituitur)

442 1285 642 1326 praecedens
681 1285 855 1327 capitulum
899 1285 1097 1317 celebratum
1139 1285 1179 1316 sit

443 1337 577 1369 sabbato
593 1342 665 1369 ante
680 1337 873 1370 dominicam
886 1338 1012 1370 tertiam
1023 1337 1177 1377 octobris,

442 1399 580 1432 sequens
593 1389 624 1421 in
635 1390 738 1432 ipsum
750 1390 871 1422 recidat
885 1395 958 1433 post
972 1389 1176 1422 sexennium.

442 1441 533 1479 Quod
558 1441 583 1474 si
606 1441 647 1473 ob
673 1442 819 1474 camdem
847 1453 986 1481 causam,
1002 1442 1178 1484 capitulum

444 1494 604 1527 habeatur
621 1495 756 1527 sabbato
780 1500 852 1527 ante
873 1495 1107 1534 Pentecostem‚
1128 1505 1179 1527 ca-

443 1548 582 1590 pitulum
621 1548 806 1581 immediate
844 1549 1021 1581 succedens
1056 1547 1179 1590 pariter

443 1606 518 1643 post
543 1612 595 1633 sex
622 1612 724 1634 annos
749 1601 878 1634 finiatur
903 1601 934 1633 in
959 1601 1041 1643 ipso.

487 1664 534 1687 111.
562 1654 599 1686 Et
631 1655 775 1696 quamvis
806 1655 981 1697 aliquando
1016 1654 1076 1696 (ut
1100 1653 1179 1686 inse-

443 1706 512 1739 rius
538 1706 631 1740 etiam
651 1706 834 1749 ordinatur)
860 1707 899 1739 ad
925 1707 1092 1739 sabbatum
1107 1712 1178 1739 ante

443 1758 638 1792 dominicam
656 1759 819 1792 Trinitatis
839 1760 887 1792 vel
906 1762 1018 1802 quarta
1039 1759 1179 1792 octobris

443 1811 683 1851 transferatur,
722 1822 788 1845 non
823 1817 999 1855 propterea
1036 1812 1177 1844 futurum

442 1864 587 1907 proxime
619 1864 792 1906 capitulum
828 1866 936 1906 (extra
968 1875 1077 1897 casum
1115 1876 1178 1907 quo

444 1917 524 1949 llaec
548 1916 716 1949 translatio
742 1922 852 1950 octava
873 1917 996 1949 dierum
1013 1917 1178 1959 statuitur)

443 1981 458 2002 a
492 1969 665 2012 praedictis
703 1969 843 2002 sabbatis
880 1975 952 2002 ante
986 1970 1178 2002 dominIcam

445 2023 648 2056 Pentecostes
686 2027 740 2054 aut
765 2023 891 2055 tertiam
922 2023 1064 2056 octobris
1091 2034 1179 2056 amo-

442 2081 565 2113 veatur,
583 2075 640 2108 sed
658 2075 690 2107 in
709 2075 811 2118 ipsam
830 2076 935 2108 redire
950 2076 1178 2119 praecipimus.

488 2139 529 2162 1v.
558 2129 602 2161 Ad
621 2129 684 2161 hoe
702 2134 808 2161 autem
831 2130 1003 2172 capitulum
1027 2130 1179 2172 generale

445 2182 602 2225 (exceptis
629 2182 756 2214 casibus
782 2182 955 2214 vacationis
976 2182 1180 2224 magistratus

443 2235 577 2268 inferius
603 2235 819 2277 assignandis)
841 2246 952 2268 onmes
971 2235 1037 2268 cius
1055 2236 1180 2268 vocales

444 2289 625 2333 praesentis
650 2288 889 2321 constitutionis
922 2289 992 2321 iure
1024 2299 1179 2321 convoca-

444 2353 532 2381 mus,
559 2341 639 2374 itaut
664 2342 691 2373 vi
721 2341 806 2373 illius
838 2352 950 2373 omnes
986 2346 1182 2374 censeantur

445 2394 611 2428 convocati
637 2394 676 2426 ad
701 2404 798 2425 unum
833 2404 868 2425 ex
900 2393 1072 2435 praedictis
1109 2394 1181 2425 sab-

444 2447 538 2487 batis,
566 2458 603 2480 eo
630 2446 775 2489 praecise
813 2446 897 2488 quod
924 2446 1092 2488 expleatur
1112 2456 1181 2478 sex-

446 2500 590 2539 ennium,
611 2505 706 2542 atque
733 2499 814 2531 adeo
839 2502 1011 2530 teneantur
1027 2498 1179 2530 accedere

446 2553 484 2587 ad
510 2553 641 2585 domum
668 2562 725 2594 pro
752 2561 789 2583 eo
814 2550 1010 2582 celebrando
1042 2549 1075 2581 in
1107 2560 1180 2591 pro-

445 2606 527 2638 xime
564 2604 725 2648 superiori
774 2603 915 2646 capitulo
956 2602 1178 2645 designatam;

1021 232 1199 257 nULLAnnJM
1225 229 1378 254 ROMANUM

1219 277 1428 311 nihilominus
1464 275 1617 319 magister
1646 274 1807 317 generalis
1835 273 1955 317 poterit.

1219 342 1289 364 suas
1313 331 1437 363 litteras
1470 328 1707 362 convocatorias
1739 328 1777 360 ad
1813 338 1868 360 eos
1896 337 1954 370 op-

1219 389 1359 427 portuno
1387 388 1532 425 tempore
1558 382 1685 414 mittere
1709 381 1795 413 iuxta
1819 390 1954 413 consue-

1221 437 1362 469 tudinem
1387 434 1570 477 religionis.
1597 433 1685 472 Quod
1707 434 1837 477 quidem
1862 442 1955 476 prae-

1220 495 1305 522 stare
1321 487 1628 522 tenebitnrvicarius
1638 487 1800 531 generalis
1809 486 1952 527 Ordinis,

1220 542 1272 585 qui
1298 541 1330 574 in
1356 541 1424 574 eius
1448 541 1572 580 locum,
1599 540 1786 583 magistratu
1812 539 1956 582 qualibet

1221 594 1346 627 ratione
1367 598 1510 633 vacante,
1530 592 1730 632 successerit,
1748 592 1780 624 in
1798 592 1862 625 suis
1877 602 1955 625 sem-

1221 657 1279 689 per
1293 645 1411 680 litteris
1421 656 1549 679 causam
1560 644 1734 678 vacationis
1745 644 1952 678 declarando.

1221 700 1380 739 Ceterum,
1394 699 1420 731 si
1435 699 1592 741 magister
1609 697 1690 731 iuste
1716 697 1756 730 sit
1781 697 1956 741 impeditus

1223 758 1253 785 ct
1285 757 1426 795 nequeat
1465 752 1502 783 ad
1537 750 1790 784 celebrationem
1826 749 1956 793 capituli

1222 805 1385 848 g:neralis
1402 805 1568 844 accedere,
1589 803 1834 847 praesidemque
1851 804 1881 835 in
1900 803 1956 836 illo

1223 857 1438 891 nominaverit
1463 857 1562 900 (qnod
1588 857 1724 889 dicimus
1755 856 1788 888 in
1813 866 1851 889 eo
1883 865 1957 889 casu

1222 911 1373 943 vicarium
1411 909 1603 952 magistri),
1641 910 1762 941 nullam
1789 909 1814 941 is
1839 908 1957 941 habeat

1223 967 1417 1006 potestatem
1454 961 1668 1001 convocandi,
1697 961 1752 994 sed
1780 971 1838 1004 per
1862 971 1894 992 se
1925 960 1956 992 id

1224 1013 1338 1047 saciat¹
1363 1015 1518 1057 magister
1543 1013 1706 1056 generalis
1735 1018 1880 1056 ternpore
1906 1022 1957 1044 su-

1223 1067 1332 1111 perius
1357 1067 1534 1100 declarato.

1265 1130 1296 1153 v.
1330 1119 1539 1162 Quocumque
1571 1123 1675 1151 autem
1703 1118 1769 1152 sive
1803 1119 1958 1162 magistro

1223 1172 1288 1205 sive
1309 1171 1427 1205 vicario
1445 1171 1587 1214 generali
1605 1170 1732 1204 Ordinis
1751 1178 1958 1212 convocante,

1222 1225 1287 1258 sire
1323 1225 1419 1258 etiam
1457 1225 1525 1257 iure
1556 1229 1680 1257 tantum
1718 1224 1959 1258 constitutionis

1223 1277 1456 1310 convocatione
1484 1277 1564 1310 saeta
1580 1282 1611 1310 et
1630 1277 1803 1320 supposita,
1821 1282 1961 1320 utprae-

1224 1330 1355 1362 missum
1371 1336 1431 1369 est,
1450 1341 1562 1363 omnes
1581 1331 1707 1362 vocales
1726 1330 1763 1361 ad
1779 1330 1960 1372 praefatum

1223 1384 1374 1424 generale
1396 1383 1570 1426 capitulum
1595 1382 1702 1415 venire
1721 1387 1871 1415 tenentur
1887 1383 1959 1416 loco

1224 1440 1254 1467 et
1279 1435 1340 1474 die,
1366 1435 1419 1477 qui
1444 1434 1627 1478 praestituti
1644 1434 1774 1474 suerint,
1790 1434 1955 1478 inspectis.

1223 1488 1253 1520 Si
1279 1488 1332 1531 qui
1358 1498 1433 1521 vero
1458 1488 1631 1526 noluerint,
1654 1492 1707 1519 ant
1727 1486 1962 1530 suerintimpe-

1224 1540 1279 1572 diti
1305 1540 1460 1582 legitime,
1486 1539 1533 1571 ins
1558 1539 1697 1582 eligendi
1722 1544 1852 1572 maneat
1875 1539 1961 1582 apud

1222 1593 1295 1626 illos
1322 1593 1375 1636 qui
1400 1598 1590 1635 praesentes
1616 1592 1792 1624 extiterint.

1266 1657 1307 1679 v1.
1336 1647 1359 1678 Α
1380 1646 1431 1679 die
1456 1645 1699 1678 convocationis
1731 1645 1771 1678 ad
1807 1644 1956 1678 celebra-

1224 1700 1342 1732 tionem
1369 1699 1501 1741 capituli
1527 1709 1629 1741 usque
1661 1699 1700 1731 ad
1732 1698 1799 1731 eius
1831 1699 1960 1731 conclu·

1223 1751 1355 1791 sionem,
1382 1751 1415 1783 in
1440 1751 1588 1794 quolibet
1610 1751 1738 1784 Ordinis
1762 1750 1960 1784 monasterio

1223 1803 1275 1836 fiat
1300 1803 1445 1847 quotidie
1471 1805 1605 1847 supplex
1639 1804 1678 1836 ad
1713 1803 1813 1836 Deum
1845 1804 1961 1847 depre-

1223 1857 1305 1889 catio
1338 1867 1398 1900 pro
1432 1856 1515 1889 felici
1550 1856 1618 1889 eius
1660 1862 1795 1896 eventu,
1832 1861 1863 1889 et
1901 1866 1960 1899 pro

1222 1920 1382 1953 prospero
1408 1910 1566 1942 vocalium
1593 1909 1719 1942 itinere.
1746 1909 1821 1942 Post
1837 1908 1960 1942 Nonam

1223 1963 1331 2005 itaque
1357 1964 1404 1995 vel
1430 1963 1559 1995 missam
1580 1963 1665 1995 dicat
1685 1968 1859 1995 conventus
1877 1962 1963 2004 psal·

1225 2026 1330 2048 mum:
1357 2015 1410 2049 Ad
1443 2020 1470 2048 le
1506 2015 1610 2047 levavi
1644 2015 1792 2047 animam
1828 2025 1957 2053 meam,

1223 2074 1256 2100 nt
1281 2068 1374 2111 svip.²
1398 2068 1471 2100 dist.
1493 2078 1526 2100 111
1549 2078 1618 2110 cap.
1645 2077 1703 2106 xv;
1726 2077 1790 2110 qno
1815 2071 1958 2109 peracto,

1223 2120 1485 2162 cantet-incipiat:
1500 2120 1587 2158 Veni,
1601 2119 1714 2151 Sancte
1724 2118 1876 2162 Spiritus,
1886 2123 1956 2157 etc„

1224 2178 1254 2204 et
1280 2172 1394 2204 deinde
1419 2172 1522 2214 Kym'e
1539 2171 1667 2212 cleison,
1690 2170 1815 2204 Christe
1831 2170 1960 2210 eleison,

1223 2225 1327 2267 Kyme
1351 2224 1479 2263 eleison,
1511 2223 1604 2256 Pater
1629 2227 1745 2262 noster,
1772 2228 1833 2256 etc.

1264 2278 1295 2317 5.
1320 2279 1353 2308 Et
1369 2287 1404 2307 ne
1423 2288 1475 2307 nos
1492 2277 1612 2307 inducas·
1632 2278 1660 2306 in
1677 2277 1879 2313 tentationem,

1263 2326 1295 2363 ¹13·
1319 2325 1373 2354 Sed
1390 2324 1479 2354 libera
1498 2334 1549 2354 nos
1565 2334 1579 2353 a
1597 2325 1681 2353 malo.

1264 2371 1295 2410 p<
1320 2371 1425 2400 Emitte
1441 2371 1582 2409 Spiritum
1603 2374 1683 2399 tuum
1699 2373 1725 2398 et
1742 2369 1932 2406 creabuntur,

1266 2420 1297 2457 [ι’.
1323 2418 1353 2446 Et
1371 2417 1523 2446 renovabis
1537 2417 1636 2445 taciem
1654 2421 1759 2445 terrae.

1264 2474 1295 2503 )-
1320 2464 1419 2493 Salvos
1442 2464 1484 2491 sac
1507 2471 1608 2493 servos
1627 2466 1702 2498 tuos,

1263 2512 1295 2550 15¹.
1320 2510 1393 2539 Deus
1415 2518 1507 2543 mens,
1532 2512 1683 2547 sperantes
1707 2508 1736 2537 in
1760 2512 1797 2536 te.

1261 2571 1268 2594 1
1293 2567 1341 2594 Ε11.
1356 2567 1435 2594 nain.
1451 2568 1502 2600 leg.
1514 2566 1635 2600 ‹lis'acinl
1651 2574 1698 2599 pro
1716 2566 1744 2591 ιἰΙ
1759 2567 1851 2599 sacca!
1866 2564 1958 2599 (afr.)-

1262 2613 1270 2636 1
1296 2609 1364 2636 Edit.
1389 2609 1470 2636 Maia.
1493 2608 1570 2635 babet
1597 2616 1603 2636 1
1627 2616 1675 2642 pro
1696 2616 1755 2642 sapv
1780 2609 1817 2642 (n.
1839 2609 1889 2642 T.)-

1957 224 2010 253 An.
2031 224 2060 253 C.
2077 224 2140 253 ¹001
