2254 3225
237 237 284 263 Λη.
307 235 334 262 c.
355 235 420 262 ¹002
465 226 529 259 1456

428 291 553 318 secrete
584 283 743 327 recipiant
773 293 791 315 a
821 280 970 325 quolibet
1004 280 1166 314 catholico

428 337 571 370 antistite
597 336 733 380 gratiam
758 340 789 368 et
809 333 1068 368 communionem
1093 343 1165 367 cum

427 390 511 424 Sede
529 389 716 434 Apostolica
740 388 891 427 habente,
917 391 949 420 et
964 391 1050 426 tunc,
1071 390 1102 418 et
1119 396 1168 418 ex-

429 450 477 477 tra
497 449 655 487 tempora,
681 447 712 476 et
732 452 797 475 non
822 440 955 474 servatis
973 438 1166 479 interstitiis,

427 501 459 530 et
483 497 605 540 absque
632 495 784 538 praefatis
809 493 1011 528 dimissoriis.

511 550 563 583 ⁶33.
592 549 669 582 Cum
695 549 850 591 promotis
876 547 915 579 ad
939 555 1049 578 sacros
1081 544 1167 578 ordi-

425 614 494 644 nes,
520 603 574 646 qui
599 601 772 635 simoniam
797 610 870 633 cum
901 598 1060 642 episcopis
1091 608 1167 641 pro-

425 655 631 689 moventibus
655 652 894 692 commiserint,
920 651 1110 694 dispensare
1135 654 1167 682 et

426 709 609 752 dispensari
646 707 799 740 mandare
831 705 934 748 possit
966 705 1000 737 in
1032 704 1166 737 occultis

425 763 592 795 dumtaxat
610 766 642 793 et
658 760 691 793 in
708 760 780 792 soro
795 757 1014 792 conscientiae
1029 763 1165 796 tantum,

262 561 290 581 De
299 562 415 583 simoniae·

233 589 343 609 ordinatis.

425 826 497 848 cum
522 814 666 848 clausula
690 812 825 846 monilis
850 811 1034 853 monendis,
1061 815 1093 843 et
1118 810 1188 860 ill-1

423 868 534 901 iuncta
559 866 645 910 gravi
666 865 882 909 poenitentia,
903 875 938 898 ac
961 874 996 898 re
1019 867 1165 908 praeser'

423 920 479 953 tim
504 921 651 953 discussa·
671 919 705 952 in
729 918 905 962 signatura.

257 985 284 1004 ορ
304 985 412 1011 dispensa·
466 974 481 1017 ξ
505 972 558 1006 24.
590 973 616 1005 A
641 971 940 1015 dispensationibus
964 981 1021 1004 seu
1047 981 1165 1004 conva-

228 1012 633 1060 iiss‘ss'iil'i'ffiaimiii?lidationibus
670 1025 855 1064 titulorum,
892 1023 990 1057 etiam
1023 1023 1058 1056 in
1092 1024 1163 1056 soro

228 1065 397 1085 ‘'mmmm''
421 1079 639 1113 conscientiae
672 1082 808 1117 tantum,
833 1077 930 1110 etiam
959 1077 993 1110 in
1027 1078 1162 1110 occultis

421 1132 558 1172 casibus,
577 1131 746 1171 abstineat,
773 1140 845 1164 cum
870 1130 976 1172 agitur
1000 1130 1040 1163 de
1065 1131 1163 1164 simo-

420 1185 474 1218 nia
499 1185 580 1218 reali
605 1184 745 1217 scienter
768 1184 944 1225 contracta,
961 1188 991 1217 et
1008 1184 1047 1216 de
1063 1184 1163 1217 bene-

420 1238 503 1271 ficiis
525 1248 623 1282 super
644 1237 761 1280 quibus
790 1241 953 1270 contracta
970 1241 1019 1269 est
1035 1236 1105 1280 ipsa
1125 1237 1163 1270 si-

419 1291 529 1324 monia
545 1302 552 1331 ;
580 1295 623 1331 at,
643 1290 669 1322 si
687 1289 744 1322 illa
761 1294 927 1322 contracta
943 1289 1056 1322 suisset
1069 1290 1161 1332 igno-

419 1349 540 1384 ranter,
559 1344 654 1376 etiam
675 1342 859 1385 ignorantia
879 1342 959 1375 iuris
985 1342 1163 1390 inculpata,

420 1396 523 1440 possit
547 1396 649 1429 maior
674 1395 946 1438 poenitentiarius
966 1395 999 1429 in
1025 1397 1161 1429 occultis

421 1455 453 1483 et
476 1450 508 1482 in
533 1449 602 1482 soro
634 1447 851 1482 conscientiae
878 1452 1002 1481 tantum
1033 1448 1163 1492 dispen-

421 1513 509 1542 sare,
547 1507 577 1534 et
611 1500 847 1535 beneficiorum
882 1506 956 1543 post
990 1501 1161 1535 simoniam

421 1555 628 1588 obtentorum
663 1553 772 1586 titulos
809 1553 1027 1594 convalidare,
1064 1555 1161 1588 modo

421 1614 541 1647 orator,
561 1608 599 1641 de
617 1607 731 1640 eadem
748 1606 887 1640 simonia
904 1606 1024 1640 certior
1048 1607 1159 1648 sactus,

421 1661 656 1705 quamprimum
675 1660 844 1694 commode
862 1659 1012 1703 potuerit,
1029 1661 1162 1704 petierit

421 1714 717 1758 dispensationem,
743 1713 831 1747 omni
863 1714 925 1746 alia
949 1714 1102 1747 facultate
1128 1715 1160 1747 in

420 1768 537 1802 ceteris
565 1767 724 1801 simoniae
753 1766 880 1800 casibus
909 1772 940 1800 et
963 1768 1158 1810 praesertim

419 1822 560 1865 publicis
584 1820 768 1854 interdicta.

463 1874 545 1918 5⁶25.
557 1874 679 1907 Titulos
697 1872 931 1906 beneficiorum
949 1873 982 1906 in
1000 1884 1159 1907 concursu

419 1928 630 1961 obtentorum
655 1927 687 1959 in
705 1927 773 1959 soro
799 1926 1018 1959 conscientiae
1036 1932 1158 1960 tantum

419 1981 452 2014 in
485 1980 619 2014 occultis
649 1979 854 2013 convalidare
886 1979 1003 2022 possit,
1031 1980 1158 2022 quando

420 2040 527 2067 tamen
563 2032 752 2067 inhabilitas
790 2031 941 2075 provenit
978 2043 1015 2064 ex
1051 2032 1159 2076 aliqua

423 2088 566 2127 :cnsura,
586 2086 634 2118 vel
654 2085 730 2129 quia
745 2085 801 2118 illa
821 2085 964 2117 irretitus
982 2084 1158 2128 impetrans

419 2138 667 2173 administravit.

1006 232 1183 256 BULtAntt'M
1209 231 1363 255 nottffit'n

1207 279 1290 312 male
1316 281 1568 322 perceptorum,
1595 277 1627 310 in
1652 277 1778 310 casibus
1804 287 1865 310 non
1891 288 1945 311 oc·

1207 331 1299 364 cultis
1319 331 1503 370 abstineat;
1526 331 1559 363 in
1584 330 1717 364 occultis
1741 341 1819 363 vero
1843 332 1945 374 possit

1207 395 1280 417 cum
1306 383 1424 424 Gallis,
1451 385 1574 427 Belgis,
1600 384 1782 426 Germanis,
1809 385 1942 418 Polonis

1207 442 1238 468 et
1253 437 1462 470 ulterioribus
1480 447 1677 479 componere
1693 438 1744 470 vel
1757 438 1852 471 etiam
1870 449 1945 472 con-

1207 489 1352 530 donare,
1385 489 1530 522 iniuncta
1557 489 1679 522 eisdem
1703 491 1944 533 poenitentibus

1207 542 1395 584 erogatione
1419 543 1658 586 elcemosynae,
1681 542 1784 586 ipsius
1809 545 1942 578 maioris

1205 594 1450 638 poenitentiarii
1467 596 1517 628 vel
1533 595 1720 627 confessarii
1745 596 1784 628 ab
1800 596 1873 640 ipso
1890 598 1943 631 de-

1206 648 1340 691 putandi
1359 647 1493 681 arbitrio
1508 647 1708 689 limitandae;
1721 659 1792 682 cum
1809 650 1942 694 reliquis

1205 706 1323 742 autem,
1350 701 1503 734 videlicet
1525 701 1622 741 Italis,
1640 701 1805 744 Hispanis,
1826 702 1945 737 Lusita-

1205 754 1254 787 nis
1279 759 1311 788 et
1335 754 1553 788 adiacentium
1586 754 1767 787 insularum
1791 757 1942 798 personis

1205 808 1345 842 discrete
1362 808 1629 851 compositionem
1647 809 1839 849 concedere,
1858 815 1890 843 et
1907 812 1945 843 ea

1205 863 1369 896 mediante
1406 863 1526 894 fructus
1559 862 1758 902 condonare,
1795 864 1944 906 pecuniis

1206 916 1320 949 exinde
1338 915 1456 949 exactis
1471 914 1633 958 receptori
1648 917 1942 950 emolumentorum

1204 968 1349 1002 Datariae
1364 973 1495 1001 nostrae
1509 968 1712 1011 integraliter
1726 969 1941 1012 consignatis;

1203 1021 1402 1064 pauperibus
1419 1026 1537 1061 tamen,
1556 1031 1695 1064 quorum
1719 1021 1831 1064 inopia
1854 1033 1942 1055 com-

1204 1074 1397 1117 positionem
1413 1083 1479 1106 non
1497 1074 1645 1115 admittit,
1665 1074 1766 1117 possit
1781 1075 1942 1108 condona-

1203 1137 1245 1167 re,
1272 1127 1417 1160 iniuncta
1442 1128 1650 1170 eleemosyna
1674 1128 1770 1160 modo
1797 1128 1942 1171 supradi-

1203 1185 1274 1213 cto:
1302 1191 1383 1223 quae
1409 1179 1622 1213 nihilominus
1641 1178 1711 1213 sine
1736 1180 1940 1223 praeiudicio

1202 1233 1341 1273 illorum,
1359 1233 1476 1276 quibus
1495 1232 1740 1266 distributiones
1758 1243 1942 1266 accrescere

1203 1287 1250 1319 vel
1270 1296 1336 1319 non
1354 1286 1543 1319 decrescere
1569 1285 1707 1327 debent,
1726 1286 1790 1319 sint
1814 1291 1846 1320 et
1870 1297 1943 1320 cen·

1203 1344 1338 1372 seantur
1362 1339 1521 1372 ordinata.

1247 1394 1262 1436 ξ
1295 1392 1349 1426 28.
1376 1392 1452 1426 Cum
1478 1392 1684 1435 regularibus
1710 1397 1817 1426 autem
1843 1403 1942 1436 super

1202 1446 1451 1489 irregularitate,
1470 1456 1753 1490 quorumcumque
1771 1446 1940 1478 criminum

1202 1500 1473 1543 quandocumque
1517 1504 1777 1542 perpetratorum
1810 1500 1860 1532 vel
1895 1499 1944 1531 in-

1202 1554 1313 1585 cursus
1340 1553 1373 1585 in
1397 1562 1552 1585 censuras
1577 1552 1758 1593 occasione,
1789 1553 1841 1585 vel
1866 1552 1942 1596 quia

1954 230 2001 257 An.
2024 230 2050 257 C.
2070 231 2089 257 1:
2103 231 2135 258 {³2

1987 1404 2015 1425 ne
2035 1406 2136 1430 iri-vaula.

1953 1435 2015 1451 tutatr-
2051 1434 2135 1458 regula.

1954 1466 2013 1479 itum.

1201 1606 1311 1638 iidem¹
1330 1606 1375 1638 sic
1390 1605 1479 1648 ligati
1498 1616 1573 1638 suos
1593 1605 1735 1646 ordines,
1749 1615 1815 1638 non
1835 1605 1948 1639 tamen⁴

1201 1659 1233 1691 in
1270 1665 1492 1702 contemptum
1529 1659 1674 1699 clarium,
1711 1665 1938 1699 exercuerunt,

1201 1717 1253 1744 aut
1270 1711 1334 1745 illis
1355 1723 1388 1744 se
1407 1712 1655 1751 immiscuerint,
1677 1722 1732 1744 seu
1750 1712 1844 1744 aliter
1861 1722 1940 1755 quo-

1200 1765 1379 1798 modolibet
1403 1766 1578 1803 contracta,
1603 1769 1645 1804 ut,
1672 1763 1786 1797 eadem
1810 1764 1939 1806 irregu-

1200 1819 1326 1851 laritate
1345 1823 1376 1851 et
1393 1818 1652 1861 quibuscumque
1670 1818 1740 1850 aliis
1758 1818 1938 1851 defectibus

1199 1882 1263 1904 non
1290 1871 1509 1909 obstantibus,
1527 1871 1686 1913 susceptis
1712 1870 1882 1903 ordinibus
1908 1877 1939 1904 et

1199 1935 1311 1958 eorum
1336 1924 1515 1968 privilegiis
1547 1924 1606 1964 uti,
1633 1934 1669 1956 ac
1693 1923 1726 1956 in
1750 1924 1815 1957 illis
1841 1924 1937 1957 etiam

1198 1978 1231 2011 in
1256 1978 1365 2012 altaris
1391 1977 1570 2011 ministerio
1595 1977 1789 2018 ministrare,
1806 1982 1837 2010 et
1856 1978 1939 2010 ordi-

1198 2043 1256 2065 nes
1280 2042 1347 2065 non
1373 2035 1544 2073 susceptos
1570 2030 1749 2073 suscipere,
1770 2035 1800 2063 et
1825 2029 1857 2063 in
1883 2030 1937 2063 iis-

1199 2085 1272 2118 dem
1297 2085 1447 2118 similiter
1465 2084 1559 2117 etiam
1578 2083 1609 2116 in
1627 2083 1735 2116 altaris
1755 2084 1936 2118 ministerio

1200 2139 1408 2178 ministrare;
1434 2147 1563 2170 necnon
1589 2146 1818 2180 quaecumque,
1845 2143 1931 2180 quot-

252 2202 281 2221 Μ
304 2201 408 2226 composi·
463 2194 479 2235 ξ
505 2192 558 2225 ⁶26.
585 2192 610 2224 A
635 2190 893 2224 convalidatione
927 2191 1095 2224 titulorum
1128 2198 1160 2225 et
1178 2180 1182 2224 i
1199 2202 1335 2235 cumque
1360 2195 1391 2223 et
1416 2190 1663 2234 qualiacumque
1690 2200 1824 2223 suorum
1845 2191 1935 2237 Ordi-

225 2232 281 2249 unm
294 2233 314 2249 et
328 2228 408 2248 condo-

225 2260 311 2277 namur„
366 2245 660 2280 rm.00nd0nati0ne
679 2245 839 2278 fructuum
864 2244 1027 2277 abstineat
1051 2246 1157 2288 quoad

225 2286 304 2304 ‘mum'
418 2300 502 2340 illos,
524 2299 590 2342 qui,
605 2299 643 2331 de
665 2297 807 2331 ecclesiis
825 2297 1066 2330 cathedralibus
1083 2309 1157 2341 pro-

418 2353 500 2394 visi,
526 2352 609 2384 insra
642 2350 847 2394 praefinitum
881 2355 1009 2393 tempus
1040 2362 1156 2385 munus

420 2405 672 2440 consecrationis
692 2414 758 2436 non
783 2404 998 2446 susceperint.

463 2460 478 2503 ᾖ
502 2458 553 2491 27.
573 2459 597 2491 A
622 2456 860 2500 compositione
885 2456 1009 2499 pariter
1032 2462 1063 2490 et
1086 2467 1156 2490 con-

419 2512 595 2547 donatione
613 2511 773 2544 fructuum
789 2509 1027 2542 beneficialium
1054 2514 1084 2542 et
1109 2520 1155 2544 ec-

419 2567 590 2602 clesiarum
615 2564 858 2609 episcopalium,
877 2574 912 2596 ac
930 2563 1025 2596 etiam
1049 2564 1155 2596 distri-

418 2621 589 2656 butionum
613 2628 899 2664 quarumcumque,
918 2617 1031 2662 quovis
1057 2618 1153 2651 modo

1197 2256 1273 2278 num
1298 2250 1330 2277 et
1354 2244 1644 2286 congregationum
1669 2243 1814 2287 alioquin
1840 2255 1935 2277 cano-

1196 2299 1269 2331 nice
1294 2298 1427 2331 obtenta
1446 2296 1559 2337 officia,
1584 2296 1742 2329 beneficia
1758 2297 1931 2339 regularia,

1196 2351 1323 2392 munia,
1364 2349 1653 2395 praeeminentias,
1691 2349 1863 2392 dignitates
1902 2356 1934 2384 et

1195 2406 1406 2448 praelaturas,
1432 2403 1527 2436 etiam
1551 2402 1688 2434 maiores
1714 2408 1745 2435 et
1769 2402 1933 2446 principa·

1196 2459 1252 2498 les,
1270 2457 1414 2489 retinere
1439 2461 1470 2488 et
1494 2465 1654 2494 exercete,
1672 2465 1799 2488 necnon
1817 2456 1930 2489 eadem

1196 2521 1252 2544 seu
1277 2510 1407 2543 easdem
1432 2509 1521 2550 (non
1547 2513 1654 2540 tamen
1680 2509 1928 2551 generalatum)

1196 2564 1234 2597 ad
1260 2572 1342 2606 qnae
1363 2571 1420 2594 seu
1446 2570 1524 2603 quas
1548 2560 1581 2592 in
1606 2561 1749 2593 futurum
1765 2561 1929 2603 canonice,

1231 2625 1245 2652 1
1267 2624 1368 2652 Forsan
1387 2623 1490 2651 iisdem
1511 2622 1548 2658 (R.
1564 2623 1612 2657 τ.).
