2227 3225
932 207 1025 231 txnssx
1055 207 1156 230 neritii
1707 198 1767 232 967

368 261 482 301 mavit,
508 260 568 294 157
595 261 627 299 [13
653 260 836 293 eorumdem
862 259 1027 292 ecclesiam
1052 258 1081 291 S.
1111 257 1267 291 Francisci
1294 258 1425 292 civitatiS
1451 259 1630 292 Assisicnsis
1656 260 1808 293 visitanti·

367 314 436 354 bus,
453 313 677 355 indulgentiam
702 312 876 356 plenariam
902 317 1087 356 perpetuam
1106 310 1259 344 concessit
1276 311 1475 344 Innocentius
1493 312 1558 354 XII,
1581 312 1643 345 707
1664 313 1681 346 b
1696 319 1725 346 et
1740 325 1812 358 seq.;

366 366 533 411 praedictis
558 365 739 409 provinciae
764 365 952 407 Argentinae
983 365 1108 398 decreta
1133 364 1285 408 quaedam
1313 364 1445 397 ministri
1477 365 1632 408 generalis
1656 367 1809 399 constitu-

368 419 443 452 tioni
469 419 585 451 inserta
610 423 760 459 recenset,
788 417 850 450 730
876 419 892 449 Ι)
913 424 942 451 et
966 429 1045 462 seq,
1071 423 1098 450 et
1126 417 1306 458 confirmat,
1333 417 1393 451 737
1421 418 1451 458 b;
1477 419 1737 452 Conventualibus
1762 431 1812 452 su-

365 472 514 518 pradictis
554 472 728 505 decretum
752 471 1010 515 Congregationis
1043 471 1263 515 episcoporum
1296 477 1324 504 et
1354 471 1546 513 regularium
1583 482 1641 515 pro
1669 472 1814 516 indepen-

367 526 469 560 dentia
488 525 631 559 coenobii
664 525 779 558 Albarii
801 525 926 558 Ordinis
947 525 1088 568 ipsorum
1114 525 1321 565 confirmavit,
1347 525 1411 558 868
1429 525 1445 557 b
1470 530 1498 558 et
1524 536 1606 569 seq.;
1632 526 1813 559 eorumdem

366 579 585 612 definitoribus
610 578 771 622 perpetuis
789 577 948 611 decretum
969 578 1125 622 praefatae
1146 578 1403 621 Congregationis
1428 578 1511 611 eirca
1535 579 1704 622 primatum
1734 579 1814 612 inter

366 631 548 665 definitores
562 636 741 675 perpetuos,
762 642 815 663 seu
838 637 941 674 patres
967 631 1157 673 provinciae,
1182 631 1388 673 confirmarit,
1415 630 1479 664 874
1495 642 1515 664 α
1532 637 1561 664 et
1578 642 1636 676 seq.

278 687 412 720 Minores
438 685 475 718 de
499 685 714 719 observantia.
740 684 958 717 Ordinationes
983 685 1158 726 nonnullas,
1186 685 1214 717 in
1241 687 1332 718 causa
1355 692 1376 717 av
1397 685 1508 718 Sancta
1535 685 1613 718 Sede
1637 685 1813 719 definienda

366 739 404 771 de
428 738 611 772 alternativz't
633 738 809 771 officiorum
836 737 1029 779 generalitim
1056 737 1135 770 inter
1160 739 1338 782 prorincias
1374 739 1501 781 gallicas
1526 744 1553 771 ct
1587 739 1662 772 alias
1687 750 1813 773 eorum·

367 793 437 826 dem
464 792 618 824 Minorum
645 796 674 823 et
701 791 961 831 Recolleetorum,
987 791 1079 823 edidit
1109 792 1308 824 Innocentius
1333 793 1398 832 XII,
1420 791 1483 825 487
1502 804 1536 832 (13
1562 793 1599 825 ad
1629 794 1813 827 eorumdem

367 845 558 890 provinciam
585 844 613 877 S.
636 844 882 883 Bonaventurae,
912 845 1086 878 facultatem
1108 846 1313 878 contirmamli
1344 846 1533 888 guni-dianes
1554 852 1582 878 et
1610 847 1813 890 promovendi

366 898 547 932 definitores
572 898 610 930 ad
635 898 885 939 guartlianatnm,
911 898 1014 941 primo
1038 898 1076 930 ab
1103 898 1282 932 Innocentio
1300 899 1339 932 XI
1366 900 1544 943 provinciae
1569 900 1719 933 Franciae
1740 911 1814 933 eon·

367 962 496 993 cessam,
523 951 659 984 extendit
691 951 783 991 idem,
810 951 873 984 512
898 962 917 983 α
943 957 971 983 et
996 962 1059 995 seis:
1094 958 1126 984 ut
1158 959 1345 995 procurator
1382 959 1409 985 et
1446 953 1681 986 commissarius
1714 963 1814 996 gene-

366 1005 440 1039 ralis
464 1005 494 1037 in
520 1004 657 1048 capitulo
683 1004 822 1047 generali
847 1009 877 1036 et
897 1004 934 1036 de
954 1005 1101 1037 sexennio
1127 1005 1156 1037 in
1175 1006 1356 1037 sexennium
1376 1006 1540 1048 eligantur,
1560 1007 1674 1049 statuit,
1697 1007 1760 1040 617
1781 1008 1813 1044 Ι);

368 1058 536 1104 praedictis
559 1057 740 1102 provinciae
766 1057 794 1090 S.
824 1056 927 1090 Iacobi
953 1057 984 1089 in
1009 1056 1158 1101 Hispania
1182 1058 1382 1092 concordiam
1404 1070 1462 1103 pro
1488 1060 1671 1093 dirimendis
1700 1061 1815 1094 exortis

367 1111 504 1146 dissidiis
529 1111 610 1144 inter
634 1111 747 1144 fratres
771 1110 966 1144 diversarum
992 1111 1153 1144 nationum
1179 1112 1317 1145 eiusdem
1343 1113 1521 1156 provinciae
1550 1113 1676 1154 initam,
1701 1124 1736 1147 ac
1760 1125 1814 1147 sa-

366 1165 549 1199 luberrimis
574 1164 826 1198 ordinationibus
849 1164 1008 1204 refertam,
1034 1165 1246 1199 constitutioni
1268 1176 1341 1199 suae
1358 1166 1395 1198 ad
1418 1166 1545 1199 verbum
1568 1167 1726 1208 insertam,
1744 1178 1816 1201 con·

366 1218 513 1259 firmavit,
538 1217 597 1252 631
627 1229 647 1251 α
671 1223 701 1251 et
725 1228 807 1262 seq.;
833 1217 949 1251 eisdem
982 1218 1235 1251 constitutionem
1269 1219 1440 1253 Innocentii
1473 1220 1512 1253 XI
1543 1220 1581 1253 de
1606 1221 1815 1264 exequutione

366 1272 494 1316 regulae
519 1272 674 1305 Minorum
700 1271 729 1305 S.
756 1271 915 1305 Francisci
940 1271 978 1304 de
1003 1271 1206 1305 observantia
1234 1273 1417 1314 declararit,
1439 1274 1501 1308 676
1523 1275 1554 1314 ἱ);
1581 1275 1813 1318 praedictorum

366 1326 530 1360 ecclesiam
557 1325 584 1358 S.
611 1324 724 1359 Mariae
748 1324 940 1367 Angelorum
972 1325 1103 1359 civitatis
1139 1327 1318 1359 Assisiensis
1357 1327 1552 1360 visitantibus
1589 1328 1813 1372 indulgentiam

366 1381 539 1425 plenariam
564 1385 750 1424 perpetuam
776 1379 940 1419 concessit,
967 1378 1029 1412 708
1055 1381 1085 1419 b;
1115 1380 1272 1424 praefatis,
1301 1391 1338 1413 ne
1372 1386 1535 1414 uterentur
1567 1381 1724 1416 breviario
1749 1384 1815 1418 sine

365 1435 491 1468 licentia
516 1433 658 1476 magistri
677 1433 831 1475 generalis
850 1433 1013 1476 impresso,
1033 1435 1200 1476 praecepit,
1231 1434 1288 1466 771
1323 1434 1338 1465 b
1368 1439 1395 1466 et
1423 1445 1503 1478 seq.;
1532 1434 1660 1476 eisdem,
1685 1436 1715 1468 in
1745 1448 1816 1470 con-

365 1487 526 1522 stitutione
550 1487 724 1520 Innocentii
750 1486 788 1520 XI
813 1487 895 1519 cirea
922 1486 1086 1530 privilegia
1111 1491 1141 1519 et
1166 1486 1375 1528 indulgentias
1401 1487 1541 1530 ipsorum
1567 1488 1703 1528 Ordinis,
1729 1500 1815 1523 com-

365 1540 517 1585 prehendi
544 1541 636 1573 etiam
664 1539 846 1573 eorumdem
871 1540 940 1572 loca
965 1540 1036 1571 Viae
1068 1540 1174 1572 Crucis
1200 1545 1229 1572 et
1253 1539 1407 1580 Calvarii,
1440 1540 1631 1581 declararit,
1659 1541 1721 1575 773
1742 1555 1760 1576 α
1787 1549 1816 1576 et

364 1604 448 1638 seq.;
473 1592 642 1637 praedictis
671 1592 907 1636 provinciarum
944 1591 1104 1625 Indiarum
1140 1592 1386 1625 tjtccidentalium
1423 1593 1548 1627 decreta
1585 1595 1647 1627 duo
1683 1596 1816 1630 ministri

366 1647 531 1690 generatis,
556 1647 640 1679 circa
664 1646 834 1689 hospitium
861 1646 891 1678 in
916 1646 1068 1679 coenobio
1101 1646 1138 1678 de
1164 1647 1302 1679 Aracaeli
1328 1647 1365 1679 de
1393 1647 1473 1680 [rbe
1498 1658 1556 1690 pro
1581 1648 1709 1691 eisdem,
1742 1661 1816 1683 con-

365 1699 510 1739 firmavit,
536 1698 599 1732 842
621 1700 638 1731 b
658 1705 687 1732 et
703 1710 782 1742 se‹1.;
808 1699 925 1731 eisdem
951 1699 1130 1742 provinciae
1159 1700 1342 1732 Cantabriae
1370 1700 1530 1733 decretum
1557 1701 1816 1745 Congregationis

366 1754 591 1798 episcoporum
620 1758 649 1786 et
681 1753 874 1795 regularium
904 1763 963 1797 pro
988 1753 1197 1796 exequutione
1225 1754 1352 1787 alterius
1383 1754 1499 1788 decreti
1532 1761 1559 1787 et
1587 1757 1817 1791 constitutionis

366 1807 535 1842 Clementis
552 1807 576 1839 X
600 1806 682 1839 circa
700 1806 915 1839 alternatix'am
933 1806 1108 1839 officiorum
1131 1807 1159 1839 in
1185 1807 1267 1839 dicta
1294 1808 1463 1850 provincia,
1484 1809 1691 1850 confirmavit,
1712 1809 1774 1844 847
1797 1824 1816 1845 α

365 1867 396 1894 et
414 1871 490 1904 seq.;
520 1860 639 1893 litteras
658 1865 798 1903 patentes
828 1860 962 1892 ministri
991 1860 1145 1903 generalis
1163 1860 1298 1901 Ordinis,
1317 1861 1399 1894 circa
1425 1872 1516 1895 usum
1543 1863 1696 1896 librorum
1722 1865 1817 1898 dix-ini

367 1914 462 1948 officii
487 1924 544 1957 pro
565 1913 628 1946 suis
653 1912 811 1955 religiosis
837 1913 1000 1957 utriusque
1025 1924 1126 1952 sexus,
1144 1914 1350 1956 confirmavit,
1378 1915 1440 1948 857
1465 1927 1484 1949 [ι
1510 1921 1538 1948 et
1563 1928 1644 1961 seq.;
1670 1919 1835 1962 praefatis·

365 1967 546 2012 provinciae
571 1967 599 2000 S.
626 1966 750 1999 Ioannis
775 1966 986 2009 evangelistae
1012 1967 1183 1999 insularum
1218 1968 1351 2000 Azorum
1387 1968 1418 2001 in
1453 1979 1550 2012 reguo
1587 1970 1817 2014 portugalliae,

368 2021 528 2054 decretum
555 2019 722 2053 cardinalis
748 2019 937 2063 protectoris
969 2030 1027 2063 pro
1052 2020 1234 2053 auci-nativa
1262 2021 1290 2053 in
1317 2021 1396 2055 dieta
1423 2022 1584 2065 provincia
1610 2024 1819 2065 confirmavit,

369 2074 434 2108 944
459 2085 478 2108 a
505 2078 534 2108 et
560 2085 619 2117 seq.

280 2127 414 2161 Minores
439 2127 476 2160 de
501 2127 705 2160 observantia
731 2125 908 2159 Recollecti.
934 2126 1153 2160 Ordinationes
1185 2127 1357 2171 quasdam,
1384 2129 1412 2161 in
1440 2131 1533 2162 causa
1559 2140 1575 2162 a
1600 2130 1712 2165 Sancta
1740 2133 1818 2166 Sede

369 2180 547 2215 definienda
572 2180 610 2213 de
630 2179 812 2212 alternativa
839 2179 1016 2213 officiorum
1040 2181 1233 2224 generalium
1253 2182 1334 2214 inter
1350 2183 1527 2226 provincias
1551 2185 1679 2227 gallicas
1697 2192 1726 2219 et
1743 2187 1819 2220 alias

368 2235 522 2268 Minorum
562 2233 599 2266 de
625 2233 829 2266 Observantia
857 2239 887 2266 et
907 2234 1090 2267 eorumdem
1114 2235 1376 2276 Recollectorum,
1397 2237 1495 2269 edidit
1524 2237 1722 2272 Innocentius
1749 2241 1819 2280 XII,

368 2287 431 2322 487
449 2288 480 2328 b3
506 2294 537 2321 ut
564 2287 747 2321 eorumdem
774 2287 941 2331 collegium
967 2288 996 2333 S.
1023 2288 1132 2321 Isidori
1159 2289 1196 2321 de
1222 2289 1305 2322 Urbe
1331 2290 1512 2333 provinciae
1537 2291 1706 2325 Hiberniae
1732 2304 1819 2336 rege-

369 2348 456 2375 retur
482 2341 564 2374 iuxta
590 2341 845 2374 constitutionem
873 2341 989 2375 Urbani
1016 2341 1082 2375 VIII
1101 2348 1128 2374 et
1158 2343 1224 2376 eius
1249 2348 1372 2383 statuta,
1398 2344 1567 2388 praecepit,
1589 2345 1652 2379 (598
1680 2357 1699 2379 a
1729 2351 1758 2380 et
1785 2347 1817 2380 b:

370 2395 553 2429 Recollectis
576 2394 743 2439 praedietis
762 2395 942 2438 provinciae
967 2395 996 2428 S.
1023 2395 1182 2438 Evangelii
1212 2396 1242 2428 in
1271 2397 1355 2430 Nora
1375 2397 1535 2440 IIispania,
1552 2397 1713 2431 decretum
1739 2399 1819 2432 eius-

370 2448 440 2481 dem
467 2448 667 2493 provinciae,
695 2448 732 2481 de
758 2448 902 2491 eligendo
927 2458 990 2482 uno
1023 2448 1186 2482 definitore
1219 2449 1319 2484 dietae
1354 2450 1555 2494 provinciae,
1591 2451 1819 2492 confirmatur,

371 2501 435 2535 913
460 2513 480 2535 α
505 2507 534 2535 et
559 2513 619 2545 seq.

282 2554 418 2588 Minores
449 2555 486 2588 de
518 2555 723 2590 observantia
749 2555 929 2589 Resorinati.
967 2555 1132 2589 Decretum
1159 2555 1329 2590 Innocentii
1358 2556 1394 2589 XI
1432 2557 1463 2589 in
1499 2556 1750 2600 Congregatione
1781 2557 1819 2590 de

371 2608 575 2653 Propaganda
601 2609 676 2644 Fide
702 2615 890 2654 emanatum,
915 2619 978 2654 quo
1002 2609 1191 2654 prohibetur
1221 2610 1347 2645 Graecis
1382 2610 1634 2655 quibuscumque
1669 2611 1818 2656 pecunias
