2254 3225
233 223 283 251 An.
301 224 330 250 c.
353 222 416 249 ¹091
465 211 529 244 308

278 2395 346 2416 Caro-1·
361 2393 386 2415 X.

318 2423 380 2447 culpa

266 2423 295 2443 Dp

403 2422 423 2441 el

426 271 529 303 tribus
556 269 594 302 ab
619 268 725 312 aliqua
760 267 899 311 persona
931 272 1020 300 extra
1044 267 1134 299 illum
1152 291 1159 305 ,

428 333 630 366 quacumque
662 322 840 364 dignitate,
866 321 986 364 gradu,
1012 320 1061 353 vel
1087 318 1162 351 emi-

427 375 537 408 nentia
560 375 750 418 praecellat,
769 384 873 417 neque
898 384 915 405 a
932 371 1161 406 communitate

428 428 536 471 aliqua
552 428 675 471 populi,
692 428 741 460 vel
758 427 847 466 urbe,
867 437 922 459 seu
939 424 1082 468 quolibet
1098 423 1161 455 alio

428 487 554 522 senatu,
574 480 826 523 congregatione
846 480 895 512 vel
912 483 1013 516 coetu,
1035 486 1094 519 per
1117 484 1161 513 se,

427 535 477 566 vel
503 534 612 573 alium,
637 538 691 565 aut
715 532 805 571 aliOS,
824 541 937 574 preces
964 530 1012 561 vel
1039 529 1161 561 litteras

428 585 667 630 deprecatorias
681 611 688 625 ,
714 582 991 621 connninatorias,
1023 580 1163 613 monito-

427 639 500 678 rias,
530 637 839 675 commendatorias,
865 641 918 667 aut
942 643 1162 678 quascumque

428 693 520 732 alias,
547 693 585 724 ad
610 692 796 733 magistrum
820 689 1015 731 generalem,
1037 687 1163 731 provin-

428 745 553 784 cialem,
575 744 763 787 capitulum,
787 743 836 775 vel
863 742 932 774 eius
958 740 1160 779 definitores,

427 808 484 830 seu
498 797 592 830 etiam
607 797 645 829 ad
666 796 816 829 Ordinem
835 794 947 838 quovis
968 793 1063 826 modo
1081 792 1164 825 dire-

428 856 511 890 ctas,
538 860 596 893 pro
625 848 779 891 dignitate
806 848 934 890 aliqua,
961 846 1086 886 officio,
1111 850 1165 877 aut

429 902 492 935 alio
511 911 714 945 quocumque
734 901 859 933 honore
877 898 1068 939 obtinendo,
1086 907 1165 940 quo-

428 955 610 988 modolibet
635 955 797 997 impetret,
821 953 871 986 vel
889 952 1061 996 impetrare
1086 961 1163 984 con-

429 1008 551 1042 tendat.

473 1072 509 1094 11.
536 1060 567 1093 Si
593 1060 665 1103 quis
692 1065 798 1092 autem
827 1059 948 1102 aliquid
973 1059 1012 1091 de
1037 1057 1165 1101 praedi—

429 1114 498 1154 ctis,
518 1119 581 1145 tarn
606 1113 639 1144 in
664 1122 782 1154 genere
802 1122 896 1155 quam
914 1112 945 1143 in
964 1111 1085 1154 specie,
1106 1110 1166 1142 liae

428 1166 479 1199 via
504 1165 739 1208 procuraverit,
765 1165 815 1197 vel
845 1164 942 1197 etiam
965 1163 1163 1202 obtinuerit,

429 1229 558 1251 necnon
591 1218 647 1261 qui
683 1217 775 1249 dictis
807 1217 968 1249 favoribus
1001 1222 1055 1248 aut
1084 1215 1167 1248 litte-

429 1272 473 1304 ris
503 1270 717 1314 impetrandis
753 1270 908 1302 auxilium
942 1269 1089 1308 dederit,
1114 1274 1167 1300 aut

430 1335 544 1357 eorum
563 1333 695 1366 quoquo
708 1323 804 1355 modo
822 1322 1082 1366 impetrationem
1100 1331 1167 1364 par-

430 1377 620 1421 ticipaverit,
646 1387 682 1408 ac
706 1376 802 1408 etiam
828 1375 881 1418 qni
906 1375 971 1408 illis
997 1374 1112 1407 oblatis
1137 1379 1168 1406 et

430 1431 564 1464 minime
590 1428 781 1472 conquisitis
807 1438 884 1461 usus
910 1427 1018 1468 suerit,
1037 1432 1168 1470 praeter

430 1494 570 1527 poenam
605 1481 760 1525 gravioris
785 1483 911 1524 culpae,
935 1480 1076 1524 privatus
1101 1491 1168 1512 ma-

430 1541 507 1569 neat
524 1546 600 1568 voce
625 1535 725 1567 activa
751 1539 783 1566 et
805 1533 945 1577 passiva,
963 1544 998 1566 ac
1018 1532 1168 1566 omnibus

432 1589 627 1628 honoribus,
645 1587 799 1630 gradibus
824 1592 856 1619 et
881 1586 994 1619 officiis
1013 1586 1167 1625 obtentis,

434 1648 465 1675 et
482 1652 554 1674 eum
568 1642 725 1684 perpetua
740 1640 945 1672 inhabilitate
960 1640 998 1672 ad
1013 1639 1077 1678 illa,
1092 1648 1168 1681 quas

432 1705 556 1737 poenas
583 1694 652 1736 ipso
679 1693 761 1725 sacto
786 1692 999 1725 incurrendas
1025 1692 1169 1725 declara-

433 1758 521 1787 mus,
550 1745 707 1778 universis
733 1756 808 1777 vero
836 1744 991 1787 praelatis
1015 1744 1170 1786 praecipi-

433 1812 524 1838 mus,
551 1810 590 1832 ne
626 1799 696 1831 illas
731 1808 872 1841 unquam
904 1797 1011 1840 aliqua
1041 1797 1167 1829 ratione

432 1852 629 1891 modificent,
648 1862 707 1884 nec
722 1851 874 1893 praefatis
899 1850 1015 1882 litteris
1045 1855 1101 1881 aut
1125 1850 1169 1881 sa-

433 1907 563 1939 voribus
589 1904 835 1948 quomodolibet
859 1903 1078 1947 acquiescant.

476 1970 524 1993 111.
551 1959 638 1997 Quod
658 1958 684 1990 si
703 1958 803 1990 frater
827 1957 941 2000 aliquis
967 1962 1055 1990 extra
1075 1966 1169 2000 prae—

434 2013 519 2046 dicta
543 2022 603 2055 pro
628 2010 737 2053 quavis
764 2010 823 2042 alis·
843 2011 955 2052 gratia,
975 2015 1007 2042 ut
1028 2020 1169 2042 conven-

433 2065 591 2104 tualitate,
613 2063 730 2102 studio,
753 2063 943 2105 impunitate
970 2064 1095 2106 culpae,
1117 2068 1168 2094 aut

432 2118 602 2157 similibus,
623 2117 785 2159 praefatos
808 2117 930 2149 favores
943 2115 1164 2159 appla-averit,

432 2173 517 2205 unde
543 2172 763 2214 praelatorum
785 2170 929 2212 regimen
953 2175 985 2202 et
1009 2168 1167 2211 regularis

432 2225 514 2258 vitae
529 2225 643 2257 semita
660 2223 868 2261 disturbetur,
882 2222 1039 2265 gravioris
1053 2223 1166 2265 culpae

433 2278 548 2322 poenis
576 2277 646 2310 sine
674 2275 874 2309 relaxatione
904 2276 999 2308 etiam
1030 2286 1046 2308 a
1068 2275 1168 2317 magi-

433 2337 498 2365 stro
524 2330 702 2363 subiaceat.

478 2396 499 2419 1.
515 2384 656 2422 Qualiter
670 2381 855 2414 huiusmodi
873 2381 1021 2414 scelerati
1040 2382 1168 2424 probari

238 2455 313 2476 pacm<
338 2444 466 2472 mecm-et
489 2436 619 2481 agnosci
644 2435 792 2473 debeant,
808 2435 885 2466 satis
910 2435 977 2466 iure
995 2435 1169 2473 eonununi,

239 2477 342 2502 gibuinum.

434 2497 467 2525 et
490 2489 664 2535 praecipue
695 2486 833 2520 decretis
853 2496 962 2519 sacrae
988 2487 1170 2527 (longi-Qa-

434 2545 532 2578 tionis
550 2541 680 2576 Concilii
700 2541 886 2574 auctoritate
903 2539 953 2572 SS.
972 2539 1088 2571 [rbani
1110 2540 1169 2571 t'ttl

435 2597 536 2638 editis,
551 2596 735 2628 luculenter
760 2593 961 2632 instruimur,
982 2597 1010 2623 ut
1033 2602 1094 2624 non
1121 2602 1170 2624 so-

1004 217 1183 242 BULLARIUM
1207 214 1359 239 Romamn!

1204 264 1270 296 lum
1295 263 1334 295 de
1360 261 1424 294 illis
1449 259 1629 303 disciplinis
1653 258 1857 302 regularibus
1876 257 1939 290 rite

1205 321 1236 348 et
1260 314 1414 348 canonice
1438 312 1613 346 vindictam
1636 316 1750 352 sumat,
1769 311 1825 344 sed
1842 311 1939 344 etiam

1204 373 1237 400 ut
1261 368 1311 399 vel
1338 366 1377 399 ad
1413 376 1467 399 eos
1504 370 1628 409 tempus
1663 365 1748 399 iusto
1778 365 1897 399 iudicio
1921 376 1939 398 a

1204 420 1369 453 communi
1394 419 1548 452 societate
1572 424 1750 462 separatos,
1776 429 1840 463 quo
1865 430 1941 463 poe·

1203 473 1338 514 niteant,
1363 473 1412 506 vel
1437 483 1455 505 a
1478 483 1512 505 se
1536 477 1696 516 perpetuo
1721 473 1880 515 repellat,
1905 477 1941 505 ut

1204 536 1336 569 gregem
1360 525 1487 559 Domini
1512 536 1576 559 non
1601 525 1757 558 inliciant.

1248 589 1283 612 11.
1314 579 1390 612 Cum
1416 589 1494 621 ergo
1518 579 1634 622 aliquis
1658 588 1695 611 ex
1719 589 1796 612 suae
1821 583 1943 622 proter-

1205 633 1274 665 viae
1299 637 1330 665 et
1349 632 1565 665 indurationis
1582 632 1696 665 merito
1720 632 1762 665 sit
1784 633 1943 676 repellen-

1205 686 1264 718 dus
1290 686 1328 718 ab
1352 685 1480 725 Ordine,
1502 685 1533 718 id
1558 685 1690 719 minime
1707 685 1771 726 fiat,
1789 685 1851 718 nisi
1867 696 1943 720 vere

1205 739 1293 772 iuxta
1310 738 1390 771 iuris
1408 738 1587 771 communis
1606 738 1853 782 dispositionem
1869 749 1945 773 cen-

1206 797 1315 824 seatur
1333 791 1573 834 incorrigibilis,
1599 797 1631 824 et
1654 802 1754 835 penes
1780 792 1865 825 dicta
1888 792 1945 826 de-

1207 852 1293 878 creta
1314 855 1422 878 sacrae
1447 844 1713 888 Congregationis
1730 844 1866 878 Concilii
1886 855 1946 889 per

1206 909 1305 931 unum
1331 908 1449 931 annum
1475 898 1508 930 in
1533 898 1654 931 ieiunio
1682 903 1714 931 et
1741 898 1946 941 poenitentia

1207 951 1239 984 in
1264 961 1393 984 carcere
1417 950 1586 994 probetur.
1605 950 1673 989 Quo
1692 952 1814 994 elapso,
1835 951 1861 984 si
1878 961 1946 984 non

1207 1004 1352 1038 melioris
1376 1004 1477 1047 frugis
1502 1003 1651 1044 evaserit,
1677 1004 1754 1047 quin
1779 1004 1888 1048 potius
1912 1005 1946 1036 in

1208 1058 1320 1090 eadem
1355 1061 1409 1090 aut
1433 1067 1516 1090 nova
1540 1062 1572 1090 et
1603 1056 1722 1090 similia
1752 1058 1876 1090 seelera
1900 1057 1948 1090 di-

1208 1111 1344 1150 labatur,
1376 1114 1453 1142 tunc
1477 1109 1571 1152 quasi
1601 1114 1695 1152 putre
1719 1110 1897 1142 membrum
1931 1120 1949 1142 a

1209 1163 1376 1205 religionis
1401 1172 1538 1205 corpore
1556 1162 1770 1205 praecidatur,
1788 1173 1829 1196 ne
1853 1163 1886 1196 in
1910 1162 1949 1196 il-

1209 1217 1262 1249 lud
1282 1215 1414 1248 morbus
1432 1220 1612 1254 accrescat;
1632 1213 1688 1247 fiat
1704 1219 1811 1248 tamen
1828 1215 1948 1249 iudicio

1210 1269 1310 1301 solius
1335 1267 1479 1311 magistri
1515 1267 1645 1300 Ordinis
1669 1267 1708 1300 de
1733 1278 1893 1301 consensu
1918 1273 1951 1301 et

1210 1332 1342 1354 assensu
1368 1331 1421 1353 sex
1445 1325 1573 1363 patrum
1609 1320 1649 1353 de
1673 1320 1875 1363 gravioribus
1899 1331 1951 1354 re-

1209 1374 1350 1416 ligionis,
1375 1383 1466 1416 quOS,
1491 1372 1578 1405 iuxta
1610 1373 1854 1406 concessionem
1878 1373 1951 1406 Ale-

1209 1426 1323 1459 xandri
1348 1425 1410 1466 VII,
1437 1425 1504 1458 sore
1530 1425 1733 1458 decernimus
1758 1425 1791 1457 in
1816 1425 1951 1468 singulis

1210 1478 1386 1522 provinciis
1412 1477 1511 1511 totius
1535 1477 1663 1510 Ordinis
1680 1483 1819 1521 quatuor
1836 1478 1950 1511 defini-

1211 1538 1297 1564 tores
1326 1531 1544 1574 provinciales
1581 1536 1613 1563 et
1643 1531 1723 1564 duos
1760 1530 1951 1564 definitores

1211 1584 1389 1627 generales,
1404 1583 1464 1623 vel,
1479 1582 1614 1615 istorum
1636 1582 1772 1623 defectu,
1791 1583 1872 1616 duos
1891 1584 1951 1617 ele·

1211 1643 1317 1670 ctores
1339 1636 1509 1678 generales
1526 1635 1671 1667 eiusdem
1690 1635 1885 1678 provinciae,
1907 1636 1951 1669 ita

1211 1690 1362 1723 videlicet
1400 1694 1435 1721 ut
1475 1689 1507 1720 in
1544 1698 1746 1732 quacumque
1783 1689 1951 1731 provincia

1211 1741 1371 1785 generalis
1395 1741 1556 1781 extiterit,
1583 1741 1614 1773 in
1640 1741 1710 1783 ipsa
1733 1751 1805 1773 cum
1829 1742 1951 1784 praedi-

1211 1796 1269 1827 ctis
1295 1794 1441 1837 patribus
1468 1799 1499 1826 et
1516 1793 1742 1826 definitoribus
1761 1804 1816 1826 seu
1835 1795 1951 1828 electo-

1211 1849 1298 1881 ribus
1323 1848 1409 1881 illius
1435 1848 1473 1880 de
1506 1857 1709 1890 quocumque
1735 1847 1831 1880 fratre
1857 1847 1950 1880 Ordi-

1211 1901 1260 1933 nis
1286 1900 1390 1944 possit
1416 1900 1500 1932 ferre
1526 1899 1733 1932 sententiam.

1254 1965 1303 1987 111.
1331 1953 1481 1986 ProbatIO
1507 1957 1612 1987 autem
1639 1953 1677 1985 de
1714 1953 1764 1985 his
1800 1953 1949 1986 omnibus

1211 2008 1255 2040 sic
1279 2008 1339 2040 rite
1365 2012 1398 2039 et
1421 2006 1576 2038 canonice
1608 2005 1684 2037 liat:
1712 2005 1739 2037 si
1764 2006 1836 2048 quis
1863 2007 1948 2039 enim

1211 2061 1242 2092 in
1260 2060 1365 2093 causis
1385 2058 1520 2091 inferius
1540 2057 1747 2100 designandis
1764 2057 1949 2101 deliquerit,

1210 2112 1433 2147 conficiendas
1465 2117 1513 2144 est
1538 2111 1681 2154 legitime
1714 2120 1887 2154 processus
1908 2112 1948 2144 ad

1211 2168 1344 2200 sormam
1370 2164 1574 2208 regularibus
1601 2164 1811 2196 constitutam
1837 2169 1870 2196 et
1889 2174 1949 2207 per

1210 2220 1404 2252 sententiam
1422 2217 1628 2260 puniendus,
1651 2217 1738 2259 quod
1760 2217 1784 2249 si
1806 2216 1948 2250 secundo

1210 2275 1242 2306 in
1268 2274 1375 2312 idem,
1400 2272 1449 2304 vel
1475 2271 1559 2303 aliud
1585 2270 1690 2303 simile
1706 2296 1713 2309 ,
1739 2274 1794 2302 aut
1821 2270 1948 2312 gravius

1211 2327 1363 2359 delictum
1389 2323 1549 2363 inciderit,
1576 2323 1659 2355 sacto
1685 2322 1792 2354 denuo
1817 2332 1950 2364 proces-

1211 2391 1255 2418 su,
1282 2390 1341 2423 per
1365 2388 1478 2411 novam
1497 2377 1689 2409 sententiam
1708 2375 1902 2418 corripiatur
1917 2380 1950 2408 et

1211 2433 1332 2476 pariter
1356 2436 1533 2469 moneatur,
1556 2435 1592 2461 ut
1615 2430 1653 2461 ab
1680 2428 1864 2461 huiusmodi
1888 2428 1949 2461 cri-

1212 2485 1352 2517 minibus
1377 2482 1556 2525 resipiscat,
1589 2481 1648 2513 sub
1673 2481 1787 2523 poenis
1812 2480 1949 2513 incorri-

1212 2537 1302 2580 gibili
1325 2535 1457 2573 debitis,
1478 2535 1500 2565 si
1528 2534 1624 2566 tertio
1651 2534 1779 2566 tandem
1805 2533 1951 2576 delique-

1214 2590 1251 2622 rit
1279 2590 1309 2622 in
1335 2588 1522 2631 praedictis,
1553 2588 1712 2619 instrui-to
1744 2586 1859 2620 iteruin
1885 2586 1948 2619 alio

1932 192 1994 235 fin.
2010 206 2041 236 c.
2061 187 2130 235 1692*
