2254 3225
231 203 279 232 An.
301 204 330 231 C.
349 204 412 232 1691
462 196 526 229 5314
1002 210 1177 233 acmantum
1203 210 1355 234 nouantur
1932 212 1981 239 An.
2002 212 2031 240 C.
2050 213 2114 242 1691

422 252 604 295 offenderit,
630 255 749 298 poterit
773 256 811 289 ad
836 256 1019 297 lectiones,
1046 258 1154 290 conse·
1197 257 1226 290 id
1254 268 1369 300 regens
1395 258 1542 300 protinus
1565 259 1752 301 provinciali
1777 264 1832 293 aut
1855 259 1927 293 visi·

423 307 545 339 rentias
564 312 595 339 et
619 309 844 343 conclusiones
868 320 993 349 vocare,
1012 315 1043 343 et
1060 310 1154 343 simul
1198 310 1293 342 tatori
1318 310 1453 352 aperiat,
1469 311 1518 344 vel
1536 311 1632 344 etiam
1656 312 1780 345 deserat
1795 313 1834 345 ad
1851 323 1928 356 pro-

423 359 598 393 admonere
618 361 797 403 prudenter
825 367 859 394 ut
882 373 1017 395 munera
1041 373 1098 395 sua
1122 362 1154 394 in
1197 362 1333 395 vinciale
1351 362 1539 406 capitulum,
1556 369 1590 397 ut
1609 364 1725 398 damno
1751 365 1929 399 adhibeant

424 411 574 445 omnibus
607 413 750 455 legitime
774 415 980 457 compleant;
1017 415 1101 457 quod
1129 414 1155 446 si
1175 429 1178 471 Ι
1198 413 1369 446 medelam.

424 474 489 496 non
514 465 734 508 acquieverint
756 467 945 506 monitioni,
977 478 1044 500 reni
1070 477 1178 518 com-¹
1241 477 1282 500 tx.
1310 467 1452 501 Ulterius
1480 469 1519 502 ad
1544 475 1710 512 regentem
1735 472 1876 513 pertinet
1895 477 1930 505 ut

423 517 606 550 mendatori
626 518 763 557 deserat,
787 525 840 550 aut
866 519 960 551 etiam
985 519 1158 562 superiori·
1175 521 1177 542 ἕ
1198 518 1428 553 determinatas
1443 520 1541 554 horas
1555 521 1766 563 auditoribus,
1779 528 1842 557 tam
1855 534 1929 558 vere

423 570 484 602 bus
510 571 675 612 praelatis,
690 576 787 613 prout
811 571 911 613 magis
937 572 1090 615 expedire
1111 545 1177 604 iu—¹
1199 581 1293 613 quarn
1310 571 1435 615 hyeme,
1454 573 1540 606 iuxta
1551 574 1788 617 provinciarum
1802 586 1932 610 consue-

425 622 591 656 dicaverit.
1175 598 1179 674 i
1201 624 1404 665 tudinem,ad
1422 625 1616 659 studendum
1633 627 1802 671 praefigat,
1820 634 1852 662 et
1871 640 1930 672 pro

467 685 498 708 v.
536 675 580 708 De
613 681 719 708 cetero
755 680 860 708 autem
891 676 1079 719 regentibus
1114 678 1158 710 sa·
1176 678 1179 712 i
1199 677 1399 710 antelucanis
1425 688 1507 711 unus
1533 678 1575 711 sit
1595 690 1631 712 ex
1656 680 1720 713 illis
1740 681 1930 723 excubitor,

425 727 575 760 cultatem
604 727 819 770 impertimur,
844 733 878 760 ut
903 729 1101 763 studentium
1125 715 1181 791 0-1
1200 730 1252 772 qui
1278 731 1422 774 reliquos
1447 742 1463 764 a
1487 742 1599 765 somno
1629 733 1769 774 excitet,
1795 740 1828 767 et
1851 735 1931 778 ipsis

425 780 545 818 mnium
570 780 602 812 in
630 781 808 813 litterarum
828 792 885 814 usu
913 788 944 815 et
970 784 1158 818 executione
1200 783 1415 827 omnibusque
1440 785 1614 819 lectoribus
1630 787 1738 820 lumen
1763 788 1930 827 accendat,

426 833 570 866 desectus
589 833 757 876 corripere
776 839 808 867 et
825 834 996 878 obiurgare
1016 837 1156 877 valeant,
1178 865 1181 875 ,
1200 841 1296 878 prout
1321 836 1414 869 fuerit
1439 837 1470 870 in
1496 838 1646 871 domibus
1663 845 1864 873 consuetum.
1886 841 1931 874 Ad

425 896 462 918 ac
486 886 565 929 ipsis
600 886 695 919 etiam
730 886 946 928 poenitentias
980 890 1029 922 vel
1066 888 1263 925 ahsti-llioc
1288 894 1392 922 autem
1426 890 1600 933 diligenter
1630 892 1776 932 studeat,
1806 898 1842 925 ut
1866 893 1931 927 illis

425 939 553 971 nentias
578 938 700 982 aliquas
725 939 883 982 infligere,
902 951 979 983 quas
998 947 1114 982 tamen,
1132 942 1159 975 si
1178 933 1181 1020 Ι
1201 940 1361 973 tribuatur
1385 942 1494 975 oleum
1510 968 1517 981 ,
1545 948 1576 975 et
1599 944 1726 987 reliqua
1749 945 1933 978 necessaria

426 990 458 1023 in
480 991 652 1024 refectorio
671 991 739 1024 fieri
763 997 920 1034 oporteat,
936 994 1081 1036 praelato
1107 1005 1160 1027 no·
1201 1003 1259 1035 pro
1285 993 1402 1033 studio,
1421 999 1456 1026 ut
1480 1001 1704 1036 atramentum,
1724 1007 1861 1039 pennae,
1879 1008 1934 1040 pa-

426 1049 473 1076 tas
500 1044 603 1083 faciat,
622 1044 673 1077 cui
699 1055 775 1077 sane
799 1046 996 1079 consulimus
1017 1052 1052 1079 ut
1076 1057 1160 1080 sem-
1178 1029 1182 1092 Ι
1201 1055 1305 1087 pyrus,
1324 1051 1355 1078 et
1372 1047 1433 1079 alia
1458 1046 1586 1087 similia,
1611 1048 1649 1080 de
1676 1048 1792 1091 quibus
1807 1049 1851 1082 sic
1869 1049 1933 1082 illis

425 1106 485 1139 per
509 1096 650 1138 regentis
675 1097 820 1139 partibus
855 1098 966 1138 faveat,
999 1109 1062 1142 quo
1087 1110 1156 1132 ma·
1201 1098 1361 1138 praelatus
1386 1099 1475 1140 large
1501 1099 1680 1141 provideat,
1711 1105 1746 1133 ut
1769 1111 1934 1144 nunquam

425 1148 472 1190 gis
498 1148 566 1181 eius
585 1149 808 1191 magisterium
826 1151 1015 1184 auctoritate
1035 1151 1156 1185 fulciat.
1200 1150 1307 1182 studia
1331 1161 1367 1183 ex
1392 1152 1644 1194 praemissorum
1678 1154 1814 1196 penuria
1846 1160 1934 1197 tepe-

424 1200 514 1238 Quod
532 1201 557 1233 si
572 1201 665 1234 venia
682 1201 786 1234 danda
801 1201 842 1234 sit
859 1203 1074 1246 delinquenti,
1090 1214 1158 1237 eam
1200 1208 1299 1235 scant.
1327 1203 1481 1238 Similiter
1498 1215 1592 1239 curae
1610 1206 1728 1240 habeat
1748 1217 1865 1250 regens
1882 1208 1935 1241 bo-

425 1255 574 1287 consulto
599 1260 731 1297 regente
757 1255 923 1297 largiatur.
1201 1265 1273 1287 nam
1294 1257 1386 1289 aulae
1404 1257 1662 1300 dispositionem,
1681 1259 1759 1292 itaut
1774 1260 1934 1293 fenestrae

467 1317 511 1340 vi.
538 1307 614 1340 Cum
640 1307 809 1341 habendae
842 1308 905 1340 sint
934 1310 1160 1343 conclusiones
1179 1334 1182 1366 Ι
1200 1308 1238 1340 ad
1257 1309 1399 1351 pluviam
1419 1312 1673 1353 propulsandam
1693 1312 1854 1345 sintbene
1869 1323 1934 1346 mu-

425 1359 575 1401 publicae
606 1370 687 1403 quae
714 1360 794 1403 typis
828 1361 971 1394 mandari
998 1363 1159 1402 debeant,
1200 1361 1297 1401 uitae,
1318 1371 1378 1395 nee
1402 1368 1497 1396 vento
1524 1363 1616 1397 facile
1641 1369 1784 1407 pateant.

426 1412 534 1444 nullus
548 1413 651 1445 lector
668 1412 698 1445 id
719 1413 836 1445 audeat
849 1413 975 1456 exequi,
992 1414 1053 1446 nisi
1071 1414 1159 1457 prius
1235 1423 1265 1445 x.
1282 1413 1511 1448 Recreationes
1523 1420 1638 1455 autem,
1650 1417 1779 1458 quando
1793 1416 1859 1450 sint
1872 1422 1934 1450 stu-

426 1474 481 1496 eas
507 1465 633 1507 regenti
659 1465 818 1504 subiiciat,
844 1473 878 1498 ut
901 1473 1079 1507 recenseat,
1105 1478 1159 1511 ap·
1201 1465 1351 1498 dentibus
1376 1466 1606 1508 indulgendae,
1623 1467 1700 1501 fiant
1724 1478 1853 1512 semper
1875 1480 1933 1513 op-

426 1516 543 1558 probet
567 1521 598 1549 et
619 1517 809 1558 subscribat,
827 1518 859 1550 in
884 1518 1001 1561 quibus
1027 1519 1051 1551 si
1069 1520 1159 1553 novi·
1200 1522 1339 1559 portuno
1354 1522 1511 1561 tempore,
1534 1524 1566 1552 et
1585 1520 1624 1552 de
1640 1520 1770 1553 licentia
1786 1522 1932 1564 praelati,

428 1575 507 1602 tates
537 1580 554 1602 a
579 1570 640 1602 divi
667 1570 810 1604 Tliomae
836 1571 982 1604 doctrina
1007 1577 1038 1605 et
1062 1583 1158 1606 sensu
1178 1598 1182 1619 Ι
1199 1581 1294 1613 quam
1312 1572 1398 1604 solus
1414 1572 1452 1604 ab
1471 1581 1507 1604 eo
1521 1573 1700 1615 postulabit
1713 1583 1841 1615 regens·
1856 1573 1933 1612 QUO·

426 1621 534 1655 devias
567 1622 748 1663 invenerit,
774 1624 908 1657 omnino
934 1625 1105 1668 prohibeat
1129 1632 1160 1659 et
1178 1633 1179 1636 ¹
1199 1623 1283 1656 cirea
1307 1624 1520 1665 declaramus
1539 1625 1727 1668 quod‚licet
1749 1626 1854 1660 omnis
1879 1637 1932 1660 res

426 1675 550 1715 deleat,
570 1685 630 1708 nec
661 1675 789 1709 ratione
815 1676 940 1719 aliqua,
967 1678 1026 1710 sub
1052 1680 1159 1721 poena
1199 1676 1364 1718 litteraria,
1385 1677 1517 1721 eiusque
1543 1683 1613 1711 acta
1637 1678 1799 1720 ordinare,
1826 1680 1865 1713 ad
1883 1690 1934 1713 re-

427 1727 618 1770 privationis
636 1738 653 1760 a
673 1739 817 1767 munere,
833 1729 961 1762 defendi
980 1732 1156 1773 permittat.
1199 1735 1326 1772 gentem
1366 1731 1551 1773 pertineat,
1584 1737 1727 1766 ceterum
1751 1733 1783 1765 in
1809 1732 1934 1776 praeci-

478 1790 532 1814 vn.
560 1780 777 1814 Conferentiis
790 1808 797 1821 ,
822 1793 880 1814 seu
909 1784 1157 1825 collationibus,
1199 1783 1281 1825 puis
1299 1787 1330 1815 et
1344 1782 1382 1815 iis
1402 1794 1483 1826 quae
1500 1790 1636 1827 possunt
1653 1795 1846 1818 concurrere
1860 1796 1934 1819 cum

428 1833 613 1875 theologiae
644 1835 692 1866 vel
723 1834 857 1875 artium,
883 1835 1018 1878 singulis
1044 1837 1159 1870 diebus
1200 1835 1269 1867 aliis
1286 1836 1553 1869 conventualibus
1570 1836 1660 1877 actis,
1679 1842 1732 1870 aut
1749 1848 1860 1871 eorum
1878 1848 1935 1881 op-

428 1895 493 1917 non
507 1885 627 1918 seriatis
642 1886 871 1921 inviolabiliter
884 1888 1019 1929 assistat,
1034 1890 1066 1922 in
1081 1890 1159 1933 ipsis
1200 1892 1335 1929 portuna
1353 1893 1497 1931 tempora
1514 1889 1683 1930 invertere,
1702 1900 1831 1932 semper
1843 1900 1935 1933 prae-

428 1943 459 1970 ct
493 1939 760 1972 conclusionibus
795 1941 934 1983 publicis
973 1949 1160 1984 argumenta
1200 1940 1284 1974 latus
1308 1941 1527 1974 consulendus
1553 1947 1601 1974 est
1625 1952 1642 1974 a
1668 1947 1810 1984 regente,
1827 1947 1862 1975 ut
1885 1942 1934 1975 in-

428 1989 609 2031 distribuat‚
634 2001 744 2034 eaque,
772 1992 798 2024 si
823 2002 957 2025 necesse
983 1994 1087 2033 suerit,
1112 2005 1161 2028 re·
1178 1991 1182 2048 1
1202 1999 1250 2026 ter
1274 1994 1363 2037 ipsos
1388 2004 1438 2026 res
1462 1994 1639 2027 litterariae
1664 2005 1736 2027 cum
1761 1994 1833 2028 aliis
1859 2005 1935 2028 con-

428 2043 539 2082 solvat,
567 2047 598 2075 et
621 2042 690 2086 ipso
715 2044 867 2087 loquente
893 2056 1005 2078 omnes
1030 2047 1158 2080 sileant.
1201 2051 1313 2079 ventus
1338 2047 1491 2079 oneribus
1517 2052 1748 2089 temperentur,
1763 2052 1794 2080 et
1810 2046 1853 2080 ita
1873 2058 1933 2091 pro

429 2094 477 2127 Ad
501 2094 671 2128 lectionem
704 2096 735 2128 in
760 2098 967 2131 conserentiis
992 2099 1160 2132 dicendam
1202 2098 1339 2141 singulis
1365 2099 1504 2141 eligatur
1524 2104 1659 2142 tempus,
1681 2104 1717 2131 ut
1740 2109 1772 2132 se
1797 2099 1932 2132 invicem

430 2148 559 2181 fratrem
585 2149 766 2182 studentem
785 2150 893 2192 eligat,
910 2154 1033 2184 servata
1054 2157 1160 2186 tamen
1202 2161 1267 2184 non
1292 2151 1481 2194 impediant,
1500 2156 1553 2184 aut
1579 2152 1764 2195 importune
1790 2152 1877 2185 siant.
1900 2152 1933 2185 lu

430 2201 463 2233 in
488 2200 537 2233 his
562 2201 709 2233 omnibus
734 2204 922 2236 auctoritate
945 2204 1090 2246 praelati,
1112 2205 1161 2237 cui
1202 2204 1348 2237 absentia
1380 2204 1522 2247 regentis
1553 2205 1718 2248 antiquior
1748 2205 1934 2249 primusque

429 2253 593 2297 praesenti
613 2264 741 2296 semper
764 2265 900 2297 aequum
922 2255 1064 2289 ducimus
1083 2258 1162 2290 haec
1180 2273 1184 2386 Ι
1203 2258 1304 2290 lector
1327 2268 1442 2290 munus
1475 2258 1545 2290 eius
1577 2258 1754 2301 suscipiat;
1780 2257 1835 2291 ubi
1857 2268 1934 2290 vero

429 2305 539 2338 munia
564 2316 634 2339 cum
660 2307 746 2339 omni
784 2309 933 2341 comitate
964 2310 1099 2351 deferri,
1131 2317 1163 2344 et
1203 2311 1325 2343 lectura
1346 2315 1470 2343 tantum
1490 2310 1604 2343 artium
1621 2310 1662 2343 sit
1681 2310 1865 2350 constituta,
1882 2321 1936 2343 cu-

430 2368 468 2391 eo
493 2360 598 2392 solum
622 2364 784 2392 annuente
809 2366 975 2402 regentem
1000 2363 1161 2405 suscipere
1181 2388 1182 2391 η
1202 2375 1269 2397 ram
1295 2369 1327 2397 et
1352 2364 1500 2406 regimen
1518 2364 1697 2397 studiorum
1723 2363 1837 2396 lectori
1862 2363 1935 2396 sub-

430 2415 462 2443 et
486 2411 613 2454 exequi.
1181 2402 1185 2428 .
1203 2416 1377 2459 iungimus.

473 2474 543 2497 v111.
578 2463 609 2497 Si
646 2465 890 2498 commendator
926 2466 957 2499 in
991 2467 1161 2510 disciplina
1246 2481 1288 2503 XI.
1307 2470 1434 2512 Regens
1453 2470 1606 2512 denique,
1625 2469 1650 2502 si
1672 2479 1737 2502 non
1756 2469 1852 2503 suerit
1868 2481 1936 2503 ma-

431 2517 611 2550 litterarum
628 2518 848 2560 promovenda
869 2519 964 2552 suerit
981 2521 1160 2563 negligens,
1204 2523 1323 2565 gister,
1351 2523 1419 2555 eius
1444 2521 1545 2565 gratia
1570 2522 1692 2555 fruatur
1717 2528 1870 2565 quantum
1896 2523 1934 2555 ad

431 2575 463 2602 ct
477 2580 584 2603 carum
599 2570 735 2604 fructum
754 2571 868 2615 quovis
886 2572 981 2606 modo
996 2573 1161 2617 impediat,
1204 2585 1388 2608 mensuram
1406 2575 1589 2608 resectionis
1602 2579 1633 2608 et
1649 2574 1759 2615 victus,
1775 2575 1868 2619 cique
1881 2585 1937 2609 ne-
