<?xml version="1.0" encoding="UTF-8"?>
<!DOCTYPE html PUBLIC "-//W3C//DTD XHTML 1.0 Transitional//EN"
    "http://www.w3.org/TR/xhtml1/DTD/xhtml1-transitional.dtd">
<html xmlns="http://www.w3.org/1999/xhtml" xml:lang="en" lang="en">
 <head>
  <title>
</title>
<meta http-equiv="Content-Type" content="text/html;charset=utf-8" />
  <meta name='ocr-system' content='tesseract 3.04.00' />
  <meta name='ocr-capabilities' content='ocr_page ocr_carea ocr_par ocr_line ocrx_word'/>
</head>
<body>
  <div class='ocr_page' id='page_1' title='image "./bullarumdiplomat20cath_1030.png"; bbox 0 0 2254 3225; ppageno 0'>
   <div class='ocr_carea' id='block_1_1' title="bbox 244 255 541 292">
    <p class='ocr_par' dir='ltr' id='par_1_1' title="bbox 244 255 541 292">
     <span class='ocr_line' id='line_1_1' title="bbox 244 255 541 292; baseline -0.013 -1"><span class='ocrx_word' id='word_1_1' title='bbox 244 264 294 291; x_wconf 80' lang='lat' dir='ltr'>An.</span> <span class='ocrx_word' id='word_1_2' title='bbox 316 263 344 291; x_wconf 86' lang='lat' dir='ltr'>C.</span> <span class='ocrx_word' id='word_1_3' title='bbox 363 264 431 292; x_wconf 85' lang='lat'>1700</span> <span class='ocrx_word' id='word_1_4' title='bbox 477 255 541 289; x_wconf 71' lang='lat'>946</span> 
     </span>
    </p>
   </div>
   <div class='ocr_carea' id='block_1_2' title="bbox 249 1338 433 1412">
    <p class='ocr_par' dir='ltr' id='par_1_2' title="bbox 249 1338 433 1412">
     <span class='ocr_line' id='line_1_2' title="bbox 276 1338 432 1359; baseline 0.019 -2"><span class='ocrx_word' id='word_1_5' title='bbox 276 1338 386 1359; x_wconf 60' lang='lat' dir='ltr'>Deci-ctum</span> <span class='ocrx_word' id='word_1_6' title='bbox 403 1339 432 1358; x_wconf 77' lang='lat' dir='ltr'>di-</span> 
     </span>
     <span class='ocr_line' id='line_1_3' title="bbox 249 1366 433 1391; baseline 0.027 -9"><span class='ocrx_word' id='word_1_7' title='bbox 249 1367 295 1383; x_wconf 64' lang='lat' dir='ltr'>eta·-</span> <span class='ocrx_word' id='word_1_8' title='bbox 312 1366 433 1391; x_wconf 58' lang='lat' dir='ltr'>Congrege-</span> 
     </span>
     <span class='ocr_line' id='line_1_4' title="bbox 249 1394 320 1412; baseline 0.028 -2"><span class='ocrx_word' id='word_1_9' title='bbox 249 1394 320 1412; x_wconf 68' lang='lat' dir='ltr'>tionis.</span> 
     </span>
    </p>
   </div>
   <div class='ocr_carea' id='block_1_3' title="bbox 439 313 1185 779">
    <p class='ocr_par' dir='ltr' id='par_1_3' title="bbox 439 313 1183 568">
     <span class='ocr_line' id='line_1_5' title="bbox 439 313 1181 353; baseline 0.001 -9"><span class='ocrx_word' id='word_1_10' title='bbox 439 313 536 345; x_wconf 81' lang='lat' dir='ltr'>sertis</span> <span class='ocrx_word' id='word_1_11' title='bbox 562 313 732 353; x_wconf 87' lang='lat' dir='ltr'>habentes,</span> <span class='ocrx_word' id='word_1_12' title='bbox 751 314 817 346; x_wconf 89' lang='lat' dir='ltr'>illis</span> <span class='ocrx_word' id='word_1_13' title='bbox 839 313 918 346; x_wconf 76' lang='lat' dir='ltr'>alias</span> <span class='ocrx_word' id='word_1_14' title='bbox 936 313 967 346; x_wconf 94' lang='lat' dir='ltr'>in</span> <span class='ocrx_word' id='word_1_15' title='bbox 986 323 1042 346; x_wconf 88' lang='lat' dir='ltr'>suo</span> <span class='ocrx_word' id='word_1_16' title='bbox 1063 313 1181 346; x_wconf 83' lang='lat' dir='ltr'>robore</span> 
     </span>
     <span class='ocr_line' id='line_1_6' title="bbox 439 365 1181 409; baseline 0 -11"><span class='ocrx_word' id='word_1_17' title='bbox 439 366 673 409; x_wconf 74' lang='lat' dir='ltr'>permansuris,</span> <span class='ocrx_word' id='word_1_18' title='bbox 695 367 733 399; x_wconf 86' lang='lat' dir='ltr'>ad</span> <span class='ocrx_word' id='word_1_19' title='bbox 752 366 1003 409; x_wconf 85' lang='lat' dir='ltr'>praemissorum</span> <span class='ocrx_word' id='word_1_20' title='bbox 1022 365 1181 406; x_wconf 76' lang='lat' dir='ltr'>effectum,</span> 
     </span>
     <span class='ocr_line' id='line_1_7' title="bbox 441 419 1183 462; baseline 0.001 -11"><span class='ocrx_word' id='word_1_21' title='bbox 441 419 501 451; x_wconf 88' lang='lat' dir='ltr'>hac</span> <span class='ocrx_word' id='word_1_22' title='bbox 526 419 596 452; x_wconf 89' lang='lat' dir='ltr'>vice</span> <span class='ocrx_word' id='word_1_23' title='bbox 622 420 812 460; x_wconf 78' lang='lat' dir='ltr'>dumtaxat,</span> <span class='ocrx_word' id='word_1_24' title='bbox 839 419 1028 462; x_wconf 72' lang='lat' dir='ltr'>specialiter</span> <span class='ocrx_word' id='word_1_25' title='bbox 1064 425 1095 452; x_wconf 89' lang='lat' dir='ltr'>et</span> <span class='ocrx_word' id='word_1_26' title='bbox 1131 430 1183 452; x_wconf 89' lang='lat' dir='ltr'>ex-</span> 
     </span>
     <span class='ocr_line' id='line_1_8' title="bbox 440 472 1183 515; baseline 0.001 -12"><span class='ocrx_word' id='word_1_27' title='bbox 440 482 555 515; x_wconf 85' lang='lat' dir='ltr'>presse</span> <span class='ocrx_word' id='word_1_28' title='bbox 574 472 786 515; x_wconf 71' lang='lat' dir='ltr'>derogamus,</span> <span class='ocrx_word' id='word_1_29' title='bbox 808 472 991 515; x_wconf 87' lang='lat' dir='ltr'>ceterisque</span> <span class='ocrx_word' id='word_1_30' title='bbox 1010 472 1183 505; x_wconf 69' lang='lat' dir='ltr'>contrariis</span> 
     </span>
     <span class='ocr_line' id='line_1_9' title="bbox 441 524 713 568; baseline 0.007 -12"><span class='ocrx_word' id='word_1_31' title='bbox 441 524 713 568; x_wconf 83' lang='lat' dir='ltr'>quibuscumque.</span> 
     </span>
    </p>

    <p class='ocr_par' dir='ltr' id='par_1_4' title="bbox 442 577 1185 726">
     <span class='ocr_line' id='line_1_10' title="bbox 486 577 1185 620; baseline -0.001 -10"><span class='ocrx_word' id='word_1_32' title='bbox 486 578 600 610; x_wconf 83' lang='lat' dir='ltr'>Datum</span> <span class='ocrx_word' id='word_1_33' title='bbox 625 578 754 617; x_wconf 86' lang='lat' dir='ltr'>Romae,</span> <span class='ocrx_word' id='word_1_34' title='bbox 777 578 862 620; x_wconf 89' lang='lat' dir='ltr'>apud</span> <span class='ocrx_word' id='word_1_35' title='bbox 880 577 911 610; x_wconf 80' lang='lat' dir='ltr'>S.</span> <span class='ocrx_word' id='word_1_36' title='bbox 932 577 1062 610; x_wconf 83' lang='lat' dir='ltr'>Mariam</span> <span class='ocrx_word' id='word_1_37' title='bbox 1087 577 1185 610; x_wconf 88' lang='lat' dir='ltr'>Maio-</span> 
     </span>
     <span class='ocr_line' id='line_1_11' title="bbox 442 630 1183 670; baseline 0 -7"><span class='ocrx_word' id='word_1_38' title='bbox 442 641 522 668; x_wconf 75' lang='lat' dir='ltr'>rem,</span> <span class='ocrx_word' id='word_1_39' title='bbox 547 631 607 663; x_wconf 90' lang='lat' dir='ltr'>sub</span> <span class='ocrx_word' id='word_1_40' title='bbox 633 632 753 663; x_wconf 89' lang='lat' dir='ltr'>annulo</span> <span class='ocrx_word' id='word_1_41' title='bbox 780 630 968 670; x_wconf 71' lang='lat' dir='ltr'>piscatoris,</span> <span class='ocrx_word' id='word_1_42' title='bbox 996 630 1049 663; x_wconf 89' lang='lat' dir='ltr'>die</span> <span class='ocrx_word' id='word_1_43' title='bbox 1074 642 1091 663; x_wconf 85' lang='lat' dir='ltr'>x</span> <span class='ocrx_word' id='word_1_44' title='bbox 1115 631 1183 664; x_wconf 93' lang='lat' dir='ltr'>iulii</span> 
     </span>
     <span class='ocr_line' id='line_1_12' title="bbox 443 683 1081 726; baseline -0.002 -10"><span class='ocrx_word' id='word_1_45' title='bbox 443 693 539 723; x_wconf 68' lang='grc' dir='ltr'>Μῦες,</span> <span class='ocrx_word' id='word_1_46' title='bbox 565 683 773 726; x_wconf 85' lang='lat' dir='ltr'>pontiticatus</span> <span class='ocrx_word' id='word_1_47' title='bbox 798 683 902 716; x_wconf 86' lang='lat' dir='ltr'>nostri</span> <span class='ocrx_word' id='word_1_48' title='bbox 928 694 1012 716; x_wconf 90' lang='lat' dir='ltr'>anno</span> <span class='ocrx_word' id='word_1_49' title='bbox 1038 693 1081 716; x_wconf 82' lang='lat' dir='ltr'>ix.</span> 
     </span>
    </p>

    <p class='ocr_par' dir='ltr' id='par_1_5' title="bbox 478 743 1087 779">
     <span class='ocr_line' id='line_1_13' title="bbox 478 743 1087 779; baseline 0 -9"><span class='ocrx_word' id='word_1_50' title='bbox 478 744 536 771; x_wconf 88' lang='lat' dir='ltr'>Dat.</span> <span class='ocrx_word' id='word_1_51' title='bbox 554 744 598 770; x_wconf 83' lang='lat' dir='ltr'>die</span> <span class='ocrx_word' id='word_1_52' title='bbox 618 743 649 770; x_wconf 87' lang='grc' dir='ltr'>ΙΟ</span> <span class='ocrx_word' id='word_1_53' title='bbox 667 744 727 770; x_wconf 89' lang='lat' dir='ltr'>iulii</span> <span class='ocrx_word' id='word_1_54' title='bbox 749 744 826 777; x_wconf 79' lang='lat'>1700,</span> <span class='ocrx_word' id='word_1_55' title='bbox 849 744 944 779; x_wconf 76' lang='lat' dir='ltr'>pontis.</span> <span class='ocrx_word' id='word_1_56' title='bbox 962 752 1033 771; x_wconf 87' lang='lat' dir='ltr'>anno</span> <span class='ocrx_word' id='word_1_57' title='bbox 1049 751 1087 771; x_wconf 84' lang='lat' dir='ltr'>ix.</span> 
     </span>
    </p>
   </div>
   <div class='ocr_carea' id='block_1_4' title="bbox 720 811 903 814">
    <p class='ocr_par' dir='ltr' id='par_1_6' title="bbox 720 811 903 814">
     <span class='ocr_line' id='line_1_14' title="bbox 720 811 903 814; baseline 0 0"><span class='ocrx_word' id='word_1_58' title='bbox 720 811 903 814; x_wconf 95' lang='lat' dir='ltr'> </span> 
     </span>
    </p>
   </div>
   <div class='ocr_carea' id='block_1_5' title="bbox 753 886 879 919">
    <p class='ocr_par' dir='ltr' id='par_1_7' title="bbox 753 886 879 919">
     <span class='ocr_line' id='line_1_15' title="bbox 753 886 879 919; baseline 0 0"><span class='ocrx_word' id='word_1_59' title='bbox 753 886 879 919; x_wconf 69' lang='lat' dir='ltr'>CXCIX.</span> 
     </span>
    </p>
   </div>
   <div class='ocr_carea' id='block_1_6' title="bbox 445 966 1187 1161">
    <p class='ocr_par' dir='ltr' id='par_1_8' title="bbox 445 966 1187 1161">
     <span class='ocr_line' id='line_1_16' title="bbox 445 966 1186 1010; baseline -0.001 -9"><span class='ocrx_word' id='word_1_60' title='bbox 445 967 667 1009; x_wconf 76' lang='lat' dir='ltr'>Confirmalur</span> <span class='ocrx_word' id='word_1_61' title='bbox 705 966 868 999; x_wconf 70' lang='lat' dir='ltr'>(let-retmn</span> <span class='ocrx_word' id='word_1_62' title='bbox 917 967 1186 1010; x_wconf 70' lang='lat' dir='ltr'>Conqreqalionis</span> 
     </span>
     <span class='ocr_line' id='line_1_17' title="bbox 493 1021 1187 1063; baseline 0.001 -10"><span class='ocrx_word' id='word_1_63' title='bbox 493 1022 696 1053; x_wconf 69' lang='lat' dir='ltr'>Visz&#39;tctti&#39;om&#39;s</span> <span class='ocrx_word' id='word_1_64' title='bbox 713 1025 826 1054; x_wconf 77' lang='lat' dir='ltr'>contra</span> <span class='ocrx_word' id='word_1_65' title='bbox 842 1021 1009 1063; x_wconf 69' lang='lat' dir='ltr'>requlares</span> <span class='ocrx_word' id='word_1_66' title='bbox 1023 1025 1187 1054; x_wconf 79' lang='lat' dir='ltr'>aromata-</span> 
     </span>
     <span class='ocr_line' id='line_1_18' title="bbox 487 1074 1187 1117; baseline 0.001 -11"><span class='ocrx_word' id='word_1_67' title='bbox 487 1075 570 1106; x_wconf 75' lang='lat' dir='ltr'>rz&#39;am</span> <span class='ocrx_word' id='word_1_68' title='bbox 597 1078 775 1106; x_wconf 67' lang='lat' dir='ltr'>exercentes</span> <span class='ocrx_word' id='word_1_69' title='bbox 791 1084 850 1117; x_wconf 80' lang='lat' dir='ltr'>pro</span> <span class='ocrx_word' id='word_1_70' title='bbox 868 1074 1002 1116; x_wconf 67' lang='lat' dir='ltr'>colleqio</span> <span class='ocrx_word' id='word_1_71' title='bbox 1022 1078 1187 1107; x_wconf 72' lang='lat' dir='ltr'>aromata-</span> 
     </span>
     <span class='ocr_line' id='line_1_19' title="bbox 488 1126 821 1161; baseline 0.003 -1"><span class='ocrx_word' id='word_1_72' title='bbox 488 1129 616 1160; x_wconf 79' lang='lat' dir='ltr'>riorum</span> <span class='ocrx_word' id='word_1_73' title='bbox 641 1127 678 1160; x_wconf 76' lang='lat' dir='ltr'>cle</span> <span class='ocrx_word' id='word_1_74' title='bbox 706 1126 821 1161; x_wconf 80' lang='lat' dir='ltr'>Urbe¹.</span> 
     </span>
    </p>
   </div>
   <div class='ocr_carea' id='block_1_7' title="bbox 586 1208 1041 1282">
    <p class='ocr_par' dir='ltr' id='par_1_9' title="bbox 586 1208 1041 1282">
     <span class='ocr_line' id='line_1_20' title="bbox 621 1208 1007 1243; baseline -0.003 -6"><span class='ocrx_word' id='word_1_75' title='bbox 621 1208 823 1237; x_wconf 82' lang='lat' dir='ltr'>Innocentius</span> <span class='ocrx_word' id='word_1_76' title='bbox 845 1209 923 1243; x_wconf 80' lang='lat' dir='ltr'>Papa</span> <span class='ocrx_word' id='word_1_77' title='bbox 942 1210 1007 1243; x_wconf 82' lang='lat' dir='ltr'>xll,</span> 
     </span>
     <span class='ocr_line' id='line_1_21' title="bbox 586 1254 1041 1282; baseline -0.002 -1"><span class='ocrx_word' id='word_1_78' title='bbox 586 1256 621 1281; x_wconf 84' lang='lat' dir='ltr'>ad</span> <span class='ocrx_word' id='word_1_79' title='bbox 641 1255 776 1282; x_wconf 81' lang='lat' dir='ltr'>futuram</span> <span class='ocrx_word' id='word_1_80' title='bbox 795 1254 839 1281; x_wconf 84' lang='lat' dir='ltr'>rei</span> <span class='ocrx_word' id='word_1_81' title='bbox 860 1255 1041 1281; x_wconf 81' lang='lat' dir='ltr'>memoriam.</span> 
     </span>
    </p>
   </div>
   <div class='ocr_carea' id='block_1_8' title="bbox 444 1327 1192 2378">
    <p class='ocr_par' dir='ltr' id='par_1_10' title="bbox 444 1327 1192 2378">
     <span class='ocr_line' id='line_1_22' title="bbox 490 1327 1185 1372; baseline -0.003 -11"><span class='ocrx_word' id='word_1_82' title='bbox 490 1329 504 1372; x_wconf 64' lang='grc' dir='ltr'>ξ</span> <span class='ocrx_word' id='word_1_83' title='bbox 535 1329 560 1360; x_wconf 94' lang='lat' dir='ltr'>l.</span> <span class='ocrx_word' id='word_1_84' title='bbox 583 1328 669 1361; x_wconf 72' lang='lat' dir='ltr'>Alias</span> <span class='ocrx_word' id='word_1_85' title='bbox 697 1327 859 1360; x_wconf 84' lang='lat' dir='ltr'>emanavit</span> <span class='ocrx_word' id='word_1_86' title='bbox 883 1338 900 1359; x_wconf 84' lang='lat' dir='ltr'>a</span> <span class='ocrx_word' id='word_1_87' title='bbox 925 1327 1185 1369; x_wconf 72' lang='lat' dir='ltr'>Congregatione</span> 
     </span>
     <span class='ocr_line' id='line_1_23' title="bbox 445 1380 1183 1414; baseline -0.003 0"><span class='ocrx_word' id='word_1_88' title='bbox 445 1381 679 1414; x_wconf 88' lang='lat' dir='ltr'>venerabilium</span> <span class='ocrx_word' id='word_1_89' title='bbox 701 1381 833 1412; x_wconf 77' lang='lat' dir='ltr'>fratrum</span> <span class='ocrx_word' id='word_1_90' title='bbox 848 1385 1034 1413; x_wconf 88' lang='lat' dir='ltr'>nostrorum</span> <span class='ocrx_word' id='word_1_91' title='bbox 1050 1381 1080 1413; x_wconf 80' lang='lat' dir='ltr'>S.</span> <span class='ocrx_word' id='word_1_92' title='bbox 1096 1380 1132 1412; x_wconf 76' lang='lat' dir='ltr'>R.</span> <span class='ocrx_word' id='word_1_93' title='bbox 1149 1380 1183 1413; x_wconf 90' lang='lat' dir='ltr'>E.</span> 
     </span>
     <span class='ocr_line' id='line_1_24' title="bbox 445 1432 1187 1466; baseline -0.001 0"><span class='ocrx_word' id='word_1_94' title='bbox 445 1434 656 1466; x_wconf 76' lang='lat' dir='ltr'>cardinalium</span> <span class='ocrx_word' id='word_1_95' title='bbox 685 1439 716 1465; x_wconf 87' lang='lat' dir='ltr'>et</span> <span class='ocrx_word' id='word_1_96' title='bbox 741 1433 933 1465; x_wconf 88' lang='lat' dir='ltr'>dilectorum</span> <span class='ocrx_word' id='word_1_97' title='bbox 959 1432 1099 1465; x_wconf 83' lang='lat' dir='ltr'>liliorum</span> <span class='ocrx_word' id='word_1_98' title='bbox 1126 1433 1187 1465; x_wconf 74' lang='lat' dir='ltr'>Ro-</span> 
     </span>
     <span class='ocr_line' id='line_1_25' title="bbox 446 1486 1187 1528; baseline -0.001 -9"><span class='ocrx_word' id='word_1_99' title='bbox 446 1498 559 1519; x_wconf 80' lang='lat' dir='ltr'>manae</span> <span class='ocrx_word' id='word_1_100' title='bbox 585 1486 697 1519; x_wconf 80' lang='lat' dir='ltr'>Curiae</span> <span class='ocrx_word' id='word_1_101' title='bbox 724 1487 941 1528; x_wconf 84' lang='lat' dir='ltr'>praelatorum</span> <span class='ocrx_word' id='word_1_102' title='bbox 967 1496 1063 1528; x_wconf 90' lang='lat' dir='ltr'>super</span> <span class='ocrx_word' id='word_1_103' title='bbox 1088 1496 1187 1528; x_wconf 77' lang='lat' dir='ltr'>nego-</span> 
     </span>
     <span class='ocr_line' id='line_1_26' title="bbox 446 1538 1185 1581; baseline -0.001 -9"><span class='ocrx_word' id='word_1_104' title='bbox 446 1540 497 1572; x_wconf 87' lang='lat' dir='ltr'>tiis</span> <span class='ocrx_word' id='word_1_105' title='bbox 525 1539 715 1572; x_wconf 66' lang='lat' dir='ltr'>visitationis</span> <span class='ocrx_word' id='word_1_106' title='bbox 746 1538 946 1581; x_wconf 89' lang='lat' dir='ltr'>apostolicae</span> <span class='ocrx_word' id='word_1_107' title='bbox 972 1539 1185 1571; x_wconf 83' lang='lat' dir='ltr'>ecclesiarum</span> 
     </span>
     <span class='ocr_line' id='line_1_27' title="bbox 445 1591 1184 1635; baseline -0.003 -10"><span class='ocrx_word' id='word_1_108' title='bbox 445 1598 476 1625; x_wconf 88' lang='lat' dir='ltr'>ct</span> <span class='ocrx_word' id='word_1_109' title='bbox 497 1594 641 1626; x_wconf 88' lang='lat' dir='ltr'>locorum</span> <span class='ocrx_word' id='word_1_110' title='bbox 668 1592 795 1635; x_wconf 87' lang='lat' dir='ltr'>piorum</span> <span class='ocrx_word' id='word_1_111' title='bbox 821 1593 925 1624; x_wconf 88' lang='lat' dir='ltr'>almae</span> <span class='ocrx_word' id='word_1_112' title='bbox 944 1591 1036 1623; x_wconf 82' lang='lat' dir='ltr'>Urbis</span> <span class='ocrx_word' id='word_1_113' title='bbox 1055 1597 1184 1624; x_wconf 87' lang='lat' dir='ltr'>nostrae</span> 
     </span>
     <span class='ocr_line' id='line_1_28' title="bbox 447 1644 1186 1688; baseline -0.001 -10"><span class='ocrx_word' id='word_1_114' title='bbox 447 1659 464 1678; x_wconf 92' lang='lat' dir='ltr'>a</span> <span class='ocrx_word' id='word_1_115' title='bbox 489 1646 583 1678; x_wconf 80' lang='lat' dir='ltr'>nobis</span> <span class='ocrx_word' id='word_1_116' title='bbox 609 1646 836 1688; x_wconf 82' lang='lat' dir='ltr'>deputatorum</span> <span class='ocrx_word' id='word_1_117' title='bbox 870 1645 1039 1678; x_wconf 86' lang='lat' dir='ltr'>decretum</span> <span class='ocrx_word' id='word_1_118' title='bbox 1066 1644 1186 1677; x_wconf 89' lang='lat' dir='ltr'>tenoris</span> 
     </span>
     <span class='ocr_line' id='line_1_29' title="bbox 446 1698 1187 1742; baseline 0.001 -13"><span class='ocrx_word' id='word_1_119' title='bbox 446 1700 499 1742; x_wconf 87' lang='lat' dir='ltr'>qui</span> <span class='ocrx_word' id='word_1_120' title='bbox 525 1699 681 1742; x_wconf 85' lang='lat' dir='ltr'>sequitur,</span> <span class='ocrx_word' id='word_1_121' title='bbox 708 1699 872 1731; x_wconf 82' lang='lat' dir='ltr'>videlicet:</span> <span class='ocrx_word' id='word_1_122' title='bbox 904 1711 917 1729; x_wconf 66' lang='grc' dir='ltr'>α</span> <span class='ocrx_word' id='word_1_123' title='bbox 935 1698 1031 1732; x_wconf 84' lang='lat' dir='ltr'>Sacra</span> <span class='ocrx_word' id='word_1_124' title='bbox 1047 1698 1187 1741; x_wconf 79' lang='lat' dir='ltr'>Congre-</span> 
     </span>
     <span class='ocr_line' id='line_1_30' title="bbox 446 1751 1186 1795; baseline -0.001 -10"><span class='ocrx_word' id='word_1_125' title='bbox 446 1753 531 1795; x_wconf 78' lang='lat' dir='ltr'>gatio</span> <span class='ocrx_word' id='word_1_126' title='bbox 553 1751 745 1785; x_wconf 71' lang='lat' dir='ltr'>visitationis</span> <span class='ocrx_word' id='word_1_127' title='bbox 777 1752 972 1795; x_wconf 84' lang='lat' dir='ltr'>apostolicae</span> <span class='ocrx_word' id='word_1_128' title='bbox 999 1752 1109 1784; x_wconf 85' lang='lat' dir='ltr'>habita</span> <span class='ocrx_word' id='word_1_129' title='bbox 1135 1751 1186 1784; x_wconf 88' lang='lat' dir='ltr'>die</span> 
     </span>
     <span class='ocr_line' id='line_1_31' title="bbox 444 1805 1187 1847; baseline -0.003 -9"><span class='ocrx_word' id='word_1_130' title='bbox 444 1816 483 1838; x_wconf 77' lang='lat' dir='ltr'>xv</span> <span class='ocrx_word' id='word_1_131' title='bbox 506 1805 610 1838; x_wconf 89' lang='lat' dir='ltr'>martii</span> <span class='ocrx_word' id='word_1_132' title='bbox 636 1814 774 1846; x_wconf 78' lang='lat' dir='ltr'>nocxev,</span> <span class='ocrx_word' id='word_1_133' title='bbox 798 1805 830 1836; x_wconf 90' lang='lat' dir='ltr'>in</span> <span class='ocrx_word' id='word_1_134' title='bbox 853 1807 949 1838; x_wconf 74' lang='lat' dir='ltr'>causa</span> <span class='ocrx_word' id='word_1_135' title='bbox 972 1806 1108 1837; x_wconf 76' lang='lat' dir='ltr'>romana</span> <span class='ocrx_word' id='word_1_136' title='bbox 1128 1815 1187 1847; x_wconf 90' lang='lat' dir='ltr'>pro</span> 
     </span>
     <span class='ocr_line' id='line_1_32' title="bbox 447 1857 1185 1902; baseline -0.003 -11"><span class='ocrx_word' id='word_1_137' title='bbox 447 1859 585 1902; x_wconf 81' lang='lat' dir='ltr'>collegio</span> <span class='ocrx_word' id='word_1_138' title='bbox 610 1857 882 1891; x_wconf 82' lang='lat' dir='ltr'>aromatariorum</span> <span class='ocrx_word' id='word_1_139' title='bbox 917 1863 1029 1890; x_wconf 83' lang='lat' dir='ltr'>contra</span> <span class='ocrx_word' id='word_1_140' title='bbox 1055 1857 1185 1899; x_wconf 71' lang='lat' dir='ltr'>religio-</span> 
     </span>
     <span class='ocr_line' id='line_1_33' title="bbox 447 1911 1187 1953; baseline -0.003 -9"><span class='ocrx_word' id='word_1_141' title='bbox 447 1923 501 1944; x_wconf 87' lang='lat' dir='ltr'>sos</span> <span class='ocrx_word' id='word_1_142' title='bbox 516 1911 743 1944; x_wconf 84' lang='lat' dir='ltr'>aromatariam</span> <span class='ocrx_word' id='word_1_143' title='bbox 762 1915 962 1949; x_wconf 84' lang='lat' dir='ltr'>exercentes⁷</span> <span class='ocrx_word' id='word_1_144' title='bbox 980 1916 1187 1953; x_wconf 74' lang='lat' dir='ltr'>proponente</span> 
     </span>
     <span class='ocr_line' id='line_1_34' title="bbox 447 1963 1187 1997; baseline 0.001 -1"><span class='ocrx_word' id='word_1_145' title='bbox 447 1964 702 1997; x_wconf 80' lang='lat' dir='ltr'>eminentissimo</span> <span class='ocrx_word' id='word_1_146' title='bbox 718 1974 752 1996; x_wconf 87' lang='lat' dir='ltr'>ac</span> <span class='ocrx_word' id='word_1_147' title='bbox 766 1963 1040 1996; x_wconf 86' lang='lat' dir='ltr'>reverendissimo</span> <span class='ocrx_word' id='word_1_148' title='bbox 1056 1963 1187 1997; x_wconf 90' lang='lat' dir='ltr'>domino</span> 
     </span>
     <span class='ocr_line' id='line_1_35' title="bbox 448 2016 1186 2059; baseline -0.001 -10"><span class='ocrx_word' id='word_1_149' title='bbox 448 2017 602 2050; x_wconf 81' lang='lat' dir='ltr'>cardinali</span> <span class='ocrx_word' id='word_1_150' title='bbox 630 2017 802 2057; x_wconf 75' lang='lat' dir='ltr'>Acci-aiolo,</span> <span class='ocrx_word' id='word_1_151' title='bbox 829 2016 997 2059; x_wconf 74' lang='lat' dir='ltr'>rescripsit</span> <span class='ocrx_word' id='word_1_152' title='bbox 1022 2022 1055 2048; x_wconf 91' lang='lat' dir='ltr'>ut</span> <span class='ocrx_word' id='word_1_153' title='bbox 1080 2016 1186 2056; x_wconf 78' lang='lat' dir='ltr'>infra,</span> 
     </span>
     <span class='ocr_line' id='line_1_36' title="bbox 449 2069 1190 2103; baseline -0.003 0"><span class='ocrx_word' id='word_1_154' title='bbox 449 2071 613 2103; x_wconf 85' lang='lat' dir='ltr'>videlicet:</span> <span class='ocrx_word' id='word_1_155' title='bbox 642 2071 794 2103; x_wconf 70' lang='lat' dir='ltr'>Servetur</span> <span class='ocrx_word' id='word_1_156' title='bbox 823 2070 991 2102; x_wconf 86' lang='lat' dir='ltr'>decretum</span> <span class='ocrx_word' id='word_1_157' title='bbox 1020 2079 1131 2102; x_wconf 88' lang='lat' dir='ltr'>sacrae</span> <span class='ocrx_word' id='word_1_158' title='bbox 1150 2069 1190 2101; x_wconf 86' lang='lat' dir='ltr'>vi-</span> 
     </span>
     <span class='ocr_line' id='line_1_37' title="bbox 448 2122 1188 2166; baseline -0.001 -10"><span class='ocrx_word' id='word_1_159' title='bbox 448 2123 607 2156; x_wconf 83' lang='lat' dir='ltr'>sitationis</span> <span class='ocrx_word' id='word_1_160' title='bbox 644 2123 719 2155; x_wconf 90' lang='lat' dir='ltr'>anni</span> <span class='ocrx_word' id='word_1_161' title='bbox 753 2132 908 2162; x_wconf 73' lang='lat' dir='ltr'>nnetxn,</span> <span class='ocrx_word' id='word_1_162' title='bbox 934 2133 1054 2166; x_wconf 88' lang='lat' dir='ltr'>nempe</span> <span class='ocrx_word' id='word_1_163' title='bbox 1089 2122 1188 2155; x_wconf 88' lang='lat' dir='ltr'>licere</span> 
     </span>
     <span class='ocr_line' id='line_1_38' title="bbox 448 2175 1190 2218; baseline 0.001 -10"><span class='ocrx_word' id='word_1_164' title='bbox 448 2176 653 2218; x_wconf 68' lang='lat' dir='ltr'>regularibus</span> <span class='ocrx_word' id='word_1_165' title='bbox 666 2176 834 2218; x_wconf 82' lang='lat' dir='ltr'>utriusque</span> <span class='ocrx_word' id='word_1_166' title='bbox 851 2186 945 2208; x_wconf 78' lang='lat' dir='ltr'>sexus</span> <span class='ocrx_word' id='word_1_167' title='bbox 962 2175 1105 2208; x_wconf 88' lang='lat' dir='ltr'>retinere</span> <span class='ocrx_word' id='word_1_168' title='bbox 1122 2186 1190 2209; x_wconf 89' lang='lat' dir='ltr'>aro-</span> 
     </span>
     <span class='ocr_line' id='line_1_39' title="bbox 448 2228 1189 2272; baseline -0.004 -10"><span class='ocrx_word' id='word_1_169' title='bbox 448 2230 615 2262; x_wconf 85' lang='lat' dir='ltr'>matariam</span> <span class='ocrx_word' id='word_1_170' title='bbox 641 2229 726 2261; x_wconf 86' lang='lat' dir='ltr'>intra</span> <span class='ocrx_word' id='word_1_171' title='bbox 751 2230 890 2262; x_wconf 86' lang='lat' dir='ltr'>claustra</span> <span class='ocrx_word' id='word_1_172' title='bbox 914 2228 1102 2261; x_wconf 82' lang='lat' dir='ltr'>monasterii</span> <span class='ocrx_word' id='word_1_173' title='bbox 1128 2240 1189 2272; x_wconf 90' lang='lat' dir='ltr'>pro</span> 
     </span>
     <span class='ocr_line' id='line_1_40' title="bbox 450 2282 1189 2325; baseline 0 -10"><span class='ocrx_word' id='word_1_174' title='bbox 450 2282 611 2325; x_wconf 73' lang='lat' dir='ltr'>religiosis</span> <span class='ocrx_word' id='word_1_175' title='bbox 646 2283 843 2325; x_wconf 88' lang='lat' dir='ltr'>pauperibus</span> <span class='ocrx_word' id='word_1_176' title='bbox 869 2288 901 2315; x_wconf 89' lang='lat' dir='ltr'>et</span> <span class='ocrx_word' id='word_1_177' title='bbox 926 2283 1189 2316; x_wconf 74' lang='lat' dir='ltr'>benefactoribus</span> 
     </span>
     <span class='ocr_line' id='line_1_41' title="bbox 450 2335 1192 2378; baseline -0.001 -9"><span class='ocrx_word' id='word_1_178' title='bbox 450 2337 635 2375; x_wconf 62' lang='lat' dir='ltr'>dumtaxat,</span> <span class='ocrx_word' id='word_1_179' title='bbox 671 2336 788 2378; x_wconf 81' lang='lat' dir='ltr'>quibus</span> <span class='ocrx_word' id='word_1_180' title='bbox 814 2336 911 2377; x_wconf 71' lang='lat' dir='ltr'>gratis</span> <span class='ocrx_word' id='word_1_181' title='bbox 935 2335 1192 2369; x_wconf 73' lang='lat' dir='ltr'>medicamenta²</span> 
     </span>
    </p>
   </div>
   <div class='ocr_carea' id='block_1_9' title="bbox 450 2442 1192 2701">
    <p class='ocr_par' dir='ltr' id='par_1_11' title="bbox 450 2442 1192 2656">
     <span class='ocr_line' id='line_1_42' title="bbox 487 2442 1190 2475; baseline 0 -6"><span class='ocrx_word' id='word_1_182' title='bbox 487 2444 496 2469; x_wconf 79' lang='lat'>1</span> <span class='ocrx_word' id='word_1_183' title='bbox 522 2442 558 2469; x_wconf 89' lang='lat' dir='ltr'>De</span> <span class='ocrx_word' id='word_1_184' title='bbox 588 2442 763 2469; x_wconf 76' lang='lat' dir='ltr'>consessariis</span> <span class='ocrx_word' id='word_1_185' title='bbox 792 2442 965 2475; x_wconf 74' lang='lat' dir='ltr'>regularibus</span> <span class='ocrx_word' id='word_1_186' title='bbox 996 2442 1053 2469; x_wconf 80' lang='lat' dir='ltr'>ride</span> <span class='ocrx_word' id='word_1_187' title='bbox 1083 2443 1190 2469; x_wconf 82' lang='lat' dir='ltr'>constit.</span> 
     </span>
     <span class='ocr_line' id='line_1_43' title="bbox 450 2486 1190 2522; baseline -0.001 -8"><span class='ocrx_word' id='word_1_188' title='bbox 450 2487 515 2514; x_wconf 79' lang='lat' dir='ltr'>edit.</span> <span class='ocrx_word' id='word_1_189' title='bbox 537 2493 681 2519; x_wconf 61' lang='lat' dir='ltr'>mncxcvm,</span> <span class='ocrx_word' id='word_1_190' title='bbox 703 2486 745 2513; x_wconf 82' lang='lat' dir='ltr'>die</span> <span class='ocrx_word' id='word_1_191' title='bbox 766 2487 782 2511; x_wconf 76' lang='grc' dir='ltr'>Γ)</span> <span class='ocrx_word' id='word_1_192' title='bbox 802 2486 984 2521; x_wconf 73' lang='lat' dir='ltr'>septembris,</span> <span class='ocrx_word' id='word_1_193' title='bbox 1007 2487 1102 2522; x_wconf 81' lang='lat' dir='ltr'>pontis.</span> <span class='ocrx_word' id='word_1_194' title='bbox 1124 2494 1190 2522; x_wconf 81' lang='lat' dir='ltr'>v111,</span> 
     </span>
     <span class='ocr_line' id='line_1_44' title="bbox 451 2530 1192 2566; baseline 0 -8"><span class='ocrx_word' id='word_1_195' title='bbox 451 2535 477 2558; x_wconf 86' lang='lat' dir='ltr'>et</span> <span class='ocrx_word' id='word_1_196' title='bbox 493 2531 526 2558; x_wconf 83' lang='lat' dir='ltr'>de</span> <span class='ocrx_word' id='word_1_197' title='bbox 543 2539 637 2558; x_wconf 87' lang='lat' dir='ltr'>eorum</span> <span class='ocrx_word' id='word_1_198' title='bbox 660 2530 861 2566; x_wconf 80' lang='lat' dir='ltr'>privilegiorum</span> <span class='ocrx_word' id='word_1_199' title='bbox 882 2531 1053 2557; x_wconf 76' lang='lat' dir='ltr'>revocatione</span> <span class='ocrx_word' id='word_1_200' title='bbox 1068 2531 1192 2558; x_wconf 86' lang='lat' dir='ltr'>Clemen-</span> 
     </span>
     <span class='ocr_line' id='line_1_45' title="bbox 452 2575 1191 2610; baseline 0 -8"><span class='ocrx_word' id='word_1_201' title='bbox 452 2576 484 2603; x_wconf 84' lang='lat' dir='ltr'>tis</span> <span class='ocrx_word' id='word_1_202' title='bbox 504 2576 537 2602; x_wconf 80' lang='lat' dir='ltr'>xl</span> <span class='ocrx_word' id='word_1_203' title='bbox 559 2576 667 2603; x_wconf 82' lang='lat' dir='ltr'>constit.</span> <span class='ocrx_word' id='word_1_204' title='bbox 688 2575 753 2602; x_wconf 86' lang='lat' dir='ltr'>edit.</span> <span class='ocrx_word' id='word_1_205' title='bbox 776 2582 906 2609; x_wconf 72' lang='lat' dir='ltr'>MDCCXIX,</span> <span class='ocrx_word' id='word_1_206' title='bbox 928 2575 970 2602; x_wconf 84' lang='lat' dir='ltr'>die</span> <span class='ocrx_word' id='word_1_207' title='bbox 985 2577 998 2602; x_wconf 89' lang='lat'>7</span> <span class='ocrx_word' id='word_1_208' title='bbox 1020 2576 1191 2610; x_wconf 77' lang='lat' dir='ltr'>septembris,</span> 
     </span>
     <span class='ocr_line' id='line_1_46' title="bbox 451 2621 624 2656; baseline -0.006 -8"><span class='ocrx_word' id='word_1_209' title='bbox 451 2621 548 2656; x_wconf 88' lang='lat' dir='ltr'>pontif.</span> <span class='ocrx_word' id='word_1_210' title='bbox 570 2627 624 2648; x_wconf 80' lang='lat' dir='ltr'>xlx.</span> 
     </span>
    </p>

    <p class='ocr_par' dir='ltr' id='par_1_12' title="bbox 486 2664 1120 2701">
     <span class='ocr_line' id='line_1_47' title="bbox 486 2664 1120 2701; baseline -0.002 -7"><span class='ocrx_word' id='word_1_211' title='bbox 486 2666 502 2694; x_wconf 69' lang='lat'>2</span> <span class='ocrx_word' id='word_1_212' title='bbox 523 2665 594 2693; x_wconf 81' lang='lat' dir='ltr'>Edit.</span> <span class='ocrx_word' id='word_1_213' title='bbox 615 2664 693 2692; x_wconf 84' lang='lat' dir='ltr'>Maia.</span> <span class='ocrx_word' id='word_1_214' title='bbox 714 2664 780 2701; x_wconf 85' lang='lat' dir='ltr'>legit</span> <span class='ocrx_word' id='word_1_215' title='bbox 798 2664 1001 2695; x_wconf 75' lang='lat' dir='ltr'>medicamento</span> <span class='ocrx_word' id='word_1_216' title='bbox 1017 2666 1054 2699; x_wconf 76' lang='lat' dir='ltr'>(a.</span> <span class='ocrx_word' id='word_1_217' title='bbox 1071 2667 1120 2699; x_wconf 79' lang='grc' dir='ltr'>τ.).</span> 
     </span>
    </p>
   </div>
   <div class='ocr_carea' id='block_1_10' title="bbox 1022 265 1381 290">
    <p class='ocr_par' dir='ltr' id='par_1_13' title="bbox 1022 265 1381 290">
     <span class='ocr_line' id='line_1_48' title="bbox 1022 265 1381 290; baseline 0.003 -1"><span class='ocrx_word' id='word_1_218' title='bbox 1022 265 1202 289; x_wconf 74' lang='lat' dir='ltr'><strong>BULLARIUM</strong></span> <span class='ocrx_word' id='word_1_219' title='bbox 1226 265 1381 290; x_wconf 75' lang='lat' dir='ltr'>ROMANUM</span> 
     </span>
    </p>
   </div>
   <div class='ocr_carea' id='block_1_11' title="bbox 1206 1073 1216 2599">
    <p class='ocr_par' dir='ltr' id='par_1_14' title="bbox 1206 1073 1216 2599">
     <span class='ocr_line' id='line_1_49' title="bbox 1206 1073 1216 2599; baseline 0 0"><span class='ocrx_word' id='word_1_220' title='bbox 1206 1073 1216 2599; x_wconf 95' lang='lat' dir='ltr'> </span> 
     </span>
    </p>
   </div>
   <div class='ocr_carea' id='block_1_12' title="bbox 1225 312 1976 2700">
    <p class='ocr_par' dir='ltr' id='par_1_15' title="bbox 1225 312 1969 928">
     <span class='ocr_line' id='line_1_50' title="bbox 1225 312 1967 356; baseline 0.001 -11"><span class='ocrx_word' id='word_1_221' title='bbox 1225 312 1427 356; x_wconf 85' lang='lat' dir='ltr'>suppeditari</span> <span class='ocrx_word' id='word_1_222' title='bbox 1449 313 1601 353; x_wconf 84' lang='lat' dir='ltr'>debeant,</span> <span class='ocrx_word' id='word_1_223' title='bbox 1623 313 1709 345; x_wconf 75' lang='lat' dir='ltr'>iuxta</span> <span class='ocrx_word' id='word_1_224' title='bbox 1727 312 1967 346; x_wconf 85' lang='lat' dir='ltr'>Barchinonen·</span> 
     </span>
     <span class='ocr_line' id='line_1_51' title="bbox 1226 366 1968 406; baseline 0 -8"><span class='ocrx_word' id='word_1_225' title='bbox 1226 376 1292 398; x_wconf 78' lang='lat' dir='ltr'>sem</span> <span class='ocrx_word' id='word_1_226' title='bbox 1319 376 1425 398; x_wconf 89' lang='lat' dir='ltr'>coram</span> <span class='ocrx_word' id='word_1_227' title='bbox 1450 366 1585 406; x_wconf 84' lang='lat' dir='ltr'>Caecia;</span> <span class='ocrx_word' id='word_1_228' title='bbox 1605 377 1698 399; x_wconf 87' lang='lat' dir='ltr'>secus</span> <span class='ocrx_word' id='word_1_229' title='bbox 1715 376 1793 399; x_wconf 89' lang='lat' dir='ltr'>vero</span> <span class='ocrx_word' id='word_1_230' title='bbox 1818 366 1871 399; x_wconf 92' lang='lat' dir='ltr'>illa</span> <span class='ocrx_word' id='word_1_231' title='bbox 1892 376 1968 398; x_wconf 87' lang='lat' dir='ltr'>ven-</span> 
     </span>
     <span class='ocr_line' id='line_1_52' title="bbox 1227 418 1968 462; baseline 0.001 -12"><span class='ocrx_word' id='word_1_232' title='bbox 1227 418 1303 451; x_wconf 86' lang='lat' dir='ltr'>dere</span> <span class='ocrx_word' id='word_1_233' title='bbox 1330 418 1553 452; x_wconf 80' lang='lat' dir='ltr'>saecularibus</span> <span class='ocrx_word' id='word_1_234' title='bbox 1576 425 1614 451; x_wconf 86' lang='lat' dir='ltr'>-et</span> <span class='ocrx_word' id='word_1_235' title='bbox 1638 418 1708 452; x_wconf 89' lang='lat' dir='ltr'>aliis</span> <span class='ocrx_word' id='word_1_236' title='bbox 1741 419 1890 462; x_wconf 90' lang='lat' dir='ltr'>personis</span> <span class='ocrx_word' id='word_1_237' title='bbox 1917 430 1968 451; x_wconf 84' lang='lat' dir='ltr'>cc-</span> 
     </span>
     <span class='ocr_line' id='line_1_53' title="bbox 1227 471 1967 514; baseline 0.001 -11"><span class='ocrx_word' id='word_1_238' title='bbox 1227 471 1430 511; x_wconf 83' lang='lat' dir='ltr'>clesiasticis,</span> <span class='ocrx_word' id='word_1_239' title='bbox 1455 471 1598 514; x_wconf 80' lang='lat' dir='ltr'>exceptis</span> <span class='ocrx_word' id='word_1_240' title='bbox 1619 472 1765 505; x_wconf 75' lang='lat' dir='ltr'>theriaca</span> <span class='ocrx_word' id='word_1_241' title='bbox 1785 477 1817 504; x_wconf 90' lang='lat' dir='ltr'>et</span> <span class='ocrx_word' id='word_1_242' title='bbox 1838 472 1967 513; x_wconf 84' lang='lat' dir='ltr'>iacinto,</span> 
     </span>
     <span class='ocr_line' id='line_1_54' title="bbox 1227 523 1969 567; baseline 0.003 -12"><span class='ocrx_word' id='word_1_243' title='bbox 1227 528 1259 556; x_wconf 86' lang='lat' dir='ltr'>et</span> <span class='ocrx_word' id='word_1_244' title='bbox 1283 523 1354 555; x_wconf 84' lang='lat' dir='ltr'>aliis</span> <span class='ocrx_word' id='word_1_245' title='bbox 1379 524 1476 566; x_wconf 82' lang='lat' dir='ltr'>vulgo</span> <span class='ocrx_word' id='word_1_246' title='bbox 1495 524 1691 567; x_wconf 86' lang='lat' dir='ltr'>nuncupatis</span> <span class='ocrx_word' id='word_1_247' title='bbox 1711 524 1855 565; x_wconf 75' lang='lat' dir='ltr'>cltz&#39;miei,</span> <span class='ocrx_word' id='word_1_248' title='bbox 1878 525 1969 557; x_wconf 91' lang='lat' dir='ltr'>dum-</span> 
     </span>
     <span class='ocr_line' id='line_1_55' title="bbox 1229 576 1968 620; baseline 0.004 -12"><span class='ocrx_word' id='word_1_249' title='bbox 1229 576 1324 608; x_wconf 88' lang='lat' dir='ltr'>modo</span> <span class='ocrx_word' id='word_1_250' title='bbox 1351 580 1458 609; x_wconf 89' lang='lat' dir='ltr'>tamen</span> <span class='ocrx_word' id='word_1_251' title='bbox 1491 587 1556 609; x_wconf 93' lang='lat' dir='ltr'>non</span> <span class='ocrx_word' id='word_1_252' title='bbox 1582 576 1646 609; x_wconf 88' lang='lat' dir='ltr'>sint</span> <span class='ocrx_word' id='word_1_253' title='bbox 1670 583 1870 620; x_wconf 83' lang='lat' dir='ltr'>preparata,</span> <span class='ocrx_word' id='word_1_254' title='bbox 1904 588 1968 611; x_wconf 88' lang='lat' dir='ltr'>uon</span> 
     </span>
     <span class='ocr_line' id='line_1_56' title="bbox 1228 628 1969 673; baseline 0.004 -13"><span class='ocrx_word' id='word_1_255' title='bbox 1228 628 1422 671; x_wconf 78' lang='lat' dir='ltr'>composita,</span> <span class='ocrx_word' id='word_1_256' title='bbox 1437 639 1543 671; x_wconf 84' lang='lat' dir='ltr'>neque</span> <span class='ocrx_word' id='word_1_257' title='bbox 1561 629 1702 661; x_wconf 83' lang='lat' dir='ltr'>admixta</span> <span class='ocrx_word' id='word_1_258' title='bbox 1726 640 1798 662; x_wconf 89' lang='lat' dir='ltr'>cum</span> <span class='ocrx_word' id='word_1_259' title='bbox 1815 630 1886 662; x_wconf 85' lang='lat' dir='ltr'>aliis</span> <span class='ocrx_word' id='word_1_260' title='bbox 1900 641 1969 673; x_wconf 86' lang='lat' dir='ltr'>spe-</span> 
     </span>
     <span class='ocr_line' id='line_1_57' title="bbox 1229 681 1968 726; baseline 0.001 -12"><span class='ocrx_word' id='word_1_261' title='bbox 1229 682 1341 714; x_wconf 88' lang='lat' dir='ltr'>ciebus</span> <span class='ocrx_word' id='word_1_262' title='bbox 1366 681 1618 714; x_wconf 75' lang='lat' dir='ltr'>medicaminum</span> <span class='ocrx_word' id='word_1_263' title='bbox 1643 682 1682 715; x_wconf 89' lang='lat' dir='ltr'>ad</span> <span class='ocrx_word' id='word_1_264' title='bbox 1707 692 1800 714; x_wconf 88' lang='lat' dir='ltr'>usum</span> <span class='ocrx_word' id='word_1_265' title='bbox 1825 682 1968 726; x_wconf 83' lang='lat' dir='ltr'>potionis</span> 
     </span>
     <span class='ocr_line' id='line_1_58' title="bbox 1229 734 1969 769; baseline 0.001 -2"><span class='ocrx_word' id='word_1_266' title='bbox 1229 736 1277 767; x_wconf 90' lang='lat' dir='ltr'>vel</span> <span class='ocrx_word' id='word_1_267' title='bbox 1308 734 1441 768; x_wconf 86' lang='lat' dir='ltr'>alterius</span> <span class='ocrx_word' id='word_1_268' title='bbox 1473 735 1702 768; x_wconf 81' lang='lat' dir='ltr'>medicamenti</span> <span class='ocrx_word' id='word_1_269' title='bbox 1735 735 1872 769; x_wconf 83' lang='lat' dir='ltr'>consecti</span> <span class='ocrx_word' id='word_1_270' title='bbox 1897 746 1969 768; x_wconf 87' lang='lat' dir='ltr'>cum</span> 
     </span>
     <span class='ocr_line' id='line_1_59' title="bbox 1229 787 1969 831; baseline 0.001 -11"><span class='ocrx_word' id='word_1_271' title='bbox 1229 788 1367 831; x_wconf 83' lang='lat' dir='ltr'>receptis</span> <span class='ocrx_word' id='word_1_272' title='bbox 1405 788 1616 821; x_wconf 87' lang='lat' dir='ltr'>medicorum.</span> <span class='ocrx_word' id='word_1_273' title='bbox 1652 788 1767 821; x_wconf 89' lang='lat' dir='ltr'>Datum</span> <span class='ocrx_word' id='word_1_274' title='bbox 1801 787 1885 821; x_wconf 69' lang='lat' dir='ltr'>dicta</span> <span class='ocrx_word' id='word_1_275' title='bbox 1917 788 1969 821; x_wconf 88' lang='lat' dir='ltr'>die</span> 
     </span>
     <span class='ocr_line' id='line_1_60' title="bbox 1227 840 1967 874; baseline 0.003 -2"><span class='ocrx_word' id='word_1_276' title='bbox 1227 851 1265 873; x_wconf 78' lang='lat' dir='ltr'>xv</span> <span class='ocrx_word' id='word_1_277' title='bbox 1290 840 1365 873; x_wconf 88' lang='lat' dir='ltr'>maii</span> <span class='ocrx_word' id='word_1_278' title='bbox 1396 850 1536 874; x_wconf 79' lang='lat' dir='ltr'>nncxcv.</span> <span class='ocrx_word' id='word_1_279' title='bbox 1555 860 1599 865; x_wconf 89' lang='lat'>—-</span> <span class='ocrx_word' id='word_1_280' title='bbox 1618 840 1641 873; x_wconf 86' lang='lat'>1.</span> <span class='ocrx_word' id='word_1_281' title='bbox 1669 840 1890 874; x_wconf 52' lang='lat' dir='ltr'>Csnscmotus</span> <span class='ocrx_word' id='word_1_282' title='bbox 1913 852 1967 874; x_wconf 88' lang='lat' dir='ltr'>se-</span> 
     </span>
     <span class='ocr_line' id='line_1_61' title="bbox 1229 893 1434 928; baseline -0.01 0"><span class='ocrx_word' id='word_1_283' title='bbox 1229 893 1389 928; x_wconf 83' lang='lat' dir='ltr'>cretarius</span> <span class='ocrx_word' id='word_1_284' title='bbox 1403 905 1434 926; x_wconf 70' lang='lat' dir='ltr'>n.</span> 
     </span>
    </p>

    <p class='ocr_par' dir='ltr' id='par_1_16' title="bbox 1229 946 1975 2324">
     <span class='ocr_line' id='line_1_62' title="bbox 1273 946 1970 990; baseline 0.003 -11"><span class='ocrx_word' id='word_1_285' title='bbox 1273 947 1288 990; x_wconf 60' lang='grc' dir='ltr'><strong>ἓ</strong></span> <span class='ocrx_word' id='word_1_286' title='bbox 1312 946 1343 979; x_wconf 69' lang='lat'>2.</span> <span class='ocrx_word' id='word_1_287' title='bbox 1364 947 1441 981; x_wconf 89' lang='lat' dir='ltr'>Cum</span> <span class='ocrx_word' id='word_1_288' title='bbox 1459 953 1577 987; x_wconf 88' lang='lat' dir='ltr'>autem,</span> <span class='ocrx_word' id='word_1_289' title='bbox 1596 947 1680 980; x_wconf 83' lang='lat' dir='ltr'>sicut</span> <span class='ocrx_word' id='word_1_290' title='bbox 1705 947 1813 981; x_wconf 85' lang='lat' dir='ltr'>dilecti</span> <span class='ocrx_word' id='word_1_291' title='bbox 1830 946 1887 980; x_wconf 86' lang='lat' dir='ltr'>filii</span> <span class='ocrx_word' id='word_1_292' title='bbox 1905 948 1970 981; x_wconf 89' lang='lat' dir='ltr'>eol-</span> 
     </span>
     <span class='ocr_line' id='line_1_63' title="bbox 1230 1001 1970 1043; baseline 0 -9"><span class='ocrx_word' id='word_1_293' title='bbox 1230 1001 1349 1043; x_wconf 75' lang='lat' dir='ltr'>legium</span> <span class='ocrx_word' id='word_1_294' title='bbox 1381 1006 1413 1033; x_wconf 89' lang='lat' dir='ltr'>et</span> <span class='ocrx_word' id='word_1_295' title='bbox 1444 1002 1595 1034; x_wconf 88' lang='lat' dir='ltr'>consules</span> <span class='ocrx_word' id='word_1_296' title='bbox 1630 1001 1898 1034; x_wconf 85' lang='lat' dir='ltr'>aromatariorum</span> <span class='ocrx_word' id='word_1_297' title='bbox 1923 1001 1970 1034; x_wconf 89' lang='lat' dir='ltr'>di-</span> 
     </span>
     <span class='ocr_line' id='line_1_64' title="bbox 1231 1054 1970 1099; baseline 0 -13"><span class='ocrx_word' id='word_1_298' title='bbox 1231 1060 1302 1087; x_wconf 84' lang='lat' dir='ltr'>ctae</span> <span class='ocrx_word' id='word_1_299' title='bbox 1322 1054 1415 1087; x_wconf 90' lang='lat' dir='ltr'>Urbis</span> <span class='ocrx_word' id='word_1_300' title='bbox 1433 1055 1529 1087; x_wconf 88' lang='lat' dir='ltr'>nobis</span> <span class='ocrx_word' id='word_1_301' title='bbox 1548 1065 1652 1098; x_wconf 85' lang='lat' dir='ltr'>nuper</span> <span class='ocrx_word' id='word_1_302' title='bbox 1673 1054 1790 1099; x_wconf 81' lang='lat' dir='ltr'>exponi</span> <span class='ocrx_word' id='word_1_303' title='bbox 1815 1055 1970 1095; x_wconf 81' lang='lat' dir='ltr'>fecerunt,</span> 
     </span>
     <span class='ocr_line' id='line_1_65' title="bbox 1230 1107 1972 1151; baseline -0.001 -11"><span class='ocrx_word' id='word_1_304' title='bbox 1230 1108 1291 1151; x_wconf 86' lang='lat' dir='ltr'>ipsi</span> <span class='ocrx_word' id='word_1_305' title='bbox 1329 1109 1497 1141; x_wconf 85' lang='lat' dir='ltr'>decretum</span> <span class='ocrx_word' id='word_1_306' title='bbox 1524 1108 1731 1148; x_wconf 84' lang='lat' dir='ltr'>huiusmodi,</span> <span class='ocrx_word' id='word_1_307' title='bbox 1759 1118 1823 1151; x_wconf 84' lang='lat' dir='ltr'>quo</span> <span class='ocrx_word' id='word_1_308' title='bbox 1848 1107 1972 1140; x_wconf 83' lang='lat' dir='ltr'>firmius</span> 
     </span>
     <span class='ocr_line' id='line_1_66' title="bbox 1231 1161 1972 1204; baseline 0 -10"><span class='ocrx_word' id='word_1_309' title='bbox 1231 1161 1385 1194; x_wconf 85' lang='lat' dir='ltr'>subsistat</span> <span class='ocrx_word' id='word_1_310' title='bbox 1399 1167 1431 1194; x_wconf 80' lang='lat' dir='ltr'>et</span> <span class='ocrx_word' id='word_1_311' title='bbox 1444 1166 1590 1194; x_wconf 87' lang='lat' dir='ltr'>servetur</span> <span class='ocrx_word' id='word_1_312' title='bbox 1604 1161 1755 1201; x_wconf 85' lang='lat' dir='ltr'>exactius,</span> <span class='ocrx_word' id='word_1_313' title='bbox 1770 1161 1972 1204; x_wconf 86' lang='lat' dir='ltr'>apostolicae</span> 
     </span>
     <span class='ocr_line' id='line_1_67' title="bbox 1230 1215 1973 1258; baseline 0.001 -11"><span class='ocrx_word' id='word_1_314' title='bbox 1230 1215 1487 1248; x_wconf 78' lang='lat' dir='ltr'>confirmationis</span> <span class='ocrx_word' id='word_1_315' title='bbox 1518 1220 1647 1248; x_wconf 89' lang='lat' dir='ltr'>nostrae</span> <span class='ocrx_word' id='word_1_316' title='bbox 1679 1215 1861 1258; x_wconf 90' lang='lat' dir='ltr'>patrocinio</span> <span class='ocrx_word' id='word_1_317' title='bbox 1886 1225 1973 1248; x_wconf 89' lang='lat' dir='ltr'>com-</span> 
     </span>
     <span class='ocr_line' id='line_1_68' title="bbox 1231 1269 1974 1313; baseline 0.001 -11"><span class='ocrx_word' id='word_1_318' title='bbox 1231 1270 1349 1302; x_wconf 90' lang='lat' dir='ltr'>muniri</span> <span class='ocrx_word' id='word_1_319' title='bbox 1368 1280 1576 1313; x_wconf 85' lang='lat' dir='ltr'>summopere</span> <span class='ocrx_word' id='word_1_320' title='bbox 1594 1269 1802 1303; x_wconf 86' lang='lat' dir='ltr'>desiderent:</span> <span class='ocrx_word' id='word_1_321' title='bbox 1819 1280 1888 1310; x_wconf 89' lang='lat' dir='ltr'>nos,</span> <span class='ocrx_word' id='word_1_322' title='bbox 1904 1280 1974 1313; x_wconf 87' lang='lat' dir='ltr'>spe-</span> 
     </span>
     <span class='ocr_line' id='line_1_69' title="bbox 1231 1322 1974 1366; baseline 0.001 -11"><span class='ocrx_word' id='word_1_323' title='bbox 1231 1323 1348 1356; x_wconf 88' lang='lat' dir='ltr'>cialem</span> <span class='ocrx_word' id='word_1_324' title='bbox 1377 1322 1458 1366; x_wconf 88' lang='lat' dir='ltr'>ipsis</span> <span class='ocrx_word' id='word_1_325' title='bbox 1492 1323 1731 1366; x_wconf 79' lang='lat' dir='ltr'>exponentibus</span> <span class='ocrx_word' id='word_1_326' title='bbox 1768 1322 1903 1366; x_wconf 79' lang='lat' dir='ltr'>gratiam</span> <span class='ocrx_word' id='word_1_327' title='bbox 1928 1323 1974 1356; x_wconf 83' lang='lat' dir='ltr'>sa-</span> 
     </span>
     <span class='ocr_line' id='line_1_70' title="bbox 1231 1377 1974 1420; baseline 0.001 -11"><span class='ocrx_word' id='word_1_328' title='bbox 1231 1387 1305 1409; x_wconf 86' lang='lat' dir='ltr'>ccre</span> <span class='ocrx_word' id='word_1_329' title='bbox 1323 1378 1485 1416; x_wconf 87' lang='lat' dir='ltr'>volentes,</span> <span class='ocrx_word' id='word_1_330' title='bbox 1506 1382 1538 1409; x_wconf 88' lang='lat' dir='ltr'>et</span> <span class='ocrx_word' id='word_1_331' title='bbox 1564 1387 1679 1409; x_wconf 89' lang='lat' dir='ltr'>eorum</span> <span class='ocrx_word' id='word_1_332' title='bbox 1704 1377 1887 1419; x_wconf 79' lang='lat' dir='ltr'>singulares</span> <span class='ocrx_word' id='word_1_333' title='bbox 1905 1388 1974 1420; x_wconf 89' lang='lat' dir='ltr'>per-</span> 
     </span>
     <span class='ocr_line' id='line_1_71' title="bbox 1230 1430 1973 1473; baseline 0.001 -10"><span class='ocrx_word' id='word_1_334' title='bbox 1230 1441 1327 1463; x_wconf 83' lang='lat' dir='ltr'>sonas</span> <span class='ocrx_word' id='word_1_335' title='bbox 1352 1441 1370 1462; x_wconf 89' lang='lat' dir='ltr'>a</span> <span class='ocrx_word' id='word_1_336' title='bbox 1405 1430 1572 1473; x_wconf 82' lang='lat' dir='ltr'>quibusvis</span> <span class='ocrx_word' id='word_1_337' title='bbox 1605 1431 1973 1472; x_wconf 74' lang='lat' dir='ltr'>excommunicationis,</span> 
     </span>
     <span class='ocr_line' id='line_1_72' title="bbox 1230 1483 1970 1528; baseline 0.003 -13"><span class='ocrx_word' id='word_1_338' title='bbox 1230 1483 1457 1526; x_wconf 80' lang='lat' dir='ltr'>suspensionis</span> <span class='ocrx_word' id='word_1_339' title='bbox 1486 1489 1518 1516; x_wconf 83' lang='lat' dir='ltr'>et</span> <span class='ocrx_word' id='word_1_340' title='bbox 1542 1483 1725 1524; x_wconf 82' lang='lat' dir='ltr'>interdicti,</span> <span class='ocrx_word' id='word_1_341' title='bbox 1752 1484 1889 1528; x_wconf 86' lang='lat' dir='ltr'>aliisque</span> <span class='ocrx_word' id='word_1_342' title='bbox 1915 1494 1970 1518; x_wconf 86' lang='lat' dir='ltr'>ec-</span> 
     </span>
     <span class='ocr_line' id='line_1_73' title="bbox 1230 1536 1972 1580; baseline 0.003 -12"><span class='ocrx_word' id='word_1_343' title='bbox 1230 1536 1420 1568; x_wconf 84' lang='lat' dir='ltr'>clesiasticis</span> <span class='ocrx_word' id='word_1_344' title='bbox 1435 1536 1617 1576; x_wconf 84' lang='lat' dir='ltr'>sententiis,</span> <span class='ocrx_word' id='word_1_345' title='bbox 1636 1537 1781 1570; x_wconf 83' lang='lat' dir='ltr'>censuris</span> <span class='ocrx_word' id='word_1_346' title='bbox 1797 1542 1829 1570; x_wconf 91' lang='lat' dir='ltr'>et</span> <span class='ocrx_word' id='word_1_347' title='bbox 1845 1538 1972 1580; x_wconf 85' lang='lat' dir='ltr'>poenis,</span> 
     </span>
     <span class='ocr_line' id='line_1_74' title="bbox 1230 1589 1973 1633; baseline 0.005 -13"><span class='ocrx_word' id='word_1_348' title='bbox 1230 1600 1247 1621; x_wconf 86' lang='lat' dir='ltr'>a</span> <span class='ocrx_word' id='word_1_349' title='bbox 1273 1589 1342 1621; x_wconf 89' lang='lat' dir='ltr'>iure</span> <span class='ocrx_word' id='word_1_350' title='bbox 1362 1590 1410 1622; x_wconf 88' lang='lat' dir='ltr'>vel</span> <span class='ocrx_word' id='word_1_351' title='bbox 1437 1590 1476 1621; x_wconf 92' lang='lat' dir='ltr'>ab</span> <span class='ocrx_word' id='word_1_352' title='bbox 1501 1589 1648 1629; x_wconf 83' lang='lat' dir='ltr'>homine,</span> <span class='ocrx_word' id='word_1_353' title='bbox 1668 1590 1781 1633; x_wconf 89' lang='lat' dir='ltr'>quavis</span> <span class='ocrx_word' id='word_1_354' title='bbox 1802 1591 1973 1624; x_wconf 81' lang='lat' dir='ltr'>occasione</span> 
     </span>
     <span class='ocr_line' id='line_1_75' title="bbox 1229 1641 1975 1686; baseline 0.001 -11"><span class='ocrx_word' id='word_1_355' title='bbox 1229 1643 1279 1675; x_wconf 90' lang='lat' dir='ltr'>vel</span> <span class='ocrx_word' id='word_1_356' title='bbox 1305 1644 1400 1674; x_wconf 76' lang='lat' dir='ltr'>causa</span> <span class='ocrx_word' id='word_1_357' title='bbox 1425 1641 1506 1681; x_wconf 87' lang='lat' dir='ltr'>latis,</span> <span class='ocrx_word' id='word_1_358' title='bbox 1532 1643 1558 1674; x_wconf 92' lang='lat' dir='ltr'>si</span> <span class='ocrx_word' id='word_1_359' title='bbox 1584 1643 1700 1686; x_wconf 88' lang='lat' dir='ltr'>quibus</span> <span class='ocrx_word' id='word_1_360' title='bbox 1725 1643 1975 1686; x_wconf 87' lang='lat' dir='ltr'>quomodolibet</span> 
     </span>
     <span class='ocr_line' id='line_1_76' title="bbox 1230 1696 1974 1739; baseline 0.003 -11"><span class='ocrx_word' id='word_1_361' title='bbox 1230 1696 1405 1729; x_wconf 89' lang='lat' dir='ltr'>innodatae</span> <span class='ocrx_word' id='word_1_362' title='bbox 1436 1696 1601 1736; x_wconf 63' lang='lat' dir='ltr'>existunt,</span> <span class='ocrx_word' id='word_1_363' title='bbox 1635 1697 1674 1729; x_wconf 88' lang='lat' dir='ltr'>ad</span> <span class='ocrx_word' id='word_1_364' title='bbox 1704 1696 1854 1729; x_wconf 75' lang='lat' dir='ltr'>effectum</span> <span class='ocrx_word' id='word_1_365' title='bbox 1879 1707 1974 1739; x_wconf 84' lang='lat' dir='ltr'>prae-</span> 
     </span>
     <span class='ocr_line' id='line_1_77' title="bbox 1230 1749 1974 1792; baseline 0.001 -10"><span class='ocrx_word' id='word_1_366' title='bbox 1230 1749 1369 1782; x_wconf 84' lang='lat' dir='ltr'>sentium</span> <span class='ocrx_word' id='word_1_367' title='bbox 1384 1749 1550 1781; x_wconf 84' lang='lat' dir='ltr'>dumtaxat</span> <span class='ocrx_word' id='word_1_368' title='bbox 1567 1750 1974 1792; x_wconf 78' lang='lat' dir='ltr'>consequendum,barum</span> 
     </span>
     <span class='ocr_line' id='line_1_78' title="bbox 1230 1803 1974 1836; baseline 0.001 -1"><span class='ocrx_word' id='word_1_369' title='bbox 1230 1803 1315 1836; x_wconf 87' lang='lat' dir='ltr'>serie</span> <span class='ocrx_word' id='word_1_370' title='bbox 1334 1803 1542 1835; x_wconf 86' lang='lat' dir='ltr'>absolventes</span> <span class='ocrx_word' id='word_1_371' title='bbox 1567 1808 1599 1836; x_wconf 91' lang='lat' dir='ltr'>et</span> <span class='ocrx_word' id='word_1_372' title='bbox 1623 1803 1787 1836; x_wconf 87' lang='lat' dir='ltr'>absolutas</span> <span class='ocrx_word' id='word_1_373' title='bbox 1806 1803 1874 1836; x_wconf 82' lang='lat' dir='ltr'>sore</span> <span class='ocrx_word' id='word_1_374' title='bbox 1897 1814 1974 1836; x_wconf 89' lang='lat' dir='ltr'>cen-</span> 
     </span>
     <span class='ocr_line' id='line_1_79' title="bbox 1231 1855 1973 1899; baseline 0.001 -10"><span class='ocrx_word' id='word_1_375' title='bbox 1231 1861 1361 1897; x_wconf 88' lang='lat' dir='ltr'>sentes,</span> <span class='ocrx_word' id='word_1_376' title='bbox 1387 1855 1682 1899; x_wconf 86' lang='lat' dir='ltr'>supplicationibus</span> <span class='ocrx_word' id='word_1_377' title='bbox 1701 1867 1813 1890; x_wconf 88' lang='lat' dir='ltr'>eorum</span> <span class='ocrx_word' id='word_1_378' title='bbox 1839 1856 1973 1890; x_wconf 86' lang='lat' dir='ltr'>nomine</span> 
     </span>
     <span class='ocr_line' id='line_1_80' title="bbox 1230 1909 1974 1953; baseline 0.001 -12"><span class='ocrx_word' id='word_1_379' title='bbox 1230 1909 1326 1942; x_wconf 88' lang='lat' dir='ltr'>nobis</span> <span class='ocrx_word' id='word_1_380' title='bbox 1343 1920 1443 1953; x_wconf 88' lang='lat' dir='ltr'>super</span> <span class='ocrx_word' id='word_1_381' title='bbox 1469 1910 1531 1943; x_wconf 85' lang='lat' dir='ltr'>lioc</span> <span class='ocrx_word' id='word_1_382' title='bbox 1552 1909 1721 1942; x_wconf 86' lang='lat' dir='ltr'>humiliter</span> <span class='ocrx_word' id='word_1_383' title='bbox 1742 1909 1900 1953; x_wconf 89' lang='lat' dir='ltr'>porrectis</span> <span class='ocrx_word' id='word_1_384' title='bbox 1926 1909 1974 1942; x_wconf 90' lang='lat' dir='ltr'>in-</span> 
     </span>
     <span class='ocr_line' id='line_1_81' title="bbox 1232 1963 1974 2006; baseline 0 -11"><span class='ocrx_word' id='word_1_385' title='bbox 1232 1963 1342 1996; x_wconf 89' lang='lat' dir='ltr'>clinati</span> <span class='ocrx_word' id='word_1_386' title='bbox 1361 1990 1368 2003; x_wconf 96' lang='lat'>,</span> <span class='ocrx_word' id='word_1_387' title='bbox 1394 1963 1559 1996; x_wconf 87' lang='lat' dir='ltr'>decretum</span> <span class='ocrx_word' id='word_1_388' title='bbox 1584 1963 1838 2006; x_wconf 83' lang='lat' dir='ltr'>praeinsertum,</span> <span class='ocrx_word' id='word_1_389' title='bbox 1864 1967 1974 1995; x_wconf 89' lang='lat' dir='ltr'>aucto-</span> 
     </span>
     <span class='ocr_line' id='line_1_82' title="bbox 1232 2016 1973 2060; baseline 0 -12"><span class='ocrx_word' id='word_1_390' title='bbox 1232 2017 1328 2049; x_wconf 88' lang='lat' dir='ltr'>ritate</span> <span class='ocrx_word' id='word_1_391' title='bbox 1354 2016 1542 2060; x_wconf 75' lang='lat' dir='ltr'>apostolica,</span> <span class='ocrx_word' id='word_1_392' title='bbox 1578 2022 1693 2050; x_wconf 83' lang='lat' dir='ltr'>tenore</span> <span class='ocrx_word' id='word_1_393' title='bbox 1730 2016 1973 2060; x_wconf 84' lang='lat' dir='ltr'>praesentium,</span> 
     </span>
     <span class='ocr_line' id='line_1_83' title="bbox 1234 2069 1974 2114; baseline 0 -12"><span class='ocrx_word' id='word_1_394' title='bbox 1234 2071 1452 2113; x_wconf 83' lang='lat' dir='ltr'>approbamus</span> <span class='ocrx_word' id='word_1_395' title='bbox 1478 2075 1510 2103; x_wconf 88' lang='lat' dir='ltr'>et</span> <span class='ocrx_word' id='word_1_396' title='bbox 1534 2070 1772 2110; x_wconf 77' lang='lat' dir='ltr'>confirmamus,</span> <span class='ocrx_word' id='word_1_397' title='bbox 1791 2070 1906 2114; x_wconf 88' lang='lat' dir='ltr'>illique</span> <span class='ocrx_word' id='word_1_398' title='bbox 1928 2069 1974 2102; x_wconf 94' lang='lat' dir='ltr'>in-</span> 
     </span>
     <span class='ocr_line' id='line_1_84' title="bbox 1232 2122 1975 2165; baseline 0 -11"><span class='ocrx_word' id='word_1_399' title='bbox 1232 2122 1396 2155; x_wconf 87' lang='lat' dir='ltr'>violabilis</span> <span class='ocrx_word' id='word_1_400' title='bbox 1435 2123 1634 2165; x_wconf 85' lang='lat' dir='ltr'>apostolicae</span> <span class='ocrx_word' id='word_1_401' title='bbox 1674 2122 1836 2156; x_wconf 83' lang='lat' dir='ltr'>firmitatis</span> <span class='ocrx_word' id='word_1_402' title='bbox 1875 2123 1975 2156; x_wconf 89' lang='lat' dir='ltr'>robur</span> 
     </span>
     <span class='ocr_line' id='line_1_85' title="bbox 1233 2174 1973 2218; baseline -0.001 -11"><span class='ocrx_word' id='word_1_403' title='bbox 1233 2175 1405 2208; x_wconf 87' lang='lat' dir='ltr'>adiicimus</span> <span class='ocrx_word' id='word_1_404' title='bbox 1422 2203 1430 2216; x_wconf 89' lang='lat'>,</span> <span class='ocrx_word' id='word_1_405' title='bbox 1457 2186 1493 2207; x_wconf 89' lang='lat' dir='ltr'>ac</span> <span class='ocrx_word' id='word_1_406' title='bbox 1525 2186 1635 2208; x_wconf 87' lang='lat' dir='ltr'>omnes</span> <span class='ocrx_word' id='word_1_407' title='bbox 1668 2181 1700 2208; x_wconf 89' lang='lat' dir='ltr'>et</span> <span class='ocrx_word' id='word_1_408' title='bbox 1723 2175 1869 2218; x_wconf 80' lang='lat' dir='ltr'>singulos</span> <span class='ocrx_word' id='word_1_409' title='bbox 1896 2174 1973 2207; x_wconf 89' lang='lat' dir='ltr'>iuris</span> 
     </span>
     <span class='ocr_line' id='line_1_86' title="bbox 1234 2228 1973 2271; baseline -0.003 -10"><span class='ocrx_word' id='word_1_410' title='bbox 1234 2233 1265 2261; x_wconf 91' lang='lat' dir='ltr'>et</span> <span class='ocrx_word' id='word_1_411' title='bbox 1290 2228 1365 2261; x_wconf 80' lang='lat' dir='ltr'>sacti</span> <span class='ocrx_word' id='word_1_412' title='bbox 1384 2228 1542 2267; x_wconf 84' lang='lat' dir='ltr'>desectus,</span> <span class='ocrx_word' id='word_1_413' title='bbox 1564 2228 1590 2260; x_wconf 85' lang='lat' dir='ltr'>si</span> <span class='ocrx_word' id='word_1_414' title='bbox 1610 2228 1663 2271; x_wconf 86' lang='lat' dir='ltr'>qui</span> <span class='ocrx_word' id='word_1_415' title='bbox 1682 2228 1820 2271; x_wconf 89' lang='lat' dir='ltr'>desuper</span> <span class='ocrx_word' id='word_1_416' title='bbox 1837 2237 1973 2271; x_wconf 88' lang='lat' dir='ltr'>quomo-</span> 
     </span>
     <span class='ocr_line' id='line_1_87' title="bbox 1235 2281 1856 2324; baseline -0.003 -10"><span class='ocrx_word' id='word_1_417' title='bbox 1235 2281 1360 2314; x_wconf 89' lang='lat' dir='ltr'>dolibet</span> <span class='ocrx_word' id='word_1_418' title='bbox 1384 2281 1630 2322; x_wconf 88' lang='lat' dir='ltr'>intervenerint,</span> <span class='ocrx_word' id='word_1_419' title='bbox 1655 2281 1856 2324; x_wconf 87' lang='lat' dir='ltr'>supplemus.</span> 
     </span>
    </p>

    <p class='ocr_par' dir='ltr' id='par_1_17' title="bbox 1235 2334 1976 2700">
     <span class='ocr_line' id='line_1_88' title="bbox 1279 2334 1973 2378; baseline -0.003 -10"><span class='ocrx_word' id='word_1_420' title='bbox 1279 2336 1293 2378; x_wconf 61' lang='grc' dir='ltr'>ξ</span> <span class='ocrx_word' id='word_1_421' title='bbox 1318 2335 1350 2368; x_wconf 84' lang='lat'>3.</span> <span class='ocrx_word' id='word_1_422' title='bbox 1378 2335 1614 2374; x_wconf 85' lang='lat' dir='ltr'>Decernentes‚</span> <span class='ocrx_word' id='word_1_423' title='bbox 1634 2334 1764 2367; x_wconf 82' lang='lat' dir='ltr'>easdem</span> <span class='ocrx_word' id='word_1_424' title='bbox 1778 2339 1973 2377; x_wconf 88' lang='lat' dir='ltr'>praesentes</span> 
     </span>
     <span class='ocr_line' id='line_1_89' title="bbox 1235 2386 1975 2431; baseline -0.004 -10"><span class='ocrx_word' id='word_1_425' title='bbox 1235 2389 1358 2421; x_wconf 84' lang='lat' dir='ltr'>litteras</span> <span class='ocrx_word' id='word_1_426' title='bbox 1382 2397 1511 2431; x_wconf 88' lang='lat' dir='ltr'>semper</span> <span class='ocrx_word' id='word_1_427' title='bbox 1528 2387 1647 2427; x_wconf 86' lang='lat' dir='ltr'>sirmas,</span> <span class='ocrx_word' id='word_1_428' title='bbox 1665 2386 1786 2420; x_wconf 85' lang='lat' dir='ltr'>validas</span> <span class='ocrx_word' id='word_1_429' title='bbox 1813 2391 1845 2419; x_wconf 91' lang='lat' dir='ltr'>et</span> <span class='ocrx_word' id='word_1_430' title='bbox 1869 2386 1975 2419; x_wconf 84' lang='lat' dir='ltr'>effica-</span> 
     </span>
     <span class='ocr_line' id='line_1_90' title="bbox 1235 2439 1974 2482; baseline -0.001 -8"><span class='ocrx_word' id='word_1_431' title='bbox 1235 2452 1289 2475; x_wconf 86' lang='lat' dir='ltr'>ces</span> <span class='ocrx_word' id='word_1_432' title='bbox 1316 2441 1456 2474; x_wconf 77' lang='lat' dir='ltr'>existere</span> <span class='ocrx_word' id='word_1_433' title='bbox 1482 2446 1515 2473; x_wconf 89' lang='lat' dir='ltr'>et</span> <span class='ocrx_word' id='word_1_434' title='bbox 1539 2441 1620 2480; x_wconf 85' lang='lat' dir='ltr'>sore,</span> <span class='ocrx_word' id='word_1_435' title='bbox 1640 2449 1782 2482; x_wconf 86' lang='lat' dir='ltr'>suosque</span> <span class='ocrx_word' id='word_1_436' title='bbox 1808 2439 1974 2482; x_wconf 88' lang='lat' dir='ltr'>plenarios</span> 
     </span>
     <span class='ocr_line' id='line_1_91' title="bbox 1236 2492 1973 2536; baseline -0.001 -9"><span class='ocrx_word' id='word_1_437' title='bbox 1236 2500 1268 2527; x_wconf 87' lang='lat' dir='ltr'>ct</span> <span class='ocrx_word' id='word_1_438' title='bbox 1292 2495 1437 2536; x_wconf 82' lang='lat' dir='ltr'>integros</span> <span class='ocrx_word' id='word_1_439' title='bbox 1463 2492 1595 2525; x_wconf 68' lang='lat' dir='ltr'>effectus</span> <span class='ocrx_word' id='word_1_440' title='bbox 1621 2492 1730 2525; x_wconf 89' lang='lat' dir='ltr'>sortiri</span> <span class='ocrx_word' id='word_1_441' title='bbox 1756 2497 1788 2525; x_wconf 90' lang='lat' dir='ltr'>et</span> <span class='ocrx_word' id='word_1_442' title='bbox 1813 2492 1973 2533; x_wconf 87' lang='lat' dir='ltr'>obtinere,</span> 
     </span>
     <span class='ocr_line' id='line_1_92' title="bbox 1236 2548 1975 2590; baseline -0.001 -9"><span class='ocrx_word' id='word_1_443' title='bbox 1236 2559 1272 2581; x_wconf 88' lang='lat' dir='ltr'>ac</span> <span class='ocrx_word' id='word_1_444' title='bbox 1290 2548 1367 2587; x_wconf 88' lang='lat' dir='ltr'>illis,</span> <span class='ocrx_word' id='word_1_445' title='bbox 1389 2548 1427 2580; x_wconf 89' lang='lat' dir='ltr'>ad</span> <span class='ocrx_word' id='word_1_446' title='bbox 1449 2557 1530 2590; x_wconf 89' lang='lat' dir='ltr'>quos</span> <span class='ocrx_word' id='word_1_447' title='bbox 1550 2551 1676 2589; x_wconf 81' lang='lat' dir='ltr'>spectat</span> <span class='ocrx_word' id='word_1_448' title='bbox 1696 2551 1727 2579; x_wconf 90' lang='lat' dir='ltr'>et</span> <span class='ocrx_word' id='word_1_449' title='bbox 1747 2556 1807 2590; x_wconf 91' lang='lat' dir='ltr'>pro</span> <span class='ocrx_word' id='word_1_450' title='bbox 1827 2551 1975 2590; x_wconf 84' lang='lat' dir='ltr'>tempore</span> 
     </span>
     <span class='ocr_line' id='line_1_93' title="bbox 1235 2598 1976 2645; baseline -0.004 -10"><span class='ocrx_word' id='word_1_451' title='bbox 1235 2601 1407 2645; x_wconf 85' lang='lat' dir='ltr'>spectabit,</span> <span class='ocrx_word' id='word_1_452' title='bbox 1422 2600 1613 2645; x_wconf 86' lang='lat' dir='ltr'>plenissime</span> <span class='ocrx_word' id='word_1_453' title='bbox 1634 2598 1814 2643; x_wconf 75' lang='lat' dir='ltr'>suffragari,</span> <span class='ocrx_word' id='word_1_454' title='bbox 1831 2605 1862 2633; x_wconf 88' lang='lat' dir='ltr'>et</span> <span class='ocrx_word' id='word_1_455' title='bbox 1874 2601 1914 2633; x_wconf 88' lang='lat' dir='ltr'>ab</span> <span class='ocrx_word' id='word_1_456' title='bbox 1929 2600 1976 2633; x_wconf 85' lang='lat' dir='ltr'>eis</span> 
     </span>
     <span class='ocr_line' id='line_1_94' title="bbox 1235 2652 1976 2700; baseline -0.003 -11"><span class='ocrx_word' id='word_1_457' title='bbox 1235 2654 1417 2700; x_wconf 84' lang='lat' dir='ltr'>respective</span> <span class='ocrx_word' id='word_1_458' title='bbox 1439 2652 1672 2688; x_wconf 84' lang='lat' dir='ltr'>inviolabiliter</span> <span class='ocrx_word' id='word_1_459' title='bbox 1703 2652 1892 2695; x_wconf 83' lang='lat' dir='ltr'>observari,</span> <span class='ocrx_word' id='word_1_460' title='bbox 1917 2652 1976 2691; x_wconf 48' lang='lat' dir='ltr'>sict</span> 
     </span>
    </p>
   </div>
   <div class='ocr_carea' id='block_1_13' title="bbox 2011 2340 2132 2364">
    <p class='ocr_par' dir='ltr' id='par_1_18' title="bbox 2011 2340 2132 2364">
     <span class='ocr_line' id='line_1_95' title="bbox 2011 2340 2132 2364; baseline 0.017 -2"><span class='ocrx_word' id='word_1_461' title='bbox 2011 2340 2132 2364; x_wconf 72' lang='lat' dir='ltr'>clausulae.</span> 
     </span>
    </p>
   </div>
   <div class='ocr_carea' id='block_1_14' title="bbox 1967 265 2160 296">
    <p class='ocr_par' dir='ltr' id='par_1_19' title="bbox 1967 265 2160 296">
     <span class='ocr_line' id='line_1_96' title="bbox 1967 265 2160 296; baseline 0.021 -4"><span class='ocrx_word' id='word_1_462' title='bbox 1967 265 2021 293; x_wconf 78' lang='lat' dir='ltr'>An.</span> <span class='ocrx_word' id='word_1_463' title='bbox 2042 265 2072 294; x_wconf 87' lang='lat' dir='ltr'>C.</span> <span class='ocrx_word' id='word_1_464' title='bbox 2091 266 2160 296; x_wconf 74' lang='lat'><strong>1700</strong></span> 
     </span>
    </p>
   </div>
   <div class='ocr_carea' id='block_1_15' title="bbox 1980 961 2165 1009">
    <p class='ocr_par' dir='ltr' id='par_1_20' title="bbox 1980 961 2165 1009">
     <span class='ocr_line' id='line_1_97' title="bbox 2029 961 2165 983; baseline 0.007 -2"><span class='ocrx_word' id='word_1_465' title='bbox 2029 961 2165 983; x_wconf 72' lang='lat' dir='ltr'>Confirmatio</span> 
     </span>
     <span class='ocr_line' id='line_1_98' title="bbox 1980 987 2145 1009; baseline 0.006 -1"><span class='ocrx_word' id='word_1_466' title='bbox 1980 987 2041 1009; x_wconf 74' lang='lat' dir='ltr'>relati</span> <span class='ocrx_word' id='word_1_467' title='bbox 2057 988 2145 1009; x_wconf 81' lang='lat' dir='ltr'>decreti.</span> 
     </span>
    </p>
   </div>
  </div>
 </body>
</html>
