2254 3225
225 274 274 299 An.
296 272 324 299 c.
349 270 415 299 aeas
462 262 526 297 838

252 818 374 841 Clausulao.

252 2474 410 2496 Contrariorum

224 2501 345 2528 derogatio.

420 320 631 363 gregationis,
654 331 671 353 a
687 321 781 354 nobis
807 326 842 353 ut
867 331 965 364 supra
985 321 1162 360 institutae,

419 373 549 414 iudicio,
576 375 625 407 cui
652 381 828 419 propterea
866 386 995 408 omnem
1022 375 1164 419 desuper

420 427 606 461 facultatem
645 428 861 461 necessariam
889 434 920 461 et
945 435 1161 472 opportunam

419 482 629 514 concedimus
644 489 675 515 et
689 483 904 526 impartimur,
921 482 1163 519 declarandum,

420 535 638 568 decidendum
666 536 956 578 definiendumque
983 546 1064 574 esse,
1092 546 1164 568 nec-

419 598 498 627 non,
524 591 728 631 quacumque
754 589 990 632 appellatione,
1017 599 1160 624 recursu,

419 642 576 675 nullitatis
603 642 745 675 dictione
771 642 919 682 remotis,
946 643 985 674 ab
1012 641 1164 674 omnibus

419 696 614 728 servandum
629 695 770 736 omnino,
787 696 933 729 districte
947 695 1164 739 praecipimus

420 754 451 782 et
475 750 681 783 mandamus.

464 804 479 846 ξ
505 803 535 836 7.
560 803 797 844 Decernentes,
817 808 1007 847 praesentes
1025 802 1162 841 litteras,

421 857 519 890 etiam
545 868 581 891 ex
609 868 646 891 eo
672 857 758 901 qnod
780 857 961 900 episcopus,
988 857 1163 900 capitulum

421 916 452 944 et
477 911 582 944 clerus
614 916 669 944 aut
703 911 920 944 communitas
953 915 985 943 et
1014 910 1164 943 homines

419 965 585 1009 praefatae
611 965 749 999 civitatis
787 971 914 998 nostrae
940 965 1139 997 Laui-etanae
1155 991 1162 1004 ,

420 1029 457 1052 ac
482 1019 535 1052 alii
555 1019 752 1062 quicumque
773 1019 806 1051 in
821 1017 1010 1062 praemissis
1032 1027 1164 1061 quomo-

421 1072 544 1106 dolibet
570 1072 730 1105 interesse
757 1071 916 1105 habentes
948 1081 1004 1104 seu
1042 1071 1164 1104 habere

420 1125 682 1169 praetendentes,
699 1125 823 1159 eisdem
841 1135 904 1159 non
922 1124 1162 1164 consenserint,

420 1185 473 1212 aut
497 1179 600 1212 vocati
626 1190 683 1213 seu
709 1179 809 1212 auditi
834 1190 900 1212 non
926 1179 1067 1219 suerint,
1092 1177 1164 1210 alia-

420 1244 482 1276 que
508 1233 617 1278 quavis
643 1234 682 1267 de
708 1235 814 1273 causa,
840 1232 1057 1277 quamtumvis
1086 1230 1165 1274 legi-

420 1287 496 1319 tima
532 1292 564 1320 et
589 1287 747 1327 iuridica,
774 1286 813 1319 de
839 1287 907 1320 ullo
940 1285 1162 1329 subreptionis

419 1341 471 1373 vel
497 1340 701 1384 obreptionis
727 1351 783 1373 seu
810 1340 970 1373 nullitatis
996 1339 1084 1379 vitio,
1110 1344 1164 1372 aut

419 1393 612 1427 intentionis
638 1399 769 1427 nostrae
793 1395 844 1427 vel
873 1394 936 1427 alio
956 1403 1163 1437 quocumque

420 1448 547 1481 defectu
574 1448 690 1488 notari,
708 1448 902 1491 impugnari,
921 1448 969 1480 vel
988 1447 1020 1479 in
1039 1452 1164 1480 contro-

420 1502 558 1535 versiam
585 1502 742 1542 revocari,
769 1507 823 1534 aut
847 1502 885 1535 ad
909 1500 1067 1534 terminos
1084 1500 1163 1533 iuris

420 1555 533 1588 reduci
555 1556 740 1589 nullatenus
766 1566 873 1599 posse,
899 1555 956 1588 sed
976 1565 1109 1598 semper
1133 1560 1164 1587 et

420 1615 580 1653 perpetuo
628 1608 756 1649 firmas,
794 1608 918 1641 validas
952 1613 983 1641 et
1015 1607 1163 1641 efficaces

421 1663 570 1704 existere,
599 1668 631 1696 et
655 1664 694 1696 ab
721 1663 780 1703 eis,
808 1663 847 1696 ad
869 1673 949 1706 quos
975 1667 1100 1705 spectat
1133 1666 1164 1694 et

420 1716 454 1750 in
479 1717 620 1750 futurum
646 1717 815 1760 spectabit,
842 1715 1075 1750 inviolabiliter
1106 1716 1164 1748 ob-

420 1771 566 1811 servari,
593 1771 707 1814 sicque
743 1781 804 1814 per
835 1780 1057 1813 quoscumque
1083 1769 1165 1802 iudi-

420 1833 473 1856 ces
498 1824 684 1857 ordinarios
709 1828 742 1856 et
778 1823 957 1866 delegatos,
983 1823 1094 1867 quavis
1111 1833 1164 1855 au-

421 1877 571 1910 ctoritate
591 1877 775 1920 fungentes,
803 1877 899 1910 etiam
913 1887 1082 1910 causarum
1108 1887 1164 1920 pa-

420 1931 489 1964 latii
523 1931 694 1974 apostolici
720 1930 912 1971 auditores,
939 1936 970 1964 et
994 1930 1025 1963 S.
1054 1930 1091 1963 R.
1125 1930 1160 1962 E.

419 1985 614 2025 cardinales,
633 1984 728 2018 etiam
753 1985 792 2018 de
818 1985 918 2018 latere
940 1985 1076 2028 legatos,
1092 1984 1164 2017 sub-

419 2039 484 2072 lata
505 2039 550 2072 eis
576 2044 607 2072 et
632 2049 746 2072 eorum
773 2039 906 2072 cuilibet
931 2038 1043 2082 quavis
1070 2039 1165 2071 aliter

418 2092 582 2126 iudicandi
621 2097 652 2126 et
688 2092 927 2136 interpretandi
957 2092 1106 2125 facultate
1133 2097 1165 2125 et

419 2146 622 2186 auctoritate,
649 2146 770 2189 ubique
796 2145 931 2179 iudicari
968 2151 1000 2179 et
1035 2144 1163 2179 definiri

420 2199 552 2240 debere,
572 2200 697 2232 irritum
712 2210 841 2243 quoque
858 2205 888 2232 et
902 2199 1007 2240 inane,
1024 2199 1049 2232 si
1070 2209 1163 2232 secus

420 2263 521 2296 super
554 2253 707 2286 omnibus
744 2259 776 2286 et
800 2253 939 2296 singulis
965 2253 1163 2296 praemissis,

417 2308 468 2340 vel
494 2307 579 2340 circa
595 2317 642 2346 ea,
667 2317 685 2339 a
703 2317 878 2350 quoquam,
896 2306 1007 2350 quavis
1026 2307 1164 2340 auctori-

419 2365 495 2402 tate,
521 2360 661 2393 scienter
691 2361 740 2393 vel
762 2359 962 2403 ignoranter,
988 2360 1163 2404 contigerit

419 2413 585 2446 attentari.

467 2467 481 2510 ἓ
507 2465 538 2500 8.
566 2466 635 2500 Non
654 2466 869 2507 obstantibus,
891 2467 997 2510 quoad
1024 2477 1061 2500 ea
1080 2477 1162 2511 quae

421 2521 651 2564 praesentibus
701 2521 934 2561 adversantur,
972 2521 1163 2564 praemissis

421 2574 598 2608 Clementis
624 2579 655 2607 et
678 2574 768 2607 Pauli
794 2574 1086 2618 praedecessorum
1108 2574 1162 2607 hu-

420 2627 562 2661 iusmodi
582 2632 613 2661 et
637 2628 708 2661 aliis
726 2627 985 2671 quibuscumque
1002 2628 1164 2661 'constitu-

422 2682 564 2717 tionibus
596 2687 627 2715 et
657 2681 919 2715 ordinationibus
951 2682 1161 2725 apostolicis,

1005 272 1184 297 BULLARlUM
1209 273 1366 298 ROMANUM

1205 323 1299 356 etiam
1326 323 1358 355 in
1385 321 1592 366 synodalibus
1628 326 1660 355 et
1691 319 1947 365 provincialibus

1206 381 1237 409 et
1262 376 1504 410 universalibus
1526 375 1674 409 conciliis
1693 374 1799 414 editis,
1819 375 1950 408 innova-

1207 431 1245 463 tis
1282 436 1313 463 et
1350 430 1568 470 confirmatis,
1602 432 1778 473 nostraque
1809 429 1848 462 dc
1877 428 1948 461 iure

1207 483 1352 526 quaesito
1378 495 1443 516 non
1472 484 1625 523 tollendo,
1652 483 1799 526 aliiisque
1816 482 1950 516 Cancel-

1206 536 1306 570 lariae
1332 536 1539 579 Apostolicae
1565 536 1699 578 regulis,
1727 547 1762 568 ac
1788 535 1949 568 dictarum

1206 589 1237 622 S.
1267 589 1385 622 Domus
1411 595 1443 621 et
1474 589 1630 622 ecclesiae
1657 593 1689 621 et
1713 588 1848 621 civitatis
1873 588 1949 621 Lau-

1209 648 1341 675 retanae
1361 670 1368 682 ,
1403 642 1498 675 etiam
1531 643 1713 675 iuramento
1734 669 1741 682 ,
1773 641 1950 674 confirma—

1208 696 1295 729 tione
1313 696 1504 739 apostolica,
1522 696 1571 729 vel
1590 695 1701 739 quavis
1717 695 1866 728 firmitate
1888 694 1950 728 alia

1209 749 1381 788 roboratis,
1409 749 1537 782 statutis
1574 753 1606 782 et
1638 748 1946 788 consuetudinibus,

1208 803 1387 846 privilegiis
1425 813 1582 846 quoque,
1610 802 1746 835 indultis
1778 801 1810 835 S.
1833 800 1948 835 Domui

1208 857 1372 900 praefatae
1401 857 1554 901 illiusque
1586 856 1762 900 protectori
1787 866 1847 900 pro
1874 860 1949 888 tem-

1207 922 1289 955 pore
1326 911 1478 945 existenti
1509 911 1685 951 concessis,
1719 916 1752 943 et
1783 909 1948 953 quibusvis

1208 966 1295 1006 aliis,
1321 965 1381 998 sub
1419 965 1681 1009 quibuscumque
1718 963 1891 997 tenoribus
1917 967 1950 996 et

1208 1020 1334 1058 formis,
1355 1030 1391 1052 ac
1416 1030 1488 1052 cum
1509 1018 1674 1062 quibusvis
1694 1017 1789 1050 etiam
1815 1016 1950 1059 deroga—

1209 1073 1364 1106 toriarum
1391 1071 1618 1115 derogatoriis,
1636 1071 1773 1114 aliisque
1795 1069 1950 1103 efficacio-

1208 1127 1298 1160 ribus
1332 1131 1364 1160 et
1392 1126 1532 1160 insolitis
1558 1125 1720 1165 clausulis,
1746 1122 1951 1157 acirritanti-

1208 1181 1267 1213 bus
1293 1186 1325 1214 et
1356 1180 1426 1214 aliis
1451 1180 1603 1221 decretis,
1632 1179 1664 1212 in
1694 1188 1814 1222 genere
1837 1177 1889 1210 vel
1917 1176 1950 1209 in

1207 1234 1337 1278 specie,
1364 1244 1493 1267 necnon
1519 1234 1617 1267 etiam
1653 1231 1771 1266 ceteris
1798 1230 1952 1264 omnibus

1207 1293 1239 1321 et
1264 1288 1402 1331 singulis
1429 1298 1512 1331 quae
1537 1287 1570 1319 in
1601 1284 1816 1330 praeinsertis
1835 1282 1951 1317 litteris

1207 1342 1268 1384 ipsi
1302 1341 1573 1385 praedecessores
1610 1341 1786 1373 voluerunt
1818 1337 1950 1371 minime

1207 1396 1357 1436 obsta1=e;
1393 1395 1511 1439 quibus
1544 1393 1693 1428 omnibus
1734 1398 1766 1426 et
1797 1391 1952 1434 singulis,

1208 1449 1332 1482 etiamsi
1358 1460 1416 1493 pro
1449 1449 1580 1482 illorum
1608 1446 1783 1481 sufficienti
1815 1446 1952 1488 deroga·

1207 1502 1294 1536 tione
1312 1503 1351 1535 de
1381 1502 1443 1536 illis
1469 1511 1650 1545 eorumque
1677 1500 1751 1534 totis
1778 1498 1948 1533 tenoribus

1207 1556 1359 1599 specialis
1385 1561 1418 1589 et
1435 1556 1602 1589 individua
1627 1560 1657 1588 et
1675 1564 1830 1597 expressa
1848 1563 1884 1585 ac
1909 1552 1949 1584 de

1207 1610 1307 1642 verbo
1326 1610 1365 1643 ad
1380 1610 1526 1649 verbum,
1547 1619 1611 1642 non
1626 1613 1730 1641 autem
1748 1616 1808 1650 per
1824 1606 1951 1639 clausu-

1207 1665 1253 1697 las
1273 1664 1445 1706 generales
1469 1663 1554 1696 idem
1580 1663 1805 1705 importantes,
1826 1659 1949 1693 mentio

1207 1730 1263 1752 seu
1291 1718 1422 1762 quaevis
1440 1718 1502 1751 alia
1527 1716 1693 1761 expressio
1712 1714 1875 1753 habenda,
1896 1718 1951 1746 aut

1207 1773 1316 1816 aliqua
1341 1772 1403 1804 alia
1429 1771 1590 1815 exquisita
1614 1771 1718 1803 forma
1743 1769 1781 1801 ad
1801 1768 1863 1801 hoc
1884 1777 1951 1800 ser-

1207 1826 1310 1859 vanda
1342 1826 1448 1865 foret,
1475 1830 1605 1858 tenores
1630 1821 1836 1861 huiusmodi,
1863 1832 1900 1854 ac
1923 1821 1951 1854 si

1208 1879 1247 1912 de
1266 1879 1363 1912 verbo
1388 1878 1427 1911 ad
1447 1877 1593 1917 verbum,
1610 1876 1691 1909 nibil
1709 1874 1840 1919 penitus
1854 1873 1950 1907 omis-

1207 1944 1260 1973 so,
1283 1937 1315 1965 et
1339 1932 1440 1965 forma
1464 1931 1497 1963 in
1523 1930 1587 1964 illis
1620 1930 1737 1963 tradita
1761 1929 1950 1969 observata,

1208 1986 1472 2030 exprimerentur
1490 1991 1521 2019 et
1541 1985 1780 2023 insererentur,
1797 1992 1949 2027 praesen-

1208 2040 1293 2073 tibus
1318 2050 1378 2083 pro
1403 2039 1501 2083 plene
1520 2043 1552 2071 et
1568 2037 1769 2071 sufficienter
1788 2035 1950 2080 expressis

1208 2099 1238 2127 et
1262 2093 1393 2127 insertis
1420 2093 1595 2132 habentes,
1621 2091 1659 2124 ad
1686 2090 1832 2124 effectum
1855 2099 1949 2133 prae-

1207 2149 1370 2188 sentium,
1395 2147 1461 2181 illis
1486 2146 1563 2179 alias
1589 2146 1621 2178 in
1647 2155 1705 2178 suo
1730 2144 1848 2178 robore
1873 2153 1949 2187 per-

1207 2202 1378 2242 mansuris,
1396 2202 1510 2234 harum
1527 2200 1610 2233 serie
1627 2200 1838 2241 derogamus;
1861 2202 1948 2231 cete-

1206 2257 1316 2300 risque
1343 2254 1515 2288 contrariis
1541 2254 1812 2297 quibuscumque.

1250 2311 1264 2354 ἓ
1289 2310 1321 2344 9.
1348 2309 1434 2342 Nulli
1461 2318 1539 2351 ergo
1565 2307 1699 2340 omnino
1722 2304 1948 2341 hominumli-

1206 2369 1277 2397 ceat
1301 2364 1387 2396 lianc
1412 2361 1564 2406 paginam
1589 2365 1723 2393 nostrae
1749 2358 1948 2392 moderatio—

1205 2419 1264 2459 nis,
1284 2415 1551 2455 confirmationis,
1570 2412 1795 2457 exemptionis,
1815 2422 1949 2456 suspen-

1205 2471 1316 2511 sionis,
1343 2469 1529 2509 erectionis,
1554 2466 1785 2507 concessionis,
1805 2466 1948 2499 declara-

1207 2525 1314 2564 tionis,
1341 2523 1585 2561 reservationis,
1612 2520 1734 2554 decreti
1760 2526 1791 2554 et
1815 2520 1949 2563 deroga-

1207 2574 1305 2607 tionis
1332 2573 1524 2616 infringere,
1550 2573 1599 2604 vel
1618 2571 1647 2603 ei
1668 2581 1750 2603 ausu
1769 2569 1946 2603 temerario

1205 2626 1387 2667 contraire·,
1413 2626 1439 2659 si
1465 2624 1536 2669 quis
1562 2629 1669 2657 autem
1698 2623 1760 2656 hoc
1784 2627 1945 2656 attentare

1204 2679 1484 2725 praesumpserit,
1505 2677 1763 2722 indignationem
1798 2675 1947 2720 omnipo-

1950 271 1999 298 Αη.
2020 270 2049 298 C.
2074 270 2141 299 ¹698

1985 2303 2071 2325 Sannio
2092 2309 2142 2331 poo-

1959 2331 2019 2351 natis.
