2254 3225
181 249 226 273 un.
250 246 277 272 (ἶ,
303 244 366 271 ’ὥθ’

209 414 318 434 new-nium
331 415 362 430 sa—

182 446 198 458 ri
206 448 229 460 ,Γ
247 440 364 462 (inituri-sua·

182 466 244 486 tund*
266 466 363 485 senatun

260 2051 393 2072 fflwwwm

211 2080 271 2101 relati
287 2081 345 2099 decri
352 2080 376 2098 ti.

415 233 477 266 744
952 234 1126 258 urin-trium

536 286 751 316 lnnnocentius
772 284 851 319 Papa
870 283 941 315 ΧΠ,

513 334 549 361 ad
570 333 703 360 futuram
723 330 769 358 rei
789 328 970 357 memoriam.

418 399 432 442 ἓ
456 397 486 430 t.
509 396 595 429 Alias
621 393 782 428 emanavit
806 403 823 425 a
851 387 1108 432 Congrcgatione

374 449 611 485 venerabilium
634 448 766 480 fratrum
780 450 965 478 nostrorum
982 442 1012 474 S,
1026 439 1106 472 RE.

375 502 516 546 negotiis
550 506 582 534 et
612 496 904 533 consultationibus
937 494 1107 537 episcopo-

374 568 446 590 rum
479 561 511 589 et
541 553 739 597 regularium
775 548 960 593 praeposita
994 546 1109 579 decre-

379 614 444 642 tum
463 607 585 641 tenoris
610 605 663 648 qui
681 603 835 646 sequitur,
851 599 1017 633 videlicet:
1042 609 1054 627 <t
1072 596 1113 629 In
1133 604 1134 609 ¹

377 662 476 696 causti
499 660 645 694 Romami
659 660 796 690 vertente
813 655 898 687 inter
914 656 1019 696 patres
1038 651 1113 685 Cur-

376 715 505 748 melitas
527 712 630 757 primi
654 709 799 743 instituti
823 706 947 740 Siculos
972 714 1008 737 ex
1032 702 1111 742 unzi,

378 772 406 801 el
423 771 532 811 patres
549 766 707 798 Romanos
725 766 753 794 et
770 761 879 794 Status
901 756 1116 792 Ecclesiaslitiss

380 819 523 853 eiusdem
547 816 694 850 instituti
715 813 864 858 partibus
889 822 925 844 cx
942 810 1056 850 allani,
1079 808 1115 840 de

381 878 409 907 et
433 882 530 916 super
553 869 776 913 assz'qnatz'one
806 865 955 909 [trimiliae
988 864 1019 896 in
1045 872 1116 895 con-

380 930 478 959 ventu
520 922 746 957 Montissancli
786 919 823 953 cle
866 918 969 957 Urbe,
996 925 1139 949 neonem

384 977 502 1012 tabella
525 986 581 1009 seu
604 973 755 1008 eoeercilio
781 980 953 1005 mimorum
984 969 1118 1001 versicu-

383 1032 524 1064 latorum
556 1034 585 1063 el
617 1033 788 1061 cantorum
812 1026 844 1058 in
870 1024 986 1064 choro,
1014 1033 1050 1055 ac
1076 1022 1119 1054 le-

383 1089 507 1118 ctorum
531 1084 568 1116 in
592 1092 725 1121 mensa,
753 1084 832 1120 ele,
860 1088 952 1112 sacra
983 1076 1120 1118 Congre-

383 1137 469 1180 gatio
495 1134 826 1170 eminentissimorum
858 1136 890 1164 et
918 1128 1121 1164 reverendis-

384 1191 539 1224 simorum
565 1189 594 1222 S.
621 1188 658 1220 R.
682 1187 714 1220 Ε.
744 1185 956 1219 cardinalium
982 1182 1120 1226 negotiis

386 1249 417 1276 et
441 1240 735 1276 consultationibus
761 1239 991 1282 episcoporum
1018 1241 1048 1269 et
1072 1245 1122 1268 re-

388 1296 547 1340 gularium
573 1293 776 1338 praeposita,
801 1292 949 1335 partibus
974 1289 1052 1333 ipsis
1078 1289 1124 1321 in-

389 1349 625 1388 formantibus,
663 1346 825 1379 referente
866 1342 1123 1378 eminentissimo

390 1401 577 1442 Petruccio,
610 1399 735 1433 censuit
767 1408 802 1431 ac
836 1396 996 1438 decrevit,
1029 1406 1126 1438 super

391 1454 559 1498 praedicta
584 1451 800 1494 assignatione
827 1450 966 1483 familiae
997 1458 1126 1482 servan-

393 1509 449 1542 das
475 1517 547 1541 esse
574 1505 823 1540 constitutiones
847 1503 975 1536 Ordinis
1002 1507 1085 1545 part.
1107 1511 1125 1541 1,

394 1572 463 1605 cap.
490 1571 532 1602 v,
568 1560 583 1604 ἓ
615 1559 752 1599 ultimo,
777 1568 843 1591 non
874 1557 1023 1590 obstante
1055 1559 1128 1589 voto

395 1612 700 1652 commissariorum,
714 1615 810 1655 prout
824 1609 989 1656 praesenti
1007 1608 1129 1642 decreti

396 1673 509 1701 tenore
525 1665 661 1703 servari'
677 1664 808 1697 mandat
825 1668 856 1696 et
879 1663 1047 1706 praecipit.
1065 1661 1131 1700 Quo

397 1731 472 1754 vero
498 1719 538 1753 ad
557 1719 709 1751 tabellam
728 1727 786 1750 seu
807 1716 999 1749 exercitium
1020 1725 1131 1747 mune-

399 1783 468 1806 rum
491 1772 771 1811 versiculatorum,
794 1774 868 1810 ete.‚
887 1769 977 1801 stetit
995 1768 1026 1801 in
1052 1767 1132 1800 deci-

399 1827 441 1860 sis
471 1835 529 1870 per
566 1824 666 1867 ipsam
692 1833 816 1856 sacram
842 1821 1133 1864 Congregationem

400 1879 459 1912 sub
488 1878 539 1911 die
572 1886 645 1910 xxlx
675 1875 744 1908 iulii
777 1885 968 1908 mnchxxix.
997 1874 1133 1914 Romae,

402 1941 501 1965 xxviu
526 1929 709 1963 novembris
734 1937 876 1961 unuxcu.
901 1947 945 1951 -
968 1927 1004 1960 G.
1031 1927 1135 1960 cardi-

403 1985 483 2018 nalis
497 1984 684 2017 CARPINEUS.
704 1982 739 2015 Α.
758 1982 950 2021 Atrovirt's,
971 1985 1084 2014 secret.
1104 1993 1134 2013 ».

448 2039 463 2082 ξ
488 2038 519 2070 2.
559 2035 636 2070 Cum
673 2040 798 2076 autem,
825 2034 908 2067 sicut
946 2033 1055 2067 dilecti
1080 2033 1137 2067 filii

404 2091 529 2135 priores
555 2094 587 2122 et
610 2088 727 2121 fratres
756 2087 861 2120 Status
898 2086 999 2119 nostri
1032 2086 1138 2119 Eccle-

405 2143 523 2178 siastici
548 2141 735 2186 provinciae
762 2139 985 2173 Mentissancti
1011 2139 1138 2172 Ordinis

406 2198 540 2230 fratrum
554 2196 667 2228 beatae
683 2193 798 2226 Mariae
816 2193 954 2235 Virginis
974 2193 1012 2225 dc
1034 2192 1139 2225 Monte

407 2250 551 2284 Carmelo
584 2248 676 2281 nobis
707 2257 810 2290 nuper
835 2246 952 2289 exponi
985 2246 1139 2286 fecerunt,

407 2303 470 2347 ipsi
495 2303 660 2336 decretum
693 2299 888 2338 huiusmodi,
923 2309 986 2341 quo
1019 2298 1140 2331 firmius

409 2356 576 2395 subsistat,
601 2353 796 2397 apostolicae
814 2353 1068 2385 confirmationis
1091 2363 1142 2385 no-

409 2414 496 2443 strae
522 2407 704 2452 patrocinio
726 2406 917 2440 communiri
936 2416 1141 2449 summopere

411 2459 639 2496 desiderent’:
661 2470 728 2499 nos,
748 2459 834 2502 ipsos
853 2464 1052 2502 exponentes
1071 2469 1142 2501 spe-

411 2515 545 2548 cialibus
571 2513 729 2546 savoribus
747 2517 777 2545 et
795 2511 903 2554 gratiis
922 2511 1073 2554 prosequi
1096 2522 1144 2544 ro·
1164 2523 1165 2542 1

449 2587 460 2612 1
478 2585 544 2611 Male
561 2584 626 2610 edit.
644 2583 722 2609 Μαίη.
739 2582 803 2616 legit
818 2581 926 2609 seruati
946 2582 987 2613 (1¹.-
1003 2584 1049 2613 T.).

447 2630 464 2657 2
484 2629 552 2656 Edit.
575 2628 652 2655 Main.
676 2626 741 2662 legIt
760 2626 898 2654 desideret
913 2633 951 2661 xtt.
974 2628 1020 2657 T.).

1154 232 1305 255 ΠΟἋᾸΝΙΪΜ

1149 281 1263 319 lentes,
1291 284 1322 311 et
1347 287 1459 310 eorum
1486 276 1669 318 singulares
1691 285 1846 319 personas
1868 286 1885 307 a

1150 331 1316 376 quibusvis
1351 329 1710 370 excommunicationis,
1751 339 1887 372 suspen-

1150 385 1250 418 sionis
1268 389 1298 417 et
1311 383 1486 423 interdicti,
1505 382 1642 426 aliisque
1659 382 1886 416 ecclesiasticis

1150 436 1338 476 sententiis,
1375 436 1520 469 censuris
1550 440 1582 469 et
1617 435 1753 479 poenis,
1778 446 1795 468 a
1819 435 1888 469 iure

1131 499 1133 538 ᾗ
1151 490 1200 521 vel
1215 489 1253 521 ab
1267 488 1409 528 homine,
1423 488 1532 532 quavis
1547 487 1716 522 occasione
1730 488 1781 520 vel
1794 488 1891 520 causa

1153 541 1239 581 latis,
1261 542 1286 574 si
1305 541 1420 585 quibus
1445 541 1691 585 quomodolibet
1714 541 1890 574 innodatae

1154 595 1308 635 existunt,
1327 595 1365 628 ad
1384 594 1532 628 effectum
1553 593 1776 638 praesentium
1802 594 1894 627 dum·

1156 653 1241 681 taxat
1257 647 1535 691 consequendum,
1555 647 1671 680 harum
1687 648 1770 682 serie
1787 647 1893 681 ahsol-

1156 706 1268 734 ventes
1289 706 1320 734 et
1339 701 1504 735 absolutas
1523 701 1591 734 fore
1610 705 1801 741 censentes,
1819 711 1894 744 sup-

1136 795 1138 802 ,
1156 753 1387 796 plicationibus
1406 764 1518 788 eorum
1537 753 1668 787 nomine
1685 754 1779 787 nobis
1796 764 1895 797 super

1157 807 1221 840 hoc
1245 807 1410 841 humiliter
1444 806 1606 852 porrectis
1641 806 1801 846 inclinati,
1838 807 1895 840 de-

1159 864 1280 893 cretum
1315 860 1569 903 praeinsertum,
1596 860 1787 894 auctoritate
1820 870 1896 903 apo-

1159 913 1284 953 stolica,
1301 918 1413 947 tenore
1431 913 1658 957 praesentium,
1678 914 1896 957 approbamus

1161 971 1192 999 et
1213 965 1454 1007 confirmamus,
1488 966 1601 1009 illique
1632 965 1832 1000 inviolabilis
1868 976 1899 999 a·

1160 1019 1338 1063 postolicae
1371 1019 1533 1052 firmitatis
1570 1018 1669 1052 robur
1706 1019 1896 1052 adiicimus:

1162 1073 1248 1105 salva
1263 1077 1369 1105 tamen
1383 1082 1514 1116 semper
1531 1071 1565 1104 in
1583 1071 1773 1115 praemissis
1791 1077 1902 1105 aucto·

1162 1126 1255 1158 ritate
1282 1130 1478 1158 memoratae
1502 1124 1772 1168 Congi‘egationis
1798 1124 1901 1158 cardi-

1163 1179 1298 1212 nalium.
1314 1178 1545 1219 Decernentes,
1560 1178 1690 1212 easdem
1710 1183 1903 1222 praesentes

1163 1231 1289 1264 litteras
1311 1241 1440 1274 semper
1472 1230 1601 1272 firmas,
1633 1230 1754 1264 validas
1781 1235 1813 1264 et
1837 1230 1904 1263 effi-

1165 1294 1256 1317 caces
1281 1284 1419 1317 existere
1437 1288 1469 1316 et
1486 1284 1565 1324 sore,
1584 1293 1726 1327 suosque
1739 1283 1905 1326 plenarios

1166 1342 1199 1370 et
1222 1338 1365 1380 integros
1392 1335 1524 1370 effectus
1555 1336 1668 1370 sortiri
1693 1341 1725 1370 et
1742 1336 1906 1376 obtinere,

1167 1401 1202 1423 ae
1226 1390 1303 1430 illis,
1330 1390 1369 1423 ad
1395 1400 1476 1433 quos
1509 1395 1635 1434 spectat
1667 1395 1697 1423 et
1730 1400 1789 1432 pro
1826 1394 1906 1422 tem-

1169 1454 1247 1486 pore
1273 1442 1442 1487 spectabit,
1461 1442 1650 1486 plenissime
1676 1441 1857 1484 suffragari,
1875 1447 1907 1475 et

1171 1496 1209 1529 ab
1228 1496 1274 1529 eis
1293 1496 1473 1540 respective
1486 1495 1718 1529 inviolabiliter
1731 1494 1907 1534 observari,

1171 1550 1281 1593 sicque
1306 1549 1337 1582 in
1373 1548 1559 1592 praemissis
1589 1559 1649 1592 per
1685 1558 1909 1593 quoscumque

1171 1603 1295 1636 iudices
1327 1602 1512 1636 ordinarios
1536 1607 1568 1635 et
1600 1602 1782 1644 delegatos,
1812 1601 1910 1634 etiam

1172 1665 1337 1689 causarum
1349 1654 1500 1688 Gamerae
1513 1654 1719 1698 Apostolicae
1734 1653 1910 1694 auditores,

1174 1708 1309 1742 iudicari
1335 1712 1367 1742 et
1392 1706 1519 1741 deliniri
1554 1707 1696 1747 debere,
1717 1716 1753 1741 ac
1784 1706 1911 1740 irritum

1176 1768 1207 1795 et
1232 1762 1378 1803 inane,si
1399 1771 1492 1795 secus
1513 1760 1615 1805 'super
1632 1760 1683 1794 his
1701 1770 1719 1794 a
1736 1770 1912 1803 quoquam,

1176 1816 1285 1860 quavis
1304 1814 1510 1854 auctoritate,
1530 1814 1672 1847 scienter
1688 1814 1739 1852 vel
1763 1813 1914 1856 ignoran—

1177 1875 1243 1909 ter,
1267 1867 1440 1911 contigerit
1468 1867 1632 1900 attentari.
1658 1865 1729 1899 Non
1753 1865 1913 1899 obstanti·

1177 1922 1234 1954 bus
1267 1920 1554 1955 constitutionibus
1587 1925 1619 1953 et
1650 1918 1913 1953 ordinationibus

1179 1975 1375 2018 apostolicis,
1390 1973 1575 2017 ceterisque
1591 1972 1763 2007 contrariis
1782 1971 1915 2015 quibus-

1179 2038 1329 2072 cumque.

1222 2082 1237 2125 ἓ
1272 2081 1302 2115 3.
1331 2081 1482 2114 Volumus
1518 2084 1626 2114 autem
1659 2085 1695 2113 ut
1726 2079 1915 2113 earumdem

1181 2135 1402 2179 praesentium
1423 2134 1604 2167 litterarum
1622 2133 1844 2176 transumptis,
1860 2143 1918 2165 seu

1181 2188 1348 2231 exemplis,
1374 2187 1471 2222 etiam
1495 2186 1673 2229 impressis,
1697 2196 1796 2218 manu
1821 2186 1921 2218 alicu-

1181 2243 1230 2276 ius
1255 2241 1373 2275 notarii
1398 2240 1519 2283 publici
1540 2239 1742 2282 subscriptis,
1761 2243 1794 2272 et
1813 2238 1921 2281 sig-illo

1182 2304 1345 2340 personae
1370 2293 1402 2326 in
1428 2292 1649 2326 ecclesiastiea
1670 2291 1827 2334 dignitate
1845 2301 1922 2324 con—

1183 2351 1314 2384 stitutae
1333 2347 1476 2388 muniti-S,
1492 2347 1605 2380 eadem
1618 2355 1753 2389 prorsus
1765 2344 1845 2378 tides
1859 2349 1921 2378 tarn

1163 2432 1164 2451 ἶ
1184 2405 1217 2437 in
1241 2401 1361 2435 iudicio
1387 2410 1482 2444 quam
1506 2404 1595 2433 extra
1625 2398 1705 2432 illud
1729 2397 1851 2441 ubique
1876 2399 1922 2431 lo-

1185 2467 1298 2490 corum
1324 2454 1492 2493 habeatur,
1520 2462 1602 2495 quae
1628 2451 1708 2494 ipsis
1738 2451 1922 2494 praesenti-

1186 2511 1245 2543 bus
1273 2508 1449 2541 haberetur
1479 2505 1504 2539 si
1528 2506 1637 2538 forent
1671 2504 1835 2538 exhibitae
1872 2505 1922 2538 vel

1186 2567 1350 2597 ostensae.

1231 2614 1343 2647 Datum
1369 2612 1498 2652 Romae,
1517 2611 1600 2654 apud
1623 2610 1653 2643 S.
1675 2610 1804 2643 Maritun
1825 2610 1921 2649 Maio-

1885 227 1931 252 An,
1955 226 1982 251 C.
2009 226 2073 251 (thss

1952 2085 2072 2106 clausulae.

2234 215 2239 229 1

2234 231 2243 483 ἒ
