2227 3225
65 297 116 326 An.
137 296 165 324 G.
184 295 252 324 1700

107 360 137 381 De
160 359 253 385 capitulo

67 387 160 414 ,ηιμ-11111
175 390 193 407 et
211 386 253 405 vle-

66 418 136 435 ctione
183 413 252 433 fratris

67 442 153 462 maioris
164 446 251 465 gencra-

66 468 99 489 lis.

842 290 1054 314 INNOCENTIUS
1080 290 1125 313 xll
1150 290 1199 312 1¹1¹.

309 353 355 377 111.
386 343 420 376 In
454 342 536 375 festo
570 344 756 374 sanctorum
784 339 1005 383 apostolorum

265 396 347 430 Petri
375 402 407 429 et
431 395 521 429 Pauli
542 395 671 437 singulo
698 393 839 426 triennio
860 393 1007 425 celebra-

262 449 349 483 bitur
381 449 559 492 capitulum
601 447 778 490 generale,
804 446 889 489 quod
922 456 1005 477 sem-

261 513 321 546 per
338 501 533 545 congregari
553 499 741 534 debebit'in
767 500 862 533 domo
879 498 910 531 S.
931 498 1005 541 llip-

261 557 363 600 polyti
389 556 421 589 in
447 554 592 588 Mexico:
626 554 703 587 huic
729 552 927 586 intervenire
953 552 1006 585 de·

261 610 388 643 hebunt
421 615 453 643 et
481 619 537 642 suo
564 614 712 651 tempore
749 607 855 640 vocari
892 605 1005 648 viginti

262 664 464 708 antiquiores
490 663 523 696 in
549 662 754 706 professione
790 661 894 705 ipsius
922 659 1006 694 Con-

262 717 478 761 gregationis,
494 716 548 760 qui
564 721 671 749 tamen
686 716 829 749 scribere
847 720 879 748 01
895 715 1005 757 legere

262 772 383 812 sciant;
411 776 443 804 et
468 781 543 803 casu
577 780 642 813 quo
680 769 798 812 aliquis
824 779 879 801 sen
905 767 1004 810 aliqui

262 825 397 858 istorum
422 824 565 866 legitime
587 828 697 856 essent
721 822 869 865 impediti
896 821 1004 864 (quod

262 877 532 921 impedimentum
570 881 721 909 constare
761 875 879 908 faciant
916 874 1004 907 fratri

263 931 410 975 generali
439 930 556 964 maiori
594 936 626 963 et
660 929 866 968 consiliariis,
893 928 947 971 qui
973 928 1004 960 in

263 985 326 1018 hoc
358 990 445 1018 stare
471 984 612 1018 debeant
636 984 782 1027 ipsorum
807 981 1006 1015 attestationi

263 1039 398 1079 iuratae,
417 1038 619 1082 approbatae
638 1043 669 1070 et
686 1037 886 1080 subscriptae
912 1047 929 1068 a
948 1036 1006 1068 fra-

264 1098 310 1126 tre
336 1092 449 1125 maiori
474 1091 561 1124 illius
593 1091 707 1124 domus
733 1090 765 1122 in
791 1101 854 1134 qua
883 1099 1009 1122 moran-

263 1146 361 1189 tur),
400 1145 570 1178 debebunt
606 1149 791 1187 opportune
831 1142 940 1176 vocari
977 1148 1008 1175 ct

263 1199 435 1243 subrogari
461 1199 565 1241 magis
600 1198 722 1231 antiani
757 1197 863 1231 dictae
890 1197 1007 1229 domus

263 1253 294 1286 S.
333 1252 519 1296 Hippolyti,
553 1251 608 1296 qui
647 1251 799 1283 similiter
835 1250 944 1292 legere
977 1254 1007 1282 01

264 1306 409 1339 scribere
435 1306 546 1346 sciant,
578 1305 660 1337 itaut
691 1315 855 1348 nunquam
882 1302 1010 1336 deficiat

264 1370 421 1393 numerus
455 1358 567 1402 viginti
607 1358 782 1391 vocalium.
825 1357 859 1389 In
901 1356 1010 1399 vigilia

265 1419 451 1446 sanctorum
487 1412 708 1455 apostolorum
745 1410 831 1443 Petri
863 1415 894 1443 et
920 1409 1008 1442 Pauli

265 1466 365 1500 frater
389 1465 493 1499 maior
517 1465 680 1508 generalis
705 1463 893 1497 terminabit
918 1474 1009 1496 suum

265 1520 416 1559 officium,
446 1523 477 1552 et
502 1518 533 1551 in
567 1517 796 1561 capitularium
822 1517 1011 1561 praesentia

265 1572 471 1616 consignabit
492 1572 635 1615 sigillum
661 1577 693 1605 et
713 1571 816 1605 libros
839 1571 926 1604 fratri
944 1582 1010 1604 ma-

265 1627 326 1661 iori
355 1627 387 1660 S.
418 1626 605 1670 Hippolyti,
634 1626 687 1670 qui
718 1636 849 1669 semper
876 1625 1010 1668 capituli

265 1680 457 1723 praesidens
483 1690 553 1713 esse
580 1679 727 1719 debebit,
754 1690 819 1712 non
846 1684 952 1711 tamen
977 1679 1010 1710 in

268 1743 307 1766 00
326 1737 448 1773 votare,
467 1731 493 1765 si
511 1742 578 1764 non
599 1732 641 1765 sit
658 1732 696 1765 de
717 1742 854 1764 numero
880 1731 1010 1764 illorum

266 1785 380 1829 viginti
407 1785 622 1825 antianorum,
641 1790 671 1818 et
697 1785 730 1817 in
756 1785 863 1818 officio
889 1785 1012 1828 praesi-

267 1839 375 1873 dentis
411 1839 530 1873 durare
564 1839 701 1872 debebit
737 1839 919 1882 usquedum
953 1849 1008 1871 ca-

267 1893 386 1926 nonice
412 1893 537 1926 electus
563 1892 658 1925 fuerit
695 1892 800 1925 maior
836 1892 1010 1935 generalis,

268 1947 455 1990 quistatim
490 1948 602 1979 secuta
637 1946 724 1979 illius
759 1946 914 1979 canonica
939 1946 1008 1979 ele-

267 2000 375 2034 ctione
394 2011 454 2043 pro
473 1999 666 2033 confirmato
687 1999 857 2033 habeatur.
875 2000 908 2032 ln
932 2000 1011 2033 festo

268 2054 387 2087 deinde
423 2053 473 2086 Ss.
501 2053 734 2097 Apostolorum
760 2053 868 2087 audito
900 2064 1010 2094 sacro,

267 2107 584 2151 communicatisque
611 2107 774 2148 fratribus,
791 2107 1010 2149 congregandi

268 2166 363 2194 erunt
387 2172 405 2194 a
429 2161 640 2205 praesidente
667 2161 698 2194 in
723 2161 794 2194 loco
813 2167 844 2193 et
867 2166 1011 2204 tempore

267 2215 307 2248 ad
343 2215 537 2249 electionem
578 2215 763 2255 destinatis,
804 2215 914 2257 ibique
952 2225 1012 2257 per

266 2273 341 2302 vota
376 2273 502 2302 secreta
537 2273 668 2312 recepta
695 2268 727 2300 in
761 2270 841 2300 urna
865 2267 972 2311 aliqua
996 2278 1013 2300 a

269 2321 374 2355 tribus
398 2321 648 2361 scrutatoribus,
676 2321 731 2365 qui
758 2332 887 2364 semper
912 2321 1013 2353 antia-

267 2374 378 2409 niores
410 2375 443 2408 in
476 2375 684 2419 professione
722 2385 793 2408 0550
831 2374 1009 2415 debebunt,

268 2427 325 2461 fiet
350 2429 466 2462 electio
492 2428 600 2462 fratris
626 2428 758 2462 maioris
785 2428 958 2470 generalis,
981 2433 1013 2461 et

269 2481 296 2513 is
332 2482 479 2525 legitime
512 2483 634 2516 electus
669 2482 731 2515 erit
768 2482 822 2526 qui
855 2481 1012 2514 maiorem

267 2539 418 2568 votorum
442 2541 568 2578 partem
593 2536 717 2568 habere
743 2540 930 2578 compertus
950 2535 1013 2567 fue-

269 2588 329 2630 rit3
349 2599 421 2622 cum
441 2589 504 2622 hoc
530 2595 648 2630 tamen,
670 2589 757 2633 quod
776 2589 801 2621 si
822 2589 945 2621 electus
965 2593 1013 2621 est

269 2643 309 2676 de
330 2653 466 2676 numero
484 2644 673 2685 vetantium,
690 2644 754 2677 duo
779 2644 863 2676 ultra
889 2642 1013 2676 inedie-

271 2700 369 2731 tatem
405 2695 527 2730 habere
564 2696 683 2731 debeat
708 2702 788 2739 vota,
816 2697 840 2729 si
869 2707 943 2730 vero
971 2696 1009 2729 de

1050 348 1187 372 numero
1213 346 1277 369 non
1304 340 1362 375 est,
1383 345 1483 367 unum
1505 335 1624 367 habere
1643 335 1790 375 sufficiet,

1051 392 1136 425 iuxta
1173 388 1382 435 particularia
1413 393 1529 420 statuta
1563 393 1595 420 et
1626 399 1717 421 usum
1751 388 1790 420 ab

1051 446 1111 478 hae
1143 442 1403 486 Congregz‘itioue
1435 451 1538 484 usque
1565 451 1650 473 nunc
1676 440 1793 483 practi-

1051 505 1164 532 catum.
1194 498 1240 531 Ad
1267 496 1427 535 efl'ectuni,
1445 500 1479 527 ut
1505 494 1577 538 quis
1605 495 1636 527 in
1663 494 1795 526 fratrem

1051 554 1206 587 maiorem
1233 551 1419 594 generalem
1443 549 1518 591 eligi
1544 549 1656 592 possit,
1683 549 1720 580 ad
1741 548 1795 580 mi-

1051 620 1110 642 nus
1142 607 1256 641 aetatis
1293 604 1577 649 quadragesin‘ntni
1612 608 1642 635 et
1677 603 1795 645 profes·

1050 663 1151 696 sionis
1176 661 1337 694 decimum
1362 669 1483 691 aunum
1521 668 1617 699 agere
1651 655 1793 694 debebit,

1050 726 1195 759 opusque
1227 713 1288 747 erit
1313 712 1399 755 quod
1437 712 1535 743 frater
1560 710 1663 742 maior
1698 708 1796 741 fuerit

1050 771 1083 803 in
1101 769 1210 812 aliquo
1239 766 1403 810 hospitali,
1425 770 1479 797 aut
1504 763 1694 802 consiliarii,
1720 772 1796 805 pro-

1051 822 1208 856 curatoris
1233 819 1396 863 generalis
1423 817 1631 850 intirinariive
1663 815 1794 848 maioris

1051 876 1191 909 officium
1217 871 1457 907 exercitaverit.

1096 940 1138 963 iv.
1158 929 1233 961 Post
1254 926 1387 960 maioris
1414 924 1520 958 fratris
1548 922 1709 966 generatis
1730 923 1793 955 ele·
1831 931 1860 951 ai·
1888 931 1930 951 uve

1687 276 1751 310 9539
1798 284 1847 312 An.
1869 284 1898 311 c.
1918 282 1986 312 1700

1952 937 1990 951 llll&

1813 958 1928 978 consiliari·
1940 965 1982 977 iuiu

1051 983 1191 1016 ctionem
1229 980 1414 1014 immediate
1455 979 1618 1021 eligantur
1655 981 1821 1020 quatuorvi
1845 987 1990 1010 tumr-unauna

1806 1018 1864 1035 μυιιυι
1871 1012 1918 1031 atis.

1052 1035 1229 1069 consiliarii
1256 1034 1369 1067 aetatis
1393 1037 1547 1072 maturae,
1565 1031 1743 1074 prudentes
1765 1035 1813 1062 et‘

1052 1090 1189 1124 instituti
1218 1090 1368 1127 zelanteS,
1395 1092 1427 1120 et
1452 1097 1490 1120 eo
1516 1086 1586 1129 ipso
1612 1084 1710 1118 modo
1744 1083 1797 1116 eli-

1053 1150 1178 1188 gantur,
1198 1154 1260 1186 quo
1280 1143 1408 1175 fratrem
1426 1141 1582 1173 maiorem
1610 1138 1797 1182 generalem

1053 1199 1129 1241 eligi
1156 1198 1277 1231 debere
1300 1197 1421 1229 dictum
1455 1194 1533 1234 suit,
1561 1198 1592 1226 et
1628 1192 1713 1226 inter
1737 1192 1798 1224 hos

1053 1251 1279 1285 observabitur
1292 1248 1524 1293 praecedentia
1541 1258 1605 1280 11011
1621 1245 1797 1279 secundum

1052 1306 1201 1339 ordinem
1228 1303 1410 1343 electionis,
1435 1301 1491 1334 sed
1517 1301 1698 1333 secundum
1727 1308 1800 1342 pro-

1055 1358 1206 1392 fessionis
1233 1356 1469 1390 antianitatem.
1492 1354 1530 1387 Et
1554 1359 1627 1397 post
1652 1353 1711 1385 hos
1734 1351 1795 1383 im-

1054 1413 1193 1446 mediate
1220 1411 1399 1453 eademque
1433 1409 1536 1441 forma
1562 1407 1700 1449 eligetur
1725 1416 1800 1448 pro-

1054 1472 1185 1499 curator
1210 1463 1386 1507 generalis.
1404 1463 1438 1495 111
1458 1472 1533 1494 casu
1559 1459 1798 1504 discrepantiae

1055 1521 1139 1553 inter
1164 1520 1333 1557 electores,
1356 1516 1380 1549 si
1402 1526 1463 1559 per
1488 1520 1589 1548 totum
1617 1513 1701 1546 diem
1728 1523 1800 1545 san-

1054 1575 1096 1607 cti
1119 1573 1204 1606 Petri
1240 1582 1306 1605 non
1343 1575 1499 1614 sequatur
1535 1568 1652 1602 electio
1690 1567 1799 1600 fratris

1056 1627 1187 1661 maioris
1213 1625 1375 1669 generalis
1408 1624 1446 1657 ad
1480 1633 1628 1656 occasum
1657 1621 1736 1654 solis
1764 1620 1800 1653 il-

1054 1681 1188 1714 liusmet
1212 1679 1276 1713 diei
1303 1679 1342 1712 de
1369 1678 1451 1710 facto
1487 1677 1638 1710 devoluta
1663 1675 1726 1708 erit
1750 1684 1800 1707 ar-

1057 1733 1269 1777 chiepiscopo
1295 1731 1473 1770 Mexieano,
1492 1735 1522 1762 et
1540 1729 1572 1761 in
1591 1739 1666 1762 casu
1685 1729 1800 1760 absen-

1058 1788 1119 1820 tiae
1144 1784 1387 1829 archiepiscopi
1424 1788 1480 1817 aut
1516 1782 1603 1815 sedis
1628 1781 1797 1825 archiepi-

1056 1839 1195 1884 scopalis
1219 1838 1374 1878 vacantis,
1396 1837 1483 1870 illius
1508 1835 1628 1869 vicario
1653 1834 1800 1878 generali

1056 1899 1110 1927 aut
1142 1892 1326 1936 capitulari.
1364 1890 1521 1924 Similiter
1557 1900 1616 1933 per
1654 1889 1799 1922 camdeni

1056 1947 1217 1980 rationem
1234 1946 1258 1979 si
1278 1946 1310 1978 in
1328 1950 1395 1978 1010
1417 1945 1469 1978 die
1491 1943 1665 1977 electionis
1692 1942 1800 1976 fratris

1057 2001 1189 2034 maioris
1209 1999 1384 2043 generalis,
1404 2003 1460 2031 aut
1477 1999 1592 2031 saltem
1616 1998 1650 2030 111
1677 1997 1729 2030 (110
1755 2007 1802 2029 50-

1057 2053 1181 2097 quenti,
1196 2064 1262 2085 11011
1290 2052 1400 2085 fuisset
1425 2057 1534 2085 secuta
1560 2051 1677 2084 electio
1695 2049 1800 2083 consi-

1057 2109 1226 2142 liariorum
1252 2112 1284 2140 01
1308 2105 1530 2150 procuratoris
1557 2104 1730 2147 generalis,
1749 2109 1802 2136 aut

1056 2161 1190 2195 alicuius
1207 2171 1330 2201 eorum,
1342 2159 1561 2193 incontinenti
1576 2159 1727 2192 devoluta
1740 2157 1802 2191 erit

1057 2215 1127 2248 talis
1148 2215 1267 2247 electio
1287 2213 1377 2247 fratri
1396 2213 1511 2247 maiori
1531 2213 1661 2246 noviter
1682 2213 1797 2246 electo.

1056 2269 1091 2301 ln
1117 2269 1169 2301 die
1194 2267 1343 2311 sequenti
1370 2267 1566 2300 electionem
1592 2266 1724 2299 maioris
1748 2276 1801 2308 gc-

1057 2322 1178 2355 ueralis
1196 2348 1203 2360 ,
1231 2320 1491 2354 consiliariorum
1526 2326 1558 2353 et
1582 2319 1800 2364 procuratoris

1056 2375 1231 2418 generalis,
1251 2374 1329 2407 fient
1352 2374 1557 2418 provisiones
1584 2374 1721 2407 aliorum
1742 2372 1801 2405 mi-

1058 2429 1235 2462 nistrorum
1258 2434 1288 2461 et
1309 2427 1497 2462 officialium
1515 2426 1798 2470 CongregatiOnis,

1056 2482 1181 2516 scilicet
1206 2482 1343 2515 fratrum
1375 2481 1536 2514 maiorum
1561 2480 1796 2523 hospitalium,

1056 2536 1309 2569 infirmarioruin
1335 2535 1505 2575 maiorum,
1531 2534 1680 2577 magistri
1712 2533 1800 2567 novi-

1057 2590 1186 2630 tiorum,
1203 2589 1322 2622 medici
1348 2594 1379 2622 et
1404 2588 1549 2630 chirurgi
1568 2599 1574 2628 ;
1602 2592 1633 2621 et
1650 2587 1711 2620 hae
1730 2586 1798 2620 ficri

1056 2643 1197 2676 debeant
1222 2654 1238 2676 a
1264 2643 1335 2676 solo
1372 2642 1469 2675 fratre
1504 2640 1619 2674 maiori
1653 2640 1799 2683 generali

1056 2707 1126 2730 cum
1153 2696 1219 2730 suis
1245 2695 1448 2736 consiliariis,
1473 2694 1525 2739 qui
1547 2705 1611 2728 non
1640 2695 1745 2727 solum
1768 2694 1800 2726 in
