2254 3225
497 268 560 303 966
1046 280 1223 305 Butuntum
1247 281 1398 305 nomnen

451 332 672 375 Magistrorum
697 342 864 365 numerum
891 333 1049 365 senarium
1074 334 1112 367 ad
1141 334 1368 368 duodenarium
1391 334 1421 366 in
1448 333 1618 377 provinciis
1643 333 1766 367 Baetica
1794 338 1823 366 et
1847 334 1987 373 Quitensi

539 385 742 418 eremitarum
778 385 807 418 S.
843 386 1008 428 Augustini
1035 387 1172 420 extendit
1195 388 1370 421 Alexander
1396 387 1482 428 vill,
1508 386 1550 420 35
1570 398 1590 420 α
1615 393 1642 419 et
1674 386 1716 421 05
1744 399 1762 420 α
1794 393 1823 420 et
1847 387 1879 427 b;
1905 387 1987 420 circa

538 449 694 472 novorum
720 439 942 481 magistrorum
969 439 1196 473 institutionem
1215 441 1340 474 decreta
1364 440 1515 484 quaedam
1542 440 1680 473 eiusdem
1708 441 1887 484 provinciae
1912 441 1988 473 Bae-

541 492 618 525 ticae
645 492 742 524 relata
766 492 933 524 confirmat
957 492 1157 526 Innocentius
1180 494 1254 534 XII,
1279 494 1343 526 405
1369 495 1385 526 b
1410 499 1439 526 et
1463 505 1539 537 seq.;
1571 504 1739 526 numerum
1764 494 1922 527 senarium
1949 494 1986 526 ad

541 545 770 578 duodenarium
796 556 854 588 pro
880 545 1018 578 eremitis
1044 546 1073 578 S.
1102 546 1267 589 Augustini
1292 546 1468 580 Mexicanae
1505 547 1685 590 provinciae
1713 547 1847 580 extendit
1883 547 1986 590 idem,

539 596 605 631 465
629 599 645 629 ί)
670 604 699 630 et
723 609 783 641 seq.

451 650 588 693 Magistri
614 651 734 683 viarum
761 661 778 683 a
802 651 932 685 Martino
959 652 980 684 V
1006 652 1046 685 ob
1071 663 1198 695 gravem
1224 663 1349 686 causam
1375 653 1489 686 iterum
1518 653 1650 686 instituti
1680 654 1788 694 suere,
1814 654 1856 687 uti
1881 659 1988 687 narrat

537 704 737 739 Innocentius
761 704 827 745 XII,
853 704 917 737 480
941 717 979 745 a,
1005 705 1172 749 praedictis
1197 712 1226 739 et
1251 707 1426 740 camerario
1451 717 1467 739 a
1492 706 1577 740 Sixto
1597 707 1645 747 IV,
1664 707 1766 740 Leone
1784 707 1809 740 X
1827 712 1857 740 et
1880 707 1935 740 Pio
1948 707 1986 740 lv

538 758 699 791 facultates
725 768 823 792 novae
848 769 1014 792 concessae
1040 765 1069 792 et.
1096 765 1216 792 veteres
1240 760 1443 794 confirmatae
1468 762 1573 801 suere,
1598 760 1670 793 licet
1693 766 1801 805 postea
1827 771 1935 794 omnes
1970 771 1987 793 a

538 811 591 844 Pio
617 812 638 844 V
665 816 827 846 revocatae
852 812 889 845 ad
917 813 963 845 ius
988 824 1172 855 commune,
1198 814 1262 847 480
1287 815 1303 847 b
1329 820 1358 846 et
1381 825 1459 858 seq.;
1485 814 1537 847 sed
1571 825 1588 847 a
1619 814 1773 857 Gregorio
1798 814 1867 848 XIII
1897 814 1988 858 plura

542 866 687 899 innovata
710 872 737 898 et
763 871 877 899 statuta
902 866 1037 907 suerunt,
1058 872 1090 899 ut
1119 867 1268 908 babetur,
1288 869 1385 908 ibid.;
1414 869 1533 901 viarum
1556 868 1715 911 magistris
1739 868 1886 912 praefatis
1910 868 1988 901 aliae

539 919 629 952 etiam
652 920 690 952 ab
715 919 783 952 aliis
808 920 956 953 Romanis
975 920 1177 953 Pontificibus
1203 932 1370 955 concessae
1396 922 1482 954 suere
1507 922 1683 962 facultate&
1702 922 1884 955 exercitium
1909 921 1988 954 iudi-

538 972 624 1005 cialis
662 972 886 1005 iurisdictionis
912 983 1020 1006 eorum
1054 975 1222 1014 assessori,
1251 976 1518 1018 quemadmodum
1547 976 1680 1018 legitur,
1706 974 1765 1008 481
1794 986 1829 1015 a;
1862 975 1985 1008 tandem

535 1026 719 1060 eorumdem
746 1027 907 1061 facultates
938 1027 1152 1069 confirmavit,
1190 1028 1369 1070 innovavit,
1401 1029 1604 1069 reformavit,
1630 1029 1790 1069 extendit,
1816 1029 1868 1061 sed
1888 1029 1988 1061 'iuxta

536 1080 669 1113 sormam
695 1080 883 1124 descriptam
910 1081 1111 1114 Innocentius
1136 1081 1200 1120 ΧΠ,
1225 1081 1284 1114 481
1315 1083 1351 1123 [ι;
1379 1084 1447 1116 vide
1471 1082 1650 1115 Tribunalis
1676 1083 1807 1115 viarum.

447 1133 560 1167 Mariae
586 1134 645 1176 (n.)
671 1134 707 1166 de
734 1134 837 1177 Capite
864 1135 947 1167 cultu
975 1135 1218 1168 ii‘innemorabili
1246 1136 1407 1169 decretum
1433 1136 1692 1179 Congregationis
1717 1136 1844 1169 Rituum
1871 1134 1987 1169 confir-

537 1187 631 1219 mavit
656 1187 857 1220 Innocentius
883 1187 946 1228 XII,
975 1187 1037 1220 790
1064 1188 1081 1220 b
1106 1194 1135 1220 ct
1159 1200 1220 1232 seq.

447 1240 559 1274 Mariae
585 1241 644 1284 (B.)
670 1241 707 1274 de
734 1241 840 1281 Socos,
867 1241 991 1274 Ordinis
1018 1241 1129 1274 Beatae
1155 1242 1267 1274 Mariae
1293 1242 1331 1275 de
1355 1242 1497 1276 Mercede
1519 1242 1746 1287 redemptionis
1778 1243 1988 1287 captivorum,

535 1296 653 1328 cultum
679 1295 964 1328 immemorabilem
990 1299 1019 1328 et
1044 1294 1206 1328 decretum
1227 1296 1489 1338 Congregationis
1514 1296 1641 1329 Rittium
1668 1296 1866 1330 confirmavit
1888 1296 1985 1329 Inno-

535 1349 655 1382 centius
680 1348 756 1390 xtl,
783 1348 846 1382 751
870 1361 889 1383 α
916 1355 945 1382 et
977 1360 1053 1393 seqq
1085 1349 1158 1381 item
1185 1349 1223 1382 de
1255 1349 1434 1393 praedictae
1460 1349 1563 1383 officio
1589 1355 1618 1382 et
1636 1350 1731 1382 missa
1750 1360 1808 1393 pro
1832 1349 1988 1392 religiosis

535 1401 699 1445 utriusque
735 1412 828 1434 sexus
862 1402 1001 1435 eiusdem
1040 1402 1164 1436 Ordinis
1201 1402 1360 1437 decretum
1395 1403 1478 1436 aliud
1516 1403 1694 1447 praedictae
1729 1402 1988 1446 Congregationis

536 1454 735 1487 confirmavit
761 1454 854 1496 idem,
874 1455 937 1487 755
962 1455 989 1488 b.

446 1509 568 1542 Mensae
600 1508 772 1552 episcopali
803 1509 1012 1541 Nancbincusi
1045 1520 1147 1553 nuper
1179 1516 1301 1543 erectae
1330 1510 1386 1544 dos
1414 1511 1612 1553 assignatur,
1638 1511 1679 1544 55
1704 1511 1737 1550 b;
1773 1511 1845 1544 item
1871 1510 1984 1545 Pechi-

536 1562 635 1603 nensi⁷
662 1561 703 1594 59
729 1562 760 1601 b,
787 1561 859 1594 item
885 1562 1048 1602 Alesiensi‚
1074 1562 1137 1596 626
1162 1563 1196 1603 b,
1225 1563 1298 1596 item
1325 1563 1474 1605 Blesensi,
1500 1563 1564 1597 793
1590 1565 1616 1596 b.

448 1615 554 1649 Militia
578 1621 686 1649 aurata
711 1616 976 1656 Constantiniana,
1002 1617 1073 1649 ride
1096 1616 1243 1659 Magister
1269 1627 1400 1659 magnus
1426 1617 1563 1650 militiae.

447 1670 582 1703 Minores
613 1669 790 1713 Capuccini.
824 1669 997 1703 Minoribus
1026 1670 1209 1713 Capnccinis
1237 1670 1472 1713 provinciarum
1506 1671 1670 1714 utriusque
1698 1670 1845 1704 Castellae
1871 1669 1987 1703 discre-

537 1729 584 1756 tos
608 1723 722 1756 locales
748 1733 802 1755 seu
828 1722 929 1756 socios
957 1733 1015 1766 pro
1037 1723 1177 1766 ipsorum
1203 1723 1347 1766 capitulis
1371 1722 1536 1766 abrogavit
1560 1722 1760 1756 Innocentius
1784 1722 1853 1763 XII,
1879 1722 1944 1755 544
1967 1733 1987 1756 a

537 1781 566 1810 et
590 1776 621 1816 b3
646 1775 684 1808 ad
709 1775 892 1809 eorumdem
911 1775 1087 1819 provincias
1112 1776 1252 1809 Baeticae
1277 1781 1307 1808 et
1331 1776 1488 1808 Navarrae
1512 1776 1766 1809 constitutionem
1793 1772 1986 1820 praedictam

535 1829 748 1873 abrogationis
774 1829 994 1871 discretorum,
1021 1840 1092 1862 cnm
1117 1829 1276 1862 nonnuliis
1301 1829 1554 1862 ordinationibus
1573 1840 1608 1862 ac
1629 1829 1769 1862 eiusdem
1789 1829 1986 1862 constitutio-

535 1884 583 1916 nis
607 1883 889 1923 declarationibus,
914 1883 1075 1927 ampliavit
1100 1883 1201 1923 idem,
1227 1883 1290 1916 :352
1315 1883 1345 1923 b,
1370 1883 1458 1916 binas
1482 1883 1661 1927 praedictas
1685 1882 1924 1916 constitutiones
1947 1881 1986 1915 ad

536 1937 611 1969 alias
636 1937 813 1980 provincias
838 1937 1022 1980 Aragoniae,
1050 1937 1216 1977 Valentiae,
1232 1937 1439 1977 Catalauniae‚
1464 1937 1625 1970 Sardiniae
1643 1942 1672 1970 et
1688 1937 1853 1970 Maioricae
1873 1942 1986 1970 exten—

536 1991 590 2031 dit,
615 1990 679 2023 616
705 1991 739 2030 b,
766 1991 949 2024 eorumdem
981 1991 1176 2034 provinciam
1209 1991 1370 2023 SardIniae
1395 1990 1426 2022 in
1450 1990 1527 2023 duas
1547 1990 1664 2031 divisit,
1691 1990 1754 2023 705
1778 2001 1812 2030 α;
1838 1990 1985 2033 praefatis

537 2044 698 2077 decretum
724 2042 986 2087 Congregationis
1010 2044 1220 2087 particularis,
1241 2044 1324 2077 circa
1350 2054 1457 2077 vocem
1483 2044 1648 2077 custodum
1673 2050 1703 2077 et
1728 2044 1985 2077 exministrorum

535 2097 774 2141 provincialium
800 2097 983 2130 eorumdem
1014 2097 1042 2129 in
1071 2097 1258 2131 definitoriis
1284 2098 1530 2141 provincialibus
1563 2098 1592 2129 in
1622 2098 1728 2140 regnis
1753 2097 1984 2141 Hispaniarum,

536 2150 696 2183 Sardiniae
720 2155 749 2184 et
774 2150 948 2191 Maioricae,
974 2150 1185 2192 confirmavit,
1212 2151 1274 2184 706
1299 2163 1333 2191 a,
1360 2152 1432 2184 item
1458 2152 1713 2185 constitutionem
1738 2152 1905 2185 Alexandri
1933 2150 1985 2185 VH

538 2209 646 2237 contra
663 2204 827 2247 religiosos
852 2204 992 2248 ipsorum
1009 2204 1132 2238 Ordinis
1150 2209 1346 2237 transeuntes
1371 2205 1408 2237 ad
1434 2206 1525 2237 aliam
1555 2205 1740 2247 religionem
1766 2204 1984 2243 confirmavit,

537 2259 636 2301 poena
673 2258 703 2289 in
739 2258 1007 2291 contravenientes
1039 2258 1249 2297 comminata,
1282 2256 1344 2291 789
1371 2259 1387 2291 b
1413 2265 1442 2292 et
1465 2270 1546 2303 seq.;
1580 2259 1716 2299 eisdem,
1744 2268 1783 2291 ne
1818 2257 1986 2291 transirent

537 2310 575 2343 ad
600 2311 691 2343 aliam
716 2322 948 2355 quamcumque
973 2312 1169 2354 religionem,
1195 2318 1303 2344 contra
1328 2312 1461 2345 sormam
1487 2312 1517 2344 in
1544 2312 1763 2345 constitutione
1783 2311 1899 2344 Urbani
1917 2310 1983 2344 VIII

538 2365 774 2409 praescriptam,
800 2365 913 2398 iterum
939 2366 1111 2409 probibuit,
1130 2364 1193 2399 853
1218 2376 1236 2397 α
1262 2371 1292 2398 et
1316 2376 1375 2409 seq.

449 2417 582 2452 Minores
607 2418 842 2451 Conventnales.
868 2418 1039 2451 Minoribus
1064 2419 1336 2460 Conventnalibus,
1355 2425 1384 2451 ut
1406 2419 1598 2462 indulgentia
1617 2418 1757 2462 plenaria
1780 2423 1933 2461 perpetua
1950 2418 1983 2450 in

538 2472 677 2515 ipsorum
711 2471 849 2504 ecclesiis
882 2471 931 2503 die
956 2482 977 2504 ιι
1001 2473 1124 2515 augusti
1149 2472 1298 2516 applicari
1323 2473 1420 2515 possit
1455 2472 1618 2505 animabus
1642 2471 1877 2512 defunctorum,
1902 2480 1980 2504 con·

538 2525 630 2558 cessit
654 2524 828 2558 Alexander
846 2524 923 2565 vul,
948 2524 991 2558 34
1014 2537 1034 2557 α
1059 2532 1087 2558 ct
1112 2527 1144 2565 b,
1171 2526 1353 2559 eorumdem
1380 2526 1506 2559 decreta
1530 2525 1692 2569 quaedam,
1720 2525 1749 2557 in
1775 2525 1910 2568 capitulo
1930 2534 1983 2567 ge·

538 2578 636 2611 nerali
660 2578 766 2612 habito
792 2579 908 2612 Romae
933 2578 981 2611 die
1003 2590 1077 2613 xxix
1098 2580 1170 2612 maii
1196 2590 1379 2614 MDCLxxxm
1401 2579 1492 2619 edita,
1519 2579 1622 2619 refert,
1648 2578 1684 2612 51
1715 2590 1733 2611 α
1759 2584 1789 2611 et
1811 2589 1890 2623 seq.;
1913 2587 1984 2611 con-

538 2632 652 2672 firmat,
677 2631 718 2665 59
742 2643 779 2672 a;
814 2632 981 2676 praedietis
1005 2633 1188 2676 particulam
1215 2633 1382 2677 quamdam
1407 2632 1665 2666 constitutionum
1691 2631 1874 2665 eorumdem
1899 2631 1984 2664 circa

539 2685 687 2719 familiam
716 2691 886 2720 conventus
906 2685 951 2720 Ss.
970 2685 1023 2721 XII
1040 2686 1262 2729 Apostolorum
1293 2686 1329 2721 de
1356 2686 1448 2728 Urbe,
1478 2689 1563 2719 motu
1590 2684 1720 2729 proprio
1752 2684 1833 2719 idem
1860 2683 1982 2719 confir-
