2227 3225
75 199 123 226 An.
139 198 166 226 C.
192 199 252 226 1691

842 201 1049 223 lNNOtIlINTll‘S

1686 201 1746 219 :van

1077 204 1116 225 ΧΗ
1144 204 1189 225 l'P.
1688 216 1747 235 ,ινα

267 248 326 280 sibi
352 249 448 290 longe
472 254 644 290 perspecta
670 253 757 287 erat,
784 248 1002 281 discutiendas
1024 286 1025 292 ἵ
1047 251 1276 291 provincialem
1303 258 1334 284 et
1359 253 1561 288 definitorem
1596 261 1782 300 generalem

267 300 438 339 commisit,
453 300 518 343 qui,
532 301 692 333 mandatis
711 299 855 333 eiusdem
871 301 1003 333 Alexan-

266 353 313 386 dri
332 353 595 396 praedecessoris
613 364 737 386 morem
752 359 912 396 gerentes,
928 354 1000 387 illas
1022 378 1023 385 ,

263 411 388 439 mature
419 407 661 449 diligenterque
694 407 941 446 examinarunt,
969 412 1023 439 et'

263 459 430 492 nonnullis
444 459 584 499 adiectis,
600 459 748 502 aliisque,
762 459 816 491 ubi
835 470 914 501 opus
930 459 999 498 fuit,

263 512 416 544 correctis
449 518 480 544 et
514 512 691 545 emendatis
708 539 715 552 ‚
733 511 998 545 'constitutiones

262 565 348 608 ipsas
370 565 401 597 in
418 575 518 598 unum
539 566 691 598 volumen
709 565 810 608 redigi
830 570 996 604 curarunt,

264 618 397 658 tenoris,
416 618 470 662 qui
489 618 648 662 sequitur,
672 617 842 662 videlicet}

70 681 152 729 but-'2⁶3
175 681 252 716 afim-
314 682 327 702 α
352 671 504 704 Norerint
528 671 691 710 universi,
719 671 822 714 quod,
848 680 920 702 cum
946 668 997 702 die

70 713 301 763 c10rnaui¹⁰c⁶012³f¹e¹3xv
326 725 510 758 novembris
535 734 619 756 anno
646 724 771 756 Domini
804 732 996 756 moctxxxvu

69 761 198 814 {221pii5ii2·
212 763 251 780 ’ω
263 784 373 811 essent
398 778 541 821 legitime
566 778 669 811 vocati
695 784 727 810 et
751 776 939 819 congregati
966 775 996 807 in

263 832 323 865 hoc
339 831 451 864 Curiae
483 832 675 864 Matritensis
699 830 859 863 coenobio
881 829 997 871 regalis

262 897 297 918 ac
323 885 470 918 militaris
495 885 622 918 Ordinis
648 885 682 917 B.
716 883 853 925 Virginis
880 881 995 914 Mariae

262 939 300 972 de
318 939 461 972 Mercede
472 937 716 981 Redemptionis
734 936 937 980 Captivorum
952 945 996 967 re-

261 992 369 1034 ligiosi
385 992 443 1025 riri
465 1002 500 1024 ex
523 991 690 1034 praedicto
709 990 826 1023 Ordine
846 987 996 1037 destinati

261 1046 298 1078 ad
318 1056 432 1078 novam
455 1044 677 1088 exequendam
700 1042 993 1081 coordinationem,

260 1099 523 1142 compilationem
548 1103 770 1140 texturamque
791 1094 996 1128 constitutio—

259 1163 335 1185 num
361 1152 504 1184 eiusdem
530 1150 658 1183 Ordinis
690 1149 864 1182 stabilitam
890 1148 921 1179 in
947 1158 996 1180 se-

258 1205 358 1248 ptimo
384 1205 514 1238 decreto
532 1204 601 1236 eius
626 1202 787 1246 generalis
814 1202 944 1245 capituli
964 1202 994 1234 in

258 1264 418 1290 conventu
437 1262 468 1289 et
485 1257 614 1289 civitate
627 1255 759 1299 Optcnsi
778 1255 866 1297 regni
881 1255 994 1287 Castel-

257 1312 305 1344 lae
329 1311 474 1354 proxime
505 1310 657 1343 celebrati
689 1309 740 1342 die
766 1320 775 1342 1
801 1309 879 1341 iunii
909 1319 992 1342 anno

256 1364 413 1407 superiori
432 1362 666 1401 ›inetxxxr1,in
684 1372 746 1405 quo
759 1361 911 1394 videlicet
927 1371 993 1394 san-

255 1417 354 1450 citum
386 1417 466 1458 fnit,
501 1417 539 1449 ad
564 1415 740 1459 praefatam
773 1425 887 1448 novam
918 1425 994 1458 per-

255 1471 487 1513 fectioremque
522 1469 790 1505 constitutionum
830 1470 990 1512 compila-

255 1521 376 1558 tionem
406 1524 564 1568 quaedam
596 1522 744 1566 specialis
768 1522 993 1556 institueretur

254 1577 463 1621 congregatio
496 1569 721 1619 religiosorum
750 1577 932 1619 effi-prunis
960 1582 990 1610 et

252 1631 437 1675 praecipuis
451 1629 596 1663 eiusdem
610 1628 747 1669 Ordinis,
761 1640 842 1673 quos
857 1630 888 1662 in
902 1630 990 1663 hunc

252 1684 384 1718 modum
410 1684 449 1717 ad
481 1683 987 1727 praediotam'congregationem

253 1737 443 1771 nominatim
464 1736 646 1779 assumpsit,
666 1736 814 1769 nimirum
832 1746 893 1780 pro
915 1739 990 1771 Ara-

253 1791 369 1834 goniae
398 1790 586 1833 Galliaeque
616 1790 792 1832 provinciis
822 1790 858 1823 R.
887 1792 920 1824 P.
948 1792 985 1825 M.

232 1844 385 1876 'fratrem
407 1843 586 1885 ,Iosephum
604 1842 697 1875 Linas
722 1843 819 1876 totius
841 1844 915 1877 dicti
934 1845 988 1877 Or-

252 1896 336 1929 dinis
360 1896 546 1939 generalem
579 1895 791 1937 magistrum,
823 1897 987 1931 dominum

250 1949 461 1982 Varoniarum
485 1949 524 1981 de
551 1949 650 1991 Algar
674 1952 704 1982 et
727 1949 868 1990 Est-ales,
890 1956 921 1983 et
939 1963 987 1984 su-

250 2002 354 2046 premi
379 2006 509 2035 senatus
530 2000 614 2034 fidei-
631 2012 820 2041 censorem,
845 2014 904 2046 pro
933 2004 987 2037 Ca—

247 2056 360 2089 stellae
393 2054 557 2098 provincia
588 2054 639 2093 R„
656 2054 689 2086 P.
715 2054 753 2086 M.
783 2055 915 2089 fratrem
941 2057 986 2090 lo·

248 2109 386 2152 sephum
420 2108 577 2141 Gonzalez
614 2113 689 2139 tunc
725 2109 878 2151 temporis
903 2121 980 2153 pro-

249 2161 418 2194 vincialem
436 2160 596 2200 eiusdem,
622 2171 639 2192 a
663 2161 807 2194 consiliis
826 2164 983 2206 supremi¹

247 2214 477 2258 inquisitionis>
496 2220 626 2247 senatus
652 2215 803 2258 regisque
830 2216 984 2251 Immacu-

246 2267 329 2300 latae
354 2267 580 2310 Conceptionis
598 2268 804 2301 consessibus
824 2275 854 2302 et
871 2271 983 2305 acade—

246 2320 329 2354 miae
353 2320 591 2368 Salamantinae
620 2321 838 2364 vespertinum
875 2323 983 2356 mode-

246 2378 396 2413 ratorem,
409 2383 468 2416 pro
482 2373 653 2406 valentina
666 2375 831 2417 provincia
845 2375 881 2408 R.
895 2376 928 2409 P.
942 2377 979 2409 M.

245 2427 375 2460 fratrem
399 2426 588 2459 Damianum
613 2426 812 2470 Stephanum
837 2428 983 2463 definito-

246 2490 314 2513 rem
339 2481 524 2522 generalem
545 2480 701 2520 eiusdem‚
726 2491 784 2524 pro
809 2482 980 2517 Vandalica

231 2529 284 2565 Ἤ.
306 2532 340 2564 Ρ.
357 2532 400 2565 M.
417 2532 556 2573 'fratrem
582 2533 721 2567 Marcum
747 2535 785 2567 de
811 2535 901 2569 Ostos
927 2547 981 2571 ex-

281 2594 293 2621 1
315 2593 385 2621 Edit.
405 2594 484 2621 Main.
503 2595 568 2630 legit
586 2597 731 2630 supremis
749 2599 786 2631 (n.
807 2600 855 2631 Τ.).

349 2646 428 2675 Ball.
450 2647 533 2675 Rom.
556 2664 584 2668 ι
612 2649 669 2676 Vol.
693 2650 752 2677 ΧΧ.
896 2651 930 2680 30

1021 399 1023 412 l

1046 301 1190 336 ciusdem
1222 305 1418 347 provinciae,
1446 309 1709 344 concionatorem
1735 324 1784 346 re-

1045 355 1152 397 gium,
1181 368 1217 389 ae
1247 359 1383 400 praefati
1416 362 1532 393 summi
1565 363 1639 395 fidei
1673 372 1782 399 coctus

1044 418 1227 450 censorem,
1246 422 1305 453 pro
1326 411 1430 445 Norae
1453 415 1625 458 Hispaniae
1650 420 1782 460 proriu-

1043 460 1099 492 eiis
1120 462 1152 493 R.
1180 463 1213 495 P.
1234 464 1271 496 M.
1301 465 1430 498 fratrem
1451 467 1640 502 Miclia'elem
1660 471 1780 508 Marers

1043 515 1314 556 exprovincialcm
1330 523 1360 550 et
1377 518 1578 553 definitorem
1594 509 1781 564 generalem

1042 565 1239 601 Castellanae
1258 570 1454 612 provinciae
1474 574 1667 609 exvicarium
1686 588 1782 620 gene-

1042 620 1141 652 ralem
1166 621 1313 655 eiusdem
1331 624 1434 657 t'ovae
1452 626 1626 670 Hispaniae
1652 631 1781 673 provin-

1042 683 1172 714 ciarum,
1198 685 1389 720 regiumque
1415 681 1697 723 concionatorem,
1719 696 1779 728 pro

1041 725 1194 759 Peruanis
1219 729 1393 770 provinciis
1411 738 1441 764 et
1458 733 1603 767 ltalicae¹
1622 736 1659 768 R.
1683 738 1716 770 P.
1737 739 1776 771 M.

1041 778 1171 811 fratrem
1189 780 1429 817 Ferdinandum
1449 786 1487 819 de
1505 786 1662 832 Caubayal
1682 796 1713 823 et
1731 791 1780 824 Ri-

1040 831 1130 872 bera,
1157 834 1349 869 eri-vicarium
1377 841 1563 879 generalem
1590 845 1778 878 earumdem

1040 886 1288 930 provinciarum,
1306 891 1477 924 concionat
1502 904 1569 926 rem
1588 896 1723 939 regium,
1742 908 1779 931 ac

1040 938 1071 970 in
1088 938 1170 971 L'rbe
1185 943 1370 982 generalem
1386 953 1640 989 procuratorem
1657 950 1688 982 in
1704 961 1778 993 quo-

1040 1001 1109 1023 rum
1136 992 1269 1036 insuper
1294 996 1413 1035 locum,
1428 1008 1500 1030 cum
1520 1010 1536 1032 a
1554 1002 1701 1043 praefato
1727 1014 1778 1036 ca-

1038 1043 1140 1085 pitulo
1158 1055 1311 1080 concessa
1329 1049 1441 1083 fuisset
1459 1052 1593 1086 facultas
1609 1055 1776 1097 praedicto

1038 1099 1306 1134 reverendissimo
1320 1104 1476 1146 generali,
1496 1111 1540 1145 ut,
1559 1107 1703 1149 quolibet
1722 1111 1776 1144 de-

1038 1151 1176 1191 ficiente,
1193 1153 1272 1186 alios
1293 1166 1352 1197 per
1377 1167 1410 1189 se
1429 1160 1531 1192 solum
1554 1167 1584 1194 et
1604 1174 1664 1206 pro
1683 1166 1774 1200 libito

1037 1205 1268 1248 substitueret,
1293 1214 1324 1240 et
1356 1209 1447 1252 ipse,
1474 1213 1589 1247 virtute
1616 1217 1775 1254 facultatis

1038 1260 1235 1301 huiusmodi,
1259 1273 1318 1305 pro
1343 1265 1518 1306 praedictis
1537 1267 1573 1300 R.
1594 1269 1626 1302 P.
1646 1271 1684 1304 M.
1713 1274 1775 1307 fra-

1037 1319 1084 1346 tre
1102 1314 1239 1357 losepho
1264 1316 1421 1350 Gonzalez
1443 1325 1471 1351 et
1497 1321 1533 1353 R.
1559 1322 1591 1354 P.
1612 1324 1650 1356 M.
1677 1326 1773 1362 fratre

1036 1367 1241 1401 Ferdinando
1256 1369 1294 1401 de
1310 1369 1461 1414 Carbayal
1477 1374 1618 1416 legitime
1632 1385 1774 1420 postmo-

1036 1420 1111 1457 dum
1128 1421 1304 1464 impeditis,
1331 1424 1372 1456 ob
1394 1428 1651 1469 assumptionem
1676 1434 1773 1475 primi

1793 212 1841 238 An.
1859 212 1886 239 C.
1911 213 1971 241 it‘Ol

1035 1475 1074 1507 ad
1105 1475 1328 1518 episcopatum
1359 1476 1643 1523 Mirobrigensem,
1669 1491 1700 1517 et
1724 1497 1775 1520 se·
1808 1523 1810 1525 ,

1034 1529 1130 1561 cundi
1166 1529 1205 1561 ad
1242 1529 1559 1574 archiepiscopatum
1594 1536 1773 1573 insularum

1033 1581 1063 1614 S.
1093 1581 1259 1620 Dominici,
1276 1582 1354 1627 alios
1381 1583 1576 1618 instituisset
1599 1588 1772 1634 viros-pro

1032 1634 1137 1677 primo
1162 1633 1286 1667 scilicet
1311 1635 1347 1667 R.
1368 1635 1401 1668 P.
1422 1636 1460 1668 M.
1485 1635 1616 1672 fratrem
1642 1642 1771 1677 Petrum

1032 1687 1143 1721 Garzia
1161 1688 1393 1730 provincialem
1411 1690 1595 1732 provinciae
1615 1694 1771 1731 Castellae

1025 1740 1063 1773 'et
1087 1741 1153 1773 eius
1175 1740 1309 1774 fortasse
1327 1742 1408 1781 loco,
1422 1743 1446 1774 si
1466 1754 1599 1778 munere
1621 1749 1669 1781 vel
1691 1750 1770 1784 alias

1030 1794 1258 1837 impediretur,
1282 1794 1328 1826 uti
1353 1805 1467 1829 revera
1492 1797 1668 1841 impeditus
1697 1803 1767 1846 fuit,

1030 1846 1067 1879 R.
1086 1847 1117 1878 P⁴
1139 1847 1178 1879 M.
1203 1847 1336 1879 fratrem
1363 1848 1592 1893 Hieronymum
1618 1853 1657 1886 de
1683 1855 1770 1889 Men-

1030 1900 1108 1931 doza
1123 1899 1325 1933 definitorem
1340 1903 1523 1943 generalem
1540 1905 1682 1939 eiusdem
1696 1919 1770 1951 pro-

1028 1953 1151 1985 vinciae
1186 1954 1380 1997 regiumque
1417 1957 1709 2003 concionatorem,
1737 1969 1769 1997 et

1029 2017 1087 2049 pro
1112 2008 1257 2042 secundo
1283 2008 1320 2041 R.
1344 2009 1377 2041 P.
1403 2010 1440 2042 M.
1462 2011 1594 2045 fratrem
1618 2014 1766 2050 Iacobum

1028 2060 1185 2103 Brisegno
1220 2061 1454 2104 provincialem
1479 2064 1685 2108 Chilensem‚
1712 2070 1766 2113 qui

1028 2118 1102 2145 tunc
1127 2113 1237 2146 aderat
1266 2114 1298 2146 in
1327 2116 1430 2158 regali
1459 2124 1619 2151 conventu
1651 2121 1763 2156 Matri-

1027 2167 1124 2207 tensi3
1143 2177 1213 2199 cum
1239 2167 1271 2199 in
1297 2167 1370 2208 hoc,
1384 2168 1527 2212 inquam,
1542 2181 1656 2206 omnes
1673 2185 1767 2217 prae·

1026 2219 1101 2252 dicti
1120 2229 1193 2252 vere
1219 2225 1327 2253 essent
1348 2221 1493 2264 legitime
1511 2228 1710 2269 congregati,
1731 2234 1765 2261 ut

1025 2272 1238 2315 praemissum
1258 2278 1314 2312 est,
1329 2273 1362 2306 in
1387 2274 1489 2308 fornia
1514 2277 1690 2312 definitorii
1709 2292 1765 2324 ge-

1025 2326 1158 2366 neralis,
1178 2332 1209 2359 et
1234 2327 1416 2369 praedictae
1442 2330 1646 2372 plenitudine
1671 2340 1765 2377 pote-

1025 2379 1277 2420 statisrutentes
1298 2381 1336 2412 ad
1362 2382 1537 2424 praefatam
1564 2387 1765 2421 constitutio-

1024 2441 1101 2463 num
1126 2436 1284 2465 texturam
1321 2433 1381 2466 sibi
1407 2444 1424 2466 a
1451 2436 1591 2478 capitulo
1617 2440 1763 2480 generali

1023 2486 1189 2524 concessa,
1217 2485 1390 2530 denuoque
1414 2488 1568 2522 roborata
1593 2496 1624 2524 et
1648 2492 1764 2525 confir-

1023 2540 1107 2570 mata
1132 2548 1148 2571 a
1169 2539 1374 2573 sanctissimo
1393 2541 1524 2576 domino
1542 2549 1654 2577 nostro
1673 2545 1763 2579 lnno-

1060 2601 1070 2627 1
1094 2599 1139 2627 Vel
1159 2600 1261 2629 Italiae
1281 2601 1426 2637 legendum
1446 2604 1488 2631 vel
1507 2605 1608 2632 Italica
1631 2606 1666 2641 (fl.
1682 2607 1729 2641 τ.).
