2227 3225
126 244 176 271 An.
197 243 306 271 &1601

146 677 260 703 Asperitas.

137 1361 158 1382 ln
182 1362 252 1386 lingua
275 1366 295 1384 et.

109 1389 178 1434 'ull-'ulls
199 1391 294 1411 modera-

897 245 1103 269 INNoCnNTIUS
1129 247 1145 269 X
1152 246 1173 269 11
1198 247 1245 270 ΡΡ.

1729 243 1792 275 179

319 294 546 333 demandavit,
573 299 602 325 et
637 294 781 326 eiusdem
804 294 979 327 Clementis
1006 295 1053 326 Yll
1099 301 1196 333 suut,
1223 301 1277 327 aut
1302 296 1370 328 eius
1396 298 1539 340 alloquio
1566 300 1613 331 vel
1650 301 1833 342 praesentia

318 348 582 391 praedecessoris
621 348 705 379 iussu
742 348 891 379 breviarii
929 348 1052 380 romani

316 402 589 441 reformationem,
615 404 678 433 una
703 412 774 433 cum
792 401 949 443 praefato,
977 406 1052 433 tuuc

316 454 348 486 in
385 455 564 488 minoribus
591 454 785 493 constituto,
810 454 927 498 Ioanne
959 454 1051 486 Petro

315 506 425 540 Carasa
460 507 561 540 sodali
586 518 655 546 suo,
682 517 852 549 aggressus
877 511 941 545 est,
968 517 1050 549 quae

315 566 428 602 postea
453 561 543 593 novis
567 560 652 592 curis
676 560 822 592 absoluta
855 559 885 590 in
917 570 1050 592 romano

315 614 474 646 breviario
495 614 620 656 vulgata
646 618 706 645 est.

359 667 373 709 ἓ
391 666 443 699 13.
460 666 581 708 Corpus
597 666 779 698 atlhetando
793 666 936 707 integras
951 676 1047 708 quan-

314 720 423 762 doque
449 725 560 752 noctes
586 719 780 757 insumebat,
805 719 908 751 ferrea
933 721 1046 750 catena

312 777 344 805 et
367 773 476 814 flagris
503 772 581 805 illud
608 771 856 809 diverberando,
884 771 976 803 cibus
998 771 1045 803 illi

310 826 451 868 vulgaris
466 832 496 859 et
516 836 643 870 parcus,
664 836 699 858 ac
717 825 905 868 saepissime
924 825 1043 857 solius¹

310 878 401 920 panis
419 884 451 911 et
471 889 563 921 aqna,
584 888 717 910 somnus
731 877 839 909 brevis
864 883 895 909 et.
912 877 944 909 iu
963 882 1044 909 stra-

309 931 453 964 mentitia
471 931 613 970 culcitra,
636 931 725 963 cuius
742 929 926 970 decubitum
948 931 1042 962 etiam

309 984 341 1016 iu
367 985 480 1018 ultima
505 984 710 1025 aegritudine
737 984 775 1016 ad
800 990 977 1016 extremum
996 994 1044 1015 us-

310 1048 374 1080 que
399 1037 570 1076 sustinuit,
596 1037 720 1070 tametsi
745 1037 902 1076 medicus,
931 1036 962 1068 in
988 1037 1042 1069 illa

309 1090 555 1122 decumbentem
581 1090 715 1121 nimium
746 1089 895 1121 laborare
922 1089 1039 1121 adver-

309 1149 400 1183 tens,
429 1143 559 1176 adnisus
587 1143 699 1174 suisset
727 1148 762 1174 ut
786 1143 882 1175 aliam
915 1142 1040 1175 mollio-

308 1206 376 1228 rem
401 1196 602 1229 admitteret:
620 1196 670 1228 cui
690 1196 879 1228 Caietanus:
907 1208 919 1227 a<
938 1197 1039 1237 Mene,

306 1249 423 1291 inquit,
446 1254 509 1281 tam
527 1249 669 1282 molliter
686 1249 811 1281 emori‘?
832 1254 928 1292 atque
946 1249 979 1281 in
997 1251 1041 1283 ci-

305 1311 384 1334 nere
409 1307 440 1334 et
464 1302 569 1334 cilicio
595 1302 676 1334 mori
703 1302 806 1334 debeo
832 1307 865 1333 et
889 1303 962 1335 volo
985 1315 1014 1336 ι).

348 1354 363 1396 ξ
388 1354 441 1386 14.
468 1353 589 1386 Oculos·
610 1359 642 1385 et
665 1354 807 1395 linguam
832 1353 876 1386 ita
906 1364 1037 1397 compe-

303 1406 398 1446 scuit,
425 1411 460 1438 ut
483 1406 628 1449 integros
654 1406 723 1438 dies
753 1406 883 1438 silentio
908 1413 1037 1449 praete-

303 1458 394 1499 riret,
418 1464 448 1491 et
472 1459 545 1491 illos
570 1468 698 1500 semper
723 1458 811 1490 humi
844 1459 965 1492 defixos
991 1465 1036 1493 te-

302 1517 414 1552 neret;
441 1522 501 1544 nec
525 1511 601 1544 ullis
627 1521 770 1554 unquam
797 1512 961 1545 illecebris
980 1524 1035 1556 po-

300 1565 362 1596 tuit
386 1564 510 1597 animus
535 1564 603 1596 eius
629 1563 733 1603 vinci,
769 1570 821 1597 aut
847 1565 1034 1598 curiositate

301 1617 445 1650 molliri:
472 1628 536 1660 quo
562 1618 679 1650 sactum
705 1622 764 1655 est,
789 1623 832 1657 ut,
854 1618 879 1650 si
906 1620 1034 1661 quaudo

300 1670 510 1713 praenobiles
534 1675 700 1702 matronae
727 1680 799 1702 eum
829 1671 948 1714 alloqui
974 1673 1036 1704 vel-

300 1723 378 1762 lent,
405 1733 508 1766 prope
535 1723 691 1755 acccdcre
717 1733 782 1755 non
809 1723 975 1763 auderent,
1003 1724 1034 1756 ni

302 1775 436 1808 omnino
469 1776 607 1808 femineo
641 1776 728 1808 cultu
761 1776 922 1818 seposito,
949 1783 1036 1809 exte-

301 1828 420 1861 riorem
439 1828 586 1871 corporis
606 1829 751 1862 habitum
774 1830 812 1862 ad
838 1830 1035 1863 christianae

301 1880 494 1913 humilitatis
520 1891 555 1913 ac
580 1881 757 1913 modestiae
782 1883 872 1923 leges
897 1893 1033 1925 compo-

302 1937 431 1972 nerent3
460 1933 580 1976 quippe
606 1934 783 1975 angelicam
813 1935 883 1966 eius
907 1935 1033 1977 purita-

302 1989 376 2026 tem,
403 1986 591 2028 gravitatem
617 1998 652 2018 ac
678 1987 869 2019 modestiam
895 1988 962 2020 oris
988 1999 1037 2021 re-

301 2038 521 2079 verebantur;
549 2039 656 2082 itaque
682 2040 846 2082 singulare
865 2041 895 2072 iu
923 2051 961 2073 eo
979 2042 1037 2073 suit

302 2096 337 2122 ut
361 2092 572 2125 adventantes
604 2092 686 2125 mire
724 2098 854 2135 raperet
877 2094 916 2126 ad
941 2094 1036 2136 virgi-

302 2144 412 2177 nitatis
438 2156 579 2178 amorem
605 2156 641 2178 ac
676 2146 835 2179 coelibem
862 2147 893 2179 iu
919 2158 1037 2180 coeno-

301 2198 363 2231 biis
389 2199 485 2231 vitam
510 2201 754 2242 capessendam.
782 2200 904 2244 Quique
931 2212 947 2234 a
969 2202 1036 2234 diu-

303 2252 405 2284 turnis
431 2257 462 2284 et
486 2252 672 2285 inveteratis
707 2254 883 2286 carnalium
915 2255 1037 2297 cogita-

303 2304 425 2337 tionum
451 2305 588 2337 stimulis
612 2307 822 2346 vexabantur,
849 2307 888 2339 ab
913 2308 975 2339 illis
1002 2319 1034 2340 se

301 2356 469 2399 protinus‘2
487 2359 714 2400 agnoscebant,
734 2359 787 2391 ubi
803 2360 941 2402 primum
964 2360 1036 2393 Dei³

303 2419 395 2442 servo
417 2421 449 2442 se
468 2412 695 2444 commendare
715 2423 750 2445 ex
773 2413 869 2445 corde
889 2413 1033 2455 aggressi

340 2500 350 2524 1
373 2498 419 2525 Vel
441 2498 501 2526 heic
520 2499 578 2534 lege
596 2500 680 2534 solus,
704 2500 744 2527 vel
766 2501 844 2536 paulo
865 2504 925 2536 pest
944 2510 1036 2536 aquae

302 2549 349 2577 pro
370 2550 446 2576 aqua
462 2544 502 2578 (n.
522 2543 570 2577 T.).

338 2585 354 2610 Ξ
374 2585 486 2612 Videtur
505 2586 597 2613 deesse
618 2587 732 2614 verbum
754 2590 877 2617 liberari
896 2590 933 2623 (n,
957 2590 1004 2622 Τ.).

338 2628 353 2656 3
375 2628 490 2657 Pessime
510 2631 573 2658 edit.
596 2631 671 2659 Malu,
695 2633 758 2668 legit
780 2634 836 2661 Deo
856 2636 894 2669 (a.
917 2636 965 2670 T.)-

1100 349 1159 381 srui
1187 360 1377 383 eoncessum
1404 358 1483 383 erat.
1512 352 1613 389 Quare
1635 353 1694 384 tria
1719 354 1833 387 mulie-

1098 412 1165 433 rum
1197 405 1393 436 mouasteria
1426 404 1558 447 Neapoli
1596 406 1762 446 excitat-iu
1789 409 1834 440 al-

1098 459 1199 487 terum
1225 467 1388 488 sacrarum
1422 458 1581 499 virginum
1608 460 1668 490 suh
1695 460 1832 491 arctissi-

1097 509 1146 539 ma
1165 508 1420 551 thururccinorum
1439 512 1559 551 regula,
1578 512 1714 543 alterum
1742 512 1833 544 semi-

1095 569 1218 599 narum,
1232 572 1314 603 quac
1327 562 1499 603 pudicitiae
1515 563 1670 595 iacturam
1685 564 1831 606 aliquau-

1095 612 1135 645 (lo
1153 623 1266 655 passae
1288 615 1325 646 ad
1346 614 1474 656 portus-¹
1501 616 1612 647 salutis
1634 626 1691 658 per
1715 617 1829 659 poeni-

1093 666 1224 698 tentiam
1252 673 1327 709 post
1353 668 1553 710 naufragium
1583 669 1826 711 confugiebant,

1091 722 1121 749 et
1147 720 1276 752 tertium
1302 721 1477 753 monalium
1504 721 1534 753 S.
1563 722 1679 754 Mariae
1707 723 1745 755 de
1772 722 1827 755 Sa-

1839 252 1888 277 Λη.
1907 251 1936 277 C.
1961 252 2023 279 icit!

1089 772 1212 814 pientia
1238 779 1475 816 nuncupatum,
1506 774 1702 807 institutricc
1730 775 1826 808 Maria
1856 812 1859 813 ⁷

1089 825 1197 857 Carasa
1222 826 1357 868 praefati
1383 827 1470 859 Pauli
1491 827 1749 869 praedecessoris
1774 839 1826 860 so-

1088 888 1182 916 rore,
1210 890 1225 911 a
1252 890 1314 921 quo
1340 880 1426 912 illius
1454 881 1598 921 regimen
1625 892 1716 913 servo
1743 881 1823 920 Dei,

1088 931 1221 974 eiusque
1247 932 1357 964 Ordini
1393 932 1549 975 peculiari
1582 933 1650 965 iure
1677 933 1826 966 commis-

1087 994 1156 1016 sum
1184 985 1251 1018 suit.

1131 1038 1144 1080 ξ
1173 1038 1224 1070 15.
1260 1038 1477 1078 llumilitate,
1505 1039 1694 1072 dimissione
1725 1039 1822 1073 animi

1087 1100 1121 1122 ac
1147 1092 1302 1125 vilissima
1338 1093 1383 1124 sui
1422 1093 1646 1125 aestimatione
1675 1093 1822 1136 insignis,

1086 1145 1202 1176 fratres
1230 1150 1261 1176 et
1286 1150 1429 1187 agnatos,
1449 1146 1502 1188 qui
1529 1156 1646 1187 magno
1671 1156 1742 1178 cum
1768 1157 1824 1180 co-

1085 1197 1197 1228 mitatu
1231 1203 1263 1229 et
1297 1200 1416 1240 pompa
1451 1197 1618 1240 Neapolim
1646 1199 1683 1231 ad
1714 1199 1821 1242 ipsum

1084 1249 1285 1282 invisendum
1311 1257 1531 1293 perrexerant,
1554 1262 1593 1283 ne
1619 1253 1739 1295 alloqui
1767 1259 1822 1285 aut

1084 1304 1122 1336 de
1148 1305 1235 1337 vultu
1261 1305 1392 1347 quidem
1418 1305 1568 1347 excipere
1595 1306 1704 1345 voluit,
1731 1307 1821 1349 quip-

1082 1367 1121 1398 pe
1148 1357 1202 1399 qui
1239 1358 1279 1389 ob
1315 1358 1433 1390 Christi
1467 1369 1610 1390 amorem
1642 1360 1762 1392 mundo
1789 1365 1820 1392 et

1081 1409 1209 1452 pompis
1227 1410 1414 1442 iamdudum
1433 1410 1655 1451 valedixisset,
1672 1422 1734 1444 non
1754 1413 1817 1445 alio

1078 1463 1209 1495 nomine
1234 1469 1286 1495 aut
1310 1463 1404 1496 titulo
1429 1474 1460 1495 se
1490 1463 1633 1506 epistolis
1663 1465 1807 1507 obsigna-

1080 1515 1152 1553 bat,
1179 1527 1275 1559 quarn
1315 1517 1464 1550 Cuieluni
1498 1517 1678 1559 presbyteri
1710 1510 1824 1551 miseri

1076 1569 1278 1610 peccalorz's,·
1317 1569 1532 1601 abiectissima
1569 1580 1719 1613 quaeque
1759 1571 1818 1604 mi-

1080 1622 1212 1654 nisteria
1242 1622 1292 1654 vel
1324 1623 1455 1654 saeculo
1481 1622 1603 1663 degens
1630 1624 1813 1666 capessivit,

1079 1679 1110 1706 et
1126 1675 1270 1716 quamvis
1288 1674 1411 1717 primus
1431 1674 1558 1707 Ordinis:
1584 1686 1704 1718 parcns
1724 1676 1815 1715 toret,

1080 1726 1146 1758 eius
1173 1732 1278 1759 tamen
1315 1728 1462 1769 regimen
1490 1739 1652 1760 assumere
1679 1740 1743 1761 non
1769 1735 1817 1761 est

1081 1789 1209 1821 passus,
1234 1780 1290 1812 sed
1320 1786 1497 1813 memorato
1524 1787 1598 1812 tuuc
1624 1781 1655 1813 in
1681 1782 1814 1814 minori-

1081 1831 1139 1863 bus
1159 1832 1333 1865 constituto
1351 1832 1460 1865 Ioanni
1480 1833 1575 1865 Petro
1601 1833 1731 1866 Carasae
1753 1845 1817 1866 ces-

1079 1884 1132 1916 sit.
1160 1885 1310 1917 Defectus
1335 1886 1482 1928 corporis
1518 1887 1556 1918 ad
1592 1887 1814 1920 confusionem

1080 1937 1260 1979 pandebat,
1296 1938 1393 1970 animi
1429 1949 1506 1971 vero
1540 1940 1632 1971 dotes
1667 1945 1761 1982 atque
1798 1950 1815 1972 a

1080 1990 1143 2022 Deo
1162 1997 1295 2034 accepta
1312 1992 1396 2024 dona
1413 2002 1470 2034 pro
1482 1992 1601 2024 viribus
1619 1993 1812 2025 occultabat.

1079 2042 1168 2080 Quod
1202 2043 1225 2075 si
1253 2045 1382 2086 quando
1407 2044 1565 2077 charitate
1592 2045 1814 2077 exstimulante

1080 2096 1252 2138 quicquam
1285 2107 1392 2129 rarum
1424 2099 1473 2130 vel
1507 2098 1673 2130 insolitum
1706 2098 1771 2130 suis
1797 2108 1814 2130 a

1080 2149 1144 2181 Deo
1162 2150 1314 2191 precibus
1333 2149 1534 2192 impetraret,
1553 2156 1737 2183 sanctorum
1757 2161 1814 2193 po-

1081 2202 1140 2234 tius
1174 2202 1464 2236 intercessionibus
1490 2205 1539 2236 vcl
1565 2204 1698 2246 lipsanis
1715 2202 1733 2243 ⁹,
1760 2209 1816 2236 aut

1079 2254 1236 2287 orationis
1262 2255 1369 2287 virtuti
1397 2256 1571 2288 tribuebat.

1122 2309 1136 2351 ἓ
1161 2308 1214 2340 16.
1234 2308 1379 2351 Denique
1398 2308 1592 2348 obedientia,
1611 2315 1813 2352 paupertate,

1079 2361 1303 2393 moderatione
1329 2362 1427 2394 animi
1455 2362 1486 2394 in
1519 2363 1678 2403 adversis,
1706 2363 1814 2405 provi-

1079 2413 1186 2445 dentia
1205 2414 1387 2456 ceterisque
1406 2414 1578 2447 virtutibus
1598 2415 1641 2446 ita
1658 2415 1767 2454 eluxit,
1781 2421 1816 2447 ut

1079 2472 1231 2499 constans
1258 2467 1354 2499 suerit
1386 2468 1560 2500 multorum
1585 2468 1696 2511 opinio
1722 2468 1814 2501 illum

1115 2548 1126 2574 1
1150 2547 1249 2581 Aptius
1268 2548 1328 2582 lege
1345 2551 1462 2582 portum
1482 2551 1518 2581 (a.
1536 2548 1585 2582 T.).

1113 2592 1128 2618 2
1149 2592 1215 2619 Yide
1235 2593 1380 2627 Ducange:
1404 2594 1522 2627 Lipsuua
1543 2594 1673 2627 (ὶειὼκνκ),
1695 2600 1814 2621 numero

1079 2637 1286 2673 multitudinis7
1308 2637 1439 2674 reliquiae
1456 2641 1609 2663 sanctorum
1630 2641 1666 2672 (11.
1689 2638 1737 2674 Τ.),

1860 1048 1979 1072 Humilitas.

1839 2314 1898 2336 Aliae
1914 2315 2009 2336 virtutes.
