2227 3225
887 239 1096 264 mnocmrirs
1120 241 1163 263 xn
1188 241 1235 264 pe.

319 288 366 320 ius
391 287 505 320 notarii
528 287 648 330 publici
666 286 872 330 subscriptis,
892 292 924 320 et
941 287 1047 330 sigillo
1067 286 1071 329 l
1092 288 1212 320 tudinis
1237 298 1416 329 evocamus,
1443 300 1653 332 personarum
1679 301 1822 337 accepta—

316 349 472 382 personae
497 339 530 371 in
557 339 772 373 ecclesiastica
797 340 953 382 dignitate
971 337 1068 373 con-¹
1090 339 1177 372 tione
1203 350 1268 372 non
1295 341 1385 380 sacta,
1413 341 1597 376 divitiarum
1622 352 1707 377 sorte
1732 352 1822 389 post-

316 392 448 424 stitutae
473 392 626 431 munitis,
654 393 765 426 eadem
798 402 932 436 prorsus
969 393 1067 452 tides¹
1089 393 1209 433 habita,
1235 404 1271 426 ae
1294 395 1483 427 meritorum
1511 402 1543 429 et
1566 397 1721 430 virtutum
1748 400 1818 432 col-

315 449 380 477 tam
400 445 431 477 in
457 442 576 478 iudicio
601 456 694 489 quain
716 452 804 478 extra
824 446 905 478 illud
931 446 1067 491 habea-¹¹
1088 446 1207 479 latione
1240 447 1405 480 dumtaxat
1436 448 1573 489 librata,
1603 451 1821 494 undequaque

315 502 377 536 tur,
404 507 488 540 quae
514 498 592 541 ipsis
617 499 844 541 praesentibus
869 498 1066 531 haberetur
1087 499 1202 541 dignos
1228 505 1259 532 et
1282 501 1537 543 praestantiores
1556 503 1679 545 eligere
1704 506 1822 547 satagi-

314 549 338 582 si
365 550 471 583 serent
495 551 657 584 exhibitae
683 552 732 585 vel
757 557 919 584 ostensae.
1063 536 1066 599 i
1087 562 1167 584 inus.
1199 553 1250 593 At,
1284 553 1358 586 dum
1393 554 1433 586 ad
1458 555 1633 598 praecipua
1658 556 1821 590 Romanae

356 603 470 636 Datum
495 604 625 645 Romae,
647 605 730 648 apud
755 604 786 638 S.
805 605 933 637 Mariani
953 605 1048 638 Maio-
1063 606 1068 645 f
1086 603 1198 638 Curiae
1223 608 1455 649 praelatortun,
1476 608 1627 641 nimirum
1652 620 1820 644 causarum

312 667 399 696 rem,
427 657 486 689 sub
511 658 632 691 annulo
658 658 830 691 piscatoris
848 685 855 698 ‚
881 658 932 691 die
957 669 987 691 xi
1013 649 1065 692 o·v
1086 658 1192 692 curiae
1228 659 1377 693 Gamerae
1413 662 1617 704 Apostolicae
1657 665 1820 705 generalis

312 709 432 742 ctobris
455 719 599 751 nncxcn,
625 710 832 757 pontificatus
857 711 958 744 nostri
988 722 1044 744 an·
1085 712 1255 753 auditoris,
1274 723 1309 745 ae
1327 714 1471 747 eiusdem
1486 714 1639 748 Camerae
1664 721 1731 749 tum
1751 718 1820 751 tlie-

311 771 354 794 no
381 773 415 794 ιι.
1084 765 1218 797 saurarii
1244 767 1406 809 generalis
1435 773 1501 800 tuni
1528 769 1699 803 duodecim
1723 772 1820 804 eleri-

346 823 404 850 Dat.
422 823 466 851 die
483 826 512 852 11
530 822 648 852 octobris
672 826 748 860 1692,
770 826 864 862 pontif.
887 834 957 854 auxo
971 833 999 854 11,
1061 826 1063 848 t
1083 827 1192 850 corum
1216 819 1492 861 praesidentium,
1519 831 1649 854 necnon
1684 824 1818 857 alterius

1059 849 1300 913 {praesidentis
1326 873 1482 906 vacabilia
1508 879 1539 906 ct
1564 874 1694 907 interim
1719 877 1819 910 infru-

126 240 175 266 An.
190 238 218 266 C.
242 239 308 266 ¹602

1725 238 1789 270 47ῑῖ
1833 248 1881 275 An.
1898 248 1925 275 C.
1948 249 2014 275 1592

620 967 740 1000 XXXV.
1059 915 1063 1000 i

306 1056 462 1090 Aboletur
484 1055 645 1089 venalitas
676 1056 853 1099 officiorum
880 1054 1060 1091 auditorist

350 1109 514 1152 yeneralis
549 1120 725 1142 causarum
753 1110 865 1142 curiae
890 1114 1042 1144 (lumerac

349 1162 567 1205 Apostolicoe,
589 1163 728 1195 eiusdem
749 1164 902 1196 Gamerae
916 1165 1042 1197 thesau-

348 1216 436 1247 rarii
457 1216 628 1258 generalis,
653 1215 820 1248 duodecim
850 1217 1039 1250 clericorem

349 1272 379 1301 et
399 1266 618 1311 praesidentis
628 1268 649 1301 ¹.

479 1348 673 1375 Innocentius
693 1348 862 1382 episcopus,

485 1398 591 1418 servus
611 1399 766 1418 servorum
786 1392 849 1425 Del,

419 1435 457 1463 ad
477 1438 654 1470 perpetuam
671 1436 717 1463 rei
737 1437 918 1464 memoriam.

145 1516 266 1546 moratum*
281 1522 294 1537 a
347 1506 394 1540 Ad
420 1506 483 1539 hoe
506 1506 694 1539 unxitDeus
713 1508 785 1540 oleo
805 1508 946 1542 laetitiae
960 1519 1037 1552 prae

110 1544 293 1603 ‘ississiuunssfflffl‘
303 1559 509 1593 consortibus
533 1559 666 1600 nostris,
691 1565 725 1592 ut
750 1560 926 1601 iustitiam,
953 1573 1036 1605 quae

110 1599 206 1622 ''⁸⁴¹¹''m'
303 1618 352 1646 est
373 1612 582 1656 praeparatio
602 1611 694 1645 Sedis
709 1618 852 1653 nostrae,
873 1613 1037 1647 incessan-

304 1665 389 1698 tibus
413 1664 531 1698 studiis
557 1664 740 1707 diligamus,
768 1664 858 1703 Quod
876 1671 952 1699 tune
970 1668 1037 1699 lau-

302 1717 474 1757 dabiliter,
498 1722 534 1749 ut
558 1727 617 1759 par
648 1722 706 1757 est,
732 1718 823 1750 nullo
848 1724 1035 1752 nostrorum

301 1771 524 1802 ministrorum
549 1768 712 1811 suffragio,
741 1770 798 1803 sed
826 1769 982 1804 ineffabili
1001 1783 1035 1805 o-

301 1822 512 1865 mnipotentis
528 1821 584 1854 Dei
604 1821 750 1854 bonitate
775 1827 805 1855 et
828 1823 1035 1865 providentia

301 1876 528 1918 adimplemus,
548 1885 630 1914 cum,
647 1874 696 1906 via
720 1875 809 1916 regia
833 1875 1033 1915 incedentes,

301 1938 408 1971 neque
433 1927 473 1960 ad
497 1927 664 1960 dexteram
690 1927 900 1966 declinantes,
926 1939 1032 1972 neque

300 1982 339 2014 ad
365 1981 525 2013 sinistram
562 1980 745 2022 aliqualiter
773 1980 959 2021 deviantes,
984 1982 1032 2015 ius

299 2044 392 2067 suum
415 2033 592 2075 unicuique
619 2032 774 2072 tribuere,
799 2043 929 2075 eosque,
953 2045 1033 2077 quos

299 2085 491 2130 praesertim
516 2085 579 2117 iuri
613 2085 732 2118 nedum
768 2085 798 2117 in
831 2086 935 2118 causis
967 2087 1032 2129 pri-

298 2145 444 2173 vatorum
469 2139 525 2171 sed
549 2138 618 2170 sisci
642 2139 743 2171 nostri
769 2139 929 2179 dicendo,
955 2150 1031 2173 nec-

297 2203 363 2226 non
387 2191 479 2225 Sedis
506 2196 537 2224 et
565 2190 717 2224 Gamerae
742 2192 947 2234 Apostolicae
973 2194 1030 2226 bo-

297 2245 357 2285 nis,
373 2244 498 2277 iuribus
516 2249 548 2276 et
567 2244 750 2277 redditibus
767 2243 1028 2279 administrandis

298 2303 330 2331 et
353 2297 482 2331 tuendis
505 2297 684 2340 respective
701 2297 735 2330 in
759 2304 884 2358 partem
909 2299 1029 2332 solliei-

332 2406 344 2430 1
366 2403 394 2430 ln
410 2406 494 2430 const.
511 2402 660 2430 Innocentii
675 2402 711 2429 XI
731 2403 775 2430 ed.
795 2410 967 2439 noctxxvni,
984 2404 1028 2432 die

296 2449 307 2475 1
327 2447 454 2481 octobris,
467 2446 563 2482 pontif.
579 2453 607 2481 11,
618 2450 689 2473 extat
703 2451 763 2474 taxa
778 2449 1026 2475 emolumentorum

295 2501 327 2520 ex
346 2492 429 2519 rebus
448 2491 652 2525 ecclesiasticis3
673 2495 700 2518 et
727 2491 753 2518 in
782 2492 862 2519 huius
886 2493 1027 2520 Pontificis

295 2536 431 2564 constitut.
448 2535 490 2562 ed.
502 2542 625 2568 nncxcnt,
636 2535 679 2562 die
695 2535 729 2562 30
743 2536 867 2569 ianuarii,
884 2536 976 2571 pontis,
990 2543 1025 2569 1x,

295 2580 462 2608 confirmatio
489 2580 687 2607 constitutionis
714 2588 796 2616 super
824 2581 893 2607 datis
917 2585 944 2607 et
962 2589 1025 2616 pro-

293 2632 393 2652 missis.

397 2677 476 2707 Bull.
497 2677 580 2705 Rom.
601 2692 634 2697 —-
658 2678 716 2707 Vol.
737 2677 798 2706 XX.
940 2678 975 2710 50

1056 1379 1059 1396 t

1083 923 1194 956 ctisera
1219 923 1336 964 officia,
1357 935 1449 968 quae,
1465 926 1713 961 rationabilibus
1740 930 1817 963 olim

1082 976 1294 1010 suadentibus
1321 979 1425 1011 causis
1461 989 1516 1012 seu
1553 981 1703 1022 gravibus
1741 987 1819 1016 tune

1082 1029 1274 1071 urgentibus
1307 1031 1554 1064 necessitatibus
1592 1033 1672 1066 alias
1709 1035 1818 1068 decuit

1082 1088 1213 1125 recepto
1247 1083 1354 1125 pretio
1380 1085 1536 1125 concedi,
1563 1092 1594 1118 ct
1618 1088 1814 1128 successive,

1081 1135 1272 1168 durantibus
1289 1142 1320 1168 ct
1333 1137 1524 1180 plerumque
1540 1138 1681 1172 adauctis
1698 1140 1816 1174 iisdem

1081 1188 1326 1221 necessitatibus
1350 1190 1400 1222 vel
1424 1190 1546 1229 causis,
1572 1202 1654 1234 opus
1678 1204 1732 1225 seu
1758 1205 1816 1237 op-

1080 1246 1254 1283 portunum
1278 1242 1381 1274 risum
1413 1243 1474 1275 suit
1498 1244 1658 1277 similibus
1683 1257 1815 1281 conces-

1056 1284 1060 1328 ³.
1079 1294 1222 1327 sionibus
1248 1295 1432 1335 instaurari,
1450 1297 1568 1330 mentis
1585 1304 1715 1332 nostrae
1736 1310 1814 1332 ocu-

1078 1348 1126 1379 los
1165 1347 1279 1380 sedula
1315 1348 1526 1382 meditatione
1568 1352 1812 1393 convertimus,

1079 1400 1192 1433 exinde
1217 1400 1301 1433 viros
1327 1401 1471 1444 alioquin
1497 1403 1612 1445 dignos
1628 1430 1635 1443 ‚
1656 1405 1812 1439 solvendo

1080 1457 1186 1485 tamen
1212 1453 1316 1495 pretio
1341 1454 1529 1487 huiusmodi
1563 1455 1722 1498 impares,
1749 1458 1810 1490 ali-

1079 1506 1207 1548 quando
1231 1507 1444 1549 praetermitti
1470 1518 1602 1541 necesse
1628 1520 1719 1550 esse,
1745 1521 1812 1544 non

1078 1559 1148 1591 sine
1169 1559 1255 1601 gravi
1274 1559 1371 1592 animi
1390 1560 1491 1593 nostri
1509 1571 1656 1595 moerore
1671 1573 1813 1607 perpen-

1079 1611 1195 1644 dimus.
1217 1630 1220 1632 -

1122 1665 1136 1707 ξ
1161 1665 1191 1697 vl.
1219 1665 1309 1705 Hinc,
1327 1671 1361 1698 ut
1381 1666 1449 1699 sola
1467 1667 1621 1700 virtutum
1646 1675 2006 1724 praestan-offfjffliguwsuit

1079 1718 1119 1751 tia
1144 1718 1177 1750 in
1201 1718 1388 1753 huiusmodi
1407 1720 1593 1754 officialium
1615 1723 1886 1767 circumspe-mmm
1901 1711 2005 1756 'vijebtitiriiss

1076 1773 1126 1803 cta
1161 1776 1193 1804 et
1226 1771 1309 1805 iusta
1344 1773 1503 1806 electione
1542 1776 1808 1817 praeponderet,

1075 1829 1171 1867 atque
1202 1830 1314 1857 eontra
1344 1826 1520 1867 praefatam
1547 1827 1723 1861 Romanam
1750 1829 1809 1862 Cu-

1074 1877 1153 1909 riam
1179 1877 1377 1920 obloquendi
1414 1884 1446 1912 et
1481 1879 1664 1913 oblatrandi
1690 1881 1808 1915 invidis

1074 1935 1105 1961 et
1129 1929 1264 1962 infensis
1290 1930 1359 1962 eius
1378 1931 1612 1965 detractoribus
1633 1934 1809 1968 calumnio-

1073 1993 1106 2014 sa
1132 1982 1316 2015 huiusmodi
1341 1984 1472 2016 tollatur
1493 1985 1633 2025 occasio,
1653 1991 1808 2028 quantum

1074 2035 1167 2067 nobis
1192 2045 1229 2067 ex
1254 2035 1318 2067 alto
1344 2036 1539 2076 conceditur,
1556 2037 1729 2079 providere
1749 2050 1806 2073 vo-

1072 2087 1187 2126 lentes,
1212 2086 1329 2119 iustum
1354 2086 1533 2120 officiorum
1564 2091 1805 2132 praedictorum

1073 2144 1105 2171 et
1118 2140 1291 2172 cuiuslibet
1304 2140 1435 2173 illorum
1448 2141 1594 2183 pretium,
1613 2142 1691 2184 quin
1708 2145 1804 2178 etiam

1072 2193 1229 2236 quidquid
1249 2203 1308 2236 pro
1327 2194 1536 2236 expeditione
1554 2195 1586 2227 in
1612 2199 1803 2232 eorumdem

1071 2246 1249 2279 officiorum
1268 2246 1480 2288 acquisitione
1496 2248 1600 2280 suerat
1613 2259 1802 2292 expensum,

1069 2299 1247 2332 ascendens
1271 2299 1303 2331 in
1331 2304 1432 2331 totum
1458 2300 1497 2332 ad
1522 2310 1677 2334 summan]
1698 2304 1803 2338 decies

1069 2357 1281 2384 centenorum
1316 2357 1348 2384 et
1379 2352 1491 2394 viginti
1520 2352 1657 2386 millium
1681 2356 1802 2399 septin-

1067 2410 1237 2447 gentorum
1260 2404 1424 2437 sexdecim
1451 2410 1616 2438 scutorum
1649 2415 1800 2442 monetae

1067 2467 1228 2497 romanae,
1242 2456 1416 2500 unicuique
1438 2468 1475 2490 ex
1500 2458 1654 2501 praefatis
1681 2461 1800 2494 officia-

1066 2509 1159 2548 libus,
1174 2519 1234 2552 pro
1259 2509 1308 2541 sui
1334 2509 1431 2542 officii
1452 2511 1564 2543 valore
1589 2517 1620 2544 et
1646 2514 1797 2556 expensis

1066 2561 1248 2605 praedictis,
1274 2561 1306 2593 in
1339 2561 1450 2604 primis
1486 2568 1517 2595 et
1553 2569 1626 2596 ante
1664 2566 1794 2605 omnia,

1064 2620 1162 2659 prout
1185 2615 1218 2647 in
1243 2619 1353 2648 nostro
1375 2614 1425 2648 die
1442 2625 1473 2649 x1
1498 2617 1658 2650 currentis
1676 2619 1796 2652 mensis
