2254 3225
215 222 250 249 An
286 222 312 249 c.
335 222 400 251 1690
446 214 488 249 40

594 275 759 302 Alexander
779 275 951 309 episcopus,

582 327 688 347 servus
718 327 871 347 servorum
900 319 966 352 Dei,

545 364 582 392 ad
602 365 736 392 futuram
760 365 804 393 rei
824 364 1003 392 memoriam.

240 445 360 467 Exordium.

450 436 598 470 Creditae
623 437 717 470 nobis
743 436 895 470 divinitus
926 434 1142 479 dispensatio-

407 490 456 522 nis
480 490 562 524 ratio
587 491 729 533 postulat
760 495 795 522 ut
819 490 857 522 iis
873 516 880 529 ‚
906 489 961 532 qui
986 489 1017 520 in
1043 487 1142 520 subli-

406 543 562 576 mioribus
587 544 807 582 ecclesiarum,
828 541 1019 586 praesertim
1033 541 1143 573 Roma·

407 606 467 628 nae
493 596 616 636 Curiae,
638 596 829 638 dignitatum
847 595 998 638 gradibus
1023 593 1143 627 consti-

408 650 467 682 tuti
502 651 572 684 aliis
612 650 798 694 praesidere
839 653 1016 682 noscuntur
1037 675 1044 686 ‚
1083 658 1141 691 pro

406 714 589 743 munerum,
616 713 697 746 quae
715 703 883 740 sustinent,
899 701 1065 743 dignitate,
1087 711 1143 733 ne·
1161 727 1165 737 ,

407 757 546 790 cessaria
563 756 813 799 competentium
831 755 1013 788 reddituum
1028 754 1142 787 deesse
1161 778 1163 787 Α

407 820 473 843 non
498 809 641 842 sinamus
666 809 821 842 subsidia.

213 897 227 913 Η
250 868 396 915 Αῑὲιῐῐψῶεεηῖ
451 863 466 905 ξ,
490 863 521 895 1.
548 863 672 896 Dudum
692 862 865 905 siquidem,
888 871 961 894 cum
978 860 1056 894 alias
1077 859 1141 894 feli-

213 901 452 952 s,0⁰¹¹¹3³⁵<-³¹stii¹r⁰2cis
484 916 719 950 recordationis
748 914 953 948 Innocentius
985 914 1071 957 Papa
1103 914 1141 947 XI

213 949 314 993 ἷῗῖιῑῗῖἑῖο
339 949 396 993 3-9ῗᾶ
408 970 639 1012 praedecessor
662 974 783 1008 noster,
808 968 977 1002 occasione
1002 968 1142 1001 vacatio-

213 1000 283 1047 ffl'fm
313 1001 386 1021 'mm
407 1023 457 1056 nis
487 1022 582 1056 officii
612 1022 927 1055 vicecancellariatus
958 1021 988 1054 S.
1017 1021 1054 1054 R.
1081 1022 1139 1063 E.,

408 1076 492 1119 quod
507 1076 611 1109 bonae
626 1076 799 1108 memoriae
814 1075 1006 1108 Franciscus
1021 1076 1141 1118 episco-

407 1140 465 1171 pus
485 1129 636 1162 Ostiensis
654 1128 796 1162 eiusdem
813 1128 844 1161 S.
860 1129 896 1161 R.
911 1129 944 1161 E.
966 1129 1139 1162 cardinalis

406 1181 601 1214 Barberinus
616 1186 826 1224 nuncupatus,
846 1181 922 1214 dum
938 1181 1069 1222 viveret,
1084 1182 1140 1215 ob-

406 1235 538 1276 tinebat,
563 1245 619 1278 per
642 1234 766 1268 obitum
784 1234 861 1268 dicti
887 1235 1048 1268 Francisci
1074 1246 1140 1268 car-

406 1288 530 1326 dinalis,
547 1294 621 1320 tunc
645 1299 708 1321 non
734 1288 776 1321 ita
801 1288 928 1331 pridem
953 1294 1138 1332 sequutum,

405 1341 514 1374 omnia
539 1347 569 1374 et
593 1341 718 1383 singula
743 1341 849 1374 officia
873 1341 1038 1381 vacabilia,
1058 1353 1139 1385 quae

406 1399 499 1427 antea
523 1394 562 1427 ad
590 1394 680 1427 Sedis
705 1399 735 1427 et
759 1394 910 1428 Gamerae
936 1395 1140 1438 Apostolicae

407 1446 662 1489 dispositionem,
679 1452 754 1479 tunc
771 1457 858 1486 vero,
876 1447 929 1480 ex·n
946 1448 1140 1480 recolendae

406 1499 582 1532 memoriae
608 1499 685 1532 Sixti
711 1500 756 1540 lv,
783 1499 898 1533 Leonis
924 1500 958 1540 X,
984 1500 1073 1533 Pauli
1090 1500 1138 1541 ΙΙΙ,

407 1562 442 1584 ac
466 1551 544 1585 Sixti
572 1552 601 1591 V,
628 1558 658 1585 et
683 1553 792 1585 forsan
817 1553 955 1586 aliorum
981 1553 1141 1587 Romano-

406 1614 476 1637 rum
495 1604 684 1638 Pontificum
704 1605 993 1648 praedecessorum
1019 1611 1142 1639 nostro-

406 1668 476 1690 rum
496 1658 720 1699 concessione,
739 1660 777 1692 ad
801 1659 920 1694 dictum
946 1660 1141 1694 vicecancel-

406 1710 538 1744 lariatus
564 1711 722 1752 osticium,
748 1723 804 1745 seu
830 1713 869 1746 ad
901 1713 1036 1747 liberam
1061 1712 1141 1747 illud

406 1772 465 1807 pro
503 1769 646 1807 tempore
679 1765 856 1798 obtinentis
891 1765 1141 1808 dispositionem

407 1815 634 1858 pertinebant,
661 1817 700 1850 ab
726 1817 797 1861 ipso
823 1818 1141 1852 vicecancellariatus

406 1860 512 1902 officio
537 1869 801 1904 dismembrasset
825 1876 856 1904 et
885 1877 1085 1915 separasset,
1106 1871 1143 1905 il-

407 1922 502 1965 laque
528 1923 636 1956 omnia
661 1928 692 1956 et
717 1924 845 1967 singula
869 1923 913 1957 sic
938 1935 956 1958 a
981 1924 1067 1958 dicto
1099 1925 1144 1958 os-

407 1973 480 2008 ficio
505 1975 731 2010 dismembrata
749 1982 779 2010 et
796 1982 957 2020 separata,
978 1978 1052 2010 dum
1075 1977 1143 2021 ipsa

408 2026 563 2071 deinceps
599 2035 769 2071 vacarent,
806 2029 897 2063 Sedis
931 2031 1141 2073 praedictae,

409 2089 548 2122 suaeque
573 2086 605 2113 et
629 2091 760 2114 suorum
779 2093 1005 2116 suceessorum
1031 2082 1144 2115 Roma-

408 2143 521 2165 norum
547 2133 737 2168 Pontificum
756 2135 962 2179 dispositioni
987 2136 1145 2169 omnimo-

409 2185 448 2218 de
474 2185 506 2218 in
531 2192 724 2230 perpetuum
753 2188 966 2228 restituisset,
992 2194 1088 2232 prout
1112 2188 1142 2221 in

409 2238 523 2272 cedula
546 2245 651 2273 motus
671 2241 741 2274 eius
767 2241 888 2285 proprii
915 2242 1058 2285 desuper
1085 2241 1144 2274 sub

410 2291 520 2326 datum
543 2302 594 2326 xtx
613 2292 765 2327 kalendas
791 2294 939 2335 ianuarii,
960 2305 1045 2327 anno
1071 2304 1145 2338 pon·

410 2344 548 2378 tisicatus
567 2356 605 2386 tv,
625 2347 768 2391 expediti
786 2348 914 2391 plenius
939 2348 1142 2388 continetur;

411 2403 442 2430 et
466 2398 602 2432 subinde
619 2399 706 2433 idem
724 2400 932 2434 Innocentius
958 2401 1147 2445 praedeces-

411 2485 566 2513 lnnocentio
592 2487 637 2514 xl!
667 2488 840 2523 quamplures
867 2488 1007 2515 camerarii
1026 2488 1147 2515 redditus

411 2531 470 2557 aliis
490 2531 679 2559 adscribuntur
699 2533 807 2559 constit.
824 2533 867 2560 ed.
889 2540 969 2566 unce,
985 2533 1029 2560 die
1051 2533 1082 2561 13
1097 2542 1146 2560 au-

411 2574 490 2609 gusti,
512 2575 605 2609 pontis.
626 2581 662 2602 lx.

446 2618 463 2645 9
481 2617 547 2645 Male
567 2619 631 2646 edit.
653 2619 733 2647 Main.
754 2620 818 2657 legit
838 2623 863 2647 et
883 2621 919 2657 (n.
941 2619 990 2657 τ.)-

986 224 1162 250 nULLAItttM
1188 223 1340 248 ROMANt'a.

1185 282 1239 305 sor
1262 276 1405 304 montem
1430 270 1605 303 vacabilem
1630 269 1807 314 Religionis
1832 281 1915 303 nun-

1185 330 1334 367 cupatum
1359 324 1495 357 duorum
1520 323 1656 356 millium
1682 325 1826 357 locorum
1852 334 1920 357 ere-

1185 378 1284 411 xisset
1319 383 1350 410 et
1382 377 1598 417 instituisset,
1623 383 1655 410 et
1682 377 1802 422 septies
1830 377 1919 411 mille

1185 431 1421 475 quadringenta
1452 431 1722 475 septuagintaduo
1746 436 1834 465 scuta
1850 428 1919 465 rno-

1184 491 1277 518 netae
1303 496 1447 525 annuae,
1474 496 1510 519 ex
1537 485 1692 519 fructibus
1720 486 1795 519 dicti
1821 485 1917 519 officii

1183 538 1509 579 vieecancellariatas,
1537 544 1569 572 et
1593 538 1688 573 officii
1714 538 1917 572 summatoris

1183 593 1366 626 litterarum
1392 593 1662 637 apostolicarum,
1688 594 1773 637 quod
1806 604 1864 636 per
1889 604 1920 627 e-

1183 646 1310 679 iusdem
1335 646 1495 680 Francisci
1513 647 1685 680 cardinalis
1701 646 1824 680 obitum
1845 653 1920 680 tunc

1184 699 1279 732 etiam
1304 700 1447 741 vacabat,
1475 700 1633 734 fructibus
1659 700 1858 743 accipienda,
1886 700 1919 733 in

1183 758 1307 796 partem
1334 753 1415 787 dotis
1446 753 1520 786 dicti
1546 754 1664 787 montis
1690 753 1843 787 vacabilis
1869 764 1920 786 as-

1183 806 1354 849 signasset,
1371 812 1467 850 prout
1484 807 1517 840 in
1533 808 1601 840 eius
1624 807 1846 850 chirographo
1865 807 1920 840 de-

1183 870 1283 902 super
1307 860 1358 894 die
1390 871 1433 894 xu
1465 860 1618 895 februarii
1643 870 1823 895 Mnctxxxw
1848 871 1920 893 con·

1184 912 1265 945 secto
1290 912 1386 946 etiam
1404 914 1533 957 plenius
1550 913 1748 954 continetur,
1769 919 1864 956 atque
1882 923 1919 945 ex

1183 965 1233 998 his
1270 966 1394 1010 antiqui
1430 966 1626 1010 scriptorum
1661 966 1920 1000 vicecancellarii

1182 1024 1214 1053 et
1230 1021 1435 1054 summatoris
1452 1020 1630 1054 officiorum
1647 1020 1791 1054 redditus
1805 1026 1837 1053 et
1852 1030 1921 1064 pro-

1181 1078 1294 1106 ventus
1311 1073 1356 1106 ita
1381 1073 1527 1106 diminuti
1542 1074 1786 1114 remansissent,
1804 1079 1839 1107 ut
1855 1084 1921 1108 non

1182 1127 1279 1160 modo
1315 1127 1462 1170 ipsorum
1493 1126 1747 1160 vicecancellarii
1779 1132 1811 1160 et
1835 1137 1922 1160 sum-

1182 1179 1314 1213 matoris
1339 1179 1521 1213 officiorum
1545 1180 1779 1224 praestantiae,
1806 1179 1864 1213 sed
1890 1184 1923 1213 et

1182 1233 1378 1266 necessariis
1396 1238 1561 1266 tantorum
1578 1243 1750 1266 munerum
1767 1233 1920 1266 oneribus

1183 1286 1279 1329 plane
1297 1286 1439 1329 impares
1457 1286 1700 1329 reperirentur:
1717 1296 1776 1320 nos
1793 1285 1826 1319 in
1844 1296 1922 1319 con-

1183 1338 1316 1372 sistorio
1342 1344 1453 1372 nostro
1479 1344 1604 1372 secreto
1630 1339 1683 1372 die
1707 1348 1761 1372 xiv
1792 1349 1923 1372 novem-

1182 1391 1249 1424 bris
1279 1399 1458 1426 Mnctxxxm·
1492 1391 1623 1432 habito,
1650 1391 1682 1424 in
1716 1401 1781 1435 quo
1817 1390 1922 1425 officia

1184 1444 1436 1478 vicecancellarii
1455 1449 1487 1477 et
1507 1444 1714 1478 summatoris
1741 1445 1920 1489 praedicta,

1183 1498 1289 1531 adhuc
1314 1503 1401 1539 tunc,
1425 1503 1461 1531 ut
1484 1499 1673 1542 praefertur,
1699 1498 1856 1538 vacantia,
1875 1499 1922 1532 di-

1161 1556 1163 1567 '
1183 1551 1267 1584 lecto
1292 1550 1357 1584 silio
1380 1556 1492 1585 nostro
1518 1551 1612 1584 Petro
1638 1551 1780 1584 eiusdem
1804 1551 1918 1585 S.R.E.

1184 1604 1342 1638 cardinali
1375 1604 1537 1638 Ottobono
1569 1610 1777 1648 nuncupato,
1812 1609 1922 1638 nostro

1184 1658 1360 1691 secundum
1395 1668 1523 1690 carnem
1560 1668 1597 1691 ex
1635 1658 1731 1691 fratre
1766 1668 1922 1700 germano

1184 1710 1368 1754 pronepoti,
1395 1711 1434 1744 de
1454 1710 1689 1744 venerabilium
1716 1711 1848 1743 fratrum
1870 1722 1922 1744 ηο-

1184 1769 1323 1797 strorum
1342 1764 1445 1798 dictae
1463 1763 1494 1797 S.
1510 1764 1546 1797 R.
1567 1764 1603 1797 E.
1619 1764 1831 1798 cardinalium
1849 1775 1923 1798 con-

1185 1818 1256 1850 silio
1271 1823 1301 1850 et
1319 1828 1460 1857 assensu,
1481 1818 1716 1858 concessimus
1736 1828 1806 1850 cum
1827 1817 1922 1851 dimi-

1185 1872 1313 1905 nutioni
1338 1871 1523 1905 reddituum
1557 1876 1588 1904 et
1612 1876 1828 1915 proventuum
1853 1871 1916 1905 offi-

1185 1925 1308 1958 ciorum
1323 1924 1510 1958 huiusmodi
1529 1925 1700 1968 providere
1719 1935 1922 1968 cuperemus,

1186 1978 1217 2011 id
1244 1989 1303 2011 nos
1327 1977 1456 2011 nonnisi
1490 1978 1529 2010 de
1555 1977 1692 2014 consilio
1717 1977 1923 2020 particularis

1186 2030 1450 2074 congregationis
1467 2030 1609 2063 virorum
1628 2029 1786 2070 doctrina,
1804 2029 1924 2073 pietate

1186 2095 1222 2116 ac
1246 2083 1419 2127 prudentia
1434 2082 1668 2126 praestantium
1687 2093 1724 2116 ex
1750 2082 1844 2116 dictis
1862 2083 1924 2117 fra-

1187 2137 1288 2169 tribus
1315 2136 1434 2169 nostris
1452 2146 1512 2180 pro
1532 2146 1566 2168 re
1591 2135 1780 2169 huiusmodi
1806 2135 1924 2169 exami-

1186 2190 1293 2223 nanda
1309 2199 1436 2233 pernes
1454 2187 1713 2232 deputandorum
1731 2198 1827 2231 agere
1840 2189 1924 2222 velle
1974 2202 1980 2209 '>

1188 2241 1434 2281 declaravimus,
1461 2241 1540 2274 illud
1565 2241 1710 2284 profecto
1737 2241 1923 2283 dumtaxat,

1188 2295 1273 2339 quod
1305 2293 1458 2338 aequitati
1491 2298 1523 2327 et
1553 2293 1715 2327 honestati
1745 2304 1924 2328 consonum

1188 2359 1259 2383 esse
1282 2348 1387 2382 visum
1413 2347 1542 2388 suisset,
1568 2348 1604 2380 ea
1629 2347 1662 2380 in
1687 2357 1722 2381 re
1747 2348 1921 2381 decreturi.

1188 2402 1399 2442 Quamobrem
1431 2405 1544 2444 postea
1567 2410 1628 2443 pro
1653 2399 1842 2435 huiusmodi
1867 2412 1924 2435 ne-

1188 2456 1274 2499 gotio
1309 2453 1538 2494 discutiendo,
1572 2452 1694 2487 scilicet
1726 2463 1766 2486 an
1799 2459 1831 2487 et
1860 2465 1924 2498 quo

1189 2515 1280 2553 pacto
1304 2512 1535 2552 praenarratae
1572 2506 1733 2540 fructuum
1762 2512 1794 2540 et
1817 2507 1925 2541 reddi-

1189 2565 1276 2592 tuum
1293 2557 1557 2601 incongruentiae
1575 2557 1811 2590 consulendum
1829 2564 1924 2599 esset,

1166 2588 1393 2655 [venerabiles
1426 2610 1538 2645 fratres
1571 2615 1702 2644 nostros
1728 2610 1926 2645 Alderanum

1924 221 1976 247 Λη.
1998 221 2026 249 C.
2045 221 2110 250 ¹090
