2227 3225
115 273 166 300 Αη.
187 271 215 296 C.
235 270 300 296 1691

149 751 244 772 Seieuua
267 751 298 772 in-

114 779 167 799 fusa.

143 1914 267 1940 prophetia.

144 2123 228 2145 Obitus.

907 265 1113 292 txxoctzwtt's

1141 267 1184 291 x11
1207 268 1255 292 pr.
1726 263 1789 296 900,

305 302 485 351 doctrinam
510 307 720 350 christianam
745 315 882 349 docebat
905 316 1046 359 ignaros,
1067 320 1069 336 t
1089 316 1164 348 anni
1201 325 1328 355 iinxcu,
1362 325 1424 359 qua
1444 317 1651 360 praedixerat
1675 318 1766 359 hora,
1794 321 1827 353 in

305 370 475 413 religiosos
499 370 538 403 ad
562 369 797 413 perfectionem
817 370 905 402 suavi
932 369 1048 402 excita-

305 423 361 456 bat
376 422 518 466 eloquio,
538 422 637 456 corda
653 422 795 466 antiquis
818 422 902 455 odiis
920 422 960 455 ad
979 421 1048 454 vin-

306 475 423 508 dictam
447 486 607 515 accensa,
634 480 666 508 et
689 475 827 512 aliorum
850 475 972 518 pietate
997 475 1046 508 vel

305 529 497 563 auctoritate
522 528 756 572 praestantium
776 528 980 561 suasionibus
999 527 1048 560 in-

306 581 469 621 flexibilia,
480 581 590 625 paucis
604 581 711 614 verbis
729 581 872 619 sedabat,
888 586 920 613 et
935 580 1046 613 veniae

306 632 594 667 intercessionem¹
620 633 659 666 ad
683 643 797 677 pacem
823 638 853 666 et
877 633 1045 666 meliorem

309 687 438 729 frugem
462 687 648 720 revocabat.

352 741 366 784 ἓ
390 740 444 773 102.
471 741 554 774 Hinc
590 740 795 780 Altissimus,
831 740 884 784 qui
917 740 1047 783 sapien-

310 794 385 827 tiam
409 795 545 837 praebet
569 794 780 836 diligentibus
798 804 843 833 se,
861 793 946 827 iusto
960 794 1047 834 huie,

309 857 406 890 quem
432 846 614 880 deducebat
648 856 708 889 per
731 846 798 878 vias
823 851 942 885 rectas,
973 847 1046 878 abs-

308 899 459 933 conditos
477 899 679 943 sapientibus
704 904 735 932 et
755 900 971 943 prudentibus
993 900 1046 932 liu-

308 953 357 986 ius
383 952 504 986 saeculi
529 953 705 996 sapientiae
729 959 761 986 et
785 953 939 986 scientiae
969 963 1044 985 suae

308 1006 477 1039 thesauros
502 1006 634 1040 caelitus
654 1007 818 1039 revelavit.
838 1007 942 1040 Homo
960 1006 1045 1039 enim

308 1058 490 1091 litterarum
515 1060 611 1102 plane
632 1059 734 1099 rudis,
760 1060 915 1102 nulloque
931 1064 1047 1092 morta-

308 1111 388 1144 lium
423 1112 602 1154 magistro’
626 1112 782 1151 eruditus,
808 1113 887 1145 adeo
919 1114 1046 1145 excelso

308 1164 460 1197 scientiae
493 1164 579 1197 dono
604 1165 722 1197 meruit
754 1165 918 1205 illustrari,
944 1171 979 1198 ut
1002 1166 1046 1198 al-

310 1216 433 1249 tissima
457 1217 636 1250 catholicae
661 1217 735 1250 fidei
760 1218 911 1261 mysteria
928 1218 967 1251 de
981 1219 1046 1250 Tri-

307 1269 417 1309 nitate‚
456 1270 698 1309 Incarnatione‚
737 1270 1045 1310 praedestinatione,

309 1321 417 1355 Gloria
452 1321 618 1365 Caelesti,
645 1322 698 1355 SS.
736 1322 961 1356 Eucharistiae
993 1323 1047 1356 Sa-

309 1379 475 1407 cramento
507 1380 539 1407 et
570 1375 632 1407 alia
671 1375 884 1416 huiusmodi,
919 1386 1046 1409 necnon

309 1426 517 1460 difficillimos
555 1426 672 1460 Sacrae
705 1427 891 1471 Scripturae
923 1439 1045 1468 sensus,

309 1479 406 1512 etiam
433 1479 638 1523 disputando,
678 1481 809 1514 caelesti
846 1482 1046 1515 sublimitate

309 1538 468 1573 tractaret,
493 1534 628 1577 parique
652 1534 881 1568 dilucidatione
909 1535 1047 1578 explica-

309 1590 359 1618 ret
397 1585 512 1619 arduas
548 1587 756 1630 quaestiones
796 1599 814 1621 a
852 1588 1047 1621 doctissimis

310 1638 407 1671 etiam
433 1639 599 1682 theologis
621 1641 813 1683 propositas,
840 1652 921 1684 quos
941 1647 1046 1674 tamen

309 1701 375 1725 non
411 1691 541 1725 tenebat
573 1693 743 1726 admiratio
777 1693 967 1736 quomodo³
999 1694 1049 1726 lit-

311 1749 395 1777 teras
419 1745 515 1778 sciret
539 1755 612 1778 cum
633 1756 698 1778 non
724 1746 901 1786 didicisset,
923 1747 998 1790 quia
1015 1747 1047 1779 in

310 1807 349 1829 eo
374 1797 497 1830 infusae
524 1798 674 1830 divinitus
694 1799 848 1831 scientiae
866 1799 987 1832 donum
1009 1799 1047 1832 ad

311 1849 505 1883 evidentiam
530 1850 778 1892 dignoscebant.

356 1901 438 1945 513.
455 1902 649 1944 prophetico
665 1903 760 1936 etiam
782 1904 898 1947 spiritu
914 1905 1048 1945 afflatus,

312 1955 469 1988 nonnulla
492 1955 605 1996 sutura,
632 1961 664 1989 et
687 1957 882 2000 praesertim
907 1959 1048 2000 aegrotis

311 2002 470 2050 integram
493 2008 732 2049 valetudinem,
764 2010 850 2042 sanis
880 2010 1049 2043 infirmita—

312 2065 394 2100 tem,
420 2060 546 2104 sibique
565 2066 596 2094 et
620 2062 690 2094 aliis
711 2068 850 2096 mortem
875 2064 1045 2107 praedixit.

357 2113 372 2156 ἓ
407 2113 460 2146 14.
499 2114 659 2147 Traducto
694 2115 803 2158 itaque
836 2122 866 2149 et
898 2127 1049 2150 consum-

312 2170 399 2199 mato
420 2171 548 2199 sanctae
566 2167 648 2200 vitae
666 2169 826 2202 curriculo
851 2179 911 2213 per
932 2169 1047 2202 arduas

312 2219 534 2263 poenitentiae
559 2225 590 2253 et
614 2221 748 2254 aliarum
773 2223 926 2256 virtutum
957 2225 1050 2257 semi-

314 2275 376 2312 tas,
403 2272 519 2315 quibus
544 2284 602 2317 per
619 2274 675 2307 Dei
693 2275 829 2317 gratiam
852 2287 952 2319 regno
981 2289 1049 2311 cae-

311 2326 416 2359 lorum
455 2326 519 2359 vim
554 2326 673 2360 inferre
706 2329 851 2372 illudque
889 2330 1049 2364 violentus

312 2388 429 2421 rapere
464 2379 624 2419 studebat,
660 2386 734 2423 post
768 2383 908 2424 gloriosa
937 2384 1047 2417 mundi

313 2431 409 2464 huius
434 2432 612 2466 certamina
641 2436 851 2468 sacramentis
886 2436 1048 2470 Ecclesiae

313 2483 374 2517 rite
408 2490 580 2528 sancteque
616 2486 769 2527 munitus,
797 2488 849 2520 die
874 2498 938 2522 xv11
973 2490 1047 2523 maii

351 2563 361 2588 1
384 2561 475 2589 Potius
493 2563 552 2598 lege
572 2564 773 2592 intercessione
793 2566 829 2601 (a.
850 2567 898 2601 τ.).

349 2606 366 2632 2
385 2607 516 2642 Legerem
536 2610 703 2643 mayisterz'o
724 2611 763 2645 (n.
781 2611 829 2645 12).

350 2649 366 2677 3
386 2650 456 2677 Edit.
476 2650 554 2678 Main.
575 2652 639 2688 legit
658 2655 857 2688 quoquomodo
879 2655 915 2691 (n.
936 2655 984 2690 T.).

415 2705 495 2733 Bull.
513 2706 592 2736 Rom.
610 2722 645 2727 —
664 2709 722 2736 Vol.
742 2709 800 2737 XX.
945 2711 978 2737 ‘27

1087 374 1246 402 conventu
1272 369 1384 412 oppidi
1409 369 1509 403 Villae
1540 370 1693 413 Regalis,
1719 372 1830 404 Dei-tu-

1087 422 1190 455 sensis
1206 423 1376 463 dioecesis,
1387 423 1420 455 in
1434 433 1534 466 regno
1544 423 1719 464 valentiae,
1732 425 1828 458 beato

1087 473 1149 507 fine
1175 475 1316 518 quievit3
1344 476 1463 519 quique
1489 477 1528 509 ab
1553 476 1688 510 infantia
1713 477 1829 521 spiritu

1087 537 1220 570 semper
1254 528 1354 568 vixit,
1381 529 1496 572 spiritu
1523 534 1555 562 et
1585 529 1769 570 ambulavit,
1795 541 1830 563 ac

1087 580 1250 613 desideria
1274 581 1379 614 carnis
1407 592 1471 614 non
1497 583 1646 625 perfecit,
1670 583 1783 616 eodem
1798 584 1830 617 il-

1088 633 1168 676 lapsi
1183 635 1260 667 olim
1275 645 1374 678 super
1387 636 1544 678 apostolis
1563 635 1702 679 Spiritus
1722 637 1829 670 Sancti

1087 693 1275 721 recurrente
1302 688 1364 727 die,
1389 699 1452 731 quo
1478 695 1570 721 natus
1588 690 1693 722 fuerat
1711 690 1743 722 in
1766 695 1829 723 ter-

1086 739 1139 779 ris,
1165 740 1285 773 meruit
1310 746 1477 774 aeternum
1503 743 1760 786 triumphaturus
1779 753 1829 777 re-

1087 794 1175 826 nasci
1201 799 1233 827 et
1258 795 1290 827 in
1316 796 1429 828 caelis.

1130 846 1223 889 515.
1252 847 1364 880 Statim
1402 858 1439 881 ac
1476 849 1563 882 beati
1599 849 1659 882 viri
1700 850 1825 883 obitum
1856 858 2021 896 manmena·

1087 897 1171 932 fama
1207 901 1361 942 vulgavit,
1388 901 1426 934 ad
1458 901 1544 934 illius
1580 887 1946 936 venerationemm'mmw'

1088 952 1169 985 mira
1212 953 1358 997 undique
1405 956 1603 998 populorum
1656 957 1827 990 multitudo

1087 1006 1252 1047 confluxit,
1278 1018 1360 1050 quae
1378 1008 1544 1051 antiquam
1563 1009 1740 1042 sanctitatis
1763 1010 1829 1053 opi-

1087 1058 1232 1099 nionem,
1260 1070 1298 1093 eo
1323 1060 1449 1094 vivente
1473 1061 1657 1100 excitatam,
1677 1061 1773 1094 etiam
1796 1062 1828 1095 in

1087 1111 1156 1143 eius
1193 1112 1349 1146 cadavere
1385 1113 1571 1146 confirmari
1605 1114 1721 1147 mirata
1754 1115 1825 1155 fuit,

1088 1163 1163 1196 dum
1189 1165 1284 1205 istud,
1300 1166 1375 1199 licet
1398 1167 1556 1207 exanime,
1581 1178 1645 1210 quo
1672 1168 1826 1207 fervidus,

1088 1227 1185 1259 quem
1199 1217 1231 1250 in
1247 1219 1309 1251 vita
1327 1219 1495 1260 habuerat,
1511 1230 1588 1262 erga
1605 1220 1828 1254 Eucharistiae

1087 1269 1326 1304 Sacramentum
1354 1273 1631 1306 demonstraretur
1663 1273 1796 1307 affectus
1819 1301 1826 1314 ,

1087 1323 1190 1355 visum
1227 1330 1276 1356 est
1310 1325 1342 1356 in
1380 1326 1467 1358 illius
1504 1326 1685 1360 elevatione
1717 1328 1828 1360 oculos

1088 1376 1234 1417 aperire,
1269 1387 1340 1410 mox
1379 1383 1410 1410 et
1435 1378 1467 1410 in
1493 1379 1696 1421 depositione
1721 1380 1828 1412 occlu-

1088 1427 1185 1467 dere,
1205 1430 1293 1472 quod
1317 1430 1440 1472 pariter
1463 1431 1496 1463 in
1523 1431 1705 1464 elevatione
1729 1437 1760 1464 et
1778 1432 1829 1465 de-

1088 1481 1250 1523 positione
1271 1483 1380 1515 calicis
1407 1484 1586 1516 renovavit.

1132 1533 1146 1575 g
1170 1533 1223 1566 16.
1250 1534 1323 1567 Piae
1360 1536 1579 1569 multitudinis
1613 1536 1770 1580 obsequio
1796 1542 1828 1570 et
1874 1547 1974 1584 ruinosa<
2003 1552 2023 1569 m

1089 1586 1221 1620 devotae
1260 1590 1498 1630 aegrotantium
1538 1589 1609 1633 spei
1647 1600 1730 1634 opus
1771 1573 1912 1624 ΓυίῑιιιςὲΜ
1934 1578 2022 1596 ΜΝ

1089 1639 1236 1673 triduana
1251 1642 1417 1675 cadaveris
1437 1643 1638 1686 expositione
1653 1643 1828 1687 indulgeri:

1089 1703 1148 1725 nec
1173 1704 1243 1726 eam
1267 1705 1358 1738 spem
1384 1695 1501 1728 fefellit
1526 1701 1672 1736 eventus,
1700 1697 1828 1741 liquore

1089 1747 1227 1789 quodam
1265 1758 1301 1780 ex
1339 1748 1406 1781 eius
1444 1750 1534 1782 vultu
1571 1755 1603 1782 et
1641 1750 1727 1783 collo
1754 1756 1830 1783 tunc

1091 1801 1244 1842 temporis
1268 1807 1438 1840 manante,
1461 1812 1524 1845 quo
1558 1802 1656 1845 aliqui
1681 1803 1829 1846 perliniti

1089 1852 1248 1895 integram
1285 1854 1455 1887 sanitatem
1491 1860 1701 1898 receperunt.
1740 1855 1829 1889 Inter

1089 1915 1169 1947 quos
1188 1905 1362 1940 Catharina
1374 1907 1512 1940 Simonis
1532 1908 1682 1951 pluribus
1700 1907 1828 1942 affecta¹

1090 1959 1281 1999 tumoribus
1306 1959 1423 2003 iisque,
1447 1970 1512 1993 uno
1545 1966 1693 2004 excepto,
1720 1962 1830 2004 perfo-

1090 2011 1179 2050 ratis,
1204 2022 1241 2044 ac
1264 2012 1464 2052 medicorum
1490 2018 1522 2045 et
1546 2013 1691 2056 chirurgi
1710 2013 1828 2047 iudicio

1089 2069 1161 2107 post
1190 2065 1375 2098 biennalem
1409 2066 1613 2099 curationem
1639 2067 1830 2100 insanabili-

1088 2117 1168 2157 bus,
1208 2118 1395 2151 buiusmodi
1435 2119 1581 2152 delibuta
1605 2119 1748 2163 liquore,
1790 2121 1829 2153 ab

1090 2170 1176 2202 omni
1217 2170 1333 2204 morbo
1367 2176 1399 2204 et
1435 2171 1642 2212 tumoribus,
1679 2172 1830 2206 cicatrice

1090 2224 1253 2256 dumtaxat
1288 2229 1489 2263 remanente,
1522 2224 1610 2257 illico
1649 2225 1828 2266 convaluit;

1090 2275 1121 2308 id
1147 2276 1232 2318 quod
1257 2277 1345 2309 omni
1370 2277 1419 2309 vel
1446 2276 1606 2310 cicatricis
1635 2277 1759 2310 abolito
1778 2288 1832 2311 ve-

1089 2329 1184 2372 stigio
1209 2330 1325 2372 obtigit
1342 2329 1439 2363 etiam
1456 2330 1593 2362 Ursulae
1610 2330 1829 2372 Mascarellae‚

1090 2383 1205 2415 eodem
1225 2383 1353 2426 liquore
1386 2383 1554 2426 perunctis
1580 2383 1766 2416 inveteratis
1789 2384 1830 2416 fe-

1090 2445 1216 2467 morum
1233 2435 1398 2468 ulceribus
1427 2435 1545 2478 quibus
1565 2435 1744 2468 excruciata
1760 2436 1829 2469 sue-

1089 2494 1145 2529 rat,
1172 2494 1247 2532 post
1271 2488 1449 2521 triennales
1485 2488 1630 2527 medelas
1663 2489 1827 2521 incassum

1089 2552 1219 2585 semper
1243 2541 1417 2574 adhibitas.

1131 2595 1146 2637 g
1171 2594 1224 2627 17.
1242 2594 1285 2626 Ex
1310 2594 1349 2626 iis
1371 2594 1478 2633 etiam,
1501 2594 1563 2637 qui,
1580 2593 1756 2637 expositum
1774 2603 1825 2627 ca-

1125 2658 1135 2683 l
1159 2655 1228 2683 Edit.
1251 2655 1330 2682 Main.
1352 2655 1417 2690 legit
1436 2655 1531 2690 effecta
1550 2656 1592 2690 (R.
1611 2656 1661 2690 T.)-

1881 2601 2020 2625 §temtum-nm

1837 2633 1895 2648 usum
1910 2631 2010 2650 restituit.

1835 274 1883 299 An.
1906 274 1932 299 c.
1953 274 2013 300 1001
2063 265 2065 267 ’
