<?xml version="1.0" encoding="UTF-8"?>
<!DOCTYPE html PUBLIC "-//W3C//DTD XHTML 1.0 Transitional//EN"
    "http://www.w3.org/TR/xhtml1/DTD/xhtml1-transitional.dtd">
<html xmlns="http://www.w3.org/1999/xhtml" xml:lang="en" lang="en">
 <head>
  <title>
</title>
<meta http-equiv="Content-Type" content="text/html;charset=utf-8" />
  <meta name='ocr-system' content='tesseract 3.04.00' />
  <meta name='ocr-capabilities' content='ocr_page ocr_carea ocr_par ocr_line ocrx_word'/>
</head>
<body>
  <div class='ocr_page' id='page_1' title='image "./bullarumdiplomat20cath_0377.png"; bbox 0 0 2227 3225; ppageno 0'>
   <div class='ocr_carea' id='block_1_1' title="bbox 127 238 309 267">
    <p class='ocr_par' dir='ltr' id='par_1_1' title="bbox 127 238 309 267">
     <span class='ocr_line' id='line_1_1' title="bbox 127 238 309 267; baseline 0 -1"><span class='ocrx_word' id='word_1_1' title='bbox 127 240 176 267; x_wconf 85' lang='grc' dir='ltr'>Α11.</span> <span class='ocrx_word' id='word_1_2' title='bbox 198 238 226 267; x_wconf 84' lang='lat' dir='ltr'><em>C.</em></span> <span class='ocrx_word' id='word_1_3' title='bbox 247 239 309 266; x_wconf 65' lang='grc'>1691</span> 
     </span>
    </p>
   </div>
   <div class='ocr_carea' id='block_1_2' title="bbox 918 233 1262 258">
    <p class='ocr_par' dir='ltr' id='par_1_2' title="bbox 918 233 1262 258">
     <span class='ocr_line' id='line_1_2' title="bbox 918 233 1262 258; baseline -0.009 0"><span class='ocrx_word' id='word_1_4' title='bbox 918 234 1123 258; x_wconf 65' lang='lat' dir='ltr'><em>tNN‹‘n:¹.›1N‘t·lttS</em></span> <span class='ocrx_word' id='word_1_5' title='bbox 1151 233 1189 256; x_wconf 72' lang='grc' dir='ltr'><em>ΧΗ</em></span> <span class='ocrx_word' id='word_1_6' title='bbox 1217 233 1262 256; x_wconf 71' lang='grc' dir='ltr'><em>[Ψ.</em></span> 
     </span>
    </p>
   </div>
   <div class='ocr_carea' id='block_1_3' title="bbox 319 283 1079 436">
    <p class='ocr_par' dir='ltr' id='par_1_3' title="bbox 319 283 1079 436">
     <span class='ocr_line' id='line_1_3' title="bbox 321 283 1079 334; baseline -0.012 -12"><span class='ocrx_word' id='word_1_7' title='bbox 321 299 368 328; x_wconf 86' lang='lat' dir='ltr'><em>eo,</em></span> <span class='ocrx_word' id='word_1_8' title='bbox 385 287 472 328; x_wconf 73' lang='lat' dir='ltr'><em>Quid</em></span> <span class='ocrx_word' id='word_1_9' title='bbox 487 285 594 330; x_wconf 60' lang='lat' dir='ltr'><em>pelis?</em></span> <span class='ocrx_word' id='word_1_10' title='bbox 611 290 643 319; x_wconf 81' lang='lat' dir='ltr'><em>ct</em></span> <span class='ocrx_word' id='word_1_11' title='bbox 660 284 857 328; x_wconf 76' lang='lat' dir='ltr'><em>respondeat</em></span> <span class='ocrx_word' id='word_1_12' title='bbox 875 283 1054 316; x_wconf 75' lang='lat' dir='ltr'><em>humiliter:</em></span> <span class='ocrx_word' id='word_1_13' title='bbox 1078 323 1079 334; x_wconf 15' lang='grc' dir='ltr'>ἵ</span> 
     </span>
     <span class='ocr_line' id='line_1_4' title="bbox 320 336 1058 383; baseline -0.009 -10"><span class='ocrx_word' id='word_1_14' title='bbox 320 341 398 373; x_wconf 75' lang='lat' dir='ltr'><em>Peto</em></span> <span class='ocrx_word' id='word_1_15' title='bbox 414 339 595 383; x_wconf 70' lang='lat' dir='ltr'><em>promoveri</em></span> <span class='ocrx_word' id='word_1_16' title='bbox 611 337 653 370; x_wconf 78' lang='lat' dir='ltr'><em>ad</em></span> <span class='ocrx_word' id='word_1_17' title='bbox 668 336 807 379; x_wconf 58' lang='lat' dir='ltr'><em>oraclum</em></span> <span class='ocrx_word' id='word_1_18' title='bbox 829 336 1011 368; x_wconf 77' lang='lat' dir='ltr'><em>doctoratus</em></span> <span class='ocrx_word' id='word_1_19' title='bbox 1030 339 1058 366; x_wconf 77' lang='lat' dir='ltr'><em>et</em></span> 
     </span>
     <span class='ocr_line' id='line_1_5' title="bbox 319 389 1057 436; baseline -0.008 -10"><span class='ocrx_word' id='word_1_20' title='bbox 319 392 504 436; x_wconf 71' lang='lat' dir='ltr'><em>maqisterii</em></span> <span class='ocrx_word' id='word_1_21' title='bbox 526 402 637 424; x_wconf 59' lang='lat' dir='ltr'><em>sacrae</em></span> <span class='ocrx_word' id='word_1_22' title='bbox 655 390 845 433; x_wconf 69' lang='lat' dir='ltr'><em>llic‘oloyiae.</em></span> <span class='ocrx_word' id='word_1_23' title='bbox 865 389 1057 421; x_wconf 84' lang='lat' dir='ltr'><em>Promotor:</em></span> 
     </span>
    </p>
   </div>
   <div class='ocr_carea' id='block_1_4' title="bbox 319 437 1082 542">
    <p class='ocr_par' dir='ltr' id='par_1_4' title="bbox 319 437 1082 542">
     <span class='ocr_line' id='line_1_6' title="bbox 319 437 1082 482; baseline -0.008 -3"><span class='ocrx_word' id='word_1_24' title='bbox 319 446 491 480; x_wconf 78' lang='lat' dir='ltr'><em>Promittis</em></span> <span class='ocrx_word' id='word_1_25' title='bbox 517 449 631 478; x_wconf 72' lang='lat' dir='ltr'><em>tenere.</em></span> <span class='ocrx_word' id='word_1_26' title='bbox 659 454 796 482; x_wconf 72' lang='lat' dir='ltr'><em>serrare,</em></span> <span class='ocrx_word' id='word_1_27' title='bbox 821 442 930 475; x_wconf 65' lang='lat' dir='ltr'><em>[locere</em></span> <span class='ocrx_word' id='word_1_28' title='bbox 954 446 981 474; x_wconf 73' lang='lat' dir='ltr'><em>et</em></span> <span class='ocrx_word' id='word_1_29' title='bbox 1008 437 1082 474; x_wconf 57' lang='lat' dir='ltr'><em>cle-&gt;</em></span> 
     </span>
     <span class='ocr_line' id='line_1_7' title="bbox 319 494 1082 542; baseline -0.008 -11"><span class='ocrx_word' id='word_1_30' title='bbox 319 498 446 542; x_wconf 76' lang='lat' dir='ltr'><em>fondere</em></span> <span class='ocrx_word' id='word_1_31' title='bbox 476 498 655 530; x_wconf 80' lang='lat' dir='ltr'><em>doctrinam</em></span> <span class='ocrx_word' id='word_1_32' title='bbox 682 506 791 528; x_wconf 78' lang='lat' dir='ltr'><em>sanam</em></span> <span class='ocrx_word' id='word_1_33' title='bbox 818 500 846 528; x_wconf 78' lang='lat' dir='ltr'><em>el</em></span> <span class='ocrx_word' id='word_1_34' title='bbox 866 494 1082 528; x_wconf 70' lang='lat' dir='ltr'><em>catlzolicam&#39;</em></span> 
     </span>
    </p>
   </div>
   <div class='ocr_carea' id='block_1_5' title="bbox 320 548 1084 2397">
    <p class='ocr_par' dir='ltr' id='par_1_5' title="bbox 320 548 1061 700">
     <span class='ocr_line' id='line_1_8' title="bbox 323 548 1061 584; baseline -0.005 -1"><span class='ocrx_word' id='word_1_35' title='bbox 323 551 417 584; x_wconf 57' lang='lat' dir='ltr'><em>iusta</em></span> <span class='ocrx_word' id='word_1_36' title='bbox 452 549 755 584; x_wconf 71' lang='lat' dir='ltr'><em>(lelerminationmn</em></span> <span class='ocrx_word' id='word_1_37' title='bbox 790 552 920 580; x_wconf 79' lang='lat' dir='ltr'><em>sanctae</em></span> <span class='ocrx_word' id='word_1_38' title='bbox 944 548 1061 579; x_wconf 75' lang='lat' dir='ltr'><em>matris</em></span> 
     </span>
     <span class='ocr_line' id='line_1_9' title="bbox 320 600 1061 638; baseline -0.008 -1"><span class='ocrx_word' id='word_1_39' title='bbox 320 604 480 638; x_wconf 79' lang='lat' dir='ltr'><em>Ecclesiae</em></span> <span class='ocrx_word' id='word_1_40' title='bbox 496 603 688 637; x_wconf 69' lang='lat' dir='ltr'><em>Romanae?</em></span> <span class='ocrx_word' id='word_1_41' title='bbox 706 601 963 635; x_wconf 71' lang='lat' dir='ltr'><em>promovendus:</em></span> <span class='ocrx_word' id='word_1_42' title='bbox 982 600 1061 632; x_wconf 84' lang='lat' dir='ltr'><em>Pro-</em></span> 
     </span>
     <span class='ocr_line' id='line_1_10' title="bbox 323 655 924 700; baseline -0.007 -10"><span class='ocrx_word' id='word_1_43' title='bbox 323 658 415 691; x_wconf 77' lang='lat' dir='ltr'><em>mitto</em></span> <span class='ocrx_word' id='word_1_44' title='bbox 440 662 468 690; x_wconf 81' lang='lat' dir='ltr'><em>el</em></span> <span class='ocrx_word' id='word_1_45' title='bbox 491 657 629 700; x_wconf 77' lang='lat' dir='ltr'><em>spondeo</em></span> <span class='ocrx_word' id='word_1_46' title='bbox 655 657 689 688; x_wconf 81' lang='lat' dir='ltr'><em>in</em></span> <span class='ocrx_word' id='word_1_47' title='bbox 716 656 776 688; x_wconf 78' lang='lat' dir='ltr'><em>hac</em></span> <span class='ocrx_word' id='word_1_48' title='bbox 800 655 924 698; x_wconf 66' lang='lat' dir='ltr'><em>forma:</em></span> 
     </span>
    </p>

    <p class='ocr_par' dir='ltr' id='par_1_6' title="bbox 322 707 1084 2397">
     <span class='ocr_line' id='line_1_11' title="bbox 372 707 1061 753; baseline -0.007 -9"><span class='ocrx_word' id='word_1_49' title='bbox 372 723 385 743; x_wconf 65' lang='lat' dir='ltr'><em>a</em></span> <span class='ocrx_word' id='word_1_50' title='bbox 410 711 476 753; x_wconf 82' lang='lat' dir='ltr'><em>Ego</em></span> <span class='ocrx_word' id='word_1_51' title='bbox 501 710 537 743; x_wconf 70' lang='lat' dir='ltr'><em>N.</em></span> <span class='ocrx_word' id='word_1_52' title='bbox 567 711 655 743; x_wconf 76' lang='lat' dir='ltr'><em>firma</em></span> <span class='ocrx_word' id='word_1_53' title='bbox 687 709 749 742; x_wconf 79' lang='lat' dir='ltr'><em>{ide</em></span> <span class='ocrx_word' id='word_1_54' title='bbox 775 709 873 742; x_wconf 84' lang='lat' dir='ltr'><em>credo</em></span> <span class='ocrx_word' id='word_1_55' title='bbox 906 713 938 740; x_wconf 86' lang='lat' dir='ltr'><em>et</em></span> <span class='ocrx_word' id='word_1_56' title='bbox 962 707 1061 751; x_wconf 80' lang='lat' dir='ltr'><em>profi-</em></span> 
     </span>
     <span class='ocr_line' id='line_1_12' title="bbox 323 761 1061 805; baseline -0.007 -8"><span class='ocrx_word' id='word_1_57' title='bbox 323 770 395 798; x_wconf 81' lang='lat' dir='ltr'><em>teor</em></span> <span class='ocrx_word' id='word_1_58' title='bbox 421 764 529 797; x_wconf 86' lang='lat' dir='ltr'><em>omnia</em></span> <span class='ocrx_word' id='word_1_59' title='bbox 562 769 593 796; x_wconf 88' lang='lat' dir='ltr'><em>et</em></span> <span class='ocrx_word' id='word_1_60' title='bbox 625 763 752 805; x_wconf 83' lang='lat' dir='ltr'><em>singula</em></span> <span class='ocrx_word' id='word_1_61' title='bbox 780 772 861 805; x_wconf 85' lang='lat' dir='ltr'><em>qnae</em></span> <span class='ocrx_word' id='word_1_62' title='bbox 890 761 1061 794; x_wconf 80' lang='lat' dir='ltr'><em>continen-</em></span> 
     </span>
     <span class='ocr_line' id='line_1_13' title="bbox 323 814 1061 860; baseline -0.007 -10"><span class='ocrx_word' id='word_1_63' title='bbox 323 824 374 850; x_wconf 88' lang='lat' dir='ltr'><em>tur</em></span> <span class='ocrx_word' id='word_1_64' title='bbox 391 818 424 850; x_wconf 92' lang='lat' dir='ltr'><em>in</em></span> <span class='ocrx_word' id='word_1_65' title='bbox 441 817 589 860; x_wconf 75' lang='lat' dir='ltr'><em>symbolo</em></span> <span class='ocrx_word' id='word_1_66' title='bbox 607 816 693 855; x_wconf 80' lang='lat' dir='ltr'><em>fidei,</em></span> <span class='ocrx_word' id='word_1_67' title='bbox 713 826 776 859; x_wconf 90' lang='lat' dir='ltr'><em>quo</em></span> <span class='ocrx_word' id='word_1_68' title='bbox 795 820 904 847; x_wconf 81' lang='lat' dir='ltr'><em>sancta</em></span> <span class='ocrx_word' id='word_1_69' title='bbox 917 814 1061 846; x_wconf 87' lang='lat' dir='ltr'><em>Romana</em></span> 
     </span>
     <span class='ocr_line' id='line_1_14' title="bbox 322 867 1061 908; baseline -0.007 -5"><span class='ocrx_word' id='word_1_70' title='bbox 322 869 463 903; x_wconf 77' lang='lat' dir='ltr'><em>Ecclesia</em></span> <span class='ocrx_word' id='word_1_71' title='bbox 479 869 590 908; x_wconf 84' lang='lat' dir='ltr'><em>utitur,</em></span> <span class='ocrx_word' id='word_1_72' title='bbox 607 868 774 902; x_wconf 85' lang='lat' dir='ltr'><em>videlicet:</em></span> <span class='ocrx_word' id='word_1_73' title='bbox 794 867 892 901; x_wconf 82' lang='lat' dir='ltr'><em>Credo</em></span> <span class='ocrx_word' id='word_1_74' title='bbox 911 868 942 899; x_wconf 81' lang='grc' dir='ltr'><em>ῖη</em></span> <span class='ocrx_word' id='word_1_75' title='bbox 958 877 1061 899; x_wconf 80' lang='lat' dir='ltr'><em>unum</em></span> 
     </span>
     <span class='ocr_line' id='line_1_15' title="bbox 322 919 1061 964; baseline -0.005 -9"><span class='ocrx_word' id='word_1_76' title='bbox 322 922 437 962; x_wconf 77' lang='lat' dir='ltr'><em>Deum,</em></span> <span class='ocrx_word' id='word_1_77' title='bbox 458 922 536 955; x_wconf 88' lang='lat' dir='ltr'><em>etc.¹</em></span> <span class='ocrx_word' id='word_1_78' title='bbox 559 921 761 964; x_wconf 76' lang='lat' dir='ltr'><em>Apostolicas</em></span> <span class='ocrx_word' id='word_1_79' title='bbox 781 927 811 953; x_wconf 92' lang='lat' dir='ltr'><em>et</em></span> <span class='ocrx_word' id='word_1_80' title='bbox 826 919 1061 953; x_wconf 83' lang='lat' dir='ltr'><em>ecclesiasticas</em></span> 
     </span>
     <span class='ocr_line' id='line_1_16' title="bbox 324 974 1063 1018; baseline -0.001 -11"><span class='ocrx_word' id='word_1_81' title='bbox 324 975 524 1015; x_wconf 73' lang='lat' dir='ltr'><em>traditiones,</em></span> <span class='ocrx_word' id='word_1_82' title='bbox 550 975 761 1018; x_wconf 80' lang='lat' dir='ltr'><em>reliquasque</em></span> <span class='ocrx_word' id='word_1_83' title='bbox 793 974 937 1007; x_wconf 85' lang='lat' dir='ltr'><em>eiusdem</em></span> <span class='ocrx_word' id='word_1_84' title='bbox 963 974 1063 1006; x_wconf 83' lang='lat' dir='ltr'><em>ecclc·</em></span> 
     </span>
     <span class='ocr_line' id='line_1_17' title="bbox 323 1024 1084 1067; baseline -0.004 -6"><span class='ocrx_word' id='word_1_85' title='bbox 323 1028 390 1061; x_wconf 85' lang='lat' dir='ltr'><em>siae</em></span> <span class='ocrx_word' id='word_1_86' title='bbox 416 1028 658 1061; x_wconf 87' lang='lat' dir='ltr'><em>observationes</em></span> <span class='ocrx_word' id='word_1_87' title='bbox 684 1032 716 1060; x_wconf 90' lang='lat' dir='ltr'><em>et</em></span> <span class='ocrx_word' id='word_1_88' title='bbox 740 1027 990 1060; x_wconf 73' lang='lat' dir='ltr'><em>constitutiones</em></span> <span class='ocrx_word' id='word_1_89' title='bbox 1010 1024 1084 1067; x_wconf 68' lang='lat' dir='ltr'><em>fir-{</em></span> 
     </span>
     <span class='ocr_line' id='line_1_18' title="bbox 324 1080 1062 1124; baseline -0.003 -10"><span class='ocrx_word' id='word_1_90' title='bbox 324 1081 470 1114; x_wconf 87' lang='lat' dir='ltr'><em>missime</em></span> <span class='ocrx_word' id='word_1_91' title='bbox 507 1082 643 1114; x_wconf 89' lang='lat' dir='ltr'><em>admitto</em></span> <span class='ocrx_word' id='word_1_92' title='bbox 688 1086 719 1114; x_wconf 84' lang='lat' dir='ltr'><em>et</em></span> <span class='ocrx_word' id='word_1_93' title='bbox 754 1082 950 1124; x_wconf 86' lang='lat' dir='ltr'><em>amplector.</em></span> <span class='ocrx_word' id='word_1_94' title='bbox 985 1080 1062 1112; x_wconf 77' lang='lat' dir='ltr'><em>Item</em></span> 
     </span>
     <span class='ocr_line' id='line_1_19' title="bbox 325 1133 1061 1177; baseline -0.001 -11"><span class='ocrx_word' id='word_1_95' title='bbox 325 1133 455 1167; x_wconf 80' lang='lat' dir='ltr'><em>Sacram</em></span> <span class='ocrx_word' id='word_1_96' title='bbox 486 1134 697 1177; x_wconf 85' lang='lat' dir='ltr'><em>Scripturam,</em></span> <span class='ocrx_word' id='word_1_97' title='bbox 722 1133 809 1166; x_wconf 80' lang='lat' dir='ltr'><em>iuxta</em></span> <span class='ocrx_word' id='word_1_98' title='bbox 834 1144 907 1166; x_wconf 89' lang='lat' dir='ltr'><em>eum</em></span> <span class='ocrx_word' id='word_1_99' title='bbox 932 1143 1061 1165; x_wconf 89' lang='lat' dir='ltr'><em>sensnm</em></span> 
     </span>
     <span class='ocr_line' id='line_1_20' title="bbox 326 1186 1064 1230; baseline -0.001 -11"><span class='ocrx_word' id='word_1_100' title='bbox 326 1197 421 1230; x_wconf 89' lang='lat' dir='ltr'><em>quem</em></span> <span class='ocrx_word' id='word_1_101' title='bbox 447 1187 550 1220; x_wconf 85' lang='lat' dir='ltr'><em>tenuit</em></span> <span class='ocrx_word' id='word_1_102' title='bbox 580 1192 612 1219; x_wconf 84' lang='lat' dir='ltr'><em>et</em></span> <span class='ocrx_word' id='word_1_103' title='bbox 637 1192 725 1220; x_wconf 86' lang='lat' dir='ltr'><em>tenet</em></span> <span class='ocrx_word' id='word_1_104' title='bbox 750 1192 860 1220; x_wconf 85' lang='lat' dir='ltr'><em>sancta</em></span> <span class='ocrx_word' id='word_1_105' title='bbox 884 1192 986 1219; x_wconf 87' lang='lat' dir='ltr'><em>mater</em></span> <span class='ocrx_word' id='word_1_106' title='bbox 1009 1186 1064 1219; x_wconf 85' lang='lat' dir='ltr'><em>Ec-</em></span> 
     </span>
     <span class='ocr_line' id='line_1_21' title="bbox 326 1240 1063 1279; baseline -0.001 -6"><span class='ocrx_word' id='word_1_107' title='bbox 326 1240 435 1279; x_wconf 87' lang='lat' dir='ltr'><em>clesia,</em></span> <span class='ocrx_word' id='word_1_108' title='bbox 461 1240 551 1272; x_wconf 87' lang='lat' dir='ltr'><em>cuius</em></span> <span class='ocrx_word' id='word_1_109' title='bbox 577 1245 627 1272; x_wconf 87' lang='lat' dir='ltr'><em>est</em></span> <span class='ocrx_word' id='word_1_110' title='bbox 652 1240 794 1273; x_wconf 88' lang='lat' dir='ltr'><em>iudicare</em></span> <span class='ocrx_word' id='word_1_111' title='bbox 814 1241 852 1273; x_wconf 91' lang='lat' dir='ltr'><em>de</em></span> <span class='ocrx_word' id='word_1_112' title='bbox 869 1251 946 1273; x_wconf 77' lang='lat' dir='ltr'><em>vero</em></span> <span class='ocrx_word' id='word_1_113' title='bbox 965 1251 1063 1273; x_wconf 88' lang='lat' dir='ltr'><em>sensu</em></span> 
     </span>
     <span class='ocr_line' id='line_1_22' title="bbox 327 1293 1064 1337; baseline -0.001 -11"><span class='ocrx_word' id='word_1_114' title='bbox 327 1298 358 1326; x_wconf 83' lang='lat' dir='ltr'><em>et</em></span> <span class='ocrx_word' id='word_1_115' title='bbox 382 1294 655 1337; x_wconf 71' lang='lat' dir='ltr'><em>interpretatione</em></span> <span class='ocrx_word' id='word_1_116' title='bbox 691 1304 801 1327; x_wconf 87' lang='lat' dir='ltr'><em>sacrae</em></span> <span class='ocrx_word' id='word_1_117' title='bbox 833 1293 1064 1337; x_wconf 67' lang='lat' dir='ltr'><em>Scripturae2,</em></span> 
     </span>
     <span class='ocr_line' id='line_1_23' title="bbox 326 1345 1066 1388; baseline 0.001 -11"><span class='ocrx_word' id='word_1_118' title='bbox 326 1345 472 1385; x_wconf 77' lang='lat' dir='ltr'><em>admitto,</em></span> <span class='ocrx_word' id='word_1_119' title='bbox 505 1355 567 1378; x_wconf 85' lang='lat' dir='ltr'><em>nec</em></span> <span class='ocrx_word' id='word_1_120' title='bbox 603 1356 672 1378; x_wconf 87' lang='lat' dir='ltr'><em>eam</em></span> <span class='ocrx_word' id='word_1_121' title='bbox 708 1356 851 1388; x_wconf 80' lang='lat' dir='ltr'><em>unquam</em></span> <span class='ocrx_word' id='word_1_122' title='bbox 879 1346 942 1379; x_wconf 90' lang='lat' dir='ltr'><em>nisi</em></span> <span class='ocrx_word' id='word_1_123' title='bbox 978 1347 1066 1378; x_wconf 79' lang='lat' dir='ltr'><em>iuxta</em></span> 
     </span>
     <span class='ocr_line' id='line_1_24' title="bbox 326 1398 1066 1441; baseline 0 -11"><span class='ocrx_word' id='word_1_124' title='bbox 326 1398 513 1430; x_wconf 82' lang='lat' dir='ltr'><em>unanimem</em></span> <span class='ocrx_word' id='word_1_125' title='bbox 540 1408 733 1433; x_wconf 86' lang='lat' dir='ltr'><em>consensum</em></span> <span class='ocrx_word' id='word_1_126' title='bbox 757 1398 885 1431; x_wconf 83' lang='lat' dir='ltr'><em>Patrnm</em></span> <span class='ocrx_word' id='word_1_127' title='bbox 910 1398 1066 1441; x_wconf 79' lang='lat' dir='ltr'><em>accipiam</em></span> 
     </span>
     <span class='ocr_line' id='line_1_25' title="bbox 328 1450 1067 1494; baseline 0 -12"><span class='ocrx_word' id='word_1_128' title='bbox 328 1455 361 1483; x_wconf 87' lang='lat' dir='ltr'><em>et</em></span> <span class='ocrx_word' id='word_1_129' title='bbox 390 1450 644 1494; x_wconf 87' lang='lat' dir='ltr'><em>interpretabor.</em></span> <span class='ocrx_word' id='word_1_130' title='bbox 674 1450 833 1484; x_wconf 84' lang='lat' dir='ltr'><em>Profiteor</em></span> <span class='ocrx_word' id='word_1_131' title='bbox 858 1461 990 1494; x_wconf 88' lang='lat' dir='ltr'><em>quoqne</em></span> <span class='ocrx_word' id='word_1_132' title='bbox 1019 1461 1067 1483; x_wconf 88' lang='lat' dir='ltr'><em>se-</em></span> 
     </span>
     <span class='ocr_line' id='line_1_26' title="bbox 327 1505 1067 1548; baseline 0 -12"><span class='ocrx_word' id='word_1_133' title='bbox 327 1508 415 1547; x_wconf 90' lang='lat' dir='ltr'><em>ptem</em></span> <span class='ocrx_word' id='word_1_134' title='bbox 440 1514 512 1537; x_wconf 88' lang='lat' dir='ltr'><em>esse</em></span> <span class='ocrx_word' id='word_1_135' title='bbox 537 1515 611 1537; x_wconf 86' lang='lat' dir='ltr'><em>vere</em></span> <span class='ocrx_word' id='word_1_136' title='bbox 637 1510 668 1536; x_wconf 87' lang='lat' dir='ltr'><em>et</em></span> <span class='ocrx_word' id='word_1_137' title='bbox 699 1505 830 1548; x_wconf 87' lang='lat' dir='ltr'><em>proprie</em></span> <span class='ocrx_word' id='word_1_138' title='bbox 864 1509 1067 1537; x_wconf 83' lang='lat' dir='ltr'><em>sacramenta</em></span> 
     </span>
     <span class='ocr_line' id='line_1_27' title="bbox 327 1556 1068 1599; baseline 0.001 -10"><span class='ocrx_word' id='word_1_139' title='bbox 327 1566 430 1589; x_wconf 85' lang='lat' dir='ltr'><em>novae</em></span> <span class='ocrx_word' id='word_1_140' title='bbox 455 1556 536 1599; x_wconf 64' lang='lat' dir='ltr'><em>legis</em></span> <span class='ocrx_word' id='word_1_141' title='bbox 561 1567 578 1590; x_wconf 85' lang='lat' dir='ltr'><em>a</em></span> <span class='ocrx_word' id='word_1_142' title='bbox 603 1557 674 1590; x_wconf 86' lang='lat' dir='ltr'><em>Iesu</em></span> <span class='ocrx_word' id='word_1_143' title='bbox 699 1557 827 1591; x_wconf 86' lang='lat' dir='ltr'><em>Christo</em></span> <span class='ocrx_word' id='word_1_144' title='bbox 853 1558 984 1591; x_wconf 89' lang='lat' dir='ltr'><em>domino</em></span> <span class='ocrx_word' id='word_1_145' title='bbox 1009 1568 1068 1590; x_wconf 90' lang='lat' dir='ltr'><em>no-</em></span> 
     </span>
     <span class='ocr_line' id='line_1_28' title="bbox 328 1609 1066 1653; baseline 0.003 -12"><span class='ocrx_word' id='word_1_146' title='bbox 328 1614 395 1642; x_wconf 88' lang='lat' dir='ltr'><em>stro</em></span> <span class='ocrx_word' id='word_1_147' title='bbox 419 1609 576 1649; x_wconf 86' lang='lat' dir='ltr'><em>instituta,</em></span> <span class='ocrx_word' id='word_1_148' title='bbox 595 1615 690 1653; x_wconf 83' lang='lat' dir='ltr'><em>atquc</em></span> <span class='ocrx_word' id='word_1_149' title='bbox 715 1611 754 1643; x_wconf 84' lang='lat' dir='ltr'><em>ad</em></span> <span class='ocrx_word' id='word_1_150' title='bbox 778 1611 914 1643; x_wconf 81' lang='lat' dir='ltr'><em>salutem</em></span> <span class='ocrx_word' id='word_1_151' title='bbox 936 1611 1066 1643; x_wconf 87' lang='lat' dir='ltr'><em>humani</em></span> 
     </span>
     <span class='ocr_line' id='line_1_29' title="bbox 329 1661 1068 1706; baseline 0.003 -12"><span class='ocrx_word' id='word_1_152' title='bbox 329 1661 473 1704; x_wconf 88' lang='lat' dir='ltr'><em>generis,</em></span> <span class='ocrx_word' id='word_1_153' title='bbox 492 1662 568 1694; x_wconf 85' lang='lat' dir='ltr'><em>licet</em></span> <span class='ocrx_word' id='word_1_154' title='bbox 582 1673 647 1695; x_wconf 91' lang='lat' dir='ltr'><em>non</em></span> <span class='ocrx_word' id='word_1_155' title='bbox 664 1663 771 1696; x_wconf 82' lang='lat' dir='ltr'><em>onmia</em></span> <span class='ocrx_word' id='word_1_156' title='bbox 789 1663 938 1706; x_wconf 77' lang='lat' dir='ltr'><em>singulis,</em></span> <span class='ocrx_word' id='word_1_157' title='bbox 956 1674 1068 1696; x_wconf 83' lang='lat' dir='ltr'><em>neces-</em></span> 
     </span>
     <span class='ocr_line' id='line_1_30' title="bbox 328 1714 1069 1758; baseline 0.001 -10"><span class='ocrx_word' id='word_1_158' title='bbox 328 1715 433 1748; x_wconf 87' lang='lat' dir='ltr'><em>saria:</em></span> <span class='ocrx_word' id='word_1_159' title='bbox 459 1714 590 1755; x_wconf 85' lang='lat' dir='ltr'><em>scilicet,</em></span> <span class='ocrx_word' id='word_1_160' title='bbox 613 1715 822 1758; x_wconf 87' lang='lat' dir='ltr'><em>Baptismnm‚</em></span> <span class='ocrx_word' id='word_1_161' title='bbox 846 1716 1069 1749; x_wconf 78' lang='lat' dir='ltr'><em>Confirmatio-</em></span> 
     </span>
     <span class='ocr_line' id='line_1_31' title="bbox 329 1767 1069 1810; baseline 0.003 -10"><span class='ocrx_word' id='word_1_162' title='bbox 329 1778 412 1807; x_wconf 89' lang='lat' dir='ltr'><em>nem,</em></span> <span class='ocrx_word' id='word_1_163' title='bbox 430 1767 671 1807; x_wconf 88' lang='lat' dir='ltr'><em>Eucharistiam‚</em></span> <span class='ocrx_word' id='word_1_164' title='bbox 690 1768 939 1810; x_wconf 83' lang='lat' dir='ltr'><em>Poenitentiam,</em></span> <span class='ocrx_word' id='word_1_165' title='bbox 958 1770 1069 1802; x_wconf 77' lang='lat' dir='ltr'><em>Extre-</em></span> 
     </span>
     <span class='ocr_line' id='line_1_32' title="bbox 329 1820 1069 1860; baseline 0.005 -8"><span class='ocrx_word' id='word_1_166' title='bbox 329 1831 413 1853; x_wconf 88' lang='lat' dir='ltr'><em>mam</em></span> <span class='ocrx_word' id='word_1_167' title='bbox 439 1820 646 1860; x_wconf 89' lang='lat' dir='ltr'><em>Unctionem,</em></span> <span class='ocrx_word' id='word_1_168' title='bbox 673 1820 827 1854; x_wconf 85' lang='lat' dir='ltr'><em>Ordinem</em></span> <span class='ocrx_word' id='word_1_169' title='bbox 855 1829 884 1855; x_wconf 61' lang='lat' dir='ltr'><em>et,</em></span> <span class='ocrx_word' id='word_1_170' title='bbox 910 1823 1069 1857; x_wconf 84' lang='lat' dir='ltr'><em>Matrimo-</em></span> 
     </span>
     <span class='ocr_line' id='line_1_33' title="bbox 331 1873 1071 1917; baseline 0.005 -11"><span class='ocrx_word' id='word_1_171' title='bbox 331 1873 444 1913; x_wconf 88' lang='lat' dir='ltr'><em>nium;</em></span> <span class='ocrx_word' id='word_1_172' title='bbox 467 1873 522 1906; x_wconf 90' lang='lat' dir='ltr'><em>illa</em></span> <span class='ocrx_word' id='word_1_173' title='bbox 547 1884 674 1917; x_wconf 85' lang='lat' dir='ltr'><em>quoqne</em></span> <span class='ocrx_word' id='word_1_174' title='bbox 699 1875 833 1917; x_wconf 77' lang='lat' dir='ltr'><em>gratiam</em></span> <span class='ocrx_word' id='word_1_175' title='bbox 858 1876 1020 1916; x_wconf 77' lang='lat' dir='ltr'><em>conferre,</em></span> <span class='ocrx_word' id='word_1_176' title='bbox 1039 1883 1071 1910; x_wconf 86' lang='lat' dir='ltr'><em>et</em></span> 
     </span>
     <span class='ocr_line' id='line_1_34' title="bbox 333 1926 1072 1970; baseline 0.005 -12"><span class='ocrx_word' id='word_1_177' title='bbox 333 1936 369 1959; x_wconf 82' lang='lat' dir='ltr'><em>ex</em></span> <span class='ocrx_word' id='word_1_178' title='bbox 404 1926 453 1959; x_wconf 89' lang='lat' dir='ltr'><em>his</em></span> <span class='ocrx_word' id='word_1_179' title='bbox 492 1927 699 1970; x_wconf 87' lang='lat' dir='ltr'><em>Baptismnm,</em></span> <span class='ocrx_word' id='word_1_180' title='bbox 725 1926 1010 1962; x_wconf 79' lang='lat' dir='ltr'><em>Confirmationem</em></span> <span class='ocrx_word' id='word_1_181' title='bbox 1040 1935 1072 1962; x_wconf 85' lang='lat' dir='ltr'><em>et</em></span> 
     </span>
     <span class='ocr_line' id='line_1_35' title="bbox 331 1978 1071 2023; baseline 0.004 -11"><span class='ocrx_word' id='word_1_182' title='bbox 331 1978 484 2012; x_wconf 86' lang='lat' dir='ltr'><em>Ordinem</em></span> <span class='ocrx_word' id='word_1_183' title='bbox 514 1980 584 2012; x_wconf 91' lang='lat' dir='ltr'><em>sine</em></span> <span class='ocrx_word' id='word_1_184' title='bbox 614 1980 785 2023; x_wconf 82' lang='lat' dir='ltr'><em>sacrilegio</em></span> <span class='ocrx_word' id='word_1_185' title='bbox 822 1981 969 2014; x_wconf 81' lang='lat' dir='ltr'><em>reiterari</em></span> <span class='ocrx_word' id='word_1_186' title='bbox 1005 1993 1071 2015; x_wconf 92' lang='lat' dir='ltr'><em>non</em></span> 
     </span>
     <span class='ocr_line' id='line_1_36' title="bbox 331 2032 1071 2078; baseline 0.004 -13"><span class='ocrx_word' id='word_1_187' title='bbox 331 2042 440 2077; x_wconf 86' lang='lat' dir='ltr'><em>posse.</em></span> <span class='ocrx_word' id='word_1_188' title='bbox 468 2032 629 2076; x_wconf 85' lang='lat' dir='ltr'><em>Receptos</em></span> <span class='ocrx_word' id='word_1_189' title='bbox 655 2043 785 2077; x_wconf 82' lang='lat' dir='ltr'><em>quoqne</em></span> <span class='ocrx_word' id='word_1_190' title='bbox 819 2040 850 2067; x_wconf 88' lang='lat' dir='ltr'><em>et</em></span> <span class='ocrx_word' id='word_1_191' title='bbox 875 2035 1071 2078; x_wconf 85' lang='lat' dir='ltr'><em>approbatos</em></span> 
     </span>
     <span class='ocr_line' id='line_1_37' title="bbox 331 2085 1073 2131; baseline 0.005 -13"><span class='ocrx_word' id='word_1_192' title='bbox 331 2085 496 2119; x_wconf 82' lang='lat' dir='ltr'><em>Ecclesiae</em></span> <span class='ocrx_word' id='word_1_193' title='bbox 514 2085 701 2120; x_wconf 84' lang='lat' dir='ltr'><em>Catholicae</em></span> <span class='ocrx_word' id='word_1_194' title='bbox 718 2087 799 2120; x_wconf 80' lang='lat' dir='ltr'><em>ritus</em></span> <span class='ocrx_word' id='word_1_195' title='bbox 820 2087 853 2120; x_wconf 90' lang='lat' dir='ltr'><em>in</em></span> <span class='ocrx_word' id='word_1_196' title='bbox 874 2088 1073 2131; x_wconf 81' lang='lat' dir='ltr'><em>supradicto-</em></span> 
     </span>
     <span class='ocr_line' id='line_1_38' title="bbox 332 2139 1071 2175; baseline 0.004 -3"><span class='ocrx_word' id='word_1_197' title='bbox 332 2149 404 2172; x_wconf 89' lang='lat' dir='ltr'><em>rum</em></span> <span class='ocrx_word' id='word_1_198' title='bbox 439 2139 583 2172; x_wconf 91' lang='lat' dir='ltr'><em>omnium</em></span> <span class='ocrx_word' id='word_1_199' title='bbox 620 2145 897 2174; x_wconf 85' lang='lat' dir='ltr'><em>sacramentorum</em></span> <span class='ocrx_word' id='word_1_200' title='bbox 933 2143 1071 2175; x_wconf 82' lang='lat' dir='ltr'><em>solemni</em></span> 
     </span>
     <span class='ocr_line' id='line_1_39' title="bbox 334 2192 1073 2236; baseline 0.005 -12"><span class='ocrx_word' id='word_1_201' title='bbox 334 2192 614 2225; x_wconf 81' lang='lat' dir='ltr'><em>administratione</em></span> <span class='ocrx_word' id='word_1_202' title='bbox 627 2193 749 2236; x_wconf 85' lang='lat' dir='ltr'><em>recipio</em></span> <span class='ocrx_word' id='word_1_203' title='bbox 764 2199 795 2227; x_wconf 90' lang='lat' dir='ltr'><em>et</em></span> <span class='ocrx_word' id='word_1_204' title='bbox 808 2194 1073 2229; x_wconf 88' lang='lat' dir='ltr'><em>admitto.Omnia</em></span> 
     </span>
     <span class='ocr_line' id='line_1_40' title="bbox 335 2245 1074 2291; baseline 0.003 -12"><span class='ocrx_word' id='word_1_205' title='bbox 335 2250 368 2279; x_wconf 84' lang='lat' dir='ltr'><em>et</em></span> <span class='ocrx_word' id='word_1_206' title='bbox 383 2245 522 2288; x_wconf 80' lang='lat' dir='ltr'><em>singula,</em></span> <span class='ocrx_word' id='word_1_207' title='bbox 547 2256 630 2290; x_wconf 85' lang='lat' dir='ltr'><em>quae</em></span> <span class='ocrx_word' id='word_1_208' title='bbox 656 2247 695 2279; x_wconf 93' lang='lat' dir='ltr'><em>de</em></span> <span class='ocrx_word' id='word_1_209' title='bbox 719 2252 854 2290; x_wconf 84' lang='lat' dir='ltr'><em>peccato</em></span> <span class='ocrx_word' id='word_1_210' title='bbox 872 2249 1025 2291; x_wconf 80' lang='lat' dir='ltr'><em>originali</em></span> <span class='ocrx_word' id='word_1_211' title='bbox 1042 2254 1074 2282; x_wconf 89' lang='lat' dir='ltr'><em>ct</em></span> 
     </span>
     <span class='ocr_line' id='line_1_41' title="bbox 334 2299 1075 2335; baseline 0.003 -3"><span class='ocrx_word' id='word_1_212' title='bbox 334 2299 563 2333; x_wconf 80' lang='lat' dir='ltr'><em>iustificatione</em></span> <span class='ocrx_word' id='word_1_213' title='bbox 595 2300 628 2333; x_wconf 91' lang='lat' dir='ltr'><em>in</em></span> <span class='ocrx_word' id='word_1_214' title='bbox 659 2304 864 2334; x_wconf 76' lang='lat' dir='ltr'><em>sacrosancta</em></span> <span class='ocrx_word' id='word_1_215' title='bbox 888 2301 1075 2335; x_wconf 63' lang='lat' dir='ltr'><em>Tridentino</em></span> 
     </span>
     <span class='ocr_line' id='line_1_42' title="bbox 336 2352 1072 2397; baseline 0.003 -11"><span class='ocrx_word' id='word_1_216' title='bbox 336 2352 465 2397; x_wconf 77' lang='lat' dir='ltr'><em>Synodo</em></span> <span class='ocrx_word' id='word_1_217' title='bbox 502 2352 634 2386; x_wconf 82' lang='lat' dir='ltr'><em>definita</em></span> <span class='ocrx_word' id='word_1_218' title='bbox 669 2359 701 2387; x_wconf 89' lang='lat' dir='ltr'><em>et</em></span> <span class='ocrx_word' id='word_1_219' title='bbox 731 2354 894 2387; x_wconf 86' lang='lat' dir='ltr'><em>declarata</em></span> <span class='ocrx_word' id='word_1_220' title='bbox 929 2355 1072 2395; x_wconf 86' lang='lat' dir='ltr'><em>suerunt,</em></span> 
     </span>
    </p>
   </div>
   <div class='ocr_carea' id='block_1_6' title="bbox 1077 350 1099 2439">
    <p class='ocr_par' dir='ltr' id='par_1_7' title="bbox 1077 350 1099 2439">
     <span class='ocr_line' id='line_1_43' title="bbox 1077 350 1099 2439; baseline 0 0"><span class='ocrx_word' id='word_1_221' title='bbox 1077 350 1099 2439; x_wconf 95' lang='lat' dir='ltr'><em> </em></span> 
     </span>
    </p>
   </div>
   <div class='ocr_carea' id='block_1_7' title="bbox 338 2406 1076 2452">
    <p class='ocr_par' dir='ltr' id='par_1_8' title="bbox 338 2406 1076 2452">
     <span class='ocr_line' id='line_1_44' title="bbox 338 2406 1076 2452; baseline 0.001 -12"><span class='ocrx_word' id='word_1_222' title='bbox 338 2406 518 2450; x_wconf 86' lang='lat' dir='ltr'><em>amplector</em></span> <span class='ocrx_word' id='word_1_223' title='bbox 550 2410 581 2441; x_wconf 87' lang='grc'><em>01</em></span> <span class='ocrx_word' id='word_1_224' title='bbox 611 2408 747 2451; x_wconf 86' lang='lat' dir='ltr'><em>recipio.</em></span> <span class='ocrx_word' id='word_1_225' title='bbox 773 2407 931 2442; x_wconf 83' lang='lat' dir='ltr'><em>Profiteor</em></span> <span class='ocrx_word' id='word_1_226' title='bbox 955 2409 1076 2452; x_wconf 84' lang='lat' dir='ltr'><em>pariter</em></span> 
     </span>
    </p>
   </div>
   <div class='ocr_carea' id='block_1_8' title="bbox 339 2493 1076 2575">
    <p class='ocr_par' dir='ltr' id='par_1_9' title="bbox 339 2493 1076 2575">
     <span class='ocr_line' id='line_1_45' title="bbox 376 2493 1076 2531; baseline 0.004 -9"><span class='ocrx_word' id='word_1_227' title='bbox 376 2496 387 2522; x_wconf 84' lang='grc'><em>1</em></span> <span class='ocrx_word' id='word_1_228' title='bbox 411 2493 460 2521; x_wconf 78' lang='lat' dir='ltr'><em>Hic</em></span> <span class='ocrx_word' id='word_1_229' title='bbox 479 2494 597 2522; x_wconf 83' lang='lat' dir='ltr'><em>refertur</em></span> <span class='ocrx_word' id='word_1_230' title='bbox 612 2503 661 2531; x_wconf 90' lang='lat' dir='ltr'><em>per</em></span> <span class='ocrx_word' id='word_1_231' title='bbox 680 2500 821 2523; x_wconf 79' lang='lat' dir='ltr'><em>extensum</em></span> <span class='ocrx_word' id='word_1_232' title='bbox 841 2496 993 2531; x_wconf 74' lang='lat' dir='ltr'><em>symbolum</em></span> <span class='ocrx_word' id='word_1_233' title='bbox 1014 2497 1076 2525; x_wconf 84' lang='lat' dir='ltr'><em>fidei</em></span> 
     </span>
     <span class='ocr_line' id='line_1_46' title="bbox 339 2538 934 2575; baseline 0.005 -10"><span class='ocrx_word' id='word_1_234' title='bbox 339 2538 804 2575; x_wconf 66' lang='lat' dir='ltr'><em>nicaeno-Constantinopolitanum</em></span> <span class='ocrx_word' id='word_1_235' title='bbox 822 2542 864 2575; x_wconf 77' lang='grc'>(11.</span> <span class='ocrx_word' id='word_1_236' title='bbox 886 2544 934 2571; x_wconf 80' lang='grc'>1.).</span> 
     </span>
    </p>
   </div>
   <div class='ocr_carea' id='block_1_9' title="bbox 373 2583 1077 2621">
    <p class='ocr_par' dir='ltr' id='par_1_10' title="bbox 373 2583 1077 2621">
     <span class='ocr_line' id='line_1_47' title="bbox 373 2583 1077 2621; baseline 0.007 -12"><span class='ocrx_word' id='word_1_237' title='bbox 373 2583 390 2609; x_wconf 74' lang='grc'>2</span> <span class='ocrx_word' id='word_1_238' title='bbox 409 2583 476 2611; x_wconf 83' lang='lat' dir='ltr'><em>Male</em></span> <span class='ocrx_word' id='word_1_239' title='bbox 496 2583 561 2610; x_wconf 87' lang='lat' dir='ltr'><em>edit.</em></span> <span class='ocrx_word' id='word_1_240' title='bbox 578 2583 657 2610; x_wconf 82' lang='lat' dir='ltr'><em>Main.</em></span> <span class='ocrx_word' id='word_1_241' title='bbox 675 2584 740 2620; x_wconf 80' lang='lat' dir='ltr'><em>tegit</em></span> <span class='ocrx_word' id='word_1_242' title='bbox 757 2592 872 2612; x_wconf 80' lang='lat' dir='ltr'><em>sacram</em></span> <span class='ocrx_word' id='word_1_243' title='bbox 893 2586 1077 2621; x_wconf 63' lang='lat' dir='ltr'><em>Scriptum-am</em></span> 
     </span>
    </p>
   </div>
   <div class='ocr_carea' id='block_1_10' title="bbox 339 2628 443 2665">
    <p class='ocr_par' dir='ltr' id='par_1_11' title="bbox 339 2628 443 2665">
     <span class='ocr_line' id='line_1_48' title="bbox 339 2628 443 2665; baseline -0.01 -10"><span class='ocrx_word' id='word_1_244' title='bbox 339 2628 379 2665; x_wconf 81' lang='lat' dir='ltr'><em>(n.</em></span> <span class='ocrx_word' id='word_1_245' title='bbox 395 2628 443 2662; x_wconf 80' lang='grc'>1.).</span> 
     </span>
    </p>
   </div>
   <div class='ocr_carea' id='block_1_11' title="bbox 415 2682 971 2711">
    <p class='ocr_par' dir='ltr' id='par_1_12' title="bbox 415 2682 971 2711">
     <span class='ocr_line' id='line_1_49' title="bbox 415 2682 971 2711; baseline 0.002 -1"><span class='ocrx_word' id='word_1_246' title='bbox 415 2682 496 2710; x_wconf 77' lang='lat' dir='ltr'><em>Bulc.</em></span> <span class='ocrx_word' id='word_1_247' title='bbox 511 2682 592 2711; x_wconf 81' lang='lat' dir='ltr'><em>Rom.</em></span> <span class='ocrx_word' id='word_1_248' title='bbox 608 2697 641 2703; x_wconf 54' lang='grc' dir='ltr'><em>ν-</em></span> <span class='ocrx_word' id='word_1_249' title='bbox 662 2683 721 2711; x_wconf 78' lang='lat' dir='ltr'><em>Vol.</em></span> <span class='ocrx_word' id='word_1_250' title='bbox 736 2684 797 2711; x_wconf 85' lang='lat' dir='ltr'><em>XX.</em></span> <span class='ocrx_word' id='word_1_251' title='bbox 939 2685 971 2711; x_wconf 58' lang='lat' dir='ltr'><em>«tt</em></span> 
     </span>
    </p>
   </div>
   <div class='ocr_carea' id='block_1_12' title="bbox 1734 224 1789 256">
    <p class='ocr_par' dir='ltr' id='par_1_13' title="bbox 1734 224 1789 256">
     <span class='ocr_line' id='line_1_50' title="bbox 1734 224 1789 256; baseline 0.018 -1"><span class='ocrx_word' id='word_1_252' title='bbox 1734 225 1774 255; x_wconf 53' lang='lat'><em>:213</em></span> <span class='ocrx_word' id='word_1_253' title='bbox 1783 224 1789 256; x_wconf 95' lang='lat' dir='ltr'><em>l</em></span> 
     </span>
    </p>
   </div>
   <div class='ocr_carea' id='block_1_13' title="bbox 1099 332 1842 852">
    <p class='ocr_par' dir='ltr' id='par_1_14' title="bbox 1099 332 1842 852">
     <span class='ocr_line' id='line_1_51' title="bbox 1099 332 1836 376; baseline 0.001 -10"><span class='ocrx_word' id='word_1_254' title='bbox 1099 339 1129 366; x_wconf 85' lang='lat' dir='ltr'><em>et</em></span> <span class='ocrx_word' id='word_1_255' title='bbox 1154 334 1415 376; x_wconf 83' lang='lat' dir='ltr'><em>propitiatorium</em></span> <span class='ocrx_word' id='word_1_256' title='bbox 1442 332 1634 365; x_wconf 71' lang='lat' dir='ltr'><em>sacrificium</em></span> <span class='ocrx_word' id='word_1_257' title='bbox 1667 345 1726 376; x_wconf 85' lang='lat' dir='ltr'><em>pro</em></span> <span class='ocrx_word' id='word_1_258' title='bbox 1759 335 1836 367; x_wconf 70' lang='lat' dir='ltr'><em>viris</em></span> 
     </span>
     <span class='ocr_line' id='line_1_52' title="bbox 1100 386 1837 429; baseline 0 -11"><span class='ocrx_word' id='word_1_259' title='bbox 1100 392 1131 419; x_wconf 87' lang='grc'><em>01</em></span> <span class='ocrx_word' id='word_1_260' title='bbox 1158 387 1324 423; x_wconf 71' lang='lat' dir='ltr'><em>defunctis„</em></span> <span class='ocrx_word' id='word_1_261' title='bbox 1352 392 1447 429; x_wconf 67' lang='lat' dir='ltr'><em>atque</em></span> <span class='ocrx_word' id='word_1_262' title='bbox 1468 387 1520 418; x_wconf 70' lang='lat' dir='ltr'><em>SS.</em></span> <span class='ocrx_word' id='word_1_263' title='bbox 1541 386 1762 418; x_wconf 68' lang='lat' dir='ltr'><em>Eucharistiae</em></span> <span class='ocrx_word' id='word_1_264' title='bbox 1789 398 1837 419; x_wconf 84' lang='lat' dir='ltr'><em>sa-</em></span> 
     </span>
     <span class='ocr_line' id='line_1_53' title="bbox 1100 440 1837 478; baseline 0.001 -7"><span class='ocrx_word' id='word_1_265' title='bbox 1100 445 1266 472; x_wconf 85' lang='lat' dir='ltr'><em>cramento</em></span> <span class='ocrx_word' id='word_1_266' title='bbox 1293 450 1363 471; x_wconf 77' lang='grc'>0550</span> <span class='ocrx_word' id='word_1_267' title='bbox 1381 449 1467 478; x_wconf 61' lang='lat' dir='ltr'><em>vore,</em></span> <span class='ocrx_word' id='word_1_268' title='bbox 1489 440 1621 472; x_wconf 72' lang='lat' dir='ltr'><em>realiter</em></span> <span class='ocrx_word' id='word_1_269' title='bbox 1642 445 1671 471; x_wconf 84' lang='grc'><em>01</em></span> <span class='ocrx_word' id='word_1_270' title='bbox 1690 440 1837 472; x_wconf 72' lang='lat' dir='ltr'><em>substan-</em></span> 
     </span>
     <span class='ocr_line' id='line_1_54' title="bbox 1101 492 1837 534; baseline 0.003 -11"><span class='ocrx_word' id='word_1_271' title='bbox 1101 492 1220 525; x_wconf 83' lang='lat' dir='ltr'><em>tialiter</em></span> <span class='ocrx_word' id='word_1_272' title='bbox 1250 502 1368 534; x_wconf 80' lang='lat' dir='ltr'><em>corpus</em></span> <span class='ocrx_word' id='word_1_273' title='bbox 1394 498 1425 524; x_wconf 86' lang='lat' dir='ltr'><em>et</em></span> <span class='ocrx_word' id='word_1_274' title='bbox 1449 493 1639 533; x_wconf 65' lang='lat' dir='ltr'><em>sanguinem</em></span> <span class='ocrx_word' id='word_1_275' title='bbox 1670 495 1733 525; x_wconf 79' lang='lat' dir='ltr'><em>una</em></span> <span class='ocrx_word' id='word_1_276' title='bbox 1765 504 1837 525; x_wconf 83' lang='lat' dir='ltr'><em>cuin</em></span> 
     </span>
     <span class='ocr_line' id='line_1_55' title="bbox 1100 544 1837 578; baseline 0.003 -2"><span class='ocrx_word' id='word_1_277' title='bbox 1100 544 1204 576; x_wconf 68' lang='lat' dir='ltr'><em>anima</em></span> <span class='ocrx_word' id='word_1_278' title='bbox 1231 549 1260 576; x_wconf 82' lang='lat' dir='ltr'><em>et</em></span> <span class='ocrx_word' id='word_1_279' title='bbox 1287 544 1451 577; x_wconf 78' lang='lat' dir='ltr'><em>divinitate</em></span> <span class='ocrx_word' id='word_1_280' title='bbox 1489 545 1609 577; x_wconf 89' lang='lat' dir='ltr'><em>domini</em></span> <span class='ocrx_word' id='word_1_281' title='bbox 1642 545 1741 577; x_wconf 66' lang='lat' dir='ltr'><em>nostri</em></span> <span class='ocrx_word' id='word_1_282' title='bbox 1767 546 1837 578; x_wconf 86' lang='lat' dir='ltr'><em>lesu</em></span> 
     </span>
     <span class='ocr_line' id='line_1_56' title="bbox 1100 596 1839 640; baseline 0 -11"><span class='ocrx_word' id='word_1_283' title='bbox 1100 597 1237 635; x_wconf 84' lang='lat' dir='ltr'><em>Christi,</em></span> <span class='ocrx_word' id='word_1_284' title='bbox 1281 596 1413 640; x_wconf 77' lang='lat' dir='ltr'><em>fierique</em></span> <span class='ocrx_word' id='word_1_285' title='bbox 1453 598 1698 630; x_wconf 79' lang='lat' dir='ltr'><em>conversionem</em></span> <span class='ocrx_word' id='word_1_286' title='bbox 1745 599 1839 631; x_wconf 72' lang='lat' dir='ltr'><em>totius</em></span> 
     </span>
     <span class='ocr_line' id='line_1_57' title="bbox 1101 650 1840 693; baseline 0.003 -12"><span class='ocrx_word' id='word_1_287' title='bbox 1101 650 1299 683; x_wconf 83' lang='lat' dir='ltr'><em>substantiae</em></span> <span class='ocrx_word' id='word_1_288' title='bbox 1337 651 1430 693; x_wconf 80' lang='lat' dir='ltr'><em>panis</em></span> <span class='ocrx_word' id='word_1_289' title='bbox 1464 651 1494 682; x_wconf 91' lang='lat' dir='ltr'><em>in</em></span> <span class='ocrx_word' id='word_1_290' title='bbox 1532 662 1660 693; x_wconf 86' lang='lat' dir='ltr'><em>corpus,</em></span> <span class='ocrx_word' id='word_1_291' title='bbox 1686 656 1718 684; x_wconf 85' lang='lat' dir='ltr'><em>et</em></span> <span class='ocrx_word' id='word_1_292' title='bbox 1743 652 1840 684; x_wconf 83' lang='lat' dir='ltr'><em>totius</em></span> 
     </span>
     <span class='ocr_line' id='line_1_58' title="bbox 1101 704 1838 747; baseline 0.003 -12"><span class='ocrx_word' id='word_1_293' title='bbox 1101 704 1301 736; x_wconf 80' lang='lat' dir='ltr'><em>substantiae</em></span> <span class='ocrx_word' id='word_1_294' title='bbox 1338 704 1401 736; x_wconf 77' lang='lat' dir='ltr'><em>vini</em></span> <span class='ocrx_word' id='word_1_295' title='bbox 1438 704 1470 736; x_wconf 91' lang='lat' dir='ltr'><em>in</em></span> <span class='ocrx_word' id='word_1_296' title='bbox 1507 705 1711 746; x_wconf 78' lang='lat' dir='ltr'><em>sangninem,</em></span> <span class='ocrx_word' id='word_1_297' title='bbox 1745 716 1838 747; x_wconf 81' lang='lat' dir='ltr'><em>qnam</em></span> 
     </span>
     <span class='ocr_line' id='line_1_59' title="bbox 1101 756 1842 790; baseline 0.003 -3"><span class='ocrx_word' id='word_1_298' title='bbox 1101 756 1347 788; x_wconf 83' lang='lat' dir='ltr'><em>conversionem</em></span> <span class='ocrx_word' id='word_1_299' title='bbox 1373 756 1515 789; x_wconf 78' lang='lat' dir='ltr'><em>Ecclesia</em></span> <span class='ocrx_word' id='word_1_300' title='bbox 1543 757 1709 789; x_wconf 76' lang='lat' dir='ltr'><em>Catholica</em></span> <span class='ocrx_word' id='word_1_301' title='bbox 1738 758 1842 790; x_wconf 78' lang='lat' dir='ltr'><em>Tran-</em></span> 
     </span>
     <span class='ocr_line' id='line_1_60' title="bbox 1100 809 1840 852; baseline 0.003 -12"><span class='ocrx_word' id='word_1_302' title='bbox 1100 809 1405 841; x_wconf 59' lang='lat' dir='ltr'><em>suonamforamem</em></span> <span class='ocrx_word' id='word_1_303' title='bbox 1429 811 1583 852; x_wconf 82' lang='lat' dir='ltr'><em>appellat.</em></span> <span class='ocrx_word' id='word_1_304' title='bbox 1603 810 1718 842; x_wconf 82' lang='lat' dir='ltr'><em>Fateor</em></span> <span class='ocrx_word' id='word_1_305' title='bbox 1743 810 1840 842; x_wconf 84' lang='lat' dir='ltr'><em>etiam</em></span> 
     </span>
    </p>
   </div>
   <div class='ocr_carea' id='block_1_14' title="bbox 1081 863 1840 909">
    <p class='ocr_par' dir='ltr' id='par_1_15' title="bbox 1081 863 1840 909">
     <span class='ocr_line' id='line_1_61' title="bbox 1081 863 1840 909; baseline 0.001 -15"><span class='ocrx_word' id='word_1_306' title='bbox 1081 863 1160 909; x_wconf 85' lang='grc' dir='ltr'><em>Ι5111)</em></span> <span class='ocrx_word' id='word_1_307' title='bbox 1186 864 1286 895; x_wconf 69' lang='lat' dir='ltr'><em>altera</em></span> <span class='ocrx_word' id='word_1_308' title='bbox 1313 869 1434 896; x_wconf 86' lang='lat' dir='ltr'><em>tantum</em></span> <span class='ocrx_word' id='word_1_309' title='bbox 1466 864 1575 906; x_wconf 86' lang='lat' dir='ltr'><em>specie</em></span> <span class='ocrx_word' id='word_1_310' title='bbox 1607 869 1709 896; x_wconf 81' lang='lat' dir='ltr'><em>totum</em></span> <span class='ocrx_word' id='word_1_311' title='bbox 1744 869 1840 906; x_wconf 85' lang='lat' dir='ltr'><em>atque</em></span> 
     </span>
    </p>
   </div>
   <div class='ocr_carea' id='block_1_15' title="bbox 1103 916 1849 1757">
    <p class='ocr_par' dir='ltr' id='par_1_16' title="bbox 1103 916 1849 1757">
     <span class='ocr_line' id='line_1_62' title="bbox 1103 916 1843 960; baseline 0.001 -13"><span class='ocrx_word' id='word_1_312' title='bbox 1103 916 1263 958; x_wconf 72' lang='lat' dir='ltr'><em>integrum</em></span> <span class='ocrx_word' id='word_1_313' title='bbox 1282 916 1452 955; x_wconf 77' lang='lat' dir='ltr'><em>Christum,</em></span> <span class='ocrx_word' id='word_1_314' title='bbox 1472 927 1647 960; x_wconf 78' lang='lat' dir='ltr'><em>reinmque</em></span> <span class='ocrx_word' id='word_1_315' title='bbox 1667 927 1843 949; x_wconf 85' lang='lat' dir='ltr'><em>sacramen-</em></span> 
     </span>
     <span class='ocr_line' id='line_1_63' title="bbox 1103 969 1842 1012; baseline 0.001 -11"><span class='ocrx_word' id='word_1_316' title='bbox 1103 974 1169 1001; x_wconf 87' lang='lat' dir='ltr'><em>tum</em></span> <span class='ocrx_word' id='word_1_317' title='bbox 1187 969 1269 1001; x_wconf 87' lang='lat' dir='ltr'><em>sumi</em></span> <span class='ocrx_word' id='word_1_318' title='bbox 1287 975 1474 1002; x_wconf 72' lang='lat' dir='ltr'><em>constanter</em></span> <span class='ocrx_word' id='word_1_319' title='bbox 1493 976 1600 1002; x_wconf 81' lang='grc'>101100.</span> <span class='ocrx_word' id='word_1_320' title='bbox 1619 969 1842 1012; x_wconf 73' lang='lat' dir='ltr'><em>Purgatorium</em></span> 
     </span>
     <span class='ocr_line' id='line_1_64' title="bbox 1104 1019 1843 1065; baseline 0 -10"><span class='ocrx_word' id='word_1_321' title='bbox 1104 1033 1189 1061; x_wconf 82' lang='lat' dir='ltr'><em>esse,</em></span> <span class='ocrx_word' id='word_1_322' title='bbox 1227 1023 1416 1065; x_wconf 79' lang='lat' dir='ltr'><em>animusque</em></span> <span class='ocrx_word' id='word_1_323' title='bbox 1444 1023 1488 1055; x_wconf 86' lang='lat' dir='ltr'><em>ihi</em></span> <span class='ocrx_word' id='word_1_324' title='bbox 1515 1019 1662 1056; x_wconf 70' lang='lat' dir='ltr'><em>detentas</em></span> <span class='ocrx_word' id='word_1_325' title='bbox 1699 1023 1843 1056; x_wconf 77' lang='lat' dir='ltr'><em>fidelium</em></span> 
     </span>
     <span class='ocr_line' id='line_1_65' title="bbox 1104 1075 1844 1118; baseline 0.001 -11"><span class='ocrx_word' id='word_1_326' title='bbox 1104 1075 1266 1118; x_wconf 73' lang='lat' dir='ltr'><em>suffragiis</em></span> <span class='ocrx_word' id='word_1_327' title='bbox 1305 1076 1430 1115; x_wconf 84' lang='lat' dir='ltr'><em>curari;</em></span> <span class='ocrx_word' id='word_1_328' title='bbox 1463 1076 1615 1109; x_wconf 75' lang='lat' dir='ltr'><em>similiter</em></span> <span class='ocrx_word' id='word_1_329' title='bbox 1649 1082 1680 1109; x_wconf 84' lang='lat' dir='ltr'><em>et</em></span> <span class='ocrx_word' id='word_1_330' title='bbox 1709 1076 1844 1109; x_wconf 83' lang='lat' dir='ltr'><em>Sanctos</em></span> 
     </span>
     <span class='ocr_line' id='line_1_66' title="bbox 1103 1128 1843 1171; baseline 0 -11"><span class='ocrx_word' id='word_1_331' title='bbox 1103 1131 1166 1161; x_wconf 72' lang='lat' dir='ltr'><em>una</em></span> <span class='ocrx_word' id='word_1_332' title='bbox 1190 1139 1261 1160; x_wconf 84' lang='lat' dir='ltr'><em>cuin</em></span> <span class='ocrx_word' id='word_1_333' title='bbox 1286 1128 1414 1161; x_wconf 82' lang='lat' dir='ltr'><em>Christo</em></span> <span class='ocrx_word' id='word_1_334' title='bbox 1441 1134 1616 1171; x_wconf 75' lang='lat' dir='ltr'><em>regnantes</em></span> <span class='ocrx_word' id='word_1_335' title='bbox 1642 1129 1843 1162; x_wconf 81' lang='lat' dir='ltr'><em>venerandos</em></span> 
     </span>
     <span class='ocr_line' id='line_1_67' title="bbox 1105 1181 1843 1225; baseline -0.001 -11"><span class='ocrx_word' id='word_1_336' title='bbox 1105 1186 1202 1224; x_wconf 85' lang='lat' dir='ltr'><em>atque</em></span> <span class='ocrx_word' id='word_1_337' title='bbox 1221 1181 1419 1215; x_wconf 81' lang='lat' dir='ltr'><em>invocandos</em></span> <span class='ocrx_word' id='word_1_338' title='bbox 1440 1192 1523 1222; x_wconf 82' lang='lat' dir='ltr'><em>esse,</em></span> <span class='ocrx_word' id='word_1_339' title='bbox 1540 1192 1662 1225; x_wconf 80' lang='lat' dir='ltr'><em>cosque</em></span> <span class='ocrx_word' id='word_1_340' title='bbox 1680 1182 1843 1215; x_wconf 83' lang='lat' dir='ltr'><em>orationes</em></span> 
     </span>
     <span class='ocr_line' id='line_1_68' title="bbox 1105 1235 1846 1278; baseline 0 -11"><span class='ocrx_word' id='word_1_341' title='bbox 1105 1235 1168 1267; x_wconf 80' lang='lat' dir='ltr'><em>Deo</em></span> <span class='ocrx_word' id='word_1_342' title='bbox 1194 1245 1253 1277; x_wconf 87' lang='lat' dir='ltr'><em>pro</em></span> <span class='ocrx_word' id='word_1_343' title='bbox 1278 1235 1372 1267; x_wconf 81' lang='lat' dir='ltr'><em>nobis</em></span> <span class='ocrx_word' id='word_1_344' title='bbox 1398 1235 1524 1275; x_wconf 75' lang='lat' dir='ltr'><em>oll&#39;errc,</em></span> <span class='ocrx_word' id='word_1_345' title='bbox 1543 1241 1639 1278; x_wconf 84' lang='lat' dir='ltr'><em>atque</em></span> <span class='ocrx_word' id='word_1_346' title='bbox 1659 1246 1771 1268; x_wconf 85' lang='grc'>00111111</span> <span class='ocrx_word' id='word_1_347' title='bbox 1797 1246 1846 1268; x_wconf 85' lang='grc'><em>10-</em></span> 
     </span>
     <span class='ocr_line' id='line_1_69' title="bbox 1104 1288 1844 1330; baseline 0 -9"><span class='ocrx_word' id='word_1_348' title='bbox 1104 1288 1222 1330; x_wconf 84' lang='lat' dir='ltr'><em>liqnias</em></span> <span class='ocrx_word' id='word_1_349' title='bbox 1249 1298 1317 1321; x_wconf 82' lang='grc'>0550</span> <span class='ocrx_word' id='word_1_350' title='bbox 1344 1289 1544 1321; x_wconf 80' lang='lat' dir='ltr'><em>venerandas</em></span> <span class='ocrx_word' id='word_1_351' title='bbox 1566 1289 1700 1321; x_wconf 82' lang='grc'>1111111101</span> <span class='ocrx_word' id='word_1_352' title='bbox 1716 1300 1844 1322; x_wconf 84' lang='lat' dir='ltr'><em>assero.</em></span> 
     </span>
     <span class='ocr_line' id='line_1_70' title="bbox 1106 1340 1846 1384; baseline 0.001 -11"><span class='ocrx_word' id='word_1_353' title='bbox 1106 1341 1265 1383; x_wconf 71' lang='lat' dir='ltr'><em>Imagines</em></span> <span class='ocrx_word' id='word_1_354' title='bbox 1302 1340 1419 1373; x_wconf 84' lang='lat' dir='ltr'><em>Christi</em></span> <span class='ocrx_word' id='word_1_355' title='bbox 1457 1346 1487 1374; x_wconf 91' lang='lat' dir='ltr'><em>et</em></span> <span class='ocrx_word' id='word_1_356' title='bbox 1524 1342 1679 1384; x_wconf 78' lang='lat' dir='ltr'><em>Dciparae</em></span> <span class='ocrx_word' id='word_1_357' title='bbox 1717 1352 1846 1384; x_wconf 83' lang='lat' dir='ltr'><em>semper</em></span> 
     </span>
     <span class='ocr_line' id='line_1_71' title="bbox 1106 1394 1846 1436; baseline 0.001 -11"><span class='ocrx_word' id='word_1_358' title='bbox 1106 1394 1258 1436; x_wconf 69' lang='lat' dir='ltr'><em>Virginis,</em></span> <span class='ocrx_word' id='word_1_359' title='bbox 1278 1404 1405 1426; x_wconf 84' lang='lat' dir='ltr'><em>necnon</em></span> <span class='ocrx_word' id='word_1_360' title='bbox 1424 1395 1562 1427; x_wconf 86' lang='lat' dir='ltr'><em>aliorum</em></span> <span class='ocrx_word' id='word_1_361' title='bbox 1580 1394 1770 1427; x_wconf 85' lang='lat' dir='ltr'><em>Sanctorum</em></span> <span class='ocrx_word' id='word_1_362' title='bbox 1789 1396 1846 1427; x_wconf 89' lang='lat' dir='ltr'><em>ha-</em></span> 
     </span>
     <span class='ocr_line' id='line_1_72' title="bbox 1107 1447 1846 1490; baseline 0 -11"><span class='ocrx_word' id='word_1_363' title='bbox 1107 1447 1230 1480; x_wconf 86' lang='lat' dir='ltr'><em>bendas</em></span> <span class='ocrx_word' id='word_1_364' title='bbox 1267 1452 1299 1479; x_wconf 90' lang='lat' dir='ltr'><em>et</em></span> <span class='ocrx_word' id='word_1_365' title='bbox 1331 1447 1519 1480; x_wconf 82' lang='lat' dir='ltr'><em>retinendas</em></span> <span class='ocrx_word' id='word_1_366' title='bbox 1544 1457 1636 1487; x_wconf 87' lang='grc'>0550,</span> <span class='ocrx_word' id='word_1_367' title='bbox 1669 1453 1763 1490; x_wconf 77' lang='lat' dir='ltr'><em>atque</em></span> <span class='ocrx_word' id='word_1_368' title='bbox 1800 1448 1846 1480; x_wconf 86' lang='lat' dir='ltr'><em>eis</em></span> 
     </span>
     <span class='ocr_line' id='line_1_73' title="bbox 1108 1501 1846 1543; baseline 0 -10"><span class='ocrx_word' id='word_1_369' title='bbox 1108 1501 1253 1533; x_wconf 84' lang='lat' dir='ltr'><em>debitum</em></span> <span class='ocrx_word' id='word_1_370' title='bbox 1287 1501 1446 1534; x_wconf 84' lang='lat' dir='ltr'><em>honorem</em></span> <span class='ocrx_word' id='word_1_371' title='bbox 1479 1507 1575 1543; x_wconf 79' lang='lat' dir='ltr'><em>atque</em></span> <span class='ocrx_word' id='word_1_372' title='bbox 1600 1501 1846 1534; x_wconf 82' lang='lat' dir='ltr'><em>venerationem</em></span> 
     </span>
     <span class='ocr_line' id='line_1_74' title="bbox 1108 1554 1847 1598; baseline -0.001 -11"><span class='ocrx_word' id='word_1_373' title='bbox 1108 1554 1381 1598; x_wconf 81' lang='lat' dir='ltr'><em>impertiendam.</em></span> <span class='ocrx_word' id='word_1_374' title='bbox 1423 1554 1701 1596; x_wconf 64' lang='lat' dir='ltr'><em>indulgentiarum</em></span> <span class='ocrx_word' id='word_1_375' title='bbox 1751 1555 1847 1586; x_wconf 82' lang='lat' dir='ltr'><em>etiam</em></span> 
     </span>
     <span class='ocr_line' id='line_1_75' title="bbox 1108 1607 1848 1650; baseline 0 -11"><span class='ocrx_word' id='word_1_376' title='bbox 1108 1613 1302 1650; x_wconf 82' lang='lat' dir='ltr'><em>potestatem</em></span> <span class='ocrx_word' id='word_1_377' title='bbox 1321 1619 1338 1640; x_wconf 87' lang='lat' dir='ltr'><em>a</em></span> <span class='ocrx_word' id='word_1_378' title='bbox 1351 1608 1476 1641; x_wconf 88' lang='lat' dir='ltr'><em>Christo</em></span> <span class='ocrx_word' id='word_1_379' title='bbox 1495 1609 1527 1640; x_wconf 89' lang='lat' dir='ltr'><em>in</em></span> <span class='ocrx_word' id='word_1_380' title='bbox 1542 1607 1684 1640; x_wconf 77' lang='lat' dir='ltr'><em>Ecclesia</em></span> <span class='ocrx_word' id='word_1_381' title='bbox 1701 1607 1848 1640; x_wconf 85' lang='lat' dir='ltr'><em>relictam</em></span> 
     </span>
     <span class='ocr_line' id='line_1_76' title="bbox 1110 1660 1849 1704; baseline -0.001 -11"><span class='ocrx_word' id='word_1_382' title='bbox 1110 1661 1217 1701; x_wconf 77' lang='lat' dir='ltr'><em>fuisse,</em></span> <span class='ocrx_word' id='word_1_383' title='bbox 1242 1661 1434 1704; x_wconf 87' lang='lat' dir='ltr'><em>illarumque</em></span> <span class='ocrx_word' id='word_1_384' title='bbox 1462 1671 1555 1693; x_wconf 91' lang='lat' dir='ltr'><em>usum</em></span> <span class='ocrx_word' id='word_1_385' title='bbox 1581 1660 1762 1693; x_wconf 88' lang='lat' dir='ltr'><em>christiano</em></span> <span class='ocrx_word' id='word_1_386' title='bbox 1791 1670 1849 1703; x_wconf 89' lang='lat' dir='ltr'><em>po-</em></span> 
     </span>
     <span class='ocr_line' id='line_1_77' title="bbox 1110 1713 1845 1757; baseline -0.003 -11"><span class='ocrx_word' id='word_1_387' title='bbox 1110 1716 1187 1757; x_wconf 92' lang='lat' dir='ltr'><em>pulo</em></span> <span class='ocrx_word' id='word_1_388' title='bbox 1220 1715 1357 1747; x_wconf 74' lang='lat' dir='ltr'><em>maxime</em></span> <span class='ocrx_word' id='word_1_389' title='bbox 1393 1715 1567 1747; x_wconf 83' lang='lat' dir='ltr'><em>salutarem</em></span> <span class='ocrx_word' id='word_1_390' title='bbox 1605 1724 1674 1746; x_wconf 86' lang='lat' dir='ltr'><em>esse</em></span> <span class='ocrx_word' id='word_1_391' title='bbox 1707 1713 1845 1746; x_wconf 82' lang='lat' dir='ltr'><em>affirmo.</em></span> 
     </span>
    </p>
   </div>
   <div class='ocr_carea' id='block_1_16' title="bbox 1088 1766 1850 1812">
    <p class='ocr_par' dir='ltr' id='par_1_17' title="bbox 1088 1766 1850 1812">
     <span class='ocr_line' id='line_1_78' title="bbox 1088 1766 1850 1812; baseline -0.004 -12"><span class='ocrx_word' id='word_1_392' title='bbox 1088 1803 1089 1812; x_wconf 22' lang='lat'>¹</span> <span class='ocrx_word' id='word_1_393' title='bbox 1110 1767 1270 1807; x_wconf 85' lang='lat' dir='ltr'><em>Sanctam,</em></span> <span class='ocrx_word' id='word_1_394' title='bbox 1290 1767 1486 1800; x_wconf 81' lang='lat' dir='ltr'><em>catholicam</em></span> <span class='ocrx_word' id='word_1_395' title='bbox 1507 1772 1537 1799; x_wconf 77' lang='lat' dir='ltr'><em>et</em></span> <span class='ocrx_word' id='word_1_396' title='bbox 1554 1766 1764 1810; x_wconf 83' lang='lat' dir='ltr'><em>apostolicam</em></span> <span class='ocrx_word' id='word_1_397' title='bbox 1787 1766 1850 1798; x_wconf 77' lang='lat' dir='ltr'><em>Ro·</em></span> 
     </span>
    </p>
   </div>
   <div class='ocr_carea' id='block_1_17' title="bbox 1110 1819 1858 2667">
    <p class='ocr_par' dir='ltr' id='par_1_18' title="bbox 1110 1819 1858 2667">
     <span class='ocr_line' id='line_1_79' title="bbox 1110 1819 1850 1853; baseline -0.003 -1"><span class='ocrx_word' id='word_1_398' title='bbox 1110 1831 1237 1853; x_wconf 85' lang='lat' dir='ltr'><em>manam</em></span> <span class='ocrx_word' id='word_1_399' title='bbox 1262 1820 1436 1853; x_wconf 63' lang='lat' dir='ltr'><em>Ecclesiam</em></span> <span class='ocrx_word' id='word_1_400' title='bbox 1471 1819 1614 1853; x_wconf 89' lang='lat' dir='ltr'><em>omnium</em></span> <span class='ocrx_word' id='word_1_401' title='bbox 1641 1819 1850 1852; x_wconf 78' lang='lat' dir='ltr'><em>ecclesiarum</em></span> 
     </span>
     <span class='ocr_line' id='line_1_80' title="bbox 1111 1870 1851 1915; baseline -0.004 -10"><span class='ocrx_word' id='word_1_402' title='bbox 1111 1878 1245 1906; x_wconf 85' lang='lat' dir='ltr'><em>matrem</em></span> <span class='ocrx_word' id='word_1_403' title='bbox 1271 1879 1302 1905; x_wconf 87' lang='lat' dir='ltr'><em>et</em></span> <span class='ocrx_word' id='word_1_404' title='bbox 1319 1873 1503 1915; x_wconf 75' lang='lat' dir='ltr'><em>magistram</em></span> <span class='ocrx_word' id='word_1_405' title='bbox 1524 1882 1673 1914; x_wconf 71' lang='lat' dir='ltr'><em>agnosco,</em></span> <span class='ocrx_word' id='word_1_406' title='bbox 1692 1870 1851 1903; x_wconf 84' lang='lat' dir='ltr'><em>Romano-</em></span> 
     </span>
     <span class='ocr_line' id='line_1_81' title="bbox 1112 1925 1850 1970; baseline -0.003 -12"><span class='ocrx_word' id='word_1_407' title='bbox 1112 1937 1173 1970; x_wconf 87' lang='lat' dir='ltr'><em>que</em></span> <span class='ocrx_word' id='word_1_408' title='bbox 1204 1926 1367 1965; x_wconf 76' lang='lat' dir='ltr'><em>Pontifici,</em></span> <span class='ocrx_word' id='word_1_409' title='bbox 1394 1925 1479 1958; x_wconf 88' lang='lat' dir='ltr'><em>beati</em></span> <span class='ocrx_word' id='word_1_410' title='bbox 1502 1925 1588 1958; x_wconf 80' lang='lat' dir='ltr'><em>Petri</em></span> <span class='ocrx_word' id='word_1_411' title='bbox 1620 1925 1850 1967; x_wconf 81' lang='lat' dir='ltr'><em>Apostolorum</em></span> 
     </span>
     <span class='ocr_line' id='line_1_82' title="bbox 1113 1977 1851 2023; baseline -0.005 -11"><span class='ocrx_word' id='word_1_412' title='bbox 1113 1980 1271 2023; x_wconf 79' lang='lat' dir='ltr'><em>Principis</em></span> <span class='ocrx_word' id='word_1_413' title='bbox 1297 1979 1487 2018; x_wconf 71' lang='lat' dir='ltr'><em>successori,</em></span> <span class='ocrx_word' id='word_1_414' title='bbox 1513 1990 1549 2011; x_wconf 85' lang='lat' dir='ltr'><em>ac</em></span> <span class='ocrx_word' id='word_1_415' title='bbox 1569 1979 1638 2010; x_wconf 86' lang='lat' dir='ltr'><em>lesu</em></span> <span class='ocrx_word' id='word_1_416' title='bbox 1663 1977 1782 2010; x_wconf 88' lang='lat' dir='ltr'><em>Christi</em></span> <span class='ocrx_word' id='word_1_417' title='bbox 1806 1977 1851 2008; x_wconf 84' lang='lat' dir='ltr'><em>vi-</em></span> 
     </span>
     <span class='ocr_line' id='line_1_83' title="bbox 1113 2030 1852 2074; baseline -0.007 -8"><span class='ocrx_word' id='word_1_418' title='bbox 1113 2034 1219 2073; x_wconf 88' lang='lat' dir='ltr'><em>cario,</em></span> <span class='ocrx_word' id='word_1_419' title='bbox 1244 2043 1353 2066; x_wconf 77' lang='lat' dir='ltr'><em>veram</em></span> <span class='ocrx_word' id='word_1_420' title='bbox 1377 2032 1596 2065; x_wconf 80' lang='lat' dir='ltr'><em>obedientiam</em></span> <span class='ocrx_word' id='word_1_421' title='bbox 1634 2030 1782 2074; x_wconf 88' lang='lat' dir='ltr'><em>spondeo</em></span> <span class='ocrx_word' id='word_1_422' title='bbox 1816 2039 1852 2061; x_wconf 87' lang='lat' dir='ltr'><em>ac</em></span> 
     </span>
     <span class='ocr_line' id='line_1_84' title="bbox 1113 2083 1852 2120; baseline -0.007 -1"><span class='ocrx_word' id='word_1_423' title='bbox 1113 2087 1196 2120; x_wconf 88' lang='lat' dir='ltr'><em>iuro.</em></span> <span class='ocrx_word' id='word_1_424' title='bbox 1221 2086 1335 2119; x_wconf 84' lang='lat' dir='ltr'><em>Cetera</em></span> <span class='ocrx_word' id='word_1_425' title='bbox 1362 2086 1439 2118; x_wconf 78' lang='lat' dir='ltr'><em>item</em></span> <span class='ocrx_word' id='word_1_426' title='bbox 1462 2085 1570 2118; x_wconf 90' lang='lat' dir='ltr'><em>omnia</em></span> <span class='ocrx_word' id='word_1_427' title='bbox 1594 2095 1611 2117; x_wconf 93' lang='lat' dir='ltr'><em>a</em></span> <span class='ocrx_word' id='word_1_428' title='bbox 1636 2083 1735 2116; x_wconf 89' lang='lat' dir='ltr'><em>sacris</em></span> <span class='ocrx_word' id='word_1_429' title='bbox 1759 2092 1852 2115; x_wconf 86' lang='lat' dir='ltr'><em>cano-</em></span> 
     </span>
     <span class='ocr_line' id='line_1_85' title="bbox 1113 2137 1853 2177; baseline -0.009 -4"><span class='ocrx_word' id='word_1_430' title='bbox 1113 2140 1207 2173; x_wconf 82' lang='lat' dir='ltr'><em>nibus</em></span> <span class='ocrx_word' id='word_1_431' title='bbox 1233 2146 1264 2172; x_wconf 90' lang='lat' dir='ltr'><em>et</em></span> <span class='ocrx_word' id='word_1_432' title='bbox 1288 2139 1504 2172; x_wconf 80' lang='lat' dir='ltr'><em>oecumenicis</em></span> <span class='ocrx_word' id='word_1_433' title='bbox 1530 2137 1688 2174; x_wconf 79' lang='lat' dir='ltr'><em>conciliis,</em></span> <span class='ocrx_word' id='word_1_434' title='bbox 1707 2145 1742 2168; x_wconf 87' lang='lat' dir='ltr'><em>ac</em></span> <span class='ocrx_word' id='word_1_435' title='bbox 1762 2145 1853 2177; x_wconf 86' lang='lat' dir='ltr'><em>prae-</em></span> 
     </span>
     <span class='ocr_line' id='line_1_86' title="bbox 1114 2188 1853 2237; baseline -0.008 -11"><span class='ocrx_word' id='word_1_436' title='bbox 1114 2194 1205 2237; x_wconf 85' lang='lat' dir='ltr'><em>cipue</em></span> <span class='ocrx_word' id='word_1_437' title='bbox 1232 2204 1249 2226; x_wconf 85' lang='lat' dir='ltr'><em>a</em></span> <span class='ocrx_word' id='word_1_438' title='bbox 1273 2193 1479 2226; x_wconf 79' lang='lat' dir='ltr'><em>sacrosancta</em></span> <span class='ocrx_word' id='word_1_439' title='bbox 1504 2191 1632 2234; x_wconf 73' lang='lat' dir='ltr'><em>Synodo</em></span> <span class='ocrx_word' id='word_1_440' title='bbox 1664 2188 1853 2221; x_wconf 83' lang='lat' dir='ltr'><em>Tridentina</em></span> 
     </span>
     <span class='ocr_line' id='line_1_87' title="bbox 1117 2242 1854 2287; baseline -0.014 -5"><span class='ocrx_word' id='word_1_441' title='bbox 1117 2249 1240 2287; x_wconf 86' lang='lat' dir='ltr'><em>tradita,</em></span> <span class='ocrx_word' id='word_1_442' title='bbox 1267 2246 1397 2280; x_wconf 80' lang='lat' dir='ltr'><em>definita</em></span> <span class='ocrx_word' id='word_1_443' title='bbox 1422 2251 1453 2278; x_wconf 85' lang='lat' dir='ltr'><em>et</em></span> <span class='ocrx_word' id='word_1_444' title='bbox 1478 2245 1642 2278; x_wconf 84' lang='lat' dir='ltr'><em>declarata</em></span> <span class='ocrx_word' id='word_1_445' title='bbox 1667 2242 1854 2275; x_wconf 87' lang='lat' dir='ltr'><em>indubitan-</em></span> 
     </span>
     <span class='ocr_line' id='line_1_88' title="bbox 1117 2296 1853 2344; baseline -0.01 -9"><span class='ocrx_word' id='word_1_446' title='bbox 1117 2309 1165 2335; x_wconf 87' lang='lat' dir='ltr'><em>ter</em></span> <span class='ocrx_word' id='word_1_447' title='bbox 1199 2301 1322 2344; x_wconf 87' lang='lat' dir='ltr'><em>recipio</em></span> <span class='ocrx_word' id='word_1_448' title='bbox 1359 2305 1453 2343; x_wconf 86' lang='lat' dir='ltr'><em>atque</em></span> <span class='ocrx_word' id='word_1_449' title='bbox 1490 2297 1656 2342; x_wconf 80' lang='lat' dir='ltr'><em>profiteor,</em></span> <span class='ocrx_word' id='word_1_450' title='bbox 1688 2296 1853 2338; x_wconf 86' lang='lat' dir='ltr'><em>simulque</em></span> 
     </span>
     <span class='ocr_line' id='line_1_89' title="bbox 1117 2352 1856 2395; baseline -0.011 -6"><span class='ocrx_word' id='word_1_451' title='bbox 1117 2355 1279 2389; x_wconf 84' lang='lat' dir='ltr'><em>contraria</em></span> <span class='ocrx_word' id='word_1_452' title='bbox 1317 2354 1425 2387; x_wconf 86' lang='lat' dir='ltr'><em>omnia</em></span> <span class='ocrx_word' id='word_1_453' title='bbox 1462 2358 1557 2395; x_wconf 84' lang='lat' dir='ltr'><em>atque</em></span> <span class='ocrx_word' id='word_1_454' title='bbox 1584 2352 1735 2384; x_wconf 84' lang='lat' dir='ltr'><em>haereses</em></span> <span class='ocrx_word' id='word_1_455' title='bbox 1761 2359 1856 2392; x_wconf 87' lang='lat' dir='ltr'><em>quas-</em></span> 
     </span>
     <span class='ocr_line' id='line_1_90' title="bbox 1117 2404 1855 2452; baseline -0.011 -10"><span class='ocrx_word' id='word_1_456' title='bbox 1117 2419 1255 2452; x_wconf 85' lang='lat' dir='ltr'><em>cumque</em></span> <span class='ocrx_word' id='word_1_457' title='bbox 1281 2408 1320 2440; x_wconf 86' lang='lat' dir='ltr'><em>ab</em></span> <span class='ocrx_word' id='word_1_458' title='bbox 1345 2407 1490 2439; x_wconf 81' lang='lat' dir='ltr'><em>Ecclesia</em></span> <span class='ocrx_word' id='word_1_459' title='bbox 1515 2406 1691 2443; x_wconf 85' lang='lat' dir='ltr'><em>damnatas,</em></span> <span class='ocrx_word' id='word_1_460' title='bbox 1718 2404 1855 2436; x_wconf 83' lang='lat' dir='ltr'><em>reiectas</em></span> 
     </span>
     <span class='ocr_line' id='line_1_91' title="bbox 1118 2457 1853 2501; baseline -0.012 -5"><span class='ocrx_word' id='word_1_461' title='bbox 1118 2468 1149 2496; x_wconf 88' lang='lat' dir='ltr'><em>et</em></span> <span class='ocrx_word' id='word_1_462' title='bbox 1173 2460 1458 2495; x_wconf 85' lang='lat' dir='ltr'><em>anathematizatas</em></span> <span class='ocrx_word' id='word_1_463' title='bbox 1484 2468 1542 2501; x_wconf 76' lang='lat' dir='ltr'><em>ego</em></span> <span class='ocrx_word' id='word_1_464' title='bbox 1574 2458 1696 2501; x_wconf 86' lang='lat' dir='ltr'><em>pariter</em></span> <span class='ocrx_word' id='word_1_465' title='bbox 1725 2457 1853 2495; x_wconf 84' lang='lat' dir='ltr'><em>damno,</em></span> 
     </span>
     <span class='ocr_line' id='line_1_92' title="bbox 1119 2513 1858 2550; baseline -0.011 0"><span class='ocrx_word' id='word_1_466' title='bbox 1119 2517 1230 2550; x_wconf 89' lang='lat' dir='ltr'><em>reiicio</em></span> <span class='ocrx_word' id='word_1_467' title='bbox 1267 2521 1299 2550; x_wconf 88' lang='grc'><em>01</em></span> <span class='ocrx_word' id='word_1_468' title='bbox 1333 2514 1585 2548; x_wconf 86' lang='lat' dir='ltr'><em>anathematizo.</em></span> <span class='ocrx_word' id='word_1_469' title='bbox 1623 2513 1712 2545; x_wconf 87' lang='lat' dir='ltr'><em>Hanc</em></span> <span class='ocrx_word' id='word_1_470' title='bbox 1747 2520 1858 2544; x_wconf 85' lang='lat' dir='ltr'><em>veram</em></span> 
     </span>
     <span class='ocr_line' id='line_1_93' title="bbox 1120 2564 1857 2611; baseline -0.009 -8"><span class='ocrx_word' id='word_1_471' title='bbox 1120 2570 1316 2603; x_wconf 85' lang='lat' dir='ltr'><em>catholicam</em></span> <span class='ocrx_word' id='word_1_472' title='bbox 1334 2567 1443 2608; x_wconf 81' lang='lat' dir='ltr'><em>iidem,</em></span> <span class='ocrx_word' id='word_1_473' title='bbox 1464 2573 1552 2601; x_wconf 82' lang='lat' dir='ltr'><em>extra</em></span> <span class='ocrx_word' id='word_1_474' title='bbox 1571 2577 1664 2611; x_wconf 88' lang='lat' dir='ltr'><em>quam</em></span> <span class='ocrx_word' id='word_1_475' title='bbox 1684 2576 1780 2599; x_wconf 85' lang='lat' dir='ltr'><em>nemo</em></span> <span class='ocrx_word' id='word_1_476' title='bbox 1798 2564 1857 2597; x_wconf 87' lang='lat' dir='ltr'><em>sal-</em></span> 
     </span>
     <span class='ocr_line' id='line_1_94' title="bbox 1120 2620 1858 2667; baseline -0.007 -11"><span class='ocrx_word' id='word_1_477' title='bbox 1120 2633 1176 2656; x_wconf 89' lang='lat' dir='ltr'><em>vus</em></span> <span class='ocrx_word' id='word_1_478' title='bbox 1195 2633 1264 2656; x_wconf 87' lang='lat' dir='ltr'><em>esse</em></span> <span class='ocrx_word' id='word_1_479' title='bbox 1280 2627 1400 2667; x_wconf 85' lang='lat' dir='ltr'><em>potest,</em></span> <span class='ocrx_word' id='word_1_480' title='bbox 1418 2632 1513 2666; x_wconf 83' lang='lat' dir='ltr'><em>quam</em></span> <span class='ocrx_word' id='word_1_481' title='bbox 1532 2622 1564 2654; x_wconf 94' lang='lat' dir='ltr'><em>in</em></span> <span class='ocrx_word' id='word_1_482' title='bbox 1582 2620 1748 2665; x_wconf 84' lang='lat' dir='ltr'><em>praesenti</em></span> <span class='ocrx_word' id='word_1_483' title='bbox 1766 2628 1858 2662; x_wconf 85' lang='lat' dir='ltr'><em>spon-</em></span> 
     </span>
    </p>
   </div>
   <div class='ocr_carea' id='block_1_18' title="bbox 1843 231 2020 258">
    <p class='ocr_par' dir='ltr' id='par_1_19' title="bbox 1843 231 2020 258">
     <span class='ocr_line' id='line_1_95' title="bbox 1843 231 2020 258; baseline -0.006 0"><span class='ocrx_word' id='word_1_484' title='bbox 1843 234 1890 258; x_wconf 64' lang='lat' dir='ltr'><em>An,</em></span> <span class='ocrx_word' id='word_1_485' title='bbox 1913 232 1940 258; x_wconf 84' lang='lat' dir='ltr'><em>C.</em></span> <span class='ocrx_word' id='word_1_486' title='bbox 1960 231 2020 257; x_wconf 68' lang='lat' dir='ltr'><em>tom</em></span> 
     </span>
    </p>
   </div>
   <div class='ocr_carea' id='block_1_19' title="bbox 1078 280 1883 324">
    <p class='ocr_par' dir='ltr' id='par_1_20' title="bbox 1078 280 1883 324">
     <span class='ocr_line' id='line_1_96' title="bbox 1078 280 1883 324; baseline 0 -11"><span class='ocrx_word' id='word_1_487' title='bbox 1078 302 1079 306; x_wconf 64' lang='lat'><em>=</em></span> <span class='ocrx_word' id='word_1_488' title='bbox 1099 282 1130 313; x_wconf 86' lang='lat' dir='ltr'><em>in</em></span> <span class='ocrx_word' id='word_1_489' title='bbox 1151 281 1245 313; x_wconf 76' lang='lat' dir='ltr'><em>inissa</em></span> <span class='ocrx_word' id='word_1_490' title='bbox 1265 280 1373 313; x_wconf 58' lang='lat' dir='ltr'><em>olli-rri</em></span> <span class='ocrx_word' id='word_1_491' title='bbox 1400 280 1464 313; x_wconf 62' lang='lat' dir='ltr'><em>noo</em></span> <span class='ocrx_word' id='word_1_492' title='bbox 1482 291 1591 312; x_wconf 80' lang='lat' dir='ltr'><em>verum</em></span> <span class='ocrx_word' id='word_1_493' title='bbox 1617 286 1646 313; x_wconf 80' lang='lat' dir='ltr'><em>et</em></span> <span class='ocrx_word' id='word_1_494' title='bbox 1669 282 1836 324; x_wconf 77' lang='lat' dir='ltr'><em>proprium</em></span> <span class='ocrx_word' id='word_1_495' title='bbox 1881 295 1883 298; x_wconf 62' lang='grc'>’</span> 
     </span>
    </p>
   </div>
  </div>
 </body>
</html>
