2227 3225
102 239 153 267 An.
175 239 204 266 C.
228 239 295 267 ¹689

138 1517 258 1539 Clausiuao,

143 2358 298 2379 Contrariorum

115 2385 235 2410 detufianu.

298 286 383 327 t'ecit,
407 287 478 331 ipse
511 286 699 330 praemissa,
727 297 791 330 quo
817 285 938 319 firmius
964 287 1039 319 sub-

296 341 412 374 sistant
432 346 463 374 et
481 346 651 374 serventur
668 341 820 381 exactius,
839 340 1037 384 apostolicae

297 394 553 427 confirmationis
588 400 718 427 nostrae
744 393 926 437 patrocinio
951 404 1039 426 com-

297 447 414 480 muniri
429 458 635 490 summopere
654 447 832 480 desideret:
852 457 922 485 nos,
937 446 1037 489 ipsius

298 501 517 543 procuratoris
552 501 714 543 generalis
750 501 856 540 votis,
882 506 1037 542 quantum

298 564 370 586 cum
386 554 522 586 Domino
541 548 800 596 possumustac
818 553 848 585 iu
868 564 901 585 rc
921 554 1038 585 favora-

298 607 409 639 biliter
426 617 569 640 annuere
591 608 749 645 volentes,
769 617 908 649 eumque
935 617 951 638 a
974 606 1037 649 qui-

298 660 406 692 busvis
432 659 788 699 excommunicationis,
810 659 1037 702 suspensionis

299 719 332 747 et
349 714 527 753 interdicti,
547 714 685 757 aliisque
713 713 938 746 ecclesiasticis
966 724 1039 745 sen-

300 766 418 806 tentiis,
437 767 582 799 censuris
601 771 632 799 et
656 766 771 809 poenis
787 793 794 806 ,
814 777 830 798 a
848 766 916 798 iure
933 767 981 798 vel
1000 766 1038 797 ab

299 819 442 858 homine,
459 818 570 862 quavis
586 819 757 852 occasione
772 820 822 852 vel
840 821 936 852 causa
953 818 1037 857 latis,

299 872 324 905 si
351 873 468 916 quibus
493 872 742 915 quomodolibet
774 872 947 905 innodatus
974 871 1039 905 exi-

300 928 365 966 stit,
390 927 430 959 ad
452 926 600 959 etl‘cctum
628 926 850 969 praesentium
877 926 1039 959 dumtaxat

300 979 576 1022 consequendum,
596 979 708 1011 harum
727 979 811 1011 serie
833 978 1040 1012 absolventes

301 1037 333 1064 et
357 1032 539 1064 absolutum
564 1032 633 1064 sore
665 1037 855 1071 censentes,
881 1031 1042 1074 supplica-

303 1085 445 1118 tionibus
472 1086 540 1117 eius
573 1085 704 1117 nomine
734 1085 828 1118 nobis
854 1095 953 1127 super
978 1085 1042 1117 lioc

303 1138 472 1171 humiliter
496 1138 658 1181 porrectis
679 1137 836 1177 inclinati,
859 1138 1042 1180 praeinser-

304 1196 352 1223 tas
372 1191 548 1233 supradicti
574 1190 748 1223 Clementis
775 1191 1042 1233 praedecessoris

304 1244 437 1283 litteras,
455 1254 526 1275 cum
553 1243 703 1276 omnibus
729 1249 761 1276 et
785 1243 921 1286 singulis
940 1244 972 1276 in
995 1244 1041 1276 eis

304 1296 476 1335 contentis,
502 1296 678 1339 apostolica
703 1296 903 1335 auctoritate,
929 1302 1041 1329 tenore

304 1349 524 1392 praesentium
541 1375 548 1388 ,
573 1349 792 1391 approbamus
817 1354 849 1381 et
877 1349 1042 1382 confirma-

304 1412 384 1440 mus,
401 1401 530 1444 illisque
555 1401 750 1435 inviolabilis
774 1402 972 1446 apostolicae
990 1402 1044 1434 fil·-

304 1454 425 1486 mitatis
452 1454 552 1487 robur
576 1454 758 1487 adiicin'ius.

348 1508 363 1551 g
380 1507 412 1541 3.
429 1508 649 1541 Decernentes
664 1509 787 1551 pariter
801 1509 929 1542 casdem
948 1519 1044 1552 prae-

294 1566 414 1598 ‚sentes
435 1560 561 1594 litteras
583 1571 714 1604 semper
734 1561 852 1598 firmas.
873 1563 995 1596 validas
1012 1568 1043 1595 ct

304 1614 450 1647 efficaces
469 1614 609 1646 existere
627 1619 659 1646 et
679 1614 760 1655 sore,
775 1625 917 1658 suosque
934 1617 1045 1658 plena-

303 1667 369 1700 rios
394 1673 426 1699 et
445 1666 591 1709 integros
615 1666 748 1700 ess'ectus
774 1668 882 1701 sortiri
908 1674 939 1701 et
962 1669 1045 1702 obti-

303 1730 394 1759 nere,
420 1730 456 1752 ac
481 1719 559 1760 illis,
585 1720 626 1752 ad
651 1731 732 1763 quos
765 1727 891 1764 spectat
920 1728 952 1755 et
983 1734 1043 1766 pro

305 1777 451 1815 tempore
488 1772 759 1816 quandocumque
791 1775 977 1817 spectabit,
1011 1777 1043 1808 in

305 1825 457 1858 omnibus
489 1830 520 1857 et
551 1835 610 1868 per
633 1826 743 1858 omnia
766 1827 956 1870 plenissime
981 1830 1045 1861 sus-

308 1877 449 1919 sragmi,
476 1882 506 1909 et
532 1878 570 1909 ab
595 1878 642 1910 eis
666 1874 847 1921 respective
873 1881 1044 1914 inviolabi-

307 1930 382 1963 liter
418 1930 606 1969 observari,
642 1931 753 1974 sicque
792 1933 823 1965 in
855 1935 1044 1976 praemissis

307 1993 366 2026 per
398 1993 620 2026 quoscumque
652 1984 776 2018 iudices
806 1986 988 2021 ordinarios
1014 1994 1046 2021 et

307 2036 484 2078 delegatos
518 2037 613 2069 etiam
638 2048 807 2071 causarum
835 2041 946 2082 palatii
971 2052 1046 2085 apo-

307 2088 415 2122 stolici
432 2089 610 2130 auditores,
629 2089 767 2124 iudicari
789 2097 819 2125 et
837 2093 965 2126 definiri
991 2095 1047 2128 de-

307 2141 385 2175 bere
402 2169 409 2181 ,
435 2152 471 2174 ac
497 2141 622 2175 irritum
647 2149 679 2176 et
702 2144 799 2178 inane
824 2146 849 2178 si
874 2157 969 2180 secus
995 2158 1048 2180 su-

308 2204 367 2237 per
392 2194 443 2227 liis
468 2206 485 2227 a
511 2205 685 2239 quoquam,
705 2197 820 2240 quavis
841 2200 1046 2240 auctoritate,

309 2247 452 2280 scienter
489 2249 539 2281 vel
565 2248 779 2291 ignoranter,
805 2252 978 2294 contigerit
1002 2258 1047 2285 at-

309 2300 442 2333 tentari.

353 2353 368 2396 §
394 2352 425 2385 4.
448 2353 517 2386 Non
535 2354 740 2388 obstantibus
759 2357 1046 2392 constitutionibus

310 2409 343 2438 et
378 2405 638 2440 ordinationibus
674 2410 882 2452 apostolicis,
920 2421 1047 2444 necnon

311 2458 459 2491 omnibus
484 2465 517 2491 ct
541 2459 677 2502 singulis
703 2462 766 2494 illis
783 2489 790 2501 ‚
817 2474 899 2505 quae
925 2475 1048 2497 memo-

311 2517 399 2544 ratus
423 2511 569 2545 Clemens
595 2514 827 2556 praedecessor
850 2516 883 2548 in
908 2518 974 2550 suis
1000 2518 1050 2550 lit-

311 2563 389 2596 teris
413 2566 566 2608 praesatis
600 2569 761 2600 concessit
796 2580 861 2601 non
893 2571 1045 2611 obstare,

312 2618 492 2661 ceterisque
517 2621 687 2654 contrariis
713 2621 986 2667 quibuscumque.

904 238 1086 261 strumum:
1113 239 1165 261 wll
1192 240 1239 262 ΓΡ.

1740 235 1778 267 1.·γὲ

1124 289 1138 330 ἓ
1174 288 1205 320 5.
1241 288 1392 321 Volumus
1422 294 1527 322 autem
1558 295 1593 323 ut
1628 292 1813 324 carumdem

1081 341 1300 383 praesentium
1322 342 1502 375 litterarum
1526 345 1743 387 transumptis,
1759 356 1814 378 seu

1081 394 1246 436 exemplis,
1276 395 1371 427 etiam
1399 395 1576 438 impressis,
1604 408 1699 429 manu
1721 399 1817 431 alicu-

1081 447 1130 478 ius
1157 447 1273 479 notarii
1308 448 1430 490 publici
1466 449 1613 491 scriptis,
1648 455 1679 482 et
1710 451 1816 493 sigillo

1082 511 1241 543 personae
1266 501 1298 532 in
1320 502 1538 534 ecclesiastica
1563 503 1718 544 dignitate
1743 515 1820 537 con-

1081 553 1208 585 stitutae
1233 554 1378 593 munitis,
1396 555 1509 587 eadem
1534 555 1655 598 ubique
1680 556 1761 590 fides
1787 569 1819 590 a·

1081 606 1262 645 dbibcatur,
1289 618 1369 649 quae
1396 608 1622 650 praesentibus
1646 609 1820 642 adbibere-

1082 664 1132 690 tur
1157 659 1181 690 si
1213 660 1319 692 forent
1343 660 1507 693 exhibitae
1532 662 1581 693 vel
1608 667 1772 694 ostensae.

1124 712 1235 745 [tatum
1266 713 1397 752 Romae,
1412 714 1498 756 apud
1526 714 1557 746 S.
1575 714 1704 747 Mariam
1723 715 1820 748 Maio-

1081 775 1160 804 rem,
1177 765 1235 798 sub
1258 767 1378 798 annulo
1396 766 1580 806 piscatoris,
1605 767 1656 800 die
1675 778 1750 800 xxui
1769 769 1820 801 dc—

1081 818 1218 851 cembris
1243 828 1421 852 moctxxxtx
1439 846 1446 860 ,
1474 819 1684 862 pontificatus
1716 821 1819 853 nostri

1082 881 1167 903 anno
1185 881 1207 904 1.

1118 932 1175 959 Dat.
1193 933 1236 960 die
1256 932 1290 960 ‘23
1305 933 1459 962 decembris
1484 934 1559 968 1689,
1576 935 1672 971 pontif.
1693 944 1763 964 anno
1783 943 1803 963 1.

1084 1120 1285 1154 Rerocmztur
1308 1122 1533 1157 inmmm‘tates
1557 1128 1585 1157 et
1610 1125 1825 1167 exemptiones

1128 1184 1148 1206 a
1172 1175 1385 1217 rectiqalibus
1416 1176 1559 1212 aliisque
1590 1178 1741 1210 oneribus
1764 1188 1826 1221 pu-

1129 1226 1255 1260 bhois'.

1274 1299 1440 1326 Alexander
1455 1300 1533 1333 Papa
1548 1300 1627 1332 VIII,

1199 1343 1236 1369 ad
1257 1346 1434 1377 perpetuam
1453 1344 1498 1371 rei
1520 1345 1704 1372 memoriam.

1128 1402 1308 1436 Romanum
1327 1404 1422 1437 decet
1441 1405 1640 1445 Pontificem,
1661 1411 1821 1450 tamquam

1086 1454 1213 1488 fidelem
1231 1466 1359 1489 servum
1378 1462 1409 1489 et
1428 1458 1623 1500 prudentem
1642 1470 1737 1502 quem
1751 1470 1823 1492 con-

1086 1508 1191 1541 stituit
1214 1509 1366 1542 Dominus
1398 1521 1498 1553 super
1531 1511 1686 1544 familiam
1712 1523 1822 1552 suani,

1087 1572 1150 1594 non
1164 1562 1262 1595 modo
1280 1562 1496 1606 spiritualium
1514 1564 1755 1606 providentiam
1768 1565 1825 1598 Ca-

1088 1614 1228 1647 tholicae
1254 1615 1430 1655 Ecclesiae,
1457 1622 1611 1658 quantum
1638 1617 1746 1650 divina
1769 1619 1827 1650 bo-

1087 1667 1168 1700 nitas
1194 1668 1353 1710 largitur,
1381 1668 1445 1711 iugi
1467 1669 1632 1711 vigilantia
1657 1671 1824 1710 exhibere,

1086 1720 1143 1753 sed
1180 1725 1211 1753 et
1248 1721 1474 1764 temporalium
1506 1722 1823 1766 circumspectione,

1086 1784 1217 1807 suorum
1231 1779 1263 1806 et
1276 1774 1479 1816 Apostolicae
1497 1775 1588 1808 Sedis
1607 1776 1701 1808 etiam
1718 1776 1825 1819 quoad

1087 1826 1277 1869 temporalia
1302 1827 1508 1860 subditorum
1533 1829 1711 1861 commodis
1736 1829 1826 1861 indc-

1087 1879 1232 1912 sinentcr
1256 1881 1441 1920 consulere,
1472 1884 1574 1924 eaque
1601 1882 1640 1914 de
1666 1885 1761 1914 causa
1785 1882 1824 1914 ad

1087 1933 1257 1976 aequitatis
1280 1939 1312 1966 et
1328 1934 1468 1967 iustitiae
1488 1935 1567 1967 sines
1586 1935 1649 1973 illa,
1669 1945 1750 1978 quae
1769 1945 1827 1977 pu-

1088 1986 1203 2019 blicam
1218 1986 1362 2030 inopiam
1379 1993 1603 2030 praegravant,
1621 1995 1824 2031 opportunae

1087 2039 1283 2081 provisionis
1309 2039 1488 2073 ministe.io
1514 2051 1684 2081 revocare,
1710 2052 1746 2074 ac
1771 2042 1826 2074 de-

1088 2101 1186 2134 super
1209 2092 1383 2134 pastoralis
1408 2093 1504 2125 officii
1526 2093 1575 2125 sui
1601 2099 1708 2136 partes
1734 2094 1826 2127 solli-

1088 2144 1158 2176 citis
1182 2144 1295 2176 studiis
1320 2144 1538 2187 interponere,
1563 2152 1660 2188 prout
1684 2157 1828 2179 commu-

1089 2197 1138 2229 nis
1162 2197 1309 2230 utilitatis
1334 2198 1452 2231 rationi
1483 2210 1519 2231 ac
1552 2199 1752 2242 reipublicae
1778 2210 1828 2231 sa-

1090 2250 1148 2282 luti
1174 2256 1428 2284 consentaneum
1461 2262 1533 2284 esse
1560 2252 1593 2284 in
1617 2252 1752 2286 Domino
1778 2263 1828 2285 ar-

1091 2303 1258 2336 bitramur.

1133 2356 1196 2399 §fh
1217 2356 1294 2390 Cum
1312 2357 1430 2400 itaque,
1449 2358 1531 2391 sicut
1552 2359 1747 2402 accepimus,
1769 2370 1828 2402 per

1091 2409 1247 2451 quasdam
1269 2409 1489 2444 immunitates
1514 2417 1546 2444 et
1570 2412 1792 2455 exemptiones
1809 2422 1828 2444 a

1127 2500 1137 2525 1
1162 2498 1298 2527 Reductae
1314 2499 1424 2527 fuerunt
1444 2500 1626 2528 immunitates
1642 2509 1657 2528 a
1673 2501 1786 2536 gabelus
1801 2502 1827 2528 in

1090 2543 1195 2571 dohana
1216 2543 1294 2571 Urbis
1308 2544 1341 2571 ad
1361 2545 1499 2579 antiquam
1520 2545 1631 2572 sormam
1647 2546 1680 2572 ab
1695 2546 1828 2572 Innocen-

1091 2588 1126 2614 tio
1147 2587 1176 2614 xl
1189 2608 1196 2621 ,
1217 2589 1410 2616 constitutione
1430 2589 1474 2616 ed.
1490 2595 1650 2623 tinemuth
1666 2589 1709 2615 die
1732 2590 1761 2615 14
1777 2596 1825 2616 au-

1089 2632 1171 2667 gusti,
1193 2633 1287 2667 pontif.
1310 2639 1328 2660 1.

1827 244 1917 271 Λι1.ίῖ,
1943 246 2006 271 Ηῖξζῇ

1865 308 1927 328 Fidus
1951 312 2007 330 tran.

1826 339 1961 361 sumpturum.

1860 1417 1999 1440 Prooemium.

1856 2367 1935 2387 szaae-
1952 2368 2022 2389 dit-lun

1838 2398 1986 2416 naturalium-².
