<?xml version="1.0" encoding="UTF-8"?>
<!DOCTYPE html PUBLIC "-//W3C//DTD XHTML 1.0 Transitional//EN"
    "http://www.w3.org/TR/xhtml1/DTD/xhtml1-transitional.dtd">
<html xmlns="http://www.w3.org/1999/xhtml" xml:lang="en" lang="en">
 <head>
  <title>
</title>
<meta http-equiv="Content-Type" content="text/html;charset=utf-8" />
  <meta name='ocr-system' content='tesseract 3.04.00' />
  <meta name='ocr-capabilities' content='ocr_page ocr_carea ocr_par ocr_line ocrx_word'/>
</head>
<body>
  <div class='ocr_page' id='page_1' title='image "./bullarumdiplomat20cath_1014.png"; bbox 0 0 2254 3225; ppageno 0'>
   <div class='ocr_carea' id='block_1_1' title="bbox 193 260 384 290">
    <p class='ocr_par' dir='ltr' id='par_1_1' title="bbox 193 260 384 290">
     <span class='ocr_line' id='line_1_1' title="bbox 193 260 384 290; baseline 0 -2"><span class='ocrx_word' id='word_1_1' title='bbox 193 261 244 290; x_wconf 82' lang='lat' dir='ltr'>An.</span> <span class='ocrx_word' id='word_1_2' title='bbox 263 261 291 289; x_wconf 92' lang='lat' dir='ltr'>C.</span> <span class='ocrx_word' id='word_1_3' title='bbox 317 260 384 289; x_wconf 79' lang='lat'>1700</span> 
     </span>
    </p>
   </div>
   <div class='ocr_carea' id='block_1_2' title="bbox 218 642 341 664">
    <p class='ocr_par' dir='ltr' id='par_1_2' title="bbox 218 642 341 664">
     <span class='ocr_line' id='line_1_2' title="bbox 218 642 341 664; baseline 0 -3"><span class='ocrx_word' id='word_1_4' title='bbox 218 642 341 664; x_wconf 59' lang='lat' dir='ltr'>Clausulas.</span> 
     </span>
    </p>
   </div>
   <div class='ocr_carea' id='block_1_3' title="bbox 387 252 1134 1424">
    <p class='ocr_par' dir='ltr' id='par_1_3' title="bbox 388 252 1131 621">
     <span class='ocr_line' id='line_1_3' title="bbox 430 252 494 287; baseline -0.031 0"><span class='ocrx_word' id='word_1_5' title='bbox 430 252 494 287; x_wconf 66' lang='lat'>950</span> 
     </span>
     <span class='ocr_line' id='line_1_4' title="bbox 390 311 1131 358; baseline 0.004 -14"><span class='ocrx_word' id='word_1_6' title='bbox 390 311 452 344; x_wconf 79' lang='lat' dir='ltr'>alia</span> <span class='ocrx_word' id='word_1_7' title='bbox 477 311 697 345; x_wconf 76' lang='lat' dir='ltr'>declaratione</span> <span class='ocrx_word' id='word_1_8' title='bbox 723 311 927 353; x_wconf 75' lang='lat' dir='ltr'>incurrenda,</span> <span class='ocrx_word' id='word_1_9' title='bbox 955 323 972 346; x_wconf 88' lang='lat' dir='ltr'>a</span> <span class='ocrx_word' id='word_1_10' title='bbox 989 324 1052 358; x_wconf 87' lang='lat' dir='ltr'>qua</span> <span class='ocrx_word' id='word_1_11' title='bbox 1077 324 1131 347; x_wconf 86' lang='lat' dir='ltr'>ne-</span> 
     </span>
     <span class='ocr_line' id='line_1_5' title="bbox 388 366 1130 409; baseline 0.004 -12"><span class='ocrx_word' id='word_1_12' title='bbox 388 375 441 397; x_wconf 90' lang='lat' dir='ltr'>mo</span> <span class='ocrx_word' id='word_1_13' title='bbox 475 375 491 397; x_wconf 89' lang='lat' dir='ltr'>a</span> <span class='ocrx_word' id='word_1_14' title='bbox 516 375 680 409; x_wconf 86' lang='lat' dir='ltr'>quoquam</span> <span class='ocrx_word' id='word_1_15' title='bbox 718 370 943 409; x_wconf 72' lang='lat' dir='ltr'>praeterquam</span> <span class='ocrx_word' id='word_1_16' title='bbox 982 377 998 399; x_wconf 91' lang='lat' dir='ltr'>a</span> <span class='ocrx_word' id='word_1_17' title='bbox 1034 366 1130 400; x_wconf 88' lang='lat' dir='ltr'>nobis</span> 
     </span>
     <span class='ocr_line' id='line_1_6' title="bbox 390 417 1129 462; baseline 0.003 -12"><span class='ocrx_word' id='word_1_18' title='bbox 390 428 447 450; x_wconf 88' lang='lat' dir='ltr'>seu</span> <span class='ocrx_word' id='word_1_19' title='bbox 466 417 611 450; x_wconf 84' lang='lat' dir='ltr'>Romano</span> <span class='ocrx_word' id='word_1_20' title='bbox 630 417 785 451; x_wconf 86' lang='lat' dir='ltr'>Pontifice</span> <span class='ocrx_word' id='word_1_21' title='bbox 808 429 866 462; x_wconf 90' lang='lat' dir='ltr'>pro</span> <span class='ocrx_word' id='word_1_22' title='bbox 893 424 1040 462; x_wconf 88' lang='lat' dir='ltr'>tempore</span> <span class='ocrx_word' id='word_1_23' title='bbox 1066 420 1129 453; x_wconf 84' lang='lat' dir='ltr'>exi-</span> 
     </span>
     <span class='ocr_line' id='line_1_7' title="bbox 389 471 1129 507; baseline 0.001 -3"><span class='ocrx_word' id='word_1_24' title='bbox 389 476 494 504; x_wconf 87' lang='lat' dir='ltr'>stente</span> <span class='ocrx_word' id='word_1_25' title='bbox 517 471 578 503; x_wconf 89' lang='lat' dir='ltr'>nisi</span> <span class='ocrx_word' id='word_1_26' title='bbox 604 471 635 504; x_wconf 92' lang='lat' dir='ltr'>in</span> <span class='ocrx_word' id='word_1_27' title='bbox 654 472 766 505; x_wconf 90' lang='lat' dir='ltr'>mortis</span> <span class='ocrx_word' id='word_1_28' title='bbox 784 472 920 505; x_wconf 88' lang='lat' dir='ltr'>articulo</span> <span class='ocrx_word' id='word_1_29' title='bbox 941 473 1129 507; x_wconf 88' lang='lat' dir='ltr'>huiusmodi</span> 
     </span>
     <span class='ocr_line' id='line_1_8' title="bbox 388 525 1131 559; baseline 0.001 -2"><span class='ocrx_word' id='word_1_30' title='bbox 388 525 581 557; x_wconf 85' lang='lat' dir='ltr'>constitutus</span> <span class='ocrx_word' id='word_1_31' title='bbox 600 525 816 558; x_wconf 77' lang='lat' dir='ltr'>absolutionis</span> <span class='ocrx_word' id='word_1_32' title='bbox 835 525 1030 558; x_wconf 78' lang='lat' dir='ltr'>beneficium</span> <span class='ocrx_word' id='word_1_33' title='bbox 1049 526 1131 559; x_wconf 92' lang='lat' dir='ltr'>obti-</span> 
     </span>
     <span class='ocr_line' id='line_1_9' title="bbox 388 578 1129 621; baseline 0.001 -10"><span class='ocrx_word' id='word_1_34' title='bbox 388 589 466 611; x_wconf 89' lang='lat' dir='ltr'>nere</span> <span class='ocrx_word' id='word_1_35' title='bbox 485 579 597 618; x_wconf 85' lang='lat' dir='ltr'>valeat,</span> <span class='ocrx_word' id='word_1_36' title='bbox 610 578 834 610; x_wconf 76' lang='lat' dir='ltr'>interdicimus</span> <span class='ocrx_word' id='word_1_37' title='bbox 852 582 885 610; x_wconf 87' lang='lat' dir='ltr'>et.</span> <span class='ocrx_word' id='word_1_38' title='bbox 900 578 1129 621; x_wconf 79' lang='lat' dir='ltr'>prohibemus.</span> 
     </span>
    </p>

    <p class='ocr_par' dir='ltr' id='par_1_4' title="bbox 387 632 1134 1424">
     <span class='ocr_line' id='line_1_10' title="bbox 433 632 1132 677; baseline 0.003 -13"><span class='ocrx_word' id='word_1_39' title='bbox 433 632 447 675; x_wconf 66' lang='grc' dir='ltr'><strong>ἓ</strong></span> <span class='ocrx_word' id='word_1_40' title='bbox 473 632 503 664; x_wconf 75' lang='lat'>⁶2.</span> <span class='ocrx_word' id='word_1_41' title='bbox 532 632 750 664; x_wconf 89' lang='lat' dir='ltr'>Decernentes</span> <span class='ocrx_word' id='word_1_42' title='bbox 772 632 1021 672; x_wconf 89' lang='lat' dir='ltr'>etiam,easdem</span> <span class='ocrx_word' id='word_1_43' title='bbox 1041 644 1132 677; x_wconf 87' lang='lat' dir='ltr'>prae-</span> 
     </span>
     <span class='ocr_line' id='line_1_11' title="bbox 389 685 1131 730; baseline 0.001 -12"><span class='ocrx_word' id='word_1_44' title='bbox 389 691 499 718; x_wconf 85' lang='lat' dir='ltr'>sentes</span> <span class='ocrx_word' id='word_1_45' title='bbox 525 685 660 725; x_wconf 75' lang='lat' dir='ltr'>litteras,</span> <span class='ocrx_word' id='word_1_46' title='bbox 678 690 709 717; x_wconf 88' lang='lat' dir='ltr'>et</span> <span class='ocrx_word' id='word_1_47' title='bbox 734 685 765 717; x_wconf 93' lang='lat' dir='ltr'>in</span> <span class='ocrx_word' id='word_1_48' title='bbox 792 685 839 718; x_wconf 87' lang='lat' dir='ltr'>eis</span> <span class='ocrx_word' id='word_1_49' title='bbox 865 691 1017 719; x_wconf 89' lang='lat' dir='ltr'>contenta</span> <span class='ocrx_word' id='word_1_50' title='bbox 1034 697 1131 730; x_wconf 88' lang='lat' dir='ltr'>quae-</span> 
     </span>
     <span class='ocr_line' id='line_1_12' title="bbox 388 738 1132 782; baseline 0.004 -12"><span class='ocrx_word' id='word_1_51' title='bbox 388 749 538 781; x_wconf 87' lang='lat' dir='ltr'>cumque,</span> <span class='ocrx_word' id='word_1_52' title='bbox 558 738 655 770; x_wconf 80' lang='lat' dir='ltr'>etiarn</span> <span class='ocrx_word' id='word_1_53' title='bbox 682 749 718 771; x_wconf 85' lang='lat' dir='ltr'>ex</span> <span class='ocrx_word' id='word_1_54' title='bbox 746 748 784 771; x_wconf 89' lang='lat' dir='ltr'>eo</span> <span class='ocrx_word' id='word_1_55' title='bbox 814 739 901 782; x_wconf 89' lang='lat' dir='ltr'>quod</span> <span class='ocrx_word' id='word_1_56' title='bbox 920 739 951 771; x_wconf 92' lang='lat' dir='ltr'>in</span> <span class='ocrx_word' id='word_1_57' title='bbox 973 739 1132 782; x_wconf 87' lang='lat' dir='ltr'>praemis-</span> 
     </span>
     <span class='ocr_line' id='line_1_13' title="bbox 388 791 1132 837; baseline 0.004 -14"><span class='ocrx_word' id='word_1_58' title='bbox 388 792 430 824; x_wconf 88' lang='lat' dir='ltr'>sis</span> <span class='ocrx_word' id='word_1_59' title='bbox 456 792 614 824; x_wconf 79' lang='lat' dir='ltr'>interesse</span> <span class='ocrx_word' id='word_1_60' title='bbox 641 791 799 825; x_wconf 82' lang='lat' dir='ltr'>babentes</span> <span class='ocrx_word' id='word_1_61' title='bbox 821 802 877 824; x_wconf 89' lang='lat' dir='ltr'>seu</span> <span class='ocrx_word' id='word_1_62' title='bbox 903 792 1027 825; x_wconf 84' lang='lat' dir='ltr'>habere</span> <span class='ocrx_word' id='word_1_63' title='bbox 1055 804 1132 837; x_wconf 92' lang='lat' dir='ltr'>quo-</span> 
     </span>
     <span class='ocr_line' id='line_1_14' title="bbox 387 844 1131 889; baseline 0.004 -13"><span class='ocrx_word' id='word_1_64' title='bbox 387 844 568 878; x_wconf 89' lang='lat' dir='ltr'>modolibet</span> <span class='ocrx_word' id='word_1_65' title='bbox 581 845 844 889; x_wconf 72' lang='lat' dir='ltr'>praetendentes,</span> <span class='ocrx_word' id='word_1_66' title='bbox 860 846 999 879; x_wconf 87' lang='lat' dir='ltr'>cuiusvis</span> <span class='ocrx_word' id='word_1_67' title='bbox 1018 852 1131 887; x_wconf 88' lang='lat' dir='ltr'>status,</span> 
     </span>
     <span class='ocr_line' id='line_1_15' title="bbox 388 899 1133 944; baseline 0.003 -13"><span class='ocrx_word' id='word_1_68' title='bbox 388 899 521 941; x_wconf 83' lang='lat' dir='ltr'>gradus,</span> <span class='ocrx_word' id='word_1_69' title='bbox 539 899 671 938; x_wconf 85' lang='lat' dir='ltr'>ordinis,</span> <span class='ocrx_word' id='word_1_70' title='bbox 687 899 965 942; x_wconf 74' lang='lat' dir='ltr'>praeeminentiae</span> <span class='ocrx_word' id='word_1_71' title='bbox 984 905 1015 933; x_wconf 90' lang='lat' dir='ltr'>et</span> <span class='ocrx_word' id='word_1_72' title='bbox 1033 900 1133 944; x_wconf 83' lang='lat' dir='ltr'>digni-</span> 
     </span>
     <span class='ocr_line' id='line_1_16' title="bbox 388 952 1133 996; baseline 0.004 -12"><span class='ocrx_word' id='word_1_73' title='bbox 388 953 461 984; x_wconf 88' lang='lat' dir='ltr'>tatis</span> <span class='ocrx_word' id='word_1_74' title='bbox 489 952 639 991; x_wconf 78' lang='lat' dir='ltr'>existant,</span> <span class='ocrx_word' id='word_1_75' title='bbox 667 963 722 985; x_wconf 86' lang='lat' dir='ltr'>seu</span> <span class='ocrx_word' id='word_1_76' title='bbox 748 953 826 986; x_wconf 79' lang='lat' dir='ltr'>alias</span> <span class='ocrx_word' id='word_1_77' title='bbox 852 953 1005 996; x_wconf 73' lang='lat' dir='ltr'>specifica</span> <span class='ocrx_word' id='word_1_78' title='bbox 1030 959 1063 987; x_wconf 92' lang='lat' dir='ltr'>et</span> <span class='ocrx_word' id='word_1_79' title='bbox 1087 954 1133 987; x_wconf 92' lang='lat' dir='ltr'>in-</span> 
     </span>
     <span class='ocr_line' id='line_1_17' title="bbox 389 1006 1130 1050; baseline 0.003 -12"><span class='ocrx_word' id='word_1_80' title='bbox 389 1006 516 1038; x_wconf 79' lang='lat' dir='ltr'>dividua</span> <span class='ocrx_word' id='word_1_81' title='bbox 542 1006 706 1039; x_wconf 79' lang='lat' dir='ltr'>mentione</span> <span class='ocrx_word' id='word_1_82' title='bbox 733 1012 764 1039; x_wconf 92' lang='lat' dir='ltr'>et</span> <span class='ocrx_word' id='word_1_83' title='bbox 789 1007 1001 1050; x_wconf 82' lang='lat' dir='ltr'>expressione</span> <span class='ocrx_word' id='word_1_84' title='bbox 1028 1007 1130 1050; x_wconf 80' lang='lat' dir='ltr'>digni,</span> 
     </span>
     <span class='ocr_line' id='line_1_18' title="bbox 388 1059 1131 1101; baseline 0.001 -10"><span class='ocrx_word' id='word_1_85' title='bbox 388 1059 452 1091; x_wconf 93' lang='lat' dir='ltr'>illis</span> <span class='ocrx_word' id='word_1_86' title='bbox 471 1070 534 1091; x_wconf 91' lang='lat' dir='ltr'>non</span> <span class='ocrx_word' id='word_1_87' title='bbox 558 1059 796 1100; x_wconf 79' lang='lat' dir='ltr'>consenserint,</span> <span class='ocrx_word' id='word_1_88' title='bbox 815 1070 869 1093; x_wconf 88' lang='lat' dir='ltr'>seu</span> <span class='ocrx_word' id='word_1_89' title='bbox 889 1061 926 1093; x_wconf 87' lang='lat' dir='ltr'>ad</span> <span class='ocrx_word' id='word_1_90' title='bbox 953 1071 990 1094; x_wconf 86' lang='lat' dir='ltr'>ea</span> <span class='ocrx_word' id='word_1_91' title='bbox 1016 1060 1131 1101; x_wconf 86' lang='lat' dir='ltr'>vocati,</span> 
     </span>
     <span class='ocr_line' id='line_1_19' title="bbox 389 1112 1131 1157; baseline 0.001 -12"><span class='ocrx_word' id='word_1_92' title='bbox 389 1113 486 1152; x_wconf 86' lang='lat' dir='ltr'>citati,</span> <span class='ocrx_word' id='word_1_93' title='bbox 513 1112 614 1145; x_wconf 90' lang='lat' dir='ltr'>auditi</span> <span class='ocrx_word' id='word_1_94' title='bbox 636 1140 642 1152; x_wconf 90' lang='lat'>,</span> <span class='ocrx_word' id='word_1_95' title='bbox 671 1118 702 1145; x_wconf 83' lang='lat' dir='ltr'>et</span> <span class='ocrx_word' id='word_1_96' title='bbox 727 1123 863 1152; x_wconf 84' lang='lat' dir='ltr'>causae,</span> <span class='ocrx_word' id='word_1_97' title='bbox 890 1119 1027 1156; x_wconf 86' lang='lat' dir='ltr'>propter</span> <span class='ocrx_word' id='word_1_98' title='bbox 1052 1125 1131 1157; x_wconf 89' lang='lat' dir='ltr'>quas</span> 
     </span>
     <span class='ocr_line' id='line_1_20' title="bbox 389 1166 1133 1208; baseline 0.003 -10"><span class='ocrx_word' id='word_1_99' title='bbox 389 1171 579 1208; x_wconf 86' lang='lat' dir='ltr'>praesentes</span> <span class='ocrx_word' id='word_1_100' title='bbox 601 1166 791 1205; x_wconf 78' lang='lat' dir='ltr'>emanarint,</span> <span class='ocrx_word' id='word_1_101' title='bbox 818 1167 1016 1202; x_wconf 81' lang='lat' dir='ltr'>sufficienter</span> <span class='ocrx_word' id='word_1_102' title='bbox 1033 1167 1133 1201; x_wconf 87' lang='lat' dir='ltr'>addu-</span> 
     </span>
     <span class='ocr_line' id='line_1_21' title="bbox 388 1219 1133 1259; baseline 0.003 -7"><span class='ocrx_word' id='word_1_103' title='bbox 388 1224 470 1259; x_wconf 90' lang='lat' dir='ltr'>ctae,</span> <span class='ocrx_word' id='word_1_104' title='bbox 501 1219 684 1253; x_wconf 77' lang='lat' dir='ltr'>verificatae</span> <span class='ocrx_word' id='word_1_105' title='bbox 710 1226 741 1253; x_wconf 89' lang='lat' dir='ltr'>et</span> <span class='ocrx_word' id='word_1_106' title='bbox 762 1221 951 1254; x_wconf 72' lang='lat' dir='ltr'>iustificatae</span> <span class='ocrx_word' id='word_1_107' title='bbox 973 1232 1039 1254; x_wconf 88' lang='lat' dir='ltr'>non</span> <span class='ocrx_word' id='word_1_108' title='bbox 1065 1222 1133 1255; x_wconf 88' lang='lat' dir='ltr'>sue-</span> 
     </span>
     <span class='ocr_line' id='line_1_22' title="bbox 388 1272 1133 1318; baseline 0.005 -15"><span class='ocrx_word' id='word_1_109' title='bbox 388 1272 461 1311; x_wconf 87' lang='lat' dir='ltr'>rint,</span> <span class='ocrx_word' id='word_1_110' title='bbox 488 1277 542 1304; x_wconf 90' lang='lat' dir='ltr'>aut</span> <span class='ocrx_word' id='word_1_111' title='bbox 568 1283 604 1305; x_wconf 75' lang='lat' dir='ltr'>ex</span> <span class='ocrx_word' id='word_1_112' title='bbox 631 1273 693 1306; x_wconf 77' lang='lat' dir='ltr'>alia</span> <span class='ocrx_word' id='word_1_113' title='bbox 719 1274 866 1316; x_wconf 90' lang='lat' dir='ltr'>qualibet</span> <span class='ocrx_word' id='word_1_114' title='bbox 899 1274 995 1307; x_wconf 83' lang='lat' dir='ltr'>etiam</span> <span class='ocrx_word' id='word_1_115' title='bbox 1029 1285 1133 1318; x_wconf 89' lang='lat' dir='ltr'>quan-</span> 
     </span>
     <span class='ocr_line' id='line_1_23' title="bbox 390 1326 1134 1371; baseline 0.004 -14"><span class='ocrx_word' id='word_1_116' title='bbox 390 1326 503 1358; x_wconf 85' lang='lat' dir='ltr'>tumvis</span> <span class='ocrx_word' id='word_1_117' title='bbox 530 1326 678 1367; x_wconf 75' lang='lat' dir='ltr'>iuridiea,</span> <span class='ocrx_word' id='word_1_118' title='bbox 705 1327 758 1370; x_wconf 76' lang='lat' dir='ltr'>pia</span> <span class='ocrx_word' id='word_1_119' title='bbox 783 1333 814 1360; x_wconf 92' lang='lat' dir='ltr'>et</span> <span class='ocrx_word' id='word_1_120' title='bbox 839 1328 1043 1371; x_wconf 76' lang='lat' dir='ltr'>privilegiata</span> <span class='ocrx_word' id='word_1_121' title='bbox 1062 1339 1134 1361; x_wconf 86' lang='lat' dir='ltr'>cau-</span> 
     </span>
     <span class='ocr_line' id='line_1_24' title="bbox 389 1380 1133 1424; baseline 0.007 -14"><span class='ocrx_word' id='word_1_122' title='bbox 389 1381 431 1419; x_wconf 77' lang='lat' dir='ltr'>sa,</span> <span class='ocrx_word' id='word_1_123' title='bbox 458 1380 578 1419; x_wconf 90' lang='lat' dir='ltr'>colore,</span> <span class='ocrx_word' id='word_1_124' title='bbox 597 1385 765 1422; x_wconf 75' lang='lat' dir='ltr'>praetextu</span> <span class='ocrx_word' id='word_1_125' title='bbox 791 1389 822 1414; x_wconf 72' lang='lat' dir='ltr'>et</span> <span class='ocrx_word' id='word_1_126' title='bbox 847 1381 964 1424; x_wconf 79' lang='lat' dir='ltr'>capite,</span> <span class='ocrx_word' id='word_1_127' title='bbox 985 1381 1081 1415; x_wconf 80' lang='lat' dir='ltr'>etiam</span> <span class='ocrx_word' id='word_1_128' title='bbox 1100 1382 1133 1415; x_wconf 92' lang='lat' dir='ltr'>in</span> 
     </span>
    </p>
   </div>
   <div class='ocr_carea' id='block_1_4' title="bbox 391 1432 1156 1476">
    <p class='ocr_par' dir='ltr' id='par_1_5' title="bbox 391 1432 1156 1476">
     <span class='ocr_line' id='line_1_25' title="bbox 391 1432 1156 1476; baseline 0.004 -11"><span class='ocrx_word' id='word_1_129' title='bbox 391 1443 527 1476; x_wconf 85' lang='lat' dir='ltr'>corpore</span> <span class='ocrx_word' id='word_1_130' title='bbox 564 1432 642 1466; x_wconf 88' lang='lat' dir='ltr'>iuris</span> <span class='ocrx_word' id='word_1_131' title='bbox 679 1434 815 1473; x_wconf 91' lang='lat' dir='ltr'>clauso,</span> <span class='ocrx_word' id='word_1_132' title='bbox 842 1434 939 1467; x_wconf 85' lang='lat' dir='ltr'>etiam</span> <span class='ocrx_word' id='word_1_133' title='bbox 966 1435 1130 1476; x_wconf 87' lang='lat' dir='ltr'>enormis,</span> <span class='ocrx_word' id='word_1_134' title='bbox 1154 1444 1156 1451; x_wconf 54' lang='lat'>⁸</span> 
     </span>
    </p>
   </div>
   <div class='ocr_carea' id='block_1_5' title="bbox 390 1486 1135 1795">
    <p class='ocr_par' dir='ltr' id='par_1_6' title="bbox 390 1486 1135 1795">
     <span class='ocr_line' id='line_1_26' title="bbox 390 1486 1132 1527; baseline 0.005 -9"><span class='ocrx_word' id='word_1_135' title='bbox 390 1486 637 1519; x_wconf 82' lang='lat' dir='ltr'>enormissimae</span> <span class='ocrx_word' id='word_1_136' title='bbox 664 1494 695 1520; x_wconf 89' lang='lat' dir='ltr'>et</span> <span class='ocrx_word' id='word_1_137' title='bbox 722 1487 829 1520; x_wconf 85' lang='lat' dir='ltr'>totalis</span> <span class='ocrx_word' id='word_1_138' title='bbox 854 1488 1022 1527; x_wconf 76' lang='lat' dir='ltr'>laesionis,</span> <span class='ocrx_word' id='word_1_139' title='bbox 1042 1490 1132 1522; x_wconf 89' lang='lat' dir='ltr'>nullo</span> 
     </span>
     <span class='ocr_line' id='line_1_27' title="bbox 392 1540 1134 1584; baseline 0.005 -14"><span class='ocrx_word' id='word_1_140' title='bbox 392 1549 533 1582; x_wconf 90' lang='lat' dir='ltr'>unquam</span> <span class='ocrx_word' id='word_1_141' title='bbox 570 1544 716 1582; x_wconf 91' lang='lat' dir='ltr'>tempore</span> <span class='ocrx_word' id='word_1_142' title='bbox 753 1540 791 1572; x_wconf 89' lang='lat' dir='ltr'>de</span> <span class='ocrx_word' id='word_1_143' title='bbox 828 1541 1052 1584; x_wconf 81' lang='lat' dir='ltr'>subreptionis</span> <span class='ocrx_word' id='word_1_144' title='bbox 1084 1542 1134 1574; x_wconf 90' lang='lat' dir='ltr'>vel</span> 
     </span>
     <span class='ocr_line' id='line_1_28' title="bbox 392 1592 1135 1635; baseline 0.004 -11"><span class='ocrx_word' id='word_1_145' title='bbox 392 1592 597 1635; x_wconf 85' lang='lat' dir='ltr'>obreptionis</span> <span class='ocrx_word' id='word_1_146' title='bbox 623 1598 677 1624; x_wconf 88' lang='lat' dir='ltr'>aut</span> <span class='ocrx_word' id='word_1_147' title='bbox 701 1592 859 1626; x_wconf 90' lang='lat' dir='ltr'>nullitatis</span> <span class='ocrx_word' id='word_1_148' title='bbox 886 1593 975 1634; x_wconf 88' lang='lat' dir='ltr'>vitio,</span> <span class='ocrx_word' id='word_1_149' title='bbox 1003 1605 1059 1627; x_wconf 87' lang='lat' dir='ltr'>seu</span> <span class='ocrx_word' id='word_1_150' title='bbox 1088 1595 1135 1627; x_wconf 90' lang='lat' dir='ltr'>in-</span> 
     </span>
     <span class='ocr_line' id='line_1_29' title="bbox 393 1645 1135 1685; baseline 0.007 -9"><span class='ocrx_word' id='word_1_151' title='bbox 393 1645 547 1678; x_wconf 88' lang='lat' dir='ltr'>tentionis</span> <span class='ocrx_word' id='word_1_152' title='bbox 573 1651 712 1685; x_wconf 80' lang='lat' dir='ltr'>nostrae,</span> <span class='ocrx_word' id='word_1_153' title='bbox 740 1647 788 1679; x_wconf 89' lang='lat' dir='ltr'>vel</span> <span class='ocrx_word' id='word_1_154' title='bbox 813 1647 975 1680; x_wconf 83' lang='lat' dir='ltr'>interesse</span> <span class='ocrx_word' id='word_1_155' title='bbox 1011 1647 1135 1681; x_wconf 77' lang='lat' dir='ltr'>liaben-</span> 
     </span>
     <span class='ocr_line' id='line_1_30' title="bbox 393 1698 1134 1742; baseline 0.004 -12"><span class='ocrx_word' id='word_1_156' title='bbox 393 1698 470 1731; x_wconf 91' lang='lat' dir='ltr'>tium</span> <span class='ocrx_word' id='word_1_157' title='bbox 496 1700 673 1731; x_wconf 75' lang='lat' dir='ltr'>consensus</span> <span class='ocrx_word' id='word_1_158' title='bbox 690 1725 697 1738; x_wconf 95' lang='lat'>‚</span> <span class='ocrx_word' id='word_1_159' title='bbox 723 1698 826 1732; x_wconf 87' lang='lat' dir='ltr'>aliove</span> <span class='ocrx_word' id='word_1_160' title='bbox 852 1700 1001 1742; x_wconf 87' lang='lat' dir='ltr'>quolibet</span> <span class='ocrx_word' id='word_1_161' title='bbox 1037 1702 1134 1734; x_wconf 85' lang='lat' dir='ltr'>etiam</span> 
     </span>
     <span class='ocr_line' id='line_1_31' title="bbox 392 1752 1135 1795; baseline 0.005 -12"><span class='ocrx_word' id='word_1_162' title='bbox 392 1752 596 1795; x_wconf 85' lang='lat' dir='ltr'>quantumvis</span> <span class='ocrx_word' id='word_1_163' title='bbox 633 1762 750 1794; x_wconf 81' lang='lat' dir='ltr'>niagno</span> <span class='ocrx_word' id='word_1_164' title='bbox 791 1756 821 1785; x_wconf 87' lang='lat' dir='ltr'>et</span> <span class='ocrx_word' id='word_1_165' title='bbox 860 1753 1065 1787; x_wconf 78' lang='lat' dir='ltr'>substantiali</span> <span class='ocrx_word' id='word_1_166' title='bbox 1099 1765 1135 1787; x_wconf 89' lang='lat' dir='ltr'>ac</span> 
     </span>
    </p>
   </div>
   <div class='ocr_carea' id='block_1_6' title="bbox 392 1805 1158 1849">
    <p class='ocr_par' dir='ltr' id='par_1_7' title="bbox 392 1805 1158 1849">
     <span class='ocr_line' id='line_1_32' title="bbox 392 1805 1158 1849; baseline 0.003 -12"><span class='ocrx_word' id='word_1_167' title='bbox 392 1805 567 1849; x_wconf 81' lang='lat' dir='ltr'>incogitato</span> <span class='ocrx_word' id='word_1_168' title='bbox 593 1810 624 1838; x_wconf 92' lang='lat' dir='ltr'>et</span> <span class='ocrx_word' id='word_1_169' title='bbox 649 1805 900 1848; x_wconf 82' lang='lat' dir='ltr'>inexcogitabili,</span> <span class='ocrx_word' id='word_1_170' title='bbox 921 1806 1136 1840; x_wconf 83' lang='lat' dir='ltr'>individuam·</span> <span class='ocrx_word' id='word_1_171' title='bbox 1156 1819 1158 1830; x_wconf 81' lang='lat'><strong>¹</strong></span> 
     </span>
    </p>
   </div>
   <div class='ocr_carea' id='block_1_7' title="bbox 391 1858 1138 2172">
    <p class='ocr_par' dir='ltr' id='par_1_8' title="bbox 391 1858 1138 2172">
     <span class='ocr_line' id='line_1_33' title="bbox 392 1858 1133 1902; baseline 0.004 -12"><span class='ocrx_word' id='word_1_172' title='bbox 392 1869 453 1901; x_wconf 84' lang='lat' dir='ltr'>que</span> <span class='ocrx_word' id='word_1_173' title='bbox 492 1858 736 1901; x_wconf 82' lang='lat' dir='ltr'>expressionem</span> <span class='ocrx_word' id='word_1_174' title='bbox 773 1860 962 1902; x_wconf 86' lang='lat' dir='ltr'>requirente</span> <span class='ocrx_word' id='word_1_175' title='bbox 1001 1860 1133 1893; x_wconf 82' lang='lat' dir='ltr'>defectu</span> 
     </span>
     <span class='ocr_line' id='line_1_34' title="bbox 392 1911 1132 1956; baseline 0.003 -12"><span class='ocrx_word' id='word_1_176' title='bbox 392 1912 510 1952; x_wconf 85' lang='lat' dir='ltr'>notari,</span> <span class='ocrx_word' id='word_1_177' title='bbox 539 1911 735 1955; x_wconf 73' lang='lat' dir='ltr'>impugnari,</span> <span class='ocrx_word' id='word_1_178' title='bbox 772 1912 915 1956; x_wconf 77' lang='lat' dir='ltr'>infringi,</span> <span class='ocrx_word' id='word_1_179' title='bbox 952 1914 1132 1954; x_wconf 83' lang='lat' dir='ltr'>retractari,</span> 
     </span>
     <span class='ocr_line' id='line_1_35' title="bbox 391 1966 1137 2005; baseline 0.003 -7"><span class='ocrx_word' id='word_1_180' title='bbox 391 1966 422 1998; x_wconf 91' lang='lat' dir='ltr'>in</span> <span class='ocrx_word' id='word_1_181' title='bbox 449 1966 706 1999; x_wconf 86' lang='lat' dir='ltr'>controversiam</span> <span class='ocrx_word' id='word_1_182' title='bbox 732 1966 847 2005; x_wconf 86' lang='lat' dir='ltr'>vocari,</span> <span class='ocrx_word' id='word_1_183' title='bbox 874 1972 928 1999; x_wconf 89' lang='lat' dir='ltr'>aut</span> <span class='ocrx_word' id='word_1_184' title='bbox 960 1967 997 1999; x_wconf 91' lang='lat' dir='ltr'>ad</span> <span class='ocrx_word' id='word_1_185' title='bbox 1031 1967 1137 2000; x_wconf 86' lang='lat' dir='ltr'>termi-</span> 
     </span>
     <span class='ocr_line' id='line_1_36' title="bbox 392 2019 1138 2065; baseline 0.004 -13"><span class='ocrx_word' id='word_1_186' title='bbox 392 2030 449 2052; x_wconf 91' lang='lat' dir='ltr'>nos</span> <span class='ocrx_word' id='word_1_187' title='bbox 475 2019 555 2051; x_wconf 89' lang='lat' dir='ltr'>iuris</span> <span class='ocrx_word' id='word_1_188' title='bbox 580 2019 702 2058; x_wconf 90' lang='lat' dir='ltr'>reduci,</span> <span class='ocrx_word' id='word_1_189' title='bbox 728 2030 783 2052; x_wconf 90' lang='lat' dir='ltr'>seu</span> <span class='ocrx_word' id='word_1_190' title='bbox 802 2020 953 2053; x_wconf 90' lang='lat' dir='ltr'>adversus</span> <span class='ocrx_word' id='word_1_191' title='bbox 973 2021 1045 2054; x_wconf 88' lang='lat' dir='ltr'>illas</span> <span class='ocrx_word' id='word_1_192' title='bbox 1062 2032 1138 2065; x_wconf 87' lang='lat' dir='ltr'>ape-</span> 
     </span>
     <span class='ocr_line' id='line_1_37' title="bbox 392 2072 1136 2118; baseline 0.004 -13"><span class='ocrx_word' id='word_1_193' title='bbox 392 2072 517 2106; x_wconf 90' lang='lat' dir='ltr'>ritionis</span> <span class='ocrx_word' id='word_1_194' title='bbox 541 2073 617 2113; x_wconf 91' lang='lat' dir='ltr'>oris,</span> <span class='ocrx_word' id='word_1_195' title='bbox 645 2073 884 2107; x_wconf 84' lang='lat' dir='ltr'>restititutionis</span> <span class='ocrx_word' id='word_1_196' title='bbox 912 2074 943 2107; x_wconf 88' lang='lat' dir='ltr'>in</span> <span class='ocrx_word' id='word_1_197' title='bbox 962 2074 1136 2118; x_wconf 83' lang='lat' dir='ltr'>integrum,</span> 
     </span>
     <span class='ocr_line' id='line_1_38' title="bbox 391 2127 1138 2172; baseline 0.004 -14"><span class='ocrx_word' id='word_1_198' title='bbox 391 2127 517 2160; x_wconf 86' lang='lat' dir='ltr'>aliudve</span> <span class='ocrx_word' id='word_1_199' title='bbox 539 2127 766 2170; x_wconf 87' lang='lat' dir='ltr'>quodcumque</span> <span class='ocrx_word' id='word_1_200' title='bbox 794 2127 884 2167; x_wconf 90' lang='lat' dir='ltr'>iuris,</span> <span class='ocrx_word' id='word_1_201' title='bbox 907 2128 979 2160; x_wconf 77' lang='lat' dir='ltr'>sacti</span> <span class='ocrx_word' id='word_1_202' title='bbox 998 2129 1046 2161; x_wconf 85' lang='lat' dir='ltr'>vel</span> <span class='ocrx_word' id='word_1_203' title='bbox 1066 2139 1138 2172; x_wconf 81' lang='lat' dir='ltr'>gra-</span> 
     </span>
    </p>
   </div>
   <div class='ocr_carea' id='block_1_8' title="bbox 394 2180 1161 2225">
    <p class='ocr_par' dir='ltr' id='par_1_9' title="bbox 394 2180 1161 2225">
     <span class='ocr_line' id='line_1_39' title="bbox 394 2180 1161 2225; baseline 0.004 -14"><span class='ocrx_word' id='word_1_204' title='bbox 394 2180 454 2212; x_wconf 86' lang='lat' dir='ltr'>tiae</span> <span class='ocrx_word' id='word_1_205' title='bbox 479 2180 658 2212; x_wconf 86' lang='lat' dir='ltr'>remedium</span> <span class='ocrx_word' id='word_1_206' title='bbox 693 2180 845 2213; x_wconf 89' lang='lat' dir='ltr'>intentari</span> <span class='ocrx_word' id='word_1_207' title='bbox 874 2182 923 2213; x_wconf 88' lang='lat' dir='ltr'>vel</span> <span class='ocrx_word' id='word_1_208' title='bbox 949 2181 1136 2225; x_wconf 83' lang='lat' dir='ltr'>impetrari,</span> <span class='ocrx_word' id='word_1_209' title='bbox 1159 2187 1161 2195; x_wconf 91' lang='lat'>&#39;</span> 
     </span>
    </p>
   </div>
   <div class='ocr_carea' id='block_1_9' title="bbox 393 2233 1139 2704">
    <p class='ocr_par' dir='ltr' id='par_1_10' title="bbox 393 2233 1139 2704">
     <span class='ocr_line' id='line_1_40' title="bbox 393 2233 1138 2276; baseline 0.005 -11"><span class='ocrx_word' id='word_1_210' title='bbox 393 2240 446 2265; x_wconf 86' lang='lat' dir='ltr'>aut</span> <span class='ocrx_word' id='word_1_211' title='bbox 470 2233 654 2276; x_wconf 85' lang='lat' dir='ltr'>impetrato,</span> <span class='ocrx_word' id='word_1_212' title='bbox 680 2244 736 2267; x_wconf 91' lang='lat' dir='ltr'>seu</span> <span class='ocrx_word' id='word_1_213' title='bbox 756 2234 853 2267; x_wconf 88' lang='lat' dir='ltr'>etiam</span> <span class='ocrx_word' id='word_1_214' title='bbox 877 2240 976 2274; x_wconf 87' lang='lat' dir='ltr'>motu,</span> <span class='ocrx_word' id='word_1_215' title='bbox 1003 2235 1138 2269; x_wconf 77' lang='lat' dir='ltr'>scientia</span> 
     </span>
     <span class='ocr_line' id='line_1_41' title="bbox 394 2286 1138 2331; baseline 0.004 -13"><span class='ocrx_word' id='word_1_216' title='bbox 394 2292 424 2318; x_wconf 83' lang='lat' dir='ltr'>et</span> <span class='ocrx_word' id='word_1_217' title='bbox 455 2286 623 2329; x_wconf 76' lang='lat' dir='ltr'>potestatis</span> <span class='ocrx_word' id='word_1_218' title='bbox 653 2286 858 2329; x_wconf 88' lang='lat' dir='ltr'>plenitudine</span> <span class='ocrx_word' id='word_1_219' title='bbox 891 2288 1023 2331; x_wconf 90' lang='lat' dir='ltr'>paribus</span> <span class='ocrx_word' id='word_1_220' title='bbox 1061 2300 1138 2321; x_wconf 88' lang='lat' dir='ltr'>con-</span> 
     </span>
     <span class='ocr_line' id='line_1_42' title="bbox 394 2339 1137 2383; baseline 0.004 -12"><span class='ocrx_word' id='word_1_221' title='bbox 394 2349 485 2371; x_wconf 78' lang='lat' dir='ltr'>cesso</span> <span class='ocrx_word' id='word_1_222' title='bbox 503 2339 552 2371; x_wconf 71' lang='lat' dir='ltr'>vet</span> <span class='ocrx_word' id='word_1_223' title='bbox 575 2344 734 2378; x_wconf 85' lang='lat' dir='ltr'>emanato‚</span> <span class='ocrx_word' id='word_1_224' title='bbox 762 2340 948 2383; x_wconf 78' lang='lat' dir='ltr'>quempiam</span> <span class='ocrx_word' id='word_1_225' title='bbox 967 2340 999 2373; x_wconf 93' lang='lat' dir='ltr'>in</span> <span class='ocrx_word' id='word_1_226' title='bbox 1018 2340 1137 2374; x_wconf 91' lang='lat' dir='ltr'>iudicio</span> 
     </span>
     <span class='ocr_line' id='line_1_43' title="bbox 394 2392 1137 2428; baseline 0.004 -4"><span class='ocrx_word' id='word_1_227' title='bbox 394 2394 441 2425; x_wconf 72' lang='lat' dir='ltr'>vel</span> <span class='ocrx_word' id='word_1_228' title='bbox 473 2398 564 2425; x_wconf 79' lang='lat' dir='ltr'>extra</span> <span class='ocrx_word' id='word_1_229' title='bbox 592 2392 671 2425; x_wconf 90' lang='lat' dir='ltr'>illud</span> <span class='ocrx_word' id='word_1_230' title='bbox 701 2392 746 2424; x_wconf 90' lang='lat' dir='ltr'>uti</span> <span class='ocrx_word' id='word_1_231' title='bbox 782 2403 838 2425; x_wconf 84' lang='lat' dir='ltr'>seu</span> <span class='ocrx_word' id='word_1_232' title='bbox 864 2404 898 2426; x_wconf 90' lang='lat' dir='ltr'>se</span> <span class='ocrx_word' id='word_1_233' title='bbox 924 2393 1035 2427; x_wconf 88' lang='lat' dir='ltr'>iuvare</span> <span class='ocrx_word' id='word_1_234' title='bbox 1068 2395 1137 2428; x_wconf 90' lang='lat' dir='ltr'>ullo</span> 
     </span>
     <span class='ocr_line' id='line_1_44' title="bbox 394 2445 1139 2489; baseline 0.005 -13"><span class='ocrx_word' id='word_1_235' title='bbox 394 2446 490 2478; x_wconf 82' lang='lat' dir='ltr'>inodo</span> <span class='ocrx_word' id='word_1_236' title='bbox 516 2456 632 2489; x_wconf 72' lang='lat' dir='ltr'>posse,</span> <span class='ocrx_word' id='word_1_237' title='bbox 654 2446 707 2478; x_wconf 89' lang='lat' dir='ltr'>sed</span> <span class='ocrx_word' id='word_1_238' title='bbox 728 2445 813 2488; x_wconf 84' lang='lat' dir='ltr'>ipsas</span> <span class='ocrx_word' id='word_1_239' title='bbox 838 2452 1030 2489; x_wconf 85' lang='lat' dir='ltr'>praesentes</span> <span class='ocrx_word' id='word_1_240' title='bbox 1055 2447 1139 2481; x_wconf 87' lang='lat' dir='ltr'>litte-</span> 
     </span>
     <span class='ocr_line' id='line_1_45' title="bbox 395 2498 1138 2541; baseline 0.004 -10"><span class='ocrx_word' id='word_1_241' title='bbox 395 2510 443 2531; x_wconf 84' lang='lat' dir='ltr'>ras</span> <span class='ocrx_word' id='word_1_242' title='bbox 471 2509 601 2541; x_wconf 88' lang='lat' dir='ltr'>semper</span> <span class='ocrx_word' id='word_1_243' title='bbox 626 2498 744 2538; x_wconf 72' lang='lat' dir='ltr'>firmas,</span> <span class='ocrx_word' id='word_1_244' title='bbox 778 2499 900 2531; x_wconf 84' lang='lat' dir='ltr'>validas</span> <span class='ocrx_word' id='word_1_245' title='bbox 935 2505 967 2532; x_wconf 90' lang='lat' dir='ltr'>et</span> <span class='ocrx_word' id='word_1_246' title='bbox 991 2499 1138 2534; x_wconf 81' lang='lat' dir='ltr'>efficaces</span> 
     </span>
     <span class='ocr_line' id='line_1_46' title="bbox 394 2552 1139 2596; baseline 0.005 -13"><span class='ocrx_word' id='word_1_247' title='bbox 394 2553 534 2585; x_wconf 85' lang='lat' dir='ltr'>existere</span> <span class='ocrx_word' id='word_1_248' title='bbox 568 2557 599 2584; x_wconf 88' lang='lat' dir='ltr'>et</span> <span class='ocrx_word' id='word_1_249' title='bbox 632 2552 708 2591; x_wconf 86' lang='lat' dir='ltr'>sore,</span> <span class='ocrx_word' id='word_1_250' title='bbox 742 2562 883 2595; x_wconf 85' lang='lat' dir='ltr'>suosque</span> <span class='ocrx_word' id='word_1_251' title='bbox 915 2553 1081 2596; x_wconf 83' lang='lat' dir='ltr'>plenarios</span> <span class='ocrx_word' id='word_1_252' title='bbox 1108 2559 1139 2587; x_wconf 90' lang='lat' dir='ltr'>et</span> 
     </span>
     <span class='ocr_line' id='line_1_47' title="bbox 396 2604 1139 2648; baseline 0.004 -11"><span class='ocrx_word' id='word_1_253' title='bbox 396 2606 539 2648; x_wconf 85' lang='lat' dir='ltr'>integros</span> <span class='ocrx_word' id='word_1_254' title='bbox 566 2604 698 2638; x_wconf 71' lang='lat' dir='ltr'>effectus</span> <span class='ocrx_word' id='word_1_255' title='bbox 723 2605 831 2638; x_wconf 85' lang='lat' dir='ltr'>sortiri</span> <span class='ocrx_word' id='word_1_256' title='bbox 858 2610 890 2638; x_wconf 89' lang='lat' dir='ltr'>et</span> <span class='ocrx_word' id='word_1_257' title='bbox 915 2606 1075 2647; x_wconf 88' lang='lat' dir='ltr'>obtinere,</span> <span class='ocrx_word' id='word_1_258' title='bbox 1103 2618 1139 2640; x_wconf 88' lang='lat' dir='ltr'>ac</span> 
     </span>
     <span class='ocr_line' id='line_1_48' title="bbox 395 2658 1136 2704; baseline 0.003 -12"><span class='ocrx_word' id='word_1_259' title='bbox 395 2659 471 2699; x_wconf 89' lang='lat' dir='ltr'>illis,</span> <span class='ocrx_word' id='word_1_260' title='bbox 498 2658 535 2691; x_wconf 86' lang='lat' dir='ltr'>ad</span> <span class='ocrx_word' id='word_1_261' title='bbox 562 2669 646 2703; x_wconf 85' lang='lat' dir='ltr'>quos</span> <span class='ocrx_word' id='word_1_262' title='bbox 671 2664 798 2702; x_wconf 87' lang='lat' dir='ltr'>spectat</span> <span class='ocrx_word' id='word_1_263' title='bbox 833 2663 864 2692; x_wconf 91' lang='lat' dir='ltr'>et</span> <span class='ocrx_word' id='word_1_264' title='bbox 895 2669 955 2702; x_wconf 89' lang='lat' dir='ltr'>pro</span> <span class='ocrx_word' id='word_1_265' title='bbox 990 2664 1136 2704; x_wconf 88' lang='lat' dir='ltr'>tempore</span> 
     </span>
    </p>
   </div>
   <div class='ocr_carea' id='block_1_10' title="bbox 1152 319 1163 2700">
    <p class='ocr_par' dir='ltr' id='par_1_11' title="bbox 1152 319 1163 2700">
     <span class='ocr_line' id='line_1_49' title="bbox 1152 319 1163 2700; baseline 0 0"><span class='ocrx_word' id='word_1_266' title='bbox 1152 319 1163 2700; x_wconf 95' lang='lat' dir='ltr'> </span> 
     </span>
    </p>
   </div>
   <div class='ocr_carea' id='block_1_11' title="bbox 975 264 1334 290">
    <p class='ocr_par' dir='ltr' id='par_1_12' title="bbox 975 264 1334 290">
     <span class='ocr_line' id='line_1_50' title="bbox 975 264 1334 290; baseline 0.006 -2"><span class='ocrx_word' id='word_1_267' title='bbox 975 264 1107 289; x_wconf 73' lang='lat' dir='ltr'>BL&#39;LLARI</span> <span class='ocrx_word' id='word_1_268' title='bbox 1114 265 1154 289; x_wconf 71' lang='grc' dir='ltr'>ΠΜ</span> <span class='ocrx_word' id='word_1_269' title='bbox 1179 265 1287 290; x_wconf 51' lang='lat' dir='ltr'>ROMA&amp;</span> <span class='ocrx_word' id='word_1_270' title='bbox 1294 267 1334 290; x_wconf 68' lang='grc' dir='ltr'>ΗΜ</span> 
     </span>
    </p>
   </div>
   <div class='ocr_carea' id='block_1_12' title="bbox 1174 316 1920 415">
    <p class='ocr_par' dir='ltr' id='par_1_13' title="bbox 1174 316 1920 415">
     <span class='ocr_line' id='line_1_51' title="bbox 1174 316 1920 361; baseline 0.005 -14"><span class='ocrx_word' id='word_1_271' title='bbox 1174 316 1450 360; x_wconf 86' lang='lat' dir='ltr'>quandocumque</span> <span class='ocrx_word' id='word_1_272' title='bbox 1482 317 1655 361; x_wconf 88' lang='lat' dir='ltr'>spectabit,</span> <span class='ocrx_word' id='word_1_273' title='bbox 1686 317 1920 352; x_wconf 86' lang='lat' dir='ltr'>inviolabiliter</span> 
     </span>
     <span class='ocr_line' id='line_1_52' title="bbox 1174 369 1918 415; baseline 0.004 -13"><span class='ocrx_word' id='word_1_274' title='bbox 1174 375 1206 402; x_wconf 91' lang='lat' dir='ltr'>et</span> <span class='ocrx_word' id='word_1_275' title='bbox 1237 369 1427 403; x_wconf 80' lang='lat' dir='ltr'>inconcusse</span> <span class='ocrx_word' id='word_1_276' title='bbox 1454 371 1634 412; x_wconf 88' lang='lat' dir='ltr'>observari,</span> <span class='ocrx_word' id='word_1_277' title='bbox 1658 371 1770 415; x_wconf 84' lang='lat' dir='ltr'>sicque</span> <span class='ocrx_word' id='word_1_278' title='bbox 1797 377 1827 405; x_wconf 85' lang='lat' dir='ltr'>et</span> <span class='ocrx_word' id='word_1_279' title='bbox 1852 381 1918 405; x_wconf 90' lang='lat' dir='ltr'>non</span> 
     </span>
    </p>
   </div>
   <div class='ocr_carea' id='block_1_13' title="bbox 1152 422 1919 469">
    <p class='ocr_par' dir='ltr' id='par_1_14' title="bbox 1152 422 1919 469">
     <span class='ocr_line' id='line_1_53' title="bbox 1152 422 1919 469; baseline 0.004 -14"><span class='ocrx_word' id='word_1_280' title='bbox 1152 422 1270 455; x_wconf 71' lang='lat' dir='ltr'>»aliter</span> <span class='ocrx_word' id='word_1_281' title='bbox 1309 424 1340 455; x_wconf 95' lang='lat' dir='ltr'>in</span> <span class='ocrx_word' id='word_1_282' title='bbox 1375 424 1566 467; x_wconf 84' lang='lat' dir='ltr'>praemissis</span> <span class='ocrx_word' id='word_1_283' title='bbox 1600 435 1660 468; x_wconf 89' lang='lat' dir='ltr'>per</span> <span class='ocrx_word' id='word_1_284' title='bbox 1694 435 1919 469; x_wconf 84' lang='lat' dir='ltr'>quoscumque</span> 
     </span>
    </p>
   </div>
   <div class='ocr_carea' id='block_1_14' title="bbox 1174 475 1928 2705">
    <p class='ocr_par' dir='ltr' id='par_1_15' title="bbox 1174 475 1924 1210">
     <span class='ocr_line' id='line_1_54' title="bbox 1174 475 1918 521; baseline 0.004 -13"><span class='ocrx_word' id='word_1_285' title='bbox 1174 475 1298 510; x_wconf 89' lang='lat' dir='ltr'>iudices</span> <span class='ocrx_word' id='word_1_286' title='bbox 1325 477 1508 510; x_wconf 87' lang='lat' dir='ltr'>ordinarios</span> <span class='ocrx_word' id='word_1_287' title='bbox 1542 483 1573 510; x_wconf 89' lang='lat' dir='ltr'>et</span> <span class='ocrx_word' id='word_1_288' title='bbox 1603 478 1793 521; x_wconf 82' lang='lat' dir='ltr'>delegatos,</span> <span class='ocrx_word' id='word_1_289' title='bbox 1822 478 1918 512; x_wconf 86' lang='lat' dir='ltr'>etiam</span> 
     </span>
     <span class='ocr_line' id='line_1_55' title="bbox 1175 531 1921 574; baseline 0.005 -13"><span class='ocrx_word' id='word_1_290' title='bbox 1175 539 1344 562; x_wconf 85' lang='lat' dir='ltr'>causarum</span> <span class='ocrx_word' id='word_1_291' title='bbox 1363 531 1473 573; x_wconf 85' lang='lat' dir='ltr'>palatii</span> <span class='ocrx_word' id='word_1_292' title='bbox 1500 531 1672 574; x_wconf 86' lang='lat' dir='ltr'>apostolici</span> <span class='ocrx_word' id='word_1_293' title='bbox 1689 532 1865 571; x_wconf 85' lang='lat' dir='ltr'>auditores,</span> <span class='ocrx_word' id='word_1_294' title='bbox 1885 542 1921 565; x_wconf 89' lang='lat' dir='ltr'>ac</span> 
     </span>
     <span class='ocr_line' id='line_1_56' title="bbox 1176 581 1920 624; baseline 0.007 -11"><span class='ocrx_word' id='word_1_295' title='bbox 1176 581 1281 614; x_wconf 88' lang='lat' dir='ltr'>dictae</span> <span class='ocrx_word' id='word_1_296' title='bbox 1299 582 1331 614; x_wconf 88' lang='lat' dir='ltr'>S.</span> <span class='ocrx_word' id='word_1_297' title='bbox 1353 582 1389 615; x_wconf 82' lang='lat' dir='ltr'>R.</span> <span class='ocrx_word' id='word_1_298' title='bbox 1409 583 1444 615; x_wconf 88' lang='lat' dir='ltr'>E.</span> <span class='ocrx_word' id='word_1_299' title='bbox 1465 583 1657 624; x_wconf 85' lang='lat' dir='ltr'>cardinales,</span> <span class='ocrx_word' id='word_1_300' title='bbox 1685 585 1782 617; x_wconf 88' lang='lat' dir='ltr'>etiam</span> <span class='ocrx_word' id='word_1_301' title='bbox 1809 585 1848 618; x_wconf 90' lang='lat' dir='ltr'>de</span> <span class='ocrx_word' id='word_1_302' title='bbox 1875 586 1920 618; x_wconf 89' lang='lat' dir='ltr'>la-</span> 
     </span>
     <span class='ocr_line' id='line_1_57' title="bbox 1177 635 1920 680; baseline 0.005 -13"><span class='ocrx_word' id='word_1_303' title='bbox 1177 640 1244 668; x_wconf 84' lang='lat' dir='ltr'>tere</span> <span class='ocrx_word' id='word_1_304' title='bbox 1277 635 1401 678; x_wconf 85' lang='lat' dir='ltr'>legatos</span> <span class='ocrx_word' id='word_1_305' title='bbox 1432 641 1464 669; x_wconf 90' lang='lat' dir='ltr'>et</span> <span class='ocrx_word' id='word_1_306' title='bbox 1488 636 1580 669; x_wconf 86' lang='lat' dir='ltr'>Sedis</span> <span class='ocrx_word' id='word_1_307' title='bbox 1607 637 1814 680; x_wconf 85' lang='lat' dir='ltr'>Aposlolicae</span> <span class='ocrx_word' id='word_1_308' title='bbox 1839 649 1920 671; x_wconf 88' lang='lat' dir='ltr'>nun-</span> 
     </span>
     <span class='ocr_line' id='line_1_58' title="bbox 1176 687 1920 727; baseline 0.005 -7"><span class='ocrx_word' id='word_1_309' title='bbox 1176 687 1267 727; x_wconf 88' lang='lat' dir='ltr'>cios,</span> <span class='ocrx_word' id='word_1_310' title='bbox 1294 699 1330 720; x_wconf 88' lang='lat' dir='ltr'>ac</span> <span class='ocrx_word' id='word_1_311' title='bbox 1361 694 1558 721; x_wconf 86' lang='lat' dir='ltr'>memoratae</span> <span class='ocrx_word' id='word_1_312' title='bbox 1591 689 1759 723; x_wconf 87' lang='lat' dir='ltr'>Cruciatae</span> <span class='ocrx_word' id='word_1_313' title='bbox 1790 696 1920 725; x_wconf 84' lang='lat' dir='ltr'>sanctae</span> 
     </span>
     <span class='ocr_line' id='line_1_59' title="bbox 1176 741 1918 787; baseline 0.005 -14"><span class='ocrx_word' id='word_1_314' title='bbox 1176 741 1439 781; x_wconf 84' lang='lat' dir='ltr'>commissarios,</span> <span class='ocrx_word' id='word_1_315' title='bbox 1464 742 1585 775; x_wconf 83' lang='lat' dir='ltr'>aliosve</span> <span class='ocrx_word' id='word_1_316' title='bbox 1620 743 1802 786; x_wconf 87' lang='lat' dir='ltr'>quoslibet,</span> <span class='ocrx_word' id='word_1_317' title='bbox 1837 754 1918 787; x_wconf 85' lang='lat' dir='ltr'>qua-</span> 
     </span>
     <span class='ocr_line' id='line_1_60' title="bbox 1176 795 1922 839; baseline 0.005 -14"><span class='ocrx_word' id='word_1_318' title='bbox 1176 804 1314 837; x_wconf 87' lang='lat' dir='ltr'>cumque</span> <span class='ocrx_word' id='word_1_319' title='bbox 1340 795 1599 837; x_wconf 85' lang='lat' dir='ltr'>praeeminentia</span> <span class='ocrx_word' id='word_1_320' title='bbox 1617 802 1648 829; x_wconf 90' lang='lat' dir='ltr'>et</span> <span class='ocrx_word' id='word_1_321' title='bbox 1666 801 1825 839; x_wconf 85' lang='lat' dir='ltr'>potestate</span> <span class='ocrx_word' id='word_1_322' title='bbox 1851 797 1922 829; x_wconf 75' lang='lat' dir='ltr'>sun-</span> 
     </span>
     <span class='ocr_line' id='line_1_61' title="bbox 1176 848 1921 889; baseline 0.003 -9"><span class='ocrx_word' id='word_1_323' title='bbox 1176 852 1291 889; x_wconf 84' lang='lat' dir='ltr'>gentes</span> <span class='ocrx_word' id='word_1_324' title='bbox 1307 853 1338 880; x_wconf 88' lang='lat' dir='ltr'>et</span> <span class='ocrx_word' id='word_1_325' title='bbox 1353 848 1534 888; x_wconf 86' lang='lat' dir='ltr'>suncturos,</span> <span class='ocrx_word' id='word_1_326' title='bbox 1551 849 1677 882; x_wconf 78' lang='lat' dir='ltr'>sublata</span> <span class='ocrx_word' id='word_1_327' title='bbox 1695 849 1741 882; x_wconf 90' lang='lat' dir='ltr'>eis</span> <span class='ocrx_word' id='word_1_328' title='bbox 1760 854 1790 882; x_wconf 92' lang='lat' dir='ltr'>et</span> <span class='ocrx_word' id='word_1_329' title='bbox 1808 860 1921 883; x_wconf 88' lang='lat' dir='ltr'>eorum</span> 
     </span>
     <span class='ocr_line' id='line_1_62' title="bbox 1176 900 1923 944; baseline 0.004 -11"><span class='ocrx_word' id='word_1_330' title='bbox 1176 900 1311 934; x_wconf 89' lang='lat' dir='ltr'>cuilibet</span> <span class='ocrx_word' id='word_1_331' title='bbox 1334 902 1446 944; x_wconf 86' lang='lat' dir='ltr'>quavis</span> <span class='ocrx_word' id='word_1_332' title='bbox 1472 902 1568 935; x_wconf 88' lang='lat' dir='ltr'>aliter</span> <span class='ocrx_word' id='word_1_333' title='bbox 1589 902 1755 936; x_wconf 87' lang='lat' dir='ltr'>iudicandi</span> <span class='ocrx_word' id='word_1_334' title='bbox 1773 908 1805 936; x_wconf 87' lang='lat' dir='ltr'>et</span> <span class='ocrx_word' id='word_1_335' title='bbox 1822 903 1923 936; x_wconf 89' lang='lat' dir='ltr'>inter-</span> 
     </span>
     <span class='ocr_line' id='line_1_63' title="bbox 1177 955 1921 998; baseline 0.004 -11"><span class='ocrx_word' id='word_1_336' title='bbox 1177 955 1327 998; x_wconf 90' lang='lat' dir='ltr'>pretandi</span> <span class='ocrx_word' id='word_1_337' title='bbox 1348 955 1501 988; x_wconf 77' lang='lat' dir='ltr'>facultate</span> <span class='ocrx_word' id='word_1_338' title='bbox 1519 961 1551 989; x_wconf 90' lang='lat' dir='ltr'>et</span> <span class='ocrx_word' id='word_1_339' title='bbox 1566 956 1767 997; x_wconf 87' lang='lat' dir='ltr'>auctoritate,</span> <span class='ocrx_word' id='word_1_340' title='bbox 1785 956 1921 990; x_wconf 86' lang='lat' dir='ltr'>iudicari</span> 
     </span>
     <span class='ocr_line' id='line_1_64' title="bbox 1177 1007 1923 1050; baseline 0.004 -11"><span class='ocrx_word' id='word_1_341' title='bbox 1177 1013 1210 1040; x_wconf 90' lang='lat' dir='ltr'>et</span> <span class='ocrx_word' id='word_1_342' title='bbox 1227 1007 1357 1040; x_wconf 82' lang='lat' dir='ltr'>definiri</span> <span class='ocrx_word' id='word_1_343' title='bbox 1383 1009 1513 1049; x_wconf 86' lang='lat' dir='ltr'>debere,</span> <span class='ocrx_word' id='word_1_344' title='bbox 1540 1020 1576 1042; x_wconf 86' lang='lat' dir='ltr'>ac</span> <span class='ocrx_word' id='word_1_345' title='bbox 1602 1009 1730 1041; x_wconf 87' lang='lat' dir='ltr'>irritum</span> <span class='ocrx_word' id='word_1_346' title='bbox 1756 1014 1788 1041; x_wconf 89' lang='lat' dir='ltr'>et</span> <span class='ocrx_word' id='word_1_347' title='bbox 1813 1009 1923 1050; x_wconf 90' lang='lat' dir='ltr'>inane,</span> 
     </span>
     <span class='ocr_line' id='line_1_65' title="bbox 1177 1061 1924 1106; baseline 0.003 -13"><span class='ocrx_word' id='word_1_348' title='bbox 1177 1061 1202 1093; x_wconf 89' lang='lat' dir='ltr'>si</span> <span class='ocrx_word' id='word_1_349' title='bbox 1225 1071 1320 1094; x_wconf 88' lang='lat' dir='ltr'>secus</span> <span class='ocrx_word' id='word_1_350' title='bbox 1345 1072 1444 1105; x_wconf 89' lang='lat' dir='ltr'>super</span> <span class='ocrx_word' id='word_1_351' title='bbox 1469 1062 1521 1095; x_wconf 85' lang='lat' dir='ltr'>his</span> <span class='ocrx_word' id='word_1_352' title='bbox 1555 1074 1572 1095; x_wconf 90' lang='lat' dir='ltr'>a</span> <span class='ocrx_word' id='word_1_353' title='bbox 1602 1073 1788 1105; x_wconf 85' lang='lat' dir='ltr'>quoquam,</span> <span class='ocrx_word' id='word_1_354' title='bbox 1813 1062 1924 1106; x_wconf 86' lang='lat' dir='ltr'>quavis</span> 
     </span>
     <span class='ocr_line' id='line_1_66' title="bbox 1177 1114 1923 1158; baseline 0.004 -12"><span class='ocrx_word' id='word_1_355' title='bbox 1177 1114 1378 1154; x_wconf 86' lang='lat' dir='ltr'>auctoritate,</span> <span class='ocrx_word' id='word_1_356' title='bbox 1398 1114 1541 1148; x_wconf 86' lang='lat' dir='ltr'>scienter</span> <span class='ocrx_word' id='word_1_357' title='bbox 1558 1116 1606 1148; x_wconf 89' lang='lat' dir='ltr'>vel</span> <span class='ocrx_word' id='word_1_358' title='bbox 1626 1114 1827 1158; x_wconf 84' lang='lat' dir='ltr'>ignoranter,</span> <span class='ocrx_word' id='word_1_359' title='bbox 1845 1126 1923 1149; x_wconf 88' lang='lat' dir='ltr'>con-</span> 
     </span>
     <span class='ocr_line' id='line_1_67' title="bbox 1177 1167 1478 1210; baseline 0.003 -11"><span class='ocrx_word' id='word_1_360' title='bbox 1177 1167 1288 1210; x_wconf 83' lang='lat' dir='ltr'>tigerit</span> <span class='ocrx_word' id='word_1_361' title='bbox 1313 1168 1478 1200; x_wconf 87' lang='lat' dir='ltr'>attentari.</span> 
     </span>
    </p>

    <p class='ocr_par' dir='ltr' id='par_1_16' title="bbox 1176 1221 1928 2705">
     <span class='ocr_line' id='line_1_68' title="bbox 1220 1221 1923 1266; baseline 0.004 -13"><span class='ocrx_word' id='word_1_362' title='bbox 1220 1221 1235 1264; x_wconf 58' lang='lat'>§5</span> <span class='ocrx_word' id='word_1_363' title='bbox 1260 1221 1290 1254; x_wconf 81' lang='lat'>3.</span> <span class='ocrx_word' id='word_1_364' title='bbox 1320 1221 1388 1254; x_wconf 88' lang='lat' dir='ltr'>Non</span> <span class='ocrx_word' id='word_1_365' title='bbox 1419 1222 1624 1255; x_wconf 86' lang='lat' dir='ltr'>obstantibus</span> <span class='ocrx_word' id='word_1_366' title='bbox 1654 1223 1850 1266; x_wconf 82' lang='lat' dir='ltr'>praemissis,</span> <span class='ocrx_word' id='word_1_367' title='bbox 1887 1234 1923 1257; x_wconf 87' lang='lat' dir='ltr'>ac</span> 
     </span>
     <span class='ocr_line' id='line_1_69' title="bbox 1176 1274 1923 1320; baseline 0.003 -13"><span class='ocrx_word' id='word_1_368' title='bbox 1176 1274 1364 1317; x_wconf 86' lang='lat' dir='ltr'>apostolicis</span> <span class='ocrx_word' id='word_1_369' title='bbox 1389 1281 1419 1307; x_wconf 89' lang='lat' dir='ltr'>et</span> <span class='ocrx_word' id='word_1_370' title='bbox 1452 1275 1482 1307; x_wconf 91' lang='lat' dir='ltr'>in</span> <span class='ocrx_word' id='word_1_371' title='bbox 1515 1276 1764 1316; x_wconf 87' lang='lat' dir='ltr'>universalibus,</span> <span class='ocrx_word' id='word_1_372' title='bbox 1791 1276 1923 1320; x_wconf 89' lang='lat' dir='ltr'>provin-</span> 
     </span>
     <span class='ocr_line' id='line_1_70' title="bbox 1177 1327 1921 1373; baseline 0.004 -13"><span class='ocrx_word' id='word_1_373' title='bbox 1177 1327 1378 1372; x_wconf 86' lang='lat' dir='ltr'>cialibusque</span> <span class='ocrx_word' id='word_1_374' title='bbox 1396 1334 1428 1362; x_wconf 87' lang='lat' dir='ltr'>et</span> <span class='ocrx_word' id='word_1_375' title='bbox 1444 1329 1654 1373; x_wconf 77' lang='lat' dir='ltr'>synodalibus</span> <span class='ocrx_word' id='word_1_376' title='bbox 1667 1330 1802 1363; x_wconf 87' lang='lat' dir='ltr'>concilis</span> <span class='ocrx_word' id='word_1_377' title='bbox 1816 1329 1921 1370; x_wconf 87' lang='lat' dir='ltr'>editis,</span> 
     </span>
     <span class='ocr_line' id='line_1_71' title="bbox 1177 1382 1924 1426; baseline 0.004 -12"><span class='ocrx_word' id='word_1_378' title='bbox 1177 1382 1387 1424; x_wconf 83' lang='lat' dir='ltr'>generalibus</span> <span class='ocrx_word' id='word_1_379' title='bbox 1413 1383 1463 1416; x_wconf 90' lang='lat' dir='ltr'>vel</span> <span class='ocrx_word' id='word_1_380' title='bbox 1490 1383 1701 1426; x_wconf 83' lang='lat' dir='ltr'>specialibus,</span> <span class='ocrx_word' id='word_1_381' title='bbox 1718 1383 1924 1417; x_wconf 89' lang='lat' dir='ltr'>constitutio-</span> 
     </span>
     <span class='ocr_line' id='line_1_72' title="bbox 1177 1435 1924 1480; baseline 0.004 -13"><span class='ocrx_word' id='word_1_382' title='bbox 1177 1435 1273 1467; x_wconf 92' lang='lat' dir='ltr'>nibus</span> <span class='ocrx_word' id='word_1_383' title='bbox 1289 1440 1321 1468; x_wconf 89' lang='lat' dir='ltr'>et</span> <span class='ocrx_word' id='word_1_384' title='bbox 1338 1435 1609 1476; x_wconf 90' lang='lat' dir='ltr'>ordinationibus,</span> <span class='ocrx_word' id='word_1_385' title='bbox 1630 1447 1758 1470; x_wconf 89' lang='lat' dir='ltr'>necnon</span> <span class='ocrx_word' id='word_1_386' title='bbox 1776 1447 1924 1480; x_wconf 88' lang='lat' dir='ltr'>quorum-</span> 
     </span>
     <span class='ocr_line' id='line_1_73' title="bbox 1178 1487 1925 1532; baseline 0.004 -12"><span class='ocrx_word' id='word_1_387' title='bbox 1178 1488 1224 1520; x_wconf 91' lang='lat' dir='ltr'>vis</span> <span class='ocrx_word' id='word_1_388' title='bbox 1240 1487 1410 1528; x_wconf 88' lang='lat' dir='ltr'>Ordinum,</span> <span class='ocrx_word' id='word_1_389' title='bbox 1421 1489 1719 1532; x_wconf 79' lang='lat' dir='ltr'>congregationum,</span> <span class='ocrx_word' id='word_1_390' title='bbox 1734 1489 1925 1524; x_wconf 86' lang='lat' dir='ltr'>societatum</span> 
     </span>
     <span class='ocr_line' id='line_1_74' title="bbox 1178 1541 1926 1587; baseline 0.005 -13"><span class='ocrx_word' id='word_1_391' title='bbox 1178 1545 1209 1574; x_wconf 88' lang='lat' dir='ltr'>et</span> <span class='ocrx_word' id='word_1_392' title='bbox 1236 1541 1471 1581; x_wconf 86' lang='lat' dir='ltr'>institutorum,</span> <span class='ocrx_word' id='word_1_393' title='bbox 1491 1543 1601 1576; x_wconf 87' lang='lat' dir='ltr'>aliisve</span> <span class='ocrx_word' id='word_1_394' title='bbox 1628 1544 1802 1587; x_wconf 86' lang='lat' dir='ltr'>quibusvis,</span> <span class='ocrx_word' id='word_1_395' title='bbox 1829 1544 1926 1578; x_wconf 88' lang='lat' dir='ltr'>etiam</span> 
     </span>
     <span class='ocr_line' id='line_1_75' title="bbox 1178 1594 1924 1639; baseline 0.005 -13"><span class='ocrx_word' id='word_1_396' title='bbox 1178 1594 1371 1634; x_wconf 84' lang='lat' dir='ltr'>iuramento,</span> <span class='ocrx_word' id='word_1_397' title='bbox 1388 1595 1634 1629; x_wconf 85' lang='lat' dir='ltr'>confirmatione</span> <span class='ocrx_word' id='word_1_398' title='bbox 1660 1597 1853 1639; x_wconf 71' lang='lat' dir='ltr'>apostoliea,</span> <span class='ocrx_word' id='word_1_399' title='bbox 1874 1598 1924 1630; x_wconf 87' lang='lat' dir='ltr'>vel</span> 
     </span>
     <span class='ocr_line' id='line_1_76' title="bbox 1179 1647 1924 1691; baseline 0.005 -12"><span class='ocrx_word' id='word_1_400' title='bbox 1179 1647 1291 1691; x_wconf 78' lang='lat' dir='ltr'>quavis</span> <span class='ocrx_word' id='word_1_401' title='bbox 1317 1648 1466 1681; x_wconf 71' lang='lat' dir='ltr'>firmitate</span> <span class='ocrx_word' id='word_1_402' title='bbox 1494 1649 1556 1682; x_wconf 76' lang='lat' dir='ltr'>alia</span> <span class='ocrx_word' id='word_1_403' title='bbox 1587 1649 1771 1691; x_wconf 88' lang='lat' dir='ltr'>roboratis,</span> <span class='ocrx_word' id='word_1_404' title='bbox 1796 1650 1924 1684; x_wconf 88' lang='lat' dir='ltr'>statutis</span> 
     </span>
     <span class='ocr_line' id='line_1_77' title="bbox 1180 1702 1924 1747; baseline 0.004 -14"><span class='ocrx_word' id='word_1_405' title='bbox 1180 1707 1210 1734; x_wconf 89' lang='lat' dir='ltr'>et</span> <span class='ocrx_word' id='word_1_406' title='bbox 1236 1702 1547 1742; x_wconf 85' lang='lat' dir='ltr'>consuetudinibus,</span> <span class='ocrx_word' id='word_1_407' title='bbox 1569 1703 1751 1746; x_wconf 87' lang='lat' dir='ltr'>privilegiis</span> <span class='ocrx_word' id='word_1_408' title='bbox 1784 1714 1924 1747; x_wconf 91' lang='lat' dir='ltr'>quoque,</span> 
     </span>
     <span class='ocr_line' id='line_1_78' title="bbox 1180 1754 1925 1798; baseline 0.004 -12"><span class='ocrx_word' id='word_1_409' title='bbox 1180 1754 1315 1787; x_wconf 89' lang='lat' dir='ltr'>indultis</span> <span class='ocrx_word' id='word_1_410' title='bbox 1344 1759 1375 1787; x_wconf 88' lang='lat' dir='ltr'>et</span> <span class='ocrx_word' id='word_1_411' title='bbox 1410 1754 1527 1788; x_wconf 88' lang='lat' dir='ltr'>litteris</span> <span class='ocrx_word' id='word_1_412' title='bbox 1563 1755 1772 1798; x_wconf 86' lang='lat' dir='ltr'>apostolicis,</span> <span class='ocrx_word' id='word_1_413' title='bbox 1800 1756 1925 1789; x_wconf 88' lang='lat' dir='ltr'>eisdem</span> 
     </span>
     <span class='ocr_line' id='line_1_79' title="bbox 1179 1807 1926 1851; baseline 0.003 -10"><span class='ocrx_word' id='word_1_414' title='bbox 1179 1807 1364 1847; x_wconf 86' lang='lat' dir='ltr'>Ordinibus,</span> <span class='ocrx_word' id='word_1_415' title='bbox 1381 1809 1700 1851; x_wconf 77' lang='lat' dir='ltr'>congregationibus,</span> <span class='ocrx_word' id='word_1_416' title='bbox 1715 1809 1926 1843; x_wconf 87' lang='lat' dir='ltr'>societatibus</span> 
     </span>
     <span class='ocr_line' id='line_1_80' title="bbox 1180 1861 1926 1906; baseline 0.004 -13"><span class='ocrx_word' id='word_1_417' title='bbox 1180 1866 1211 1893; x_wconf 89' lang='lat' dir='ltr'>et</span> <span class='ocrx_word' id='word_1_418' title='bbox 1238 1861 1407 1901; x_wconf 86' lang='lat' dir='ltr'>institutis,</span> <span class='ocrx_word' id='word_1_419' title='bbox 1428 1861 1627 1905; x_wconf 88' lang='lat' dir='ltr'>illorumque</span> <span class='ocrx_word' id='word_1_420' title='bbox 1647 1863 1871 1906; x_wconf 88' lang='lat' dir='ltr'>superioribus</span> <span class='ocrx_word' id='word_1_421' title='bbox 1894 1867 1926 1896; x_wconf 81' lang='lat' dir='ltr'>et</span> 
     </span>
     <span class='ocr_line' id='line_1_81' title="bbox 1180 1914 1926 1960; baseline 0.003 -13"><span class='ocrx_word' id='word_1_422' title='bbox 1180 1914 1345 1958; x_wconf 91' lang='lat' dir='ltr'>personis,</span> <span class='ocrx_word' id='word_1_423' title='bbox 1366 1925 1402 1948; x_wconf 88' lang='lat' dir='ltr'>ae</span> <span class='ocrx_word' id='word_1_424' title='bbox 1427 1915 1498 1948; x_wconf 87' lang='lat' dir='ltr'>aliis</span> <span class='ocrx_word' id='word_1_425' title='bbox 1517 1915 1694 1959; x_wconf 87' lang='lat' dir='ltr'>quibusvis,</span> <span class='ocrx_word' id='word_1_426' title='bbox 1713 1916 1773 1949; x_wconf 90' lang='lat' dir='ltr'>sub</span> <span class='ocrx_word' id='word_1_427' title='bbox 1791 1916 1926 1960; x_wconf 89' lang='lat' dir='ltr'>quibus-</span> 
     </span>
     <span class='ocr_line' id='line_1_82' title="bbox 1180 1968 1925 2012; baseline 0.005 -13"><span class='ocrx_word' id='word_1_428' title='bbox 1180 1979 1317 2012; x_wconf 88' lang='lat' dir='ltr'>cumque</span> <span class='ocrx_word' id='word_1_429' title='bbox 1342 1968 1518 2001; x_wconf 86' lang='lat' dir='ltr'>verborum</span> <span class='ocrx_word' id='word_1_430' title='bbox 1548 1969 1714 2002; x_wconf 91' lang='lat' dir='ltr'>tenoribus</span> <span class='ocrx_word' id='word_1_431' title='bbox 1740 1974 1773 2003; x_wconf 89' lang='lat' dir='ltr'>et</span> <span class='ocrx_word' id='word_1_432' title='bbox 1796 1969 1925 2011; x_wconf 81' lang='lat' dir='ltr'>formis,</span> 
     </span>
     <span class='ocr_line' id='line_1_83' title="bbox 1181 2021 1926 2066; baseline 0.004 -13"><span class='ocrx_word' id='word_1_433' title='bbox 1181 2032 1252 2054; x_wconf 87' lang='lat' dir='ltr'>cum</span> <span class='ocrx_word' id='word_1_434' title='bbox 1293 2021 1461 2065; x_wconf 84' lang='lat' dir='ltr'>quibusvis</span> <span class='ocrx_word' id='word_1_435' title='bbox 1502 2022 1599 2055; x_wconf 87' lang='lat' dir='ltr'>etiam</span> <span class='ocrx_word' id='word_1_436' title='bbox 1645 2023 1926 2066; x_wconf 86' lang='lat' dir='ltr'>derogatoriarum</span> 
     </span>
     <span class='ocr_line' id='line_1_84' title="bbox 1181 2074 1924 2118; baseline 0.004 -11"><span class='ocrx_word' id='word_1_437' title='bbox 1181 2075 1406 2117; x_wconf 84' lang='lat' dir='ltr'>derogatoriis,</span> <span class='ocrx_word' id='word_1_438' title='bbox 1440 2074 1577 2118; x_wconf 86' lang='lat' dir='ltr'>aliisque</span> <span class='ocrx_word' id='word_1_439' title='bbox 1603 2075 1848 2116; x_wconf 79' lang='lat' dir='ltr'>efficacioribus,</span> <span class='ocrx_word' id='word_1_440' title='bbox 1874 2077 1924 2110; x_wconf 77' lang='lat' dir='ltr'>es-</span> 
     </span>
     <span class='ocr_line' id='line_1_85' title="bbox 1181 2127 1926 2170; baseline 0.004 -10"><span class='ocrx_word' id='word_1_441' title='bbox 1181 2127 1379 2161; x_wconf 78' lang='lat' dir='ltr'>sicacissimis</span> <span class='ocrx_word' id='word_1_442' title='bbox 1405 2133 1436 2161; x_wconf 89' lang='lat' dir='ltr'>et</span> <span class='ocrx_word' id='word_1_443' title='bbox 1457 2128 1598 2161; x_wconf 84' lang='lat' dir='ltr'>insolitis</span> <span class='ocrx_word' id='word_1_444' title='bbox 1617 2129 1779 2170; x_wconf 86' lang='lat' dir='ltr'>clausulis,</span> <span class='ocrx_word' id='word_1_445' title='bbox 1799 2129 1926 2163; x_wconf 85' lang='lat' dir='ltr'>irritan-</span> 
     </span>
     <span class='ocr_line' id='line_1_86' title="bbox 1182 2182 1924 2225; baseline 0.001 -11"><span class='ocrx_word' id='word_1_446' title='bbox 1182 2182 1335 2225; x_wconf 73' lang='lat' dir='ltr'>libusque</span> <span class='ocrx_word' id='word_1_447' title='bbox 1362 2188 1393 2215; x_wconf 90' lang='lat' dir='ltr'>et</span> <span class='ocrx_word' id='word_1_448' title='bbox 1418 2183 1490 2215; x_wconf 86' lang='lat' dir='ltr'>aliis</span> <span class='ocrx_word' id='word_1_449' title='bbox 1515 2183 1672 2223; x_wconf 84' lang='lat' dir='ltr'>decretis,</span> <span class='ocrx_word' id='word_1_450' title='bbox 1700 2184 1795 2216; x_wconf 88' lang='lat' dir='ltr'>etiam</span> <span class='ocrx_word' id='word_1_451' title='bbox 1820 2188 1924 2224; x_wconf 90' lang='lat' dir='ltr'>motu,</span> 
     </span>
     <span class='ocr_line' id='line_1_87' title="bbox 1182 2234 1927 2279; baseline 0.001 -12"><span class='ocrx_word' id='word_1_452' title='bbox 1182 2234 1317 2268; x_wconf 80' lang='lat' dir='ltr'>scientia</span> <span class='ocrx_word' id='word_1_453' title='bbox 1342 2241 1373 2268; x_wconf 87' lang='lat' dir='ltr'>et</span> <span class='ocrx_word' id='word_1_454' title='bbox 1396 2235 1567 2279; x_wconf 86' lang='lat' dir='ltr'>petestatis</span> <span class='ocrx_word' id='word_1_455' title='bbox 1600 2235 1805 2279; x_wconf 82' lang='lat' dir='ltr'>plenitudine</span> <span class='ocrx_word' id='word_1_456' title='bbox 1839 2236 1927 2279; x_wconf 88' lang='lat' dir='ltr'>pari-</span> 
     </span>
     <span class='ocr_line' id='line_1_88' title="bbox 1182 2289 1927 2333; baseline 0.001 -12"><span class='ocrx_word' id='word_1_457' title='bbox 1182 2289 1252 2328; x_wconf 87' lang='lat' dir='ltr'>bus,</span> <span class='ocrx_word' id='word_1_458' title='bbox 1268 2299 1324 2322; x_wconf 88' lang='lat' dir='ltr'>seu</span> <span class='ocrx_word' id='word_1_459' title='bbox 1344 2289 1383 2322; x_wconf 91' lang='lat' dir='ltr'>ad</span> <span class='ocrx_word' id='word_1_460' title='bbox 1409 2299 1685 2333; x_wconf 85' lang='lat' dir='ltr'>quarumcumque</span> <span class='ocrx_word' id='word_1_461' title='bbox 1712 2299 1927 2332; x_wconf 90' lang='lat' dir='ltr'>personarum</span> 
     </span>
     <span class='ocr_line' id='line_1_89' title="bbox 1183 2342 1926 2386; baseline 0.003 -12"><span class='ocrx_word' id='word_1_462' title='bbox 1183 2342 1278 2375; x_wconf 87' lang='lat' dir='ltr'>etiam</span> <span class='ocrx_word' id='word_1_463' title='bbox 1306 2342 1416 2386; x_wconf 89' lang='lat' dir='ltr'>quavis</span> <span class='ocrx_word' id='word_1_464' title='bbox 1442 2343 1662 2375; x_wconf 84' lang='lat' dir='ltr'>ecclesiastica</span> <span class='ocrx_word' id='word_1_465' title='bbox 1686 2343 1737 2376; x_wconf 89' lang='lat' dir='ltr'>vel</span> <span class='ocrx_word' id='word_1_466' title='bbox 1762 2342 1926 2376; x_wconf 74' lang='lat' dir='ltr'>mundana</span> 
     </span>
     <span class='ocr_line' id='line_1_90' title="bbox 1183 2395 1928 2438; baseline 0 -10"><span class='ocrx_word' id='word_1_467' title='bbox 1183 2395 1339 2438; x_wconf 87' lang='lat' dir='ltr'>dignitate</span> <span class='ocrx_word' id='word_1_468' title='bbox 1366 2395 1558 2438; x_wconf 77' lang='lat' dir='ltr'>fulgentium</span> <span class='ocrx_word' id='word_1_469' title='bbox 1580 2395 1778 2437; x_wconf 89' lang='lat' dir='ltr'>instantiam,</span> <span class='ocrx_word' id='word_1_470' title='bbox 1798 2400 1852 2429; x_wconf 85' lang='lat' dir='ltr'>aut</span> <span class='ocrx_word' id='word_1_471' title='bbox 1877 2406 1928 2429; x_wconf 89' lang='lat' dir='ltr'>ea-</span> 
     </span>
     <span class='ocr_line' id='line_1_91' title="bbox 1183 2449 1927 2493; baseline 0.001 -11"><span class='ocrx_word' id='word_1_472' title='bbox 1183 2459 1253 2482; x_wconf 92' lang='lat' dir='ltr'>rum</span> <span class='ocrx_word' id='word_1_473' title='bbox 1278 2450 1577 2493; x_wconf 87' lang='lat' dir='ltr'>comtemplatione,</span> <span class='ocrx_word' id='word_1_474' title='bbox 1601 2460 1657 2482; x_wconf 88' lang='lat' dir='ltr'>seu</span> <span class='ocrx_word' id='word_1_475' title='bbox 1683 2449 1761 2483; x_wconf 75' lang='lat' dir='ltr'>alias</span> <span class='ocrx_word' id='word_1_476' title='bbox 1787 2460 1927 2493; x_wconf 89' lang='lat' dir='ltr'>quomo-</span> 
     </span>
     <span class='ocr_line' id='line_1_92' title="bbox 1183 2502 1928 2546; baseline 0 -11"><span class='ocrx_word' id='word_1_477' title='bbox 1183 2502 1321 2542; x_wconf 82' lang='lat' dir='ltr'>dolibet,</span> <span class='ocrx_word' id='word_1_478' title='bbox 1349 2502 1380 2535; x_wconf 92' lang='lat' dir='ltr'>in</span> <span class='ocrx_word' id='word_1_479' title='bbox 1407 2513 1527 2545; x_wconf 82' lang='lat' dir='ltr'>genere</span> <span class='ocrx_word' id='word_1_480' title='bbox 1552 2503 1601 2536; x_wconf 86' lang='lat' dir='ltr'>vel</span> <span class='ocrx_word' id='word_1_481' title='bbox 1627 2502 1659 2535; x_wconf 90' lang='lat' dir='ltr'>in</span> <span class='ocrx_word' id='word_1_482' title='bbox 1692 2502 1811 2546; x_wconf 86' lang='lat' dir='ltr'>specie,</span> <span class='ocrx_word' id='word_1_483' title='bbox 1831 2503 1928 2536; x_wconf 87' lang='lat' dir='ltr'>etiam</span> 
     </span>
     <span class='ocr_line' id='line_1_93' title="bbox 1183 2555 1928 2599; baseline 0.001 -10"><span class='ocrx_word' id='word_1_484' title='bbox 1183 2555 1464 2596; x_wconf 82' lang='lat' dir='ltr'>consistorialiter,</span> <span class='ocrx_word' id='word_1_485' title='bbox 1490 2555 1664 2595; x_wconf 59' lang='lat' dir='ltr'>concessis</span> <span class='ocrx_word' id='word_1_486' title='bbox 1691 2566 1726 2588; x_wconf 84' lang='lat' dir='ltr'>ac</span> <span class='ocrx_word' id='word_1_487' title='bbox 1747 2556 1871 2599; x_wconf 88' lang='lat' dir='ltr'>pluries</span> <span class='ocrx_word' id='word_1_488' title='bbox 1896 2562 1928 2590; x_wconf 87' lang='lat' dir='ltr'>et</span> 
     </span>
     <span class='ocr_line' id='line_1_94' title="bbox 1183 2606 1927 2653; baseline 0 -12"><span class='ocrx_word' id='word_1_489' title='bbox 1183 2608 1454 2652; x_wconf 84' lang='lat' dir='ltr'>quantiscumque</span> <span class='ocrx_word' id='word_1_490' title='bbox 1480 2607 1603 2640; x_wconf 87' lang='lat' dir='ltr'>vicibus</span> <span class='ocrx_word' id='word_1_491' title='bbox 1628 2606 1841 2649; x_wconf 87' lang='lat' dir='ltr'>confirmatis,</span> <span class='ocrx_word' id='word_1_492' title='bbox 1875 2619 1927 2653; x_wconf 91' lang='lat' dir='ltr'>ap-</span> 
     </span>
     <span class='ocr_line' id='line_1_95' title="bbox 1181 2660 1926 2705; baseline 0.001 -11"><span class='ocrx_word' id='word_1_493' title='bbox 1181 2661 1329 2705; x_wconf 89' lang='lat' dir='ltr'>probatis</span> <span class='ocrx_word' id='word_1_494' title='bbox 1356 2667 1387 2694; x_wconf 87' lang='lat' dir='ltr'>et</span> <span class='ocrx_word' id='word_1_495' title='bbox 1411 2660 1592 2701; x_wconf 86' lang='lat' dir='ltr'>innovatis;</span> <span class='ocrx_word' id='word_1_496' title='bbox 1619 2661 1737 2705; x_wconf 89' lang='lat' dir='ltr'>quibus</span> <span class='ocrx_word' id='word_1_497' title='bbox 1773 2661 1926 2696; x_wconf 87' lang='lat' dir='ltr'>omnibus</span> 
     </span>
    </p>
   </div>
   <div class='ocr_carea' id='block_1_15' title="bbox 1925 268 2114 299">
    <p class='ocr_par' dir='ltr' id='par_1_17' title="bbox 1925 268 2114 299">
     <span class='ocr_line' id='line_1_96' title="bbox 1925 268 2114 299; baseline 0.011 -2"><span class='ocrx_word' id='word_1_498' title='bbox 1925 269 1975 298; x_wconf 79' lang='lat' dir='ltr'>An.</span> <span class='ocrx_word' id='word_1_499' title='bbox 1992 268 2020 298; x_wconf 86' lang='lat' dir='ltr'>C.</span> <span class='ocrx_word' id='word_1_500' title='bbox 2042 270 2114 299; x_wconf 83' lang='lat'>1700</span> 
     </span>
    </p>
   </div>
   <div class='ocr_carea' id='block_1_16' title="bbox 1935 1233 2117 1285">
    <p class='ocr_par' dir='ltr' id='par_1_18' title="bbox 1935 1233 2117 1285">
     <span class='ocr_line' id='line_1_97' title="bbox 1958 1233 2117 1254; baseline 0.006 -1"><span class='ocrx_word' id='word_1_501' title='bbox 1958 1233 2117 1254; x_wconf 63' lang='lat' dir='ltr'>Contrariorum</span> 
     </span>
     <span class='ocr_line' id='line_1_98' title="bbox 1935 1260 2052 1285; baseline -0.009 -4"><span class='ocrx_word' id='word_1_502' title='bbox 1935 1260 2052 1285; x_wconf 64' lang='lat' dir='ltr'>derogatio.</span> 
     </span>
    </p>
   </div>
   <div class='ocr_carea' id='block_1_17' title="bbox 2221 0 2254 1207">
    <p class='ocr_par' dir='ltr' id='par_1_19' title="bbox 2221 0 2254 1207">
     <span class='ocr_line' id='line_1_99' title="bbox 2221 0 2254 1207; baseline 0 0"><span class='ocrx_word' id='word_1_503' title='bbox 2221 0 2254 1207; x_wconf 95' lang='lat' dir='ltr'> </span> 
     </span>
    </p>
   </div>
  </div>
 </body>
</html>
