2254 3225
227 211 276 237 Ari.
297 210 325 237 C.
345 211 411 237 ¹094

250 1334 299 1354 Em
306 1335 369 1355 iilum.

267 2071 334 2101 Cau-s
359 2077 408 2092 cori·

227 2104 326 2118 cu⁴⁴tuiii‹

457 202 520 234 02⁴2

996 211 1174 235 mittantur!
1197 210 1214 234 r.
1220 210 1351 235 mimum

418 259 538 292 iudicio
573 265 604 292 et
636 264 722 292 extra
754 260 833 293 illud
867 260 1041 300 habeatur,
1068 270 1149 302 quae
1190 259 1217 290 vi
1244 259 1333 301 regni
1360 258 1567 291 Granatensis
1593 258 1624 290 in
1650 258 1746 291 indiis
1771 258 1926 292 Oct-iden-

420 312 498 354 ipsis
529 312 752 355 praesentibus
784 312 960 345 haberetur
994 311 1019 344 si
1046 311 1152 344 sorent
1194 312 1310 344 talibus
1331 312 1460 345 Ordinis
1478 312 1610 344 fratrum
1631 313 1834 345 eremitarum
1855 322 1926 345 san-

419 364 581 398 exhibitae
606 367 657 399 vel
680 370 843 399 ostensae.

1193 364 1233 396 cti
1259 364 1436 407 Augustini,
1455 365 1552 407 quod,
1571 375 1643 398 cum
1657 365 1733 399 alias
1753 366 1837 399 dicta
1853 375 1926 409 pro-

461 418 574 452 Datum
600 418 740 459 Romae,
765 418 850 461 apud
877 418 908 451 S.
935 417 1065 450 Mariam
1091 417 1154 449 Ma-
1172 422 1173 465 t
1192 417 1294 449 vincia
1320 417 1392 449 novi
1416 418 1507 460 regni
1533 417 1751 458 Granatensis‚
1775 419 1815 451 ab
1833 418 1925 451 initio

419 472 542 512 iorem,
571 472 630 504 sub
660 472 779 504 annulo
820 471 1009 510 Piscatoris,
1042 470 1094 503 die
1121 479 1152 501 vi

419 524 531 567 aprilis
561 534 718 564 itincxmv,
744 523 952 567 pontificatus
977 522 1081 556 nostri
1100 531 1154 553 an-

419 587 463 610 no
489 587 537 611 iii.

454 637 514 666 Dat.
534 638 578 665 dio
598 638 635 666 6ι
657 637 751 674 aprilis
771 637 849 672 1694,
867 635 966 672 pontif.
984 643 1055 663 anno
1071 641 1108 662 111.

758 779 816 813 XC.

419 860 612 894 Conceditur
635 859 781 892 alumnis
801 857 989 902 provinciae
1013 856 1088 890 novi
1108 865 1155 888 re-

461 913 521 956 yni
547 912 758 946 Granatensis
785 911 920 945 Ordinis
942 910 1153 943 eremitarum

461 967 495 1000 S.
521 967 704 1010 Auqustini
719 966 754 998 in
772 965 879 998 Imliis
898 961 1154 998 occidentalibus

460 1019 600 1062 facultas
624 1018 823 1062 suscipiendi
846 1017 969 1060 yradus
989 1015 1155 1049 scholasti-

460 1083 510 1104 cos
534 1072 570 1104 in
595 1082 703 1104 eorum
729 1070 863 1114 colleyz'o
880 1070 910 1103 S.
931 1068 1062 1102 Nicolai
1077 1068 1154 1101 civi-

461 1125 537 1158 tatis
561 1125 592 1158 S.
618 1123 745 1157 Fideffi.

593 1203 793 1231 Innocentius
815 1203 892 1236 Papa
911 1203 976 1236 xil,

558 1250 594 1275 ad
613 1248 747 1275 futuram
766 1247 810 1274 rei
830 1247 1010 1274 memoriam.

461 1320 502 1353 Ex
522 1320 666 1353 iniuncto
690 1319 783 1352 nobis
810 1319 962 1352 divinitus
982 1316 1153 1362 pastoralis

417 1372 647 1406 sollicitudinis
657 1383 791 1405 munere
804 1382 968 1405 sacrarum
981 1371 1155 1404 bonarum-

418 1437 481 1470 que
506 1427 687 1459 litterarum
704 1426 811 1459 studia
824 1426 907 1458 inter
925 1424 1154 1458 christifideles

418 1478 571 1512 Altissimi
597 1478 760 1521 obsequiis
786 1478 843 1510 suh
872 1477 959 1510 suavi
988 1476 1153 1519 religionis

418 1531 494 1573 iugo
527 1530 746 1574 mancipatos,
772 1530 892 1572 ubique
923 1530 1091 1568 locorum,
1118 1539 1154 1560 ac

418 1584 608 1627 praesertim
635 1583 667 1615 in
691 1583 918 1616 remotissimis
942 1583 980 1614 ab
1003 1582 1063 1614 hac
1079 1582 1154 1614 San-

418 1638 469 1669 cta
486 1637 568 1670 Sede
586 1636 742 1680 partibus,
761 1636 954 1680 opportunis
973 1635 1152 1668 rationibus

419 1690 562 1723 fovemus
588 1695 618 1722 ct
643 1699 884 1732 promovemus,
910 1700 946 1722 ac
970 1693 1005 1721 ut
1028 1688 1153 1721 debitus

418 1741 527 1774 vii-tuti
553 1742 658 1774 honor
683 1742 880 1784 rependatur
911 1741 1049 1774 libenter
1080 1750 1154 1783 pro-

419 1794 575 1834 videmus,
591 1795 673 1827 sicut
698 1795 736 1827 ad
761 1794 994 1837 omnipotentis
1011 1793 1066 1826 Dei
1085 1794 1154 1835 glo-

417 1847 510 1887 riam,
536 1847 703 1889 religionis
731 1848 827 1880 decus
852 1853 883 1880 et
907 1848 1153 1885 incrementum,

418 1911 454 1934 ac
473 1901 652 1933 catholicae
679 1900 752 1933 [idei
778 1901 975 1944 praesidium
993 1906 1023 1933 et
1040 1910 1155 1943 proro-

419 1954 581 1996 gationem
607 1953 782 1986 salubriter
799 1954 950 1997 expedire
968 1954 1000 1986 in
1018 1954 1153 1986 Domino
1174 1965 1176 2002 ζ

419 2007 624 2039 arbitramur.

464 2060 477 2103 ᾗ
502 2060 533 2092 1.
553 2059 675 2102 Exponi
695 2059 855 2102 siquidem
877 2059 969 2092 nobis
990 2070 1094 2102 nuper
1112 2060 1155 2092 fe-

421 2113 463 2145 cit
488 2113 627 2145 dilectus
653 2113 738 2144 filius
766 2112 919 2155 Iosephus
937 2113 1098 2145 Bernaldo
1117 2112 1155 2144 de

420 2164 534 2203 Quiros
560 2166 598 2198 de
624 2165 724 2205 Lima,
743 2165 896 2197 delinitor
912 2176 947 2198 ac
966 2171 1157 2208 procurator

422 2218 582 2260 generalis
609 2218 849 2261 provinciarum
876 2218 1036 2256 Qiiitensis
1056 2224 1087 2251 et
1103 2228 1158 2251 no-

456 2333 468 2360 1
489 2333 560 2360 Edit.
577 2332 654 2359 Main.
672 2333 705 2359 ad
723 2333 869 2367 marginem
886 2333 1050 2367 habet71n.
1067 2334 1116 2366 Τ.).

456 2378 473 2404 2
488 2377 515 2404 ln
528 2377 626 2404 Urbani
639 2377 693 2403 Viti
707 2381 791 2403 const.
809 2377 840 2403 ed
864 2384 977 2411 mcxxv,
988 2379 1031 2404 die
1042 2377 1074 2403 et
1086 2378 1159 2413 apri-

421 2421 463 2453 lis,
484 2422 579 2457 pontif.
602 2428 619 2447 ii
641 2422 728 2455 agitur
748 2422 781 2447 de
809 2422 1001 2456 promovendis
1021 2423 1046 2448 in
1067 2423 1158 2457 gradi-

422 2468 473 2494 bus
500 2467 525 2493 in
554 2466 681 2501 Hispania
701 2470 727 2492 et
746 2466 844 2499 indiis3
866 2470 892 2492 et
911 2466 936 2492 in
960 2467 1106 2493 Clementis
1127 2467 1157 2493 xi

423 2515 508 2538 const.
526 2511 568 2537 ed.
590 2517 679 2544 MDCCi,
698 2510 739 2537 die
755 2511 768 2536 4
784 2510 859 2542 iunii,
875 2512 1046 2546 pontificatus
1063 2519 1081 2544 i,
1098 2520 1159 2537 con-

423 2556 528 2582 ceditur
547 2555 661 2582 alumnis
681 2555 793 2581 civitatis
810 2555 932 2590 Lagunae
948 2555 1058 2582 facultas
1074 2556 1158 2582 susci-

424 2600 513 2637 pit-ndi
535 2599 633 2635 gradus
653 2600 679 2625 in
701 2608 793 2626 eoruni
815 2601 937 2634 congio.

1194 480 1268 502 suae
1294 471 1682 509 siindationis,Peruanae
1707 471 1851 505 eiusdem
1873 471 1926 504 Or-

1195 522 1279 554 dinis
1304 527 1335 555 et
1364 523 1466 555 dictae
1483 523 1626 561 Quitensi
1644 524 1820 566 provinciis
1836 524 1926 557 unita

1195 579 1291 615 esset,
1317 575 1508 618 privilegio,
1536 576 1623 619 quod
1653 577 1721 609 eius
1747 576 1867 609 alumni
1893 577 1925 608 in

1193 626 1338 665 Quitensi
1367 627 1425 660 sub
1450 627 1479 660 S.
1504 628 1665 671 Fulgentii
1692 639 1750 671 per
1773 629 1926 672 quasdam

1195 678 1296 712 felicis
1322 680 1557 713 recordationis
1580 680 1657 713 Sixti
1683 681 1787 725 Papae.
1802 681 1928 724 Vprae-

1195 732 1374 766 decessoris
1398 733 1499 765 nostri
1525 744 1560 766 ac
1577 733 1707 767 Liinana
1723 735 1780 767 sub
1798 735 1829 768 S.
1848 735 1929 768 lide-

1195 786 1313 828 phonsi
1337 787 1516 830 respective
1535 788 1853 822 denominationibus
1871 798 1929 832 per

1195 839 1272 872 alias
1287 840 1480 873 recolendae
1494 841 1668 874 memoriae
1683 841 1770 874 Pauli
1791 841 1894 885 Papae
1906 841 1928 873 V

1194 893 1456 935 praedecessoris
1489 894 1612 936 pariter
1636 895 1738 927 nostri
1765 895 1797 926 in
1829 894 1927 928 simili

1195 946 1297 978 soi-ma
1321 946 1430 978 Brevis
1454 946 1577 979 litteras
1609 947 1786 990 respective
1810 948 1928 982 erectis

1195 998 1375 1031 studiorum
1391 999 1587 1041 generalium
1605 1000 1868 1033 universitatibus
1889 1000 1928 1034 ad

1195 1051 1370 1094 magisterii
1395 1062 1452 1084 seu
1471 1052 1657 1085 doctoratus
1677 1053 1822 1096 aliosque
1841 1053 1930 1086 scho-

1195 1104 1324 1137 lasticos
1345 1105 1461 1146 gradus
1479 1105 1664 1148 promoveri
1682 1111 1825 1149 possent,
1845 1106 1930 1139 frue-

1195 1157 1304 1190 batur:
1328 1168 1448 1198 verum,
1463 1159 1538 1202 quia
1560 1159 1615 1192 itta
1630 1160 1834 1202 postmodum
1852 1169 1870 1192 a
1887 1159 1931 1192 di-

1196 1210 1254 1243 ctis
1269 1210 1340 1243 aliis
1358 1211 1479 1244 duabus
1492 1211 1667 1254 provinciis
1685 1211 1848 1245 subdivisa
1861 1212 1928 1253 suit,

1195 1263 1369 1306 privilegio
1395 1264 1577 1297 huiusmodi
1596 1265 1747 1298 destituta
1764 1265 1930 1304 remansit,

1195 1326 1231 1348 ac
1249 1317 1363 1349 exinde
1384 1316 1472 1349 illius
1491 1317 1611 1350 alumni
1625 1318 1761 1361 praefati
1781 1329 1840 1362 pro
1859 1329 1930 1361 gra-

1195 1369 1288 1402 dibus
1313 1369 1497 1402 huiusmodi
1524 1371 1778 1413 consequendis,
1804 1372 1855 1404 vel
1881 1382 1931 1405 ex-

1197 1429 1325 1456 traneos
1350 1424 1450 1463 adire,
1475 1425 1526 1457 vel
1551 1425 1588 1457 ad
1610 1425 1793 1467 provincias
1810 1426 1931 1469 septin-

1194 1482 1366 1519 gentorum
1390 1477 1522 1510 circiter
1556 1477 1732 1510 milliarum
1757 1478 1929 1512 intervallo

1196 1529 1350 1562 distantes
1375 1530 1437 1562 iter
1460 1540 1530 1562 cum
1555 1529 1655 1563 nimio
1679 1535 1806 1575 sumptu
1831 1535 1864 1564 et
1887 1532 1930 1564 in-

1195 1583 1365 1616 commodo
1390 1583 1554 1626 suscipere
1580 1589 1747 1626 coguntur.

1239 1636 1253 1679 ἓ
1277 1636 1308 1669 2.
1336 1636 1412 1669 Cum
1437 1642 1555 1676 autem,
1574 1637 1655 1669 sicut
1680 1638 1792 1670 eadem
1807 1637 1932 1682 exposi-

1197 1689 1240 1722 tio
1277 1689 1512 1732 subiungebat,
1540 1690 1624 1722 dicta
1657 1690 1825 1733 provincia
1856 1691 1929 1723 novi

1195 1742 1287 1784 regni
1313 1742 1519 1775 Granatensis
1553 1743 1698 1776 doctrina
1727 1749 1758 1776 et
1788 1743 1929 1786 regulari

1196 1796 1401 1828 observantia
1436 1796 1518 1828 adeo
1550 1796 1721 1836 florescat,
1756 1801 1792 1828 ut
1822 1796 1855 1829 in
1880 1797 1930 1829 his

1195 1848 1258 1891 ipsi
1283 1848 1470 1891 provinciae
1501 1848 1645 1886 Qiiitensi
1672 1850 1869 1889 antecellat;
1896 1860 1932 1882 ac

1195 1901 1333 1944 proinde
1360 1902 1463 1934 dictus
1494 1902 1651 1944 Iosephus
1683 1902 1858 1945 plurimum
1883 1913 1933 1935 cii-

1196 1954 1263 1997 piat
1298 1965 1315 1986 a
1340 1954 1434 1987 nobis
1468 1954 1630 1997 indulgeri
1666 1961 1700 1987 ut
1729 1955 1760 1987 in
1795 1956 1932 1998 collegio

1195 2007 1254 2039 sub
1281 2007 1372 2040 titulo
1398 2007 1429 2039 S.
1456 2007 1578 2040 Nicolai
1604 2007 1747 2051 episcopi
1773 2008 1858 2041 intra
1882 2009 1930 2041 vel

1198 2065 1285 2093 extra
1311 2065 1403 2103 septa
1428 2062 1604 2093 conventus
1620 2061 1753 2093 Nostrae
1777 2061 1872 2094 Divae
1891 2062 1930 2094 de

1196 2112 1303 2145 Gratia
1328 2119 1530 2156 nuncupatae
1557 2113 1694 2146 civitatis
1713 2113 1743 2146 S.
1763 2114 1852 2147 Fidei
1878 2124 1932 2147 eo-

1197 2167 1345 2199 rumdem
1371 2165 1498 2199 Ordinis
1524 2172 1553 2199 et
1574 2167 1757 2209 provinciae
1784 2167 1860 2200 novi
1885 2178 1932 2200 re-

1199 2219 1253 2261 gni
1271 2219 1479 2252 Granatensis
1498 2219 1654 2261 erigendo
1672 2219 1857 2262 provinciae
1874 2221 1933 2253 hu·

1199 2272 1339 2305 iusmodi
1357 2272 1476 2304 alumni
1493 2272 1610 2314 gradus
1632 2271 1814 2315 praedictos
1834 2273 1933 2305 susci-

1199 2335 1278 2368 pere
1293 2326 1437 2358 valeant:
1458 2335 1524 2363 nos,
1545 2325 1690 2357 eiusdem
1708 2325 1837 2368 Iosephi
1851 2326 1933 2358 votis

1200 2378 1231 2410 in
1247 2377 1444 2421 praemissis,
1462 2382 1615 2420 quantuni
1632 2388 1702 2410 cum
1713 2377 1848 2411 Domino
1862 2389 1934 2421 pos-

1201 2441 1325 2471 siinius,
1351 2430 1572 2463 favorabiliter
1600 2441 1746 2464 annuere
1772 2432 1932 2472 volentes,

1200 2495 1339 2527 eumque
1365 2495 1381 2516 a
1399 2483 1563 2526 quibusvis
1578 2485 1933 2526 excommunicationis,

1200 2538 1423 2580 suspensionis
1453 2543 1483 2570 et
1508 2537 1689 2577 interdicti,
1714 2539 1850 2582 aliisque
1876 2549 1931 2571 ec·

1200 2592 1387 2624 clesiasticis
1403 2592 1582 2628 sententiis,
1602 2592 1744 2624 censuris
1760 2597 1791 2624 et
1808 2593 1933 2635 poenis,

1931 211 1981 236 An.
2004 211 2032 238 C.
2050 212 2113 238 icat

2012 1645 2124 1666 Commio

1942 1672 2051 1698 praedicta
2059 1674 2085 1692 ait
2096 1679 2125 1691 in-

1942 1702 1985 1719 star
2006 1698 2061 1718 issiu«
2081 1699 2125 1718 uni·

1964 1725 2100 1745 vei-sitatibus

1943 1751 2035 1775 Qiiitensi
2052 1755 2072 1771 et
2092 1751 2125 1771 Ll-

1944 1784 2016 1798 manae
2032 1777 2108 1798 faciae.
