2254 3225
192 267 242 295 Α...
264 267 293 296 c.
309 266 377 295 1697
424 257 488 291 806

227 2025 346 2048 clausulae.

384 326 503 359 scopus
527 315 676 360 capitula,
695 319 816 348 statuta
839 319 870 348 et
894 314 1116 348 ordinationes

385 369 590 411 huiusmodi,
624 381 688 414 quo
720 369 841 403 firmius
875 369 1054 403 subsistant
1087 372 1118 401 et

385 429 558 457 serventur
588 424 745 465 exactius,
774 423 972 467 apostolicae
1004 422 1120 455 confir-

385 477 536 510 mationis
565 482 694 511 nostrae
720 476 902 520 patrocinio
926 473 1119 508 communiri

387 540 591 573 summopere
621 529 807 563 desideret:
835 538 904 569 nos,
930 527 1031 570 ipsius
1048 526 1119 558 Em-

387 583 545 616 manuelis
570 581 717 626 episcopi
733 581 814 614 votis
833 581 895 613 hac
911 580 944 613 in
961 591 1006 620 re,
1025 590 1121 622 quan-

388 642 454 669 tum
482 647 554 670 cum
574 635 709 669 Domino
740 645 920 678 possumus,
940 632 1121 666 favorabili-

387 695 436 723 ter
460 699 604 722 annuere
628 689 783 728 volentes,
802 697 940 730 eumque
958 697 976 719 a
993 685 1122 728 quibus·

385 743 431 775 vis
463 741 814 780 excommunicationis,
840 738 1061 784 suspensionis
1091 742 1122 771 et

385 795 563 836 interdicti,
590 796 726 838 aliisque
755 793 980 828 ecclesiasticis
997 797 1123 826 senten·
1141 830 1143 840 ,

1142 843 1313 888 ,omnibus
1355 848 1386 876 et
1417 843 1570 887 singulis,
1600 844 1733 877 illorum
1771 849 1901 877 tenores

1143 896 1389 939 ,praesentibus
1414 907 1474 940 pro
1504 898 1601 940 plene
1635 903 1666 930 et
1703 897 1902 930 sufficienter

386 955 436 996 tis,
466 955 490 988 si
522 955 639 998 quibus
670 953 920 997 quomodolibet
949 944 1145 1006 innodatus{

387 849 451 890 tiis,
483 849 626 882 censuris
655 854 687 882 et
713 847 838 891 poenis,
863 858 881 881 a
909 846 978 879 iure
1006 846 1054 878 vel
1082 844 1120 877 ab

386 902 533 943 homine,
553 902 663 946 quavis
688 901 859 935 occasione
886 901 933 933 vel
959 901 1056 932 causa
1077 899 1122 931 la-

386 1008 505 1049 existit,
532 1008 569 1040 ad
595 1007 743 1041 effectum
760 1006 982 1051 praesentium
1001 1005 1125 1038 dumta-

386 1067 440 1095 xat
463 1061 743 1105 consequendum,
768 1061 881 1093 harum
908 1059 992 1092 serie
1018 1058 1124 1091 absol-

385 1119 498 1148 ventes
516 1120 548 1147 et
565 1115 745 1147 absolutum
765 1114 833 1146 fore
850 1118 1033 1152 censentes,
1053 1123 1123 1155 sup·
1144 1115 1146 1124 '

386 1167 619 1211 plicationibus
637 1167 726 1200 illius
746 1167 879 1200 nomine
903 1166 999 1199 nobis
1024 1175 1124 1208 super

385 1220 449 1254 hoc
469 1220 637 1254 humiliter
654 1220 811 1263 porrectis
830 1219 986 1258 inclinati,
1013 1219 1052 1251 ile
1071 1229 1123 1251 ve·
1144 1238 1146 1242 ι

386 1273 580 1306 nerabilinm
610 1273 743 1306 fratrum
769 1278 953 1306 nostrorum
974 1272 1005 1305 S.
1029 1272 1065 1304 R.
1086 1271 1119 1303 E.

387 1327 600 1359 cardinalium
614 1326 749 1360 Concilii
766 1325 944 1359 Tridentini
964 1325 1118 1368 interpre-

387 1385 453 1413 tum
473 1380 619 1419 consilio,
647 1385 679 1413 et
703 1382 826 1412 attenta
850 1378 959 1412 dilecti
986 1378 1042 1411 filii
1068 1389 1123 1411 nc-

388 1433 446 1465 stri
479 1433 565 1465 Petri
597 1432 749 1465 Matthaei
783 1432 931 1464 eiusdem
964 1431 995 1464 S.
1022 1431 1060 1463 P..
1086 1431 1120 1463 E.

389 1484 562 1519 cardinalis
580 1485 734 1518 Petruccii
754 1484 942 1528 nuncupati,
954 1496 969 1517 a
982 1484 1124 1526 Congre-

390 1539 520 1582 gatione
546 1539 735 1572 eorumdem
754 1538 967 1571 cardinalium
993 1538 1031 1570 ad
1058 1538 1120 1570 hu-

390 1591 528 1625 iusmodi
547 1591 712 1633 negotium
731 1590 976 1623 examinandum
996 1590 1126 1633 deputa·

392 1645 426 1686 ti,
457 1644 628 1683 revisione,
656 1644 857 1687 praeinserta
884 1644 1037 1686 capitula,
1068 1650 1125 1675 sta-

391 1702 457 1730 tuta
475 1703 506 1730 et
523 1697 756 1736 ordinationes,
778 1696 968 1728 auctoritate
995 1702 1124 1738 aposto-

391 1750 461 1791 lica,
476 1756 589 1784 tenore
607 1749 839 1794 praesentium,
854 1749 1077 1782 confirmamus
1096 1754 1125 1781 et

392 1804 624 1847 approbamus,
642 1802 771 1845 illisque
790 1802 985 1835 inviolabilis
1003 1808 1125 1846 aposto·
1146 1836 1148 1849 ,

392 1857 474 1890 licae
506 1856 663 1889 firmitatis
697 1856 799 1889 robur
830 1856 1012 1888 adijcimus:
1041 1856 1148 1893 salva}

394 1915 499 1943 tamen
517 1920 648 1953 semper
673 1909 703 1941 in
731 1909 916 1952 praemissis
935 1909 1125 1941 auctoritate
1147 1932 1148 1935 η

393 1968 588 1997 memoratae
613 1962 880 2006 Congregationis
901 1962 1124 1995 cardinalium.

437 2017 452 2060 ἓ
476 2016 508 2050 3.
535 2016 766 2056 Decernentes,
785 2016 916 2049 easdem
934 2020 1125 2059 praesentes
1147 2044 1149 2056 ,

393 2069 516 2103 litteras
542 2079 670 2112 semper
694 2067 811 2107 firmas,
825 2068 945 2101 validas
964 2074 995 2101 et
1015 2067 1127 2101 effica-

394 2133 446 2156 ces
464 2122 603 2155 existere
635 2127 667 2154 et
693 2122 772 2161 fore,
797 2131 937 2164 suosque
962 2121 1127 2165 plenarios

396 2181 427 2208 et
452 2175 593 2218 integros
624 2173 753 2207 effectus
779 2173 886 2207 sortiri
916 2180 947 2207 et
970 2175 1127 2214 obtinere,

395 2238 431 2260 ac
447 2227 521 2268 illis,
545 2227 583 2260 ad
602 2237 682 2270 quos
700 2232 822 2270 spectat
847 2232 880 2260 et
900 2238 957 2270 pro
984 2233 1129 2271 tempore
1149 2217 1151 2252 ἶ

396 2280 664 2324 quandocumque
692 2279 858 2322 spectabit,
875 2280 907 2312 in
929 2281 1077 2313 omnibus
1099 2286 1129 2313 et
1150 2283 1151 2288 ’

396 2344 455 2377 per
472 2333 578 2366 omnia
596 2332 780 2376 plenissime
806 2332 970 2375 suffragari
988 2346 994 2375 ‚·
1021 2334 1130 2377 sicque
1150 2337 1152 2354 ²

397 2388 429 2420 in
461 2385 647 2430 praemissis
672 2396 732 2429 per
762 2396 981 2429 quoscumque
1006 2386 1129 2420 iudices

397 2440 577 2475 ordinarios
595 2444 626 2472 et
646 2439 819 2481 delegatos,
850 2439 944 2471 etiam
963 2451 1128 2473 causarum

397 2493 507 2537 palatii
539 2492 705 2536 apostolici
743 2492 916 2532 auditores,
940 2492 1074 2525 iudicari
1099 2498 1131 2526 et

398 2546 525 2580 definiri
552 2546 683 2585 debere,
711 2556 747 2578 ac
771 2545 898 2578 irritum
925 2552 955 2578 et
980 2546 1085 2587 inane,
1105 2547 1128 2578 si

399 2609 491 2632 secus
505 2599 662 2641 superbis
679 2610 696 2631 a
713 2605 884 2641 quoquam,
901 2600 1009 2641 quavis
1028 2605 1131 2632 aucto—

965 266 1140 291 BULLARIUM
1165 265 1316 290 ROMANUM
1900 264 1949 291 An.
1966 263 1994 290 C.
2019 263 2082 291 {697

1159 314 1320 347 attentari.
1346 312 1415 346 Non
1436 312 1636 346 obstantibus
1662 311 1896 346 constitutioni-

1160 368 1218 400 bus
1248 373 1280 401 et
1308 367 1565 401 ordinationibus
1593 366 1800 410 apostolicis,
1833 377 1892 408 ac,

1161 426 1319 463 quatenus
1346 431 1427 463 opus
1453 419 1507 461 sit,
1528 419 1778 452 seminariorurn
1801 429 1897 463 prae-

1161 473 1318 513 fatorum,
1346 473 1455 506 aliisve
1481 472 1665 516 quibusvis,
1694 473 1790 506 etiam
1812 472 1897 506 iura-

1161 531 1291 566 mento,
1326 525 1572 558 confirmatione
1610 525 1813 568 apostolica,
1846 527 1897 560 vel

1161 577 1272 620 quavis
1303 577 1451 610 firmitate
1481 577 1544 610 alia
1571 578 1742 618 roboratis,
1769 577 1898 611 statutis

1162 636 1194 663 et
1218 630 1521 671 consuetudinibus,
1542 630 1721 674 privilegiis
1752 641 1896 674 quoque,

1161 683 1296 717 indultis
1315 689 1346 717 et
1366 684 1483 717 litteris
1504 684 1694 728 apostolicis
1719 684 1752 717 in
1770 689 1900 717 contra-

1160 736 1243 768 rium
1264 737 1519 779 praemissorum
1544 737 1793 780 quomodolibet
1823 747 1902 770 con·

1162 789 1274 829 cessis,
1298 789 1494 823 confirmatis
1525 795 1558 823 et
1581 789 1757 831 innovatis,
1784 789 1900 833 quibus

1165 950 1326 993 expressis
1344 961 1380 983 ac
1406 950 1445 983 de
1469 950 1567 983 verbo
1588 951 1627 984 ad
1643 950 1778 983 verbum
1803 950 1903 984 inser-

1166 1003 1206 1035 tis
1229 1003 1399 1043 habentes,
1420 1003 1485 1036 illis
1519 1003 1598 1037 alias
1629 1004 1662 1036 in
1699 1013 1755 1036 suo
1783 1004 1903 1037 robore

1165 1056 1400 1100 permansuris,
1417 1057 1455 1089 ad
1472 1057 1729 1100 praemissorum
1743 1057 1902 1098 effectum,

1167 1110 1226 1142 liae
1242 1110 1312 1143 vice
1330 1110 1506 1150 dumtaxat,
1520 1110 1707 1153 specialiter
1724 1115 1755 1143 et
1772 1120 1905 1153 expres-

1165 1174 1198 1196 se
1217 1164 1432 1206 derogamus;
1448 1163 1632 1208 ceterisque
1649 1163 1821 1197 contrariis
1839 1162 1906 1207 qui-

1166 1217 1378 1260 buscumque.

1208 1270 1323 1303 Datum
1344 1271 1477 1311 Romae,
1499 1271 1585 1314 apud
1603 1270 1634 1304 S.
1654 1270 1786 1303 Mariam
1807 1270 1906 1304 Maio-

1144 1322 1246 1364 {rem‚
1273 1324 1334 1357 sub
1359 1325 1481 1357 annulo
1503 1324 1694 1364 Piscatoris,
1722 1324 1774 1357 die
1806 1334 1823 1356 x
1855 1334 1906 1357 se-

1167 1377 1323 1420 ptembris
1358 1387 1524 1419 MDCXCVH,
1559 1376 1766 1421 pontificatus
1802 1376 1907 1410 nostri

1167 1440 1252 1462 ἱὶΪΙΠΟ
1278 1441 1334 1463 ΠΙ.

1203 1491 1261 1518 Dat.
1280 1491 1324 1519 die
1341 1491 1373 1518 10
1388 1491 1553 1528 septembris
1567 1492 1645 1524 1697,
1663 1491 1756 1527 pontif.
1775 1500 1846 1520 anno
1860 1498 1904 1519 vu.

1497 1634 1579 1668 CLV.

1170 1713 1413 1755 Confirmantur
1430 1719 1458 1747 et
1474 1716 1675 1748 innovantur
1694 1715 1837 1758 plurima
1855 1715 1908 1749 de-

1212 1771 1297 1799 creta
1334 1768 1602 1810 Conqreyatiomk
1639 1769 1778 1802 Concilii
1812 1780 1908 1813 super

1213 1820 1425 1853 celebratione
1449 1821 1625 1854 missarum
1640 1849 1649 1861 ,
1677 1823 1745 1854 und
1770 1833 1843 1855 cum
1867 1823 1907 1855 it-

1214 1872 1320 1904 lorum
1344 1872 1587 1914 declaratione,
1619 1875 1851 1918 approbatione
1877 1880 1907 1908 et

1213 1926 1422 1958 innovatione
1439 1926 1582 1959 eiusdem
1604 1927 1868 1971 Conyreyationis
1884 1927 1904 1960 ¹.

1345 2006 1543 2034 Innocentius
1575 2007 1732 2041 episcopus

1360 2058 1466 2077 servus
1482 2059 1638 2078 servorum
1654 2052 1716 2084 Dei,

1289 2095 1325 2121 ad
1344 2098 1518 2129 perpetuam
1538 2096 1583 2122 rei
1605 2096 1788 2124 memoriam.

1940 2152 1961 2167 ὃ,

1215 2174 1229 2217 ἓ
1254 2173 1284 2207 t.
1312 2174 1421 2217 Nuper
1450 2185 1466 2207 a
1491 2174 1749 2218 Congregatione
1777 2187 1907 2209 venera-
1943 2185 2100 2206 nemmem,-

1930 2213 2101 2237 rogatiunnstlon-

1171 2227 1283 2260 hitium
1297 2227 1430 2260 fratrum
1446 2234 1631 2261 nostrorum
1645 2228 1676 2261 S.
1697 2228 1734 2261 R.
1751 2229 1785 2261 E.
1805 2218 2097 2274 cardi-{31¹1misr-„nufl

1172 2281 1294 2313 natium
1318 2281 1454 2314 Concilii
1487 2281 1664 2315 Tridentini
1689 2282 1904 2326 interpretum
1916 2264 2098 2339 ἕέὺιιῗέἑκῖὲζέιξὲἶ

1883 2335 1889 2340 .
1979 2324 1981 2327 “
1999 2334 2003 2343 ,
2032 2326 2038 2339 i
2079 2333 2084 2339 .

1172 2333 1364 2377 prodierunt
1388 2334 1520 2368 decreta
1548 2335 1669 2368 tenoris
1694 2335 1903 2379 infrascripti,

1173 2387 1344 2420 videlicet:

1217 2440 1240 2474 I.
1268 2453 1282 2473 ι
1306 2440 1392 2475 Alias
1417 2452 1518 2486 super
1548 2442 1767 2476 celebratione
1798 2444 1906 2477 missa-

1211 2531 1219 2556 1
1244 2529 1273 2556 In
1289 2530 1437 2556 Innocentii
1457 2530 1491 2557 XI
1511 2533 1596 2557 const.
1614 2530 1656 2556 ed.
1678 2537 1842 2565 mnchxxw,
1863 2532 1906 2559 die

1173 2575 1186 2601 4
1206 2575 1277 2609 maii,
1296 2575 1446 2609 pontis.x11.
1460 2575 1546 2609 agitur
1557 2574 1589 2601 de
1601 2575 1687 2601 missis
1702 2576 1904 2610 defunctorum

1174 2618 1238 2645 etin
1255 2619 1337 2645 liuius
1352 2620 1487 2645 Pontifici}
1504 2624 1587 2644 ronst.
1606 2619 1646 2644 cil·
1664 2626 1788 2652 xianClx,
1810 2621 1853 2647 die
1872 2621 1906 2648 ⁹24

398 2653 503 2695 ritate,
521 2652 661 2686 Sclesslel'
676 2653 725 2684 VCl
748 2652 941 2694 ignoranter,
961 2654 1130 2695 COlllngt'll
1152 2640 1153 2678 i
1175 2663 1275 2697 aprilis
1298 2663 1385 2697 pontif
1410 2668 1463 2687 riti,
1487 2664 1517 2689 xle
1540 2664 1622 2688 ιιι-,Νμ
1646 2665 1833 2698 μιΓο(·ΙιοΓιιηι.
