2254 3225
267 211 317 237 Αη.
338 209 364 237 C.
385 208 450 234 ¹004
495 195 558 229 043

453 255 488 289 lii
506 252 668 297 generalis
688 250 726 284 de
752 250 875 282 duabus
894 246 997 287 dietis,
1017 245 1190 278 dummodo

454 309 539 341 ultra
557 311 621 338 tres
640 304 741 337 dietas
759 302 875 346 aliquis
892 299 1081 334 auctoritate
1098 308 1192 342 prae-

457 360 598 394 sentium
617 358 649 391 in
667 356 822 390 iudicium
842 366 910 388 non
931 354 1091 392 trahatur,
1109 351 1193 384 aliis-

458 424 519 458 que
550 409 835 446 constitutionibus
869 414 900 441 ct
935 404 1191 440 ordinationibus

458 464 653 510 apostolicis,
678 472 813 501 necnon,
840 465 999 504 quatenus
1037 468 1116 500 opus
1141 457 1193 495 sit,

459 517 676 562 praefatorum
694 514 822 548 Ordinis
847 519 878 546 et
896 510 1093 555 provinciae,
1110 508 1194 541 aliis-

458 582 496 605 ve
522 568 700 614 quibusvis,
732 567 827 599 ctiam
856 566 1051 603 iuramento,
1079 561 1196 594 contir-

460 625 602 658 matione
628 620 813 664 apostolica,
835 619 885 651 vel
911 616 1020 660 quavis
1044 614 1194 647 firmitate

460 678 522 711 alia
545 674 716 714 roboratis,
741 671 866 705 statutis
895 675 927 704 et
957 666 1197 702 consuetudini-

459 730 530 770 bus,
548 726 726 772 privilegiis
751 734 889 768 quoque,
908 722 1042 755 indultis
1061 725 1092 753 et
1111 720 1195 752 litte-

461 783 505 816 ris
526 779 714 825 apostolicis
732 779 764 811 in
782 777 978 810 contrarium
999 773 1195 818 praemisso-

462 846 534 869 rum
550 832 797 877 quomodolibet
814 829 986 867 concessis,
1000 825 1196 861 confirmatis

460 894 490 922 et
507 886 680 926 innovatis3
697 885 815 928 quibus
830 883 980 916 omnibus
1001 886 1032 914 et
1052 879 1196 921 singulis,

459 941 591 975 illorum
612 944 742 972 tenores
767 935 992 981 praesentibus
1016 944 1076 977 pro
1101 933 1196 976 plene

460 999 491 1027 et
515 991 714 1026 sufficienter
739 989 900 1033 expressis
936 997 972 1020 ac
996 987 1035 1019 ad
1064 985 1196 1019 verbum

459 1045 588 1080 insertis
616 1045 786 1083 habentes,
817 1042 880 1075 illis
909 1041 986 1074 alias
1011 1041 1043 1073 in
1069 1050 1126 1072 suo
1152 1049 1197 1072 ro-

458 1100 538 1132 bore
555 1097 784 1142 permansuris,
799 1095 837 1128 ad
857 1094 1107 1138 praemissorum
1125 1091 1197 1126 effe-

460 1158 546 1186 ctum
570 1152 631 1184 hac
656 1150 724 1183 vice
754 1150 928 1187 dumtaxat,
953 1145 1141 1190 specialiter
1167 1150 1199 1178 et

460 1214 614 1249 expresse
636 1203 828 1246 derogamus
847 1212 855 1243 ;
874 1199 1054 1244 ceterisque
1072 1203 1197 1232 contra-

461 1258 517 1292 riis
546 1256 813 1300 quibuscumque.

504 1311 618 1344 Datum
642 1310 780 1347 Romae,
807 1307 893 1351 apud
923 1306 954 1340 S.
981 1306 1111 1339 Mariam
1139 1304 1200 1338 Ma-

460 1365 574 1404 iorem,
608 1362 667 1396 sub
699 1362 822 1395 annulo
852 1359 1036 1399 piscatoris,
1064 1359 1115 1392 die
1146 1369 1197 1392 x1x

460 1417 536 1451 maii
549 1426 697 1456 MDCXCtV,
711 1414 916 1459 pontificatus
930 1413 1034 1446 nostri
1050 1423 1133 1445 anno
1149 1422 1196 1446 111.

494 1479 555 1507 Dat.
578 1478 622 1506 die
642 1478 674 1506 19
695 1477 757 1504 maii
778 1476 857 1509 1694,
879 1475 976 1510 pontif.
998 1482 1070 1502 anno
1091 1480 1131 1502 111.

777 1591 880 1626 XCIII.

462 1664 655 1700 Conceditur
678 1662 890 1705 indulyentia
916 1660 1070 1704 plenaria
1091 1669 1202 1703 perpe-

507 1722 563 1751 tua
587 1718 623 1750 in
647 1716 787 1749 articulo
805 1716 919 1747 mortis
936 1714 1075 1756 aegrotis
1092 1714 1129 1745 in
1148 1713 1203 1745 lto-

1030 196 1205 221 nummulum

1233 194 1385 219 noutxtttt

1233 245 1317 287 gulis
1337 243 1503 286 utriusque
1524 253 1616 275 sexus
1634 242 1899 276 christifidelibus
1917 253 1968 276 ae-

1234 298 1333 340 grotis
1363 296 1396 329 in
1429 296 1582 339 hospitali
1614 296 1725 340 oppidi
1757 307 1813 329 seu
1840 296 1902 329 loci
1928 297 1966 330 de

1234 351 1265 384 S.
1284 351 1385 384 Cloud
1402 350 1593 383 parisiensis
1618 349 1775 383 dioecesis
1796 350 1835 383 ab
1853 350 1967 383 eodem

1234 403 1385 447 Philippo
1406 405 1485 436 duce
1503 403 1550 447 (ut
1566 403 1736 447 asseritur)
1755 403 1887 436 fundato
1905 414 1966 447 pro

1237 461 1384 499 tempore
1418 456 1643 496 morientibus,
1679 456 1711 489 in
1741 456 1969 500 cuiuscumque

1237 520 1348 542 eorum
1373 509 1483 541 mortis
1509 507 1657 548 articulo,
1683 507 1710 540 si
1744 518 1819 541 vere
1854 509 1970 551 poeni-

1238 567 1342 594 tentes
1360 565 1392 594 et
1410 560 1550 593 confessi
1579 570 1615 591 ac
1639 562 1728 593 sacra
1745 561 1969 594 communione

1238 614 1359 654 resecti,
1384 614 1449 653 vel,
1476 617 1638 656 quatenus
1663 613 1695 645 id
1721 613 1828 646 facere
1853 614 1970 658 nequi-

1237 667 1351 708 verint,
1376 667 1489 699 saltem
1514 665 1645 698 contriti
1668 676 1788 699 nomen
1808 666 1879 699 Iesu
1904 677 1972 709 ore,

1238 720 1264 753 si
1289 719 1475 763 potuerint,
1501 718 1551 751 sin
1575 718 1700 759 minus,
1726 719 1824 752 corde
1858 719 1972 754 devote

1238 772 1464 811 invocaverint,
1486 771 1665 814 plenariam
1689 771 1833 804 omnium
1858 783 1974 816 pecca-

1238 832 1343 860 torum
1368 836 1498 859 suorum
1529 825 1765 868 indulgentiam
1800 831 1831 859 et
1861 826 1975 859 remis-

1239 879 1361 913 sionem
1386 877 1645 912 misericorditer
1671 879 1705 911 in
1729 879 1865 913 Domino
1890 890 1972 912 con-

1239 933 1395 966 cedimus.
1416 932 1449 964 ln
1475 931 1673 964 contrarium
1693 932 1886 966 facientibus
1909 942 1974 966 non

1238 985 1440 1019 obstantibus
1461 985 1731 1028 quibuscumque.
1750 985 1976 1018 Praesentibus

1238 1038 1404 1083 perpetuis
1430 1037 1543 1070 futuris
1568 1037 1767 1080 temporibus
1787 1037 1944 1071 valituris.

1281 1093 1394 1125 Datum
1419 1091 1552 1131 Romae,
1576 1091 1659 1134 apud
1684 1090 1715 1124 S.
1734 1091 1865 1124 Mariam
1883 1090 1978 1124 Maio·

1238 1155 1317 1186 rem,
1348 1145 1406 1178 sub
1432 1144 1554 1177 annulo
1578 1143 1765 1183 piscatoris,
1791 1144 1842 1176 die
1867 1154 1905 1176 xx
1929 1143 1978 1176 iu-

1239 1199 1273 1233 lii
1297 1207 1451 1239 irncxciv‚
1467 1197 1674 1241 pontificatus
1695 1197 1799 1230 nostri
1825 1207 1908 1230 anno
1933 1207 1974 1231 w.

1273 1262 1336 1288 Dat.
1354 1260 1398 1288 die
1417 1260 1452 1288 20
1470 1259 1538 1287 iunii
1556 1259 1642 1294 1694,
1663 1259 1760 1295 pontif.
1776 1267 1847 1287 anno
1868 1265 1905 1286 tv.

1557 1375 1658 1409 XCIV.

1242 1447 1433 1482 Conceditur
1457 1446 1664 1490 indulyentz'a
1686 1445 1838 1489 plenaria
1859 1455 1977 1490 perpe-

1286 1505 1342 1534 tua
1366 1501 1402 1532 in
1426 1499 1566 1532 articulo
1584 1500 1697 1531 mortis
1717 1499 1858 1542 aeyrotis
1874 1499 1910 1530 in
1927 1508 1981 1530 ar-

1286 1552 1499 1597 clzihospz'talz'
1523 1552 1553 1586 S.
1584 1552 1728 1596 Spiritus
1755 1553 1791 1585 in
1815 1551 1920 1585 Samia
1944 1550 1981 1584 dc

1289 1607 1370 1640 Urbe
1394 1606 1415 1639 ¹.

1418 1676 1620 1704 Innocentius
1641 1676 1722 1711 Papa
1736 1676 1806 1708 xu,

1366 1723 1402 1749 ad
1418 1724 1597 1755 perpetuam
1612 1721 1657 1748 rei
1673 1721 1858 1748 memorIam.

1973 197 2022 224 An.
2046 197 2074 223 C.
2093 198 2160 224 ¹604

505 1770 619 1814 spirali
643 1768 757 1813 oppidi
775 1768 813 1800 de
832 1768 864 1801 S.
886 1766 987 1801 Cloud
1004 1766 1203 1800 Parisiensis
1223 1769 1225 1779 '

506 1824 657 1857 dioecesis
671 1823 691 1856 ¹.

1289 1785 1330 1818 Ex
1357 1782 1510 1817 iniunctiq
1526 1783 1621 1816 nobis
1639 1783 1790 1817 divinitus
1816 1793 2178 1845 sacrosan‘p,m}³c‘{2{‘⁵ss,g⁰

1246 1837 1287 1871 cti
1313 1837 1514 1880 apostolatus
1540 1835 1636 1869 officii
1663 1835 1784 1876 debito,
1805 1837 1984 1869 animarum
1996 1846 2126 1872 (iuuenum.

1247 1889 1353 1930 saluti,
1374 1894 1530 1932 quantum
1550 1899 1622 1921 cum
1639 1888 1776 1922 Domino
1797 1899 1983 1932 possumus,

1247 1944 1419 1978 consulere
1444 1942 1622 1986 cupientes,
1649 1942 1798 1975 omnibus
1825 1947 1857 1975 et
1881 1942 1988 1985 singu-

1247 1997 1285 2029 lis
1309 1996 1481 2039 utriusque
1511 2005 1605 2028 sexus
1634 1994 1902 2028 christifidelibus
1934 2005 1986 2028 ae-

649 1892 844 1921 Innocentius
866 1892 944 1924 Papa
963 1890 1027 1923 XII,

589 1939 624 1966 ad
642 1940 817 1972 perpetuam
837 1937 881 1964 rei
895 1935 1076 1962 memoriam.

273 2048 285 2069 Ρ
333 2012 455 2060 Ιοῖηξρςςῑο
510 2003 552 2036 Ex
579 2001 725 2034 iniuncto
747 1998 841 2032 nobis
868 1997 1020 2031 divinitus
1038 1988 1227 2030 sacrosan-i

289 2049 332 2062 ΓΖΕ(
342 2049 358 2061 'k'
371 2049 381 2061 «ί
424 2048 456 2062 ln·

273 2070 399 2093 dutgeutnao.

468 2056 508 2089 cti
540 2054 741 2099 apostolatus
768 2051 864 2086 officii
892 2051 1002 2084 debito
1028 2050 1228 2083 animarum¹

467 2108 573 2148 saluti,
592 2112 748 2151 quantum
766 2116 838 2137 cum
859 2104 994 2137 Domino
1020 2114 1206 2147 possumus,
1228 2104 1229 2119 ¹

467 2163 641 2196 consulere
666 2160 843 2203 cupientes,
862 2169 896 2191 ac
914 2156 1208 2201 supplicationibus

468 2213 671 2248 dilectissimi
697 2212 728 2245 in
755 2211 884 2245 Christo
920 2210 976 2243 filii
1006 2210 1108 2243 nostri
1134 2209 1209 2242 Phi-

468 2267 549 2311 lippi
575 2278 592 2299 a
617 2265 753 2298 Francia
774 2264 863 2297 ducis
883 2262 1128 2296 Aurelianensis
1153 2273 1209 2295 no-

468 2321 555 2353 mine
580 2319 674 2352 nobis
700 2328 797 2360 super
821 2318 883 2350 boc
908 2316 1075 2348 humiliter
1098 2326 1210 2359 porre-

471 2373 528 2406 ctis
553 2372 695 2414 benigne
721 2370 879 2410 inclinati,
904 2369 1055 2402 omnibus
1091 2374 1122 2402 et
1146 2368 1211 2401 sin-

509 2465 519 2489 1
542 2460 640 2488 Similis
659 2458 828 2493 indulgentia
853 2466 980 2484 concessa
1007 2457 1057 2484 fuit
1085 2458 1210 2492 hospitali

471 2508 518 2535 SS.
536 2504 685 2533 Salvatoris
700 2504 733 2530 de
751 2503 819 2529 Urbe
840 2508 925 2529 const.
943 2503 1006 2529 edit.
1023 2509 1152 2535 uncxmv,
1169 2502 1211 2528 die

474 2553 491 2580 5
511 2549 642 2584 ianuarii,
664 2548 759 2584 poutII.
785 2554 827 2574 111.
854 2546 916 2573 Vide
944 2547 1023 2574 etiam
1051 2551 1136 2574 const.
1167 2556 1210 2574 se-

474 2598 615 2634 quentem.

1249 2050 1348 2093 grotis
1381 2050 1413 2082 in
1447 2049 1695 2092 archibospitali
1728 2048 1760 2081 S.
1789 2048 1929 2092 Spiritus
1955 2048 1986 2080 in

1249 2104 1341 2137 Saxia
1367 2103 1406 2136 de
1432 2102 1516 2135 Urbe
1549 2112 1609 2145 pro
1644 2107 1788 2145 tempore
1819 2101 1987 2134 morienti-

1249 2157 1320 2197 bus,
1346 2155 1378 2188 in
1404 2155 1636 2198 cuiuscumque
1668 2165 1779 2187 eorum
1800 2154 1912 2187 mortis
1936 2165 1987 2186 ar-

1252 2209 1361 2249 ticulo,
1388 2207 1413 2240 si
1439 2217 1512 2240 vere
1545 2207 1750 2250 poenitentes
1783 2211 1814 2239 et
1846 2206 1986 2239 confessi

1251 2273 1288 2295 ao
1313 2262 1404 2294 sacra
1429 2259 1657 2293 communione
1683 2259 1809 2299 resecti,
1828 2260 1889 2298 vel,
1911 2269 1988 2302 qua-

1252 2321 1345 2348 tenus
1364 2314 1395 2347 id
1414 2314 1519 2347 facere
1539 2312 1752 2356 nequiverint,
1771 2313 1885 2345 saltem
1911 2322 1988 2346 con-

1253 2369 1319 2402 triti
1345 2378 1463 2401 nomen
1489 2367 1560 2400 Iesu
1582 2377 1649 2407 ore,
1675 2366 1701 2399 si
1733 2367 1912 2410 potuerint,
1939 2366 1986 2399 sin

1252 2422 1370 2462 minus,
1397 2421 1494 2453 corde
1520 2421 1633 2453 devote
1659 2419 1893 2459 invocaverint,
1919 2420 1989 2462 pli·-

1253 2475 1374 2507 narium
1397 2473 1541 2506 omnium
1560 2479 1766 2517 peccatorum
1786 2484 1917 2506 suorum
1944 2474 1991 2505 iu-

1292 2549 1300 2572 1
1325 2545 1392 2571 Vide
1412 2544 1525 2571 similem
1546 2548 1632 2570 const.
1651 2544 1870 2579 praecedentem.

1290 2591 1306 2617 2
1322 2590 1352 2616 In
1369 2592 1453 2616 const.
1470 2588 1597 2623 praeced.
1619 2588 1717 2624 legitur
1736 2589 1868 2617 iniuncto
1886 2591 1912 2624 (a
1938 2591 1987 2624 Τ.).
