<?xml version="1.0" encoding="UTF-8"?>
<!DOCTYPE html PUBLIC "-//W3C//DTD XHTML 1.0 Transitional//EN"
    "http://www.w3.org/TR/xhtml1/DTD/xhtml1-transitional.dtd">
<html xmlns="http://www.w3.org/1999/xhtml" xml:lang="en" lang="en">
 <head>
  <title>
</title>
<meta http-equiv="Content-Type" content="text/html;charset=utf-8" />
  <meta name='ocr-system' content='tesseract 3.04.00' />
  <meta name='ocr-capabilities' content='ocr_page ocr_carea ocr_par ocr_line ocrx_word'/>
</head>
<body>
  <div class='ocr_page' id='page_1' title='image "./bullarumdiplomat20cath_0892.png"; bbox 0 0 2254 3225; ppageno 0'>
   <div class='ocr_carea' id='block_1_1' title="bbox 218 246 517 285">
    <p class='ocr_par' dir='ltr' id='par_1_1' title="bbox 218 246 517 285">
     <span class='ocr_line' id='line_1_1' title="bbox 218 246 517 285; baseline -0.013 -3"><span class='ocrx_word' id='word_1_1' title='bbox 218 256 271 283; x_wconf 80' lang='lat' dir='ltr'>An.</span> <span class='ocrx_word' id='word_1_2' title='bbox 292 256 407 285; x_wconf 69' lang='grc'>01697</span> <span class='ocrx_word' id='word_1_3' title='bbox 454 246 517 279; x_wconf 71' lang='lat'>842</span> 
     </span>
    </p>
   </div>
   <div class='ocr_carea' id='block_1_2' title="bbox 214 743 398 817">
    <p class='ocr_par' dir='ltr' id='par_1_2' title="bbox 214 743 398 817">
     <span class='ocr_line' id='line_1_2' title="bbox 255 743 397 763; baseline -0.007 0"><span class='ocrx_word' id='word_1_4' title='bbox 255 743 284 763; x_wconf 73' lang='lat' dir='ltr'>De</span> <span class='ocrx_word' id='word_1_5' title='bbox 309 743 397 763; x_wconf 70' lang='lat' dir='ltr'>vii-ninn-</span> 
     </span>
     <span class='ocr_line' id='line_1_3' title="bbox 214 771 398 797; baseline 0.005 -8"><span class='ocrx_word' id='word_1_6' title='bbox 214 771 270 790; x_wconf 72' lang='lat' dir='ltr'>tiunu</span> <span class='ocrx_word' id='word_1_7' title='bbox 284 771 398 797; x_wconf 67' lang='lat' dir='ltr'>elcemosy-</span> 
     </span>
     <span class='ocr_line' id='line_1_4' title="bbox 214 802 260 817; baseline -0.022 0"><span class='ocrx_word' id='word_1_8' title='bbox 214 802 260 817; x_wconf 63' lang='lat' dir='ltr'>nile.</span> 
     </span>
    </p>
   </div>
   <div class='ocr_carea' id='block_1_3' title="bbox 212 2080 396 2155">
    <p class='ocr_par' dir='ltr' id='par_1_3' title="bbox 212 2080 396 2155">
     <span class='ocr_line' id='line_1_5' title="bbox 235 2080 395 2102; baseline -0.013 0"><span class='ocrx_word' id='word_1_9' title='bbox 235 2081 265 2102; x_wconf 79' lang='lat' dir='ltr'>De</span> <span class='ocrx_word' id='word_1_10' title='bbox 273 2080 342 2101; x_wconf 81' lang='lat' dir='ltr'>missis</span> <span class='ocrx_word' id='word_1_11' title='bbox 353 2085 395 2100; x_wconf 85' lang='lat' dir='ltr'>ma·</span> 
     </span>
     <span class='ocr_line' id='line_1_6' title="bbox 212 2108 396 2136; baseline -0.005 -7"><span class='ocrx_word' id='word_1_12' title='bbox 212 2108 312 2136; x_wconf 66' lang='lat' dir='ltr'>nnalinus</span> <span class='ocrx_word' id='word_1_13' title='bbox 319 2110 339 2128; x_wconf 88' lang='lat' dir='ltr'>et</span> <span class='ocrx_word' id='word_1_14' title='bbox 347 2113 396 2134; x_wconf 87' lang='lat' dir='ltr'>quo·</span> 
     </span>
     <span class='ocr_line' id='line_1_7' title="bbox 213 2136 307 2155; baseline 0 0"><span class='ocrx_word' id='word_1_15' title='bbox 213 2136 307 2155; x_wconf 68' lang='lat' dir='ltr'>nolanis.</span> 
     </span>
    </p>
   </div>
   <div class='ocr_carea' id='block_1_4' title="bbox 407 304 1152 614">
    <p class='ocr_par' dir='ltr' id='par_1_4' title="bbox 407 304 1152 614">
     <span class='ocr_line' id='line_1_8' title="bbox 409 304 1151 349; baseline -0.001 -12"><span class='ocrx_word' id='word_1_16' title='bbox 409 310 460 338; x_wconf 84' lang='lat' dir='ltr'>cat</span> <span class='ocrx_word' id='word_1_17' title='bbox 503 305 694 349; x_wconf 86' lang='lat' dir='ltr'>privilegia,</span> <span class='ocrx_word' id='word_1_18' title='bbox 733 305 850 349; x_wconf 82' lang='lat' dir='ltr'>quibus</span> <span class='ocrx_word' id='word_1_19' title='bbox 894 304 1082 348; x_wconf 74' lang='lat' dir='ltr'>indulgetur</span> <span class='ocrx_word' id='word_1_20' title='bbox 1116 309 1151 337; x_wconf 88' lang='lat' dir='ltr'>ut</span> 
     </span>
     <span class='ocr_line' id='line_1_9' title="bbox 409 358 1150 392; baseline -0.003 0"><span class='ocrx_word' id='word_1_21' title='bbox 409 365 569 392; x_wconf 86' lang='lat' dir='ltr'>certarum</span> <span class='ocrx_word' id='word_1_22' title='bbox 595 360 764 392; x_wconf 84' lang='lat' dir='ltr'>missarum</span> <span class='ocrx_word' id='word_1_23' title='bbox 787 360 833 392; x_wconf 89' lang='lat' dir='ltr'>vel</span> <span class='ocrx_word' id='word_1_24' title='bbox 856 358 1150 392; x_wconf 75' lang='lat' dir='ltr'>anniversariorum</span> 
     </span>
     <span class='ocr_line' id='line_1_10' title="bbox 408 412 1149 457; baseline -0.001 -12"><span class='ocrx_word' id='word_1_25' title='bbox 408 413 638 453; x_wconf 71' lang='lat' dir='ltr'>celebratione,</span> <span class='ocrx_word' id='word_1_26' title='bbox 665 419 718 446; x_wconf 87' lang='lat' dir='ltr'>aut</span> <span class='ocrx_word' id='word_1_27' title='bbox 743 414 906 457; x_wconf 74' lang='lat' dir='ltr'>aliquibus</span> <span class='ocrx_word' id='word_1_28' title='bbox 925 412 1070 446; x_wconf 83' lang='lat' dir='ltr'>collectis</span> <span class='ocrx_word' id='word_1_29' title='bbox 1093 423 1149 445; x_wconf 89' lang='lat' dir='ltr'>seu</span> 
     </span>
     <span class='ocr_line' id='line_1_11' title="bbox 408 465 1150 510; baseline -0.003 -12"><span class='ocrx_word' id='word_1_30' title='bbox 408 467 617 507; x_wconf 73' lang='lat' dir='ltr'>orationibus,</span> <span class='ocrx_word' id='word_1_31' title='bbox 632 467 774 510; x_wconf 86' lang='lat' dir='ltr'>plurium</span> <span class='ocrx_word' id='word_1_32' title='bbox 800 467 969 499; x_wconf 84' lang='lat' dir='ltr'>missarum</span> <span class='ocrx_word' id='word_1_33' title='bbox 996 465 1150 498; x_wconf 89' lang='lat' dir='ltr'>oneribus</span> 
     </span>
     <span class='ocr_line' id='line_1_12' title="bbox 408 518 1152 562; baseline -0.004 -11"><span class='ocrx_word' id='word_1_34' title='bbox 408 518 439 551; x_wconf 92' lang='lat' dir='ltr'>in</span> <span class='ocrx_word' id='word_1_35' title='bbox 457 520 599 551; x_wconf 80' lang='lat' dir='ltr'>futurum</span> <span class='ocrx_word' id='word_1_36' title='bbox 620 519 838 562; x_wconf 64' lang='lat' dir='ltr'>suscipiendis</span> <span class='ocrx_word' id='word_1_37' title='bbox 853 518 1036 556; x_wconf 71' lang='lat' dir='ltr'>satisfaciat,</span> <span class='ocrx_word' id='word_1_38' title='bbox 1056 528 1152 560; x_wconf 84' lang='lat' dir='ltr'>quae-</span> 
     </span>
     <span class='ocr_line' id='line_1_13' title="bbox 407 570 1150 614; baseline -0.004 -10"><span class='ocrx_word' id='word_1_39' title='bbox 407 572 490 604; x_wconf 88' lang='lat' dir='ltr'>ritur</span> <span class='ocrx_word' id='word_1_40' title='bbox 511 583 549 605; x_wconf 90' lang='lat' dir='ltr'>an</span> <span class='ocrx_word' id='word_1_41' title='bbox 569 573 663 605; x_wconf 83' lang='lat' dir='ltr'>verba</span> <span class='ocrx_word' id='word_1_42' title='bbox 695 573 731 604; x_wconf 73' lang='lat' dir='ltr'>in</span> <span class='ocrx_word' id='word_1_43' title='bbox 762 572 915 614; x_wconf 77' lang='lat' dir='ltr'>futurum</span> <span class='ocrx_word' id='word_1_44' title='bbox 935 570 1150 614; x_wconf 74' lang='lat' dir='ltr'><em>suscipiendis</em></span> 
     </span>
    </p>
   </div>
   <div class='ocr_carea' id='block_1_5' title="bbox 408 624 1172 668">
    <p class='ocr_par' dir='ltr' id='par_1_5' title="bbox 408 624 1172 668">
     <span class='ocr_line' id='line_1_14' title="bbox 408 624 1172 668; baseline -0.005 -10"><span class='ocrx_word' id='word_1_45' title='bbox 408 625 623 668; x_wconf 79' lang='lat' dir='ltr'>intelligenda</span> <span class='ocrx_word' id='word_1_46' title='bbox 648 626 713 657; x_wconf 85' lang='lat' dir='ltr'>sint</span> <span class='ocrx_word' id='word_1_47' title='bbox 738 625 777 657; x_wconf 89' lang='lat' dir='ltr'>de</span> <span class='ocrx_word' id='word_1_48' title='bbox 795 625 949 658; x_wconf 89' lang='lat' dir='ltr'>oneribus</span> <span class='ocrx_word' id='word_1_49' title='bbox 974 624 1172 667; x_wconf 83' lang='lat' dir='ltr'>suscipien-.</span> 
     </span>
    </p>
   </div>
   <div class='ocr_carea' id='block_1_6' title="bbox 404 678 1150 2703">
    <p class='ocr_par' dir='ltr' id='par_1_6' title="bbox 409 678 814 722">
     <span class='ocr_line' id='line_1_15' title="bbox 409 678 814 722; baseline -0.002 -11"><span class='ocrx_word' id='word_1_50' title='bbox 409 678 457 711; x_wconf 88' lang='lat' dir='ltr'>dis</span> <span class='ocrx_word' id='word_1_51' title='bbox 482 685 555 722; x_wconf 88' lang='lat' dir='ltr'>post</span> <span class='ocrx_word' id='word_1_52' title='bbox 579 678 814 721; x_wconf 73' lang='lat' dir='ltr'>privilegium?</span> 
     </span>
    </p>

    <p class='ocr_par' dir='ltr' id='par_1_7' title="bbox 405 730 1150 1358">
     <span class='ocr_line' id='line_1_16' title="bbox 452 730 1150 775; baseline -0.004 -10"><span class='ocrx_word' id='word_1_53' title='bbox 452 742 509 765; x_wconf 79' lang='lat' dir='ltr'>vn.</span> <span class='ocrx_word' id='word_1_54' title='bbox 536 731 637 774; x_wconf 85' lang='lat' dir='ltr'>Super</span> <span class='ocrx_word' id='word_1_55' title='bbox 663 736 777 775; x_wconf 82' lang='lat' dir='ltr'>quarto</span> <span class='ocrx_word' id='word_1_56' title='bbox 800 731 944 764; x_wconf 82' lang='lat' dir='ltr'>eiusdem</span> <span class='ocrx_word' id='word_1_57' title='bbox 966 730 1150 773; x_wconf 70' lang='lat' dir='ltr'>Congrega-</span> 
     </span>
     <span class='ocr_line' id='line_1_17' title="bbox 409 785 1147 828; baseline -0.003 -10"><span class='ocrx_word' id='word_1_58' title='bbox 409 785 504 818; x_wconf 91' lang='lat' dir='ltr'>tionis</span> <span class='ocrx_word' id='word_1_59' title='bbox 532 786 675 825; x_wconf 84' lang='lat' dir='ltr'>decreto,</span> <span class='ocrx_word' id='word_1_60' title='bbox 715 795 778 828; x_wconf 81' lang='lat' dir='ltr'>quo</span> <span class='ocrx_word' id='word_1_61' title='bbox 812 785 1007 828; x_wconf 72' lang='lat' dir='ltr'>prohibetur</span> <span class='ocrx_word' id='word_1_62' title='bbox 1043 794 1147 817; x_wconf 87' lang='lat' dir='ltr'>sacer-</span> 
     </span>
     <span class='ocr_line' id='line_1_18' title="bbox 408 837 1148 882; baseline -0.003 -11"><span class='ocrx_word' id='word_1_63' title='bbox 408 838 485 878; x_wconf 87' lang='lat' dir='ltr'>doti,</span> <span class='ocrx_word' id='word_1_64' title='bbox 513 839 567 882; x_wconf 88' lang='lat' dir='ltr'>qui</span> <span class='ocrx_word' id='word_1_65' title='bbox 594 837 736 881; x_wconf 75' lang='lat' dir='ltr'>suscepit</span> <span class='ocrx_word' id='word_1_66' title='bbox 760 838 890 871; x_wconf 88' lang='lat' dir='ltr'>missam</span> <span class='ocrx_word' id='word_1_67' title='bbox 920 837 1148 870; x_wconf 81' lang='lat' dir='ltr'>celebrandam</span> 
     </span>
     <span class='ocr_line' id='line_1_19' title="bbox 407 890 1150 935; baseline -0.001 -11"><span class='ocrx_word' id='word_1_68' title='bbox 407 902 478 924; x_wconf 85' lang='lat' dir='ltr'>cum</span> <span class='ocrx_word' id='word_1_69' title='bbox 504 894 592 924; x_wconf 76' lang='lat' dir='ltr'>certa</span> <span class='ocrx_word' id='word_1_70' title='bbox 618 893 834 935; x_wconf 75' lang='lat' dir='ltr'>eleemosyna,</span> <span class='ocrx_word' id='word_1_71' title='bbox 854 902 894 924; x_wconf 91' lang='lat' dir='ltr'>ne</span> <span class='ocrx_word' id='word_1_72' title='bbox 910 891 1054 923; x_wconf 85' lang='lat' dir='ltr'>eamdem</span> <span class='ocrx_word' id='word_1_73' title='bbox 1076 890 1150 923; x_wconf 88' lang='lat' dir='ltr'>mis-</span> 
     </span>
     <span class='ocr_line' id='line_1_20' title="bbox 407 944 1148 988; baseline -0.001 -11"><span class='ocrx_word' id='word_1_74' title='bbox 407 955 473 977; x_wconf 87' lang='lat' dir='ltr'>sam</span> <span class='ocrx_word' id='word_1_75' title='bbox 498 944 601 984; x_wconf 85' lang='lat' dir='ltr'>alteri,</span> <span class='ocrx_word' id='word_1_76' title='bbox 628 951 718 988; x_wconf 88' lang='lat' dir='ltr'>parte</span> <span class='ocrx_word' id='word_1_77' title='bbox 745 945 892 978; x_wconf 86' lang='lat' dir='ltr'>eiusdem</span> <span class='ocrx_word' id='word_1_78' title='bbox 919 946 1148 987; x_wconf 85' lang='lat' dir='ltr'>elcemosynae</span> 
     </span>
     <span class='ocr_line' id='line_1_21' title="bbox 407 997 1145 1038; baseline 0 -9"><span class='ocrx_word' id='word_1_79' title='bbox 407 998 466 1030; x_wconf 89' lang='lat' dir='ltr'>sibi</span> <span class='ocrx_word' id='word_1_80' title='bbox 507 1001 646 1038; x_wconf 65' lang='lat' dir='ltr'>retenta,</span> <span class='ocrx_word' id='word_1_81' title='bbox 685 998 916 1031; x_wconf 83' lang='lat' dir='ltr'>celebrandam</span> <span class='ocrx_word' id='word_1_82' title='bbox 953 997 1145 1037; x_wconf 87' lang='lat' dir='ltr'>committat,</span> 
     </span>
     <span class='ocr_line' id='line_1_22' title="bbox 407 1050 1148 1095; baseline -0.001 -11"><span class='ocrx_word' id='word_1_83' title='bbox 407 1052 586 1094; x_wconf 79' lang='lat' dir='ltr'>quaeritur,</span> <span class='ocrx_word' id='word_1_84' title='bbox 622 1063 660 1084; x_wconf 87' lang='lat' dir='ltr'>an</span> <span class='ocrx_word' id='word_1_85' title='bbox 688 1052 942 1095; x_wconf 88' lang='lat' dir='ltr'>permittendum</span> <span class='ocrx_word' id='word_1_86' title='bbox 973 1052 1015 1083; x_wconf 91' lang='lat' dir='ltr'>sit</span> <span class='ocrx_word' id='word_1_87' title='bbox 1047 1050 1148 1084; x_wconf 85' lang='lat' dir='ltr'>admi-</span> 
     </span>
     <span class='ocr_line' id='line_1_23' title="bbox 407 1104 1149 1144; baseline 0 -8"><span class='ocrx_word' id='word_1_88' title='bbox 407 1104 637 1137; x_wconf 77' lang='lat' dir='ltr'>nistratoribus</span> <span class='ocrx_word' id='word_1_89' title='bbox 663 1105 885 1144; x_wconf 85' lang='lat' dir='ltr'>ecclesiarum,</span> <span class='ocrx_word' id='word_1_90' title='bbox 915 1110 951 1137; x_wconf 87' lang='lat' dir='ltr'>ut</span> <span class='ocrx_word' id='word_1_91' title='bbox 983 1104 1149 1137; x_wconf 88' lang='lat' dir='ltr'>retineant</span> 
     </span>
     <span class='ocr_line' id='line_1_24' title="bbox 407 1158 1147 1201; baseline 0 -11"><span class='ocrx_word' id='word_1_92' title='bbox 407 1158 550 1201; x_wconf 83' lang='lat' dir='ltr'>aliquam</span> <span class='ocrx_word' id='word_1_93' title='bbox 571 1158 851 1201; x_wconf 81' lang='lat' dir='ltr'>eleemosynarum</span> <span class='ocrx_word' id='word_1_94' title='bbox 874 1158 1063 1200; x_wconf 85' lang='lat' dir='ltr'>portionem</span> <span class='ocrx_word' id='word_1_95' title='bbox 1089 1167 1147 1199; x_wconf 87' lang='lat' dir='ltr'>pro</span> 
     </span>
     <span class='ocr_line' id='line_1_25' title="bbox 407 1211 1149 1254; baseline 0.001 -11"><span class='ocrx_word' id='word_1_96' title='bbox 407 1211 557 1254; x_wconf 74' lang='lat' dir='ltr'>expensis</span> <span class='ocrx_word' id='word_1_97' title='bbox 593 1211 848 1244; x_wconf 70' lang='lat' dir='ltr'>manutentionis</span> <span class='ocrx_word' id='word_1_98' title='bbox 875 1212 1042 1253; x_wconf 87' lang='lat' dir='ltr'>ecclesiae,</span> <span class='ocrx_word' id='word_1_99' title='bbox 1068 1213 1149 1244; x_wconf 84' lang='lat' dir='ltr'>alta-</span> 
     </span>
     <span class='ocr_line' id='line_1_26' title="bbox 406 1264 1148 1308; baseline -0.001 -11"><span class='ocrx_word' id='word_1_100' title='bbox 406 1265 500 1305; x_wconf 88' lang='lat' dir='ltr'>rium,</span> <span class='ocrx_word' id='word_1_101' title='bbox 519 1264 777 1305; x_wconf 79' lang='lat' dir='ltr'>inservientium,</span> <span class='ocrx_word' id='word_1_102' title='bbox 802 1269 1082 1308; x_wconf 81' lang='lat' dir='ltr'>paramentorum,</span> <span class='ocrx_word' id='word_1_103' title='bbox 1101 1265 1148 1297; x_wconf 91' lang='lat' dir='ltr'>lu-</span> 
     </span>
     <span class='ocr_line' id='line_1_27' title="bbox 405 1318 1059 1358; baseline -0.002 -7"><span class='ocrx_word' id='word_1_104' title='bbox 405 1318 540 1358; x_wconf 89' lang='lat' dir='ltr'>minum,</span> <span class='ocrx_word' id='word_1_105' title='bbox 567 1318 642 1358; x_wconf 77' lang='lat' dir='ltr'>vini,</span> <span class='ocrx_word' id='word_1_106' title='bbox 669 1319 796 1352; x_wconf 80' lang='lat' dir='ltr'>hostiae</span> <span class='ocrx_word' id='word_1_107' title='bbox 822 1324 854 1351; x_wconf 88' lang='lat' dir='ltr'>et</span> <span class='ocrx_word' id='word_1_108' title='bbox 879 1318 1059 1351; x_wconf 69' lang='lat' dir='ltr'>similium?</span> 
     </span>
    </p>

    <p class='ocr_par' dir='ltr' id='par_1_8' title="bbox 405 1371 1149 1673">
     <span class='ocr_line' id='line_1_28' title="bbox 449 1371 1145 1404; baseline 0 0"><span class='ocrx_word' id='word_1_109' title='bbox 449 1381 520 1404; x_wconf 78' lang='lat' dir='ltr'>vin.</span> <span class='ocrx_word' id='word_1_110' title='bbox 548 1371 595 1404; x_wconf 85' lang='lat' dir='ltr'>An</span> <span class='ocrx_word' id='word_1_111' title='bbox 622 1371 684 1404; x_wconf 90' lang='grc'>1100</span> <span class='ocrx_word' id='word_1_112' title='bbox 709 1372 874 1404; x_wconf 88' lang='lat' dir='ltr'>decretum</span> <span class='ocrx_word' id='word_1_113' title='bbox 899 1372 1020 1404; x_wconf 88' lang='lat' dir='ltr'>habeat</span> <span class='ocrx_word' id='word_1_114' title='bbox 1038 1372 1145 1404; x_wconf 88' lang='lat' dir='ltr'>locum</span> 
     </span>
     <span class='ocr_line' id='line_1_29' title="bbox 405 1424 1148 1468; baseline 0.001 -12"><span class='ocrx_word' id='word_1_115' title='bbox 405 1424 438 1457; x_wconf 90' lang='lat' dir='ltr'>in</span> <span class='ocrx_word' id='word_1_116' title='bbox 463 1424 643 1466; x_wconf 78' lang='lat' dir='ltr'>beneficiis,</span> <span class='ocrx_word' id='word_1_117' title='bbox 669 1436 750 1468; x_wconf 86' lang='lat' dir='ltr'>quae</span> <span class='ocrx_word' id='word_1_118' title='bbox 777 1426 990 1458; x_wconf 78' lang='lat' dir='ltr'>conseruntur</span> <span class='ocrx_word' id='word_1_119' title='bbox 1014 1426 1045 1458; x_wconf 89' lang='lat' dir='ltr'>in</span> <span class='ocrx_word' id='word_1_120' title='bbox 1074 1425 1148 1458; x_wconf 84' lang='lat' dir='ltr'>titu-</span> 
     </span>
     <span class='ocr_line' id='line_1_30' title="bbox 405 1477 1149 1522; baseline 0 -11"><span class='ocrx_word' id='word_1_121' title='bbox 405 1477 485 1518; x_wconf 86' lang='lat' dir='ltr'>turn,</span> <span class='ocrx_word' id='word_1_122' title='bbox 513 1478 599 1511; x_wconf 89' lang='lat' dir='ltr'>idest</span> <span class='ocrx_word' id='word_1_123' title='bbox 623 1489 663 1511; x_wconf 90' lang='lat' dir='ltr'>an</span> <span class='ocrx_word' id='word_1_124' title='bbox 684 1484 793 1511; x_wconf 88' lang='lat' dir='ltr'>rector</span> <span class='ocrx_word' id='word_1_125' title='bbox 817 1478 979 1518; x_wconf 77' lang='lat' dir='ltr'>beneficii,</span> <span class='ocrx_word' id='word_1_126' title='bbox 1005 1478 1058 1522; x_wconf 89' lang='lat' dir='ltr'>qui</span> <span class='ocrx_word' id='word_1_127' title='bbox 1092 1489 1149 1521; x_wconf 91' lang='lat' dir='ltr'>po-</span> 
     </span>
     <span class='ocr_line' id='line_1_31' title="bbox 407 1533 1147 1575; baseline 0.001 -11"><span class='ocrx_word' id='word_1_128' title='bbox 407 1537 469 1565; x_wconf 83' lang='lat' dir='ltr'>test</span> <span class='ocrx_word' id='word_1_129' title='bbox 492 1542 551 1575; x_wconf 91' lang='lat' dir='ltr'>per</span> <span class='ocrx_word' id='word_1_130' title='bbox 576 1533 674 1565; x_wconf 90' lang='lat' dir='ltr'>alium</span> <span class='ocrx_word' id='word_1_131' title='bbox 707 1533 881 1573; x_wconf 88' lang='lat' dir='ltr'>celebrare,</span> <span class='ocrx_word' id='word_1_132' title='bbox 920 1538 1068 1565; x_wconf 87' lang='lat' dir='ltr'>teneatur</span> <span class='ocrx_word' id='word_1_133' title='bbox 1100 1543 1147 1565; x_wconf 89' lang='lat' dir='ltr'>sa-</span> 
     </span>
     <span class='ocr_line' id='line_1_32' title="bbox 407 1586 1145 1630; baseline 0.003 -12"><span class='ocrx_word' id='word_1_134' title='bbox 407 1586 530 1619; x_wconf 84' lang='lat' dir='ltr'>cerdoti</span> <span class='ocrx_word' id='word_1_135' title='bbox 558 1587 739 1620; x_wconf 82' lang='lat' dir='ltr'>celebranti</span> <span class='ocrx_word' id='word_1_136' title='bbox 772 1588 848 1620; x_wconf 89' lang='lat' dir='ltr'>dare</span> <span class='ocrx_word' id='word_1_137' title='bbox 884 1587 1082 1630; x_wconf 81' lang='lat' dir='ltr'>stipendium</span> <span class='ocrx_word' id='word_1_138' title='bbox 1107 1587 1145 1620; x_wconf 87' lang='lat' dir='ltr'>ad</span> 
     </span>
     <span class='ocr_line' id='line_1_33' title="bbox 406 1639 974 1673; baseline 0 -2"><span class='ocrx_word' id='word_1_139' title='bbox 406 1639 568 1672; x_wconf 83' lang='lat' dir='ltr'>rationem</span> <span class='ocrx_word' id='word_1_140' title='bbox 589 1640 775 1672; x_wconf 87' lang='lat' dir='ltr'>reddituum</span> <span class='ocrx_word' id='word_1_141' title='bbox 794 1639 974 1673; x_wconf 65' lang='lat' dir='ltr'>beneficii?</span> 
     </span>
    </p>

    <p class='ocr_par' dir='ltr' id='par_1_9' title="bbox 405 1693 1148 2057">
     <span class='ocr_line' id='line_1_34' title="bbox 449 1693 1146 1738; baseline 0 -12"><span class='ocrx_word' id='word_1_142' title='bbox 449 1702 480 1726; x_wconf 85' lang='lat' dir='ltr'>x.</span> <span class='ocrx_word' id='word_1_143' title='bbox 507 1693 555 1726; x_wconf 91' lang='lat' dir='ltr'>An</span> <span class='ocrx_word' id='word_1_144' title='bbox 588 1694 786 1735; x_wconf 84' lang='lat' dir='ltr'>sacerdotes,</span> <span class='ocrx_word' id='word_1_145' title='bbox 822 1693 939 1738; x_wconf 86' lang='lat' dir='ltr'>quibus</span> <span class='ocrx_word' id='word_1_146' title='bbox 971 1693 1146 1737; x_wconf 77' lang='lat' dir='ltr'>aliquando</span> 
     </span>
     <span class='ocr_line' id='line_1_35' title="bbox 407 1746 1146 1791; baseline 0.001 -12"><span class='ocrx_word' id='word_1_147' title='bbox 407 1746 542 1780; x_wconf 78' lang='lat' dir='ltr'>offertur</span> <span class='ocrx_word' id='word_1_148' title='bbox 575 1748 781 1791; x_wconf 75' lang='lat' dir='ltr'>eleemosyna</span> <span class='ocrx_word' id='word_1_149' title='bbox 817 1747 921 1781; x_wconf 90' lang='lat' dir='ltr'>maior</span> <span class='ocrx_word' id='word_1_150' title='bbox 957 1747 1054 1780; x_wconf 77' lang='lat' dir='ltr'>solita</span> <span class='ocrx_word' id='word_1_151' title='bbox 1086 1758 1146 1791; x_wconf 87' lang='lat' dir='ltr'>pro</span> 
     </span>
     <span class='ocr_line' id='line_1_36' title="bbox 407 1800 1147 1841; baseline 0.001 -8"><span class='ocrx_word' id='word_1_152' title='bbox 407 1800 627 1833; x_wconf 82' lang='lat' dir='ltr'>celebratione</span> <span class='ocrx_word' id='word_1_153' title='bbox 654 1800 784 1841; x_wconf 82' lang='lat' dir='ltr'>missae,</span> <span class='ocrx_word' id='word_1_154' title='bbox 806 1801 947 1834; x_wconf 86' lang='lat' dir='ltr'>debeant</span> <span class='ocrx_word' id='word_1_155' title='bbox 971 1801 1047 1834; x_wconf 87' lang='lat' dir='ltr'>dare</span> <span class='ocrx_word' id='word_1_156' title='bbox 1066 1811 1147 1834; x_wconf 85' lang='lat' dir='ltr'>eam-</span> 
     </span>
     <span class='ocr_line' id='line_1_37' title="bbox 407 1854 1147 1898; baseline -0.001 -11"><span class='ocrx_word' id='word_1_157' title='bbox 407 1854 479 1887; x_wconf 88' lang='lat' dir='ltr'>dem</span> <span class='ocrx_word' id='word_1_158' title='bbox 506 1854 664 1896; x_wconf 78' lang='lat' dir='ltr'>integram</span> <span class='ocrx_word' id='word_1_159' title='bbox 696 1855 935 1898; x_wconf 67' lang='lat' dir='ltr'>eleemosynam</span> <span class='ocrx_word' id='word_1_160' title='bbox 965 1854 1004 1887; x_wconf 85' lang='lat' dir='ltr'>iis</span> <span class='ocrx_word' id='word_1_161' title='bbox 1029 1855 1147 1897; x_wconf 87' lang='lat' dir='ltr'>quibus</span> 
     </span>
     <span class='ocr_line' id='line_1_38' title="bbox 405 1907 1147 1949; baseline 0.001 -9"><span class='ocrx_word' id='word_1_162' title='bbox 405 1907 521 1940; x_wconf 88' lang='lat' dir='ltr'>missas</span> <span class='ocrx_word' id='word_1_163' title='bbox 546 1907 760 1941; x_wconf 83' lang='lat' dir='ltr'>celebrandas</span> <span class='ocrx_word' id='word_1_164' title='bbox 785 1909 1008 1949; x_wconf 44' lang='lat' dir='ltr'>committunt,</span> <span class='ocrx_word' id='word_1_165' title='bbox 1036 1918 1074 1940; x_wconf 90' lang='lat' dir='ltr'>an</span> <span class='ocrx_word' id='word_1_166' title='bbox 1098 1918 1147 1941; x_wconf 85' lang='lat' dir='ltr'>sa-</span> 
     </span>
     <span class='ocr_line' id='line_1_39' title="bbox 406 1961 1148 1996; baseline 0 -2"><span class='ocrx_word' id='word_1_167' title='bbox 406 1961 446 1994; x_wconf 87' lang='lat' dir='ltr'>tis</span> <span class='ocrx_word' id='word_1_168' title='bbox 472 1961 513 1994; x_wconf 84' lang='lat' dir='ltr'>sit</span> <span class='ocrx_word' id='word_1_169' title='bbox 547 1967 582 1994; x_wconf 88' lang='lat' dir='ltr'>ut</span> <span class='ocrx_word' id='word_1_170' title='bbox 618 1962 695 1995; x_wconf 87' lang='lat' dir='ltr'>dent</span> <span class='ocrx_word' id='word_1_171' title='bbox 730 1962 972 1996; x_wconf 79' lang='lat' dir='ltr'>celebrantibus</span> <span class='ocrx_word' id='word_1_172' title='bbox 1006 1963 1148 1995; x_wconf 90' lang='lat' dir='ltr'>eleemo-</span> 
     </span>
     <span class='ocr_line' id='line_1_40' title="bbox 407 2015 753 2057; baseline 0.003 -10"><span class='ocrx_word' id='word_1_173' title='bbox 407 2024 517 2057; x_wconf 80' lang='lat' dir='ltr'>synam</span> <span class='ocrx_word' id='word_1_174' title='bbox 537 2015 753 2048; x_wconf 76' lang='lat' dir='ltr'>consuetam?</span> 
     </span>
    </p>

    <p class='ocr_par' dir='ltr' id='par_1_10' title="bbox 404 2068 1150 2648">
     <span class='ocr_line' id='line_1_41' title="bbox 449 2068 1148 2113; baseline 0.001 -12"><span class='ocrx_word' id='word_1_175' title='bbox 449 2078 493 2102; x_wconf 82' lang='lat' dir='ltr'>x1.</span> <span class='ocrx_word' id='word_1_176' title='bbox 521 2068 626 2112; x_wconf 86' lang='lat' dir='ltr'>Super</span> <span class='ocrx_word' id='word_1_177' title='bbox 651 2069 763 2112; x_wconf 86' lang='lat' dir='ltr'>quinto</span> <span class='ocrx_word' id='word_1_178' title='bbox 791 2070 939 2103; x_wconf 86' lang='lat' dir='ltr'>eiusdem</span> <span class='ocrx_word' id='word_1_179' title='bbox 964 2069 1148 2113; x_wconf 81' lang='lat' dir='ltr'>Congrega-</span> 
     </span>
     <span class='ocr_line' id='line_1_42' title="bbox 407 2121 1149 2165; baseline 0.003 -11"><span class='ocrx_word' id='word_1_180' title='bbox 407 2121 503 2155; x_wconf 87' lang='lat' dir='ltr'>tionis</span> <span class='ocrx_word' id='word_1_181' title='bbox 529 2123 673 2163; x_wconf 87' lang='lat' dir='ltr'>decreto,</span> <span class='ocrx_word' id='word_1_182' title='bbox 700 2134 764 2165; x_wconf 83' lang='lat' dir='ltr'>quo</span> <span class='ocrx_word' id='word_1_183' title='bbox 790 2123 875 2156; x_wconf 89' lang='lat' dir='ltr'>inter</span> <span class='ocrx_word' id='word_1_184' title='bbox 907 2129 1015 2157; x_wconf 86' lang='lat' dir='ltr'>cetera</span> <span class='ocrx_word' id='word_1_185' title='bbox 1039 2124 1149 2156; x_wconf 89' lang='lat' dir='ltr'>statui-</span> 
     </span>
     <span class='ocr_line' id='line_1_43' title="bbox 408 2174 1147 2220; baseline 0.004 -13"><span class='ocrx_word' id='word_1_186' title='bbox 408 2180 460 2208; x_wconf 90' lang='lat' dir='ltr'>tur</span> <span class='ocrx_word' id='word_1_187' title='bbox 496 2174 555 2208; x_wconf 73' lang='lat' dir='ltr'>an⁴</span> <span class='ocrx_word' id='word_1_188' title='bbox 582 2176 663 2209; x_wconf 89' lang='lat' dir='ltr'>haec</span> <span class='ocrx_word' id='word_1_189' title='bbox 695 2177 793 2209; x_wconf 83' lang='lat' dir='ltr'>verba</span> <span class='ocrx_word' id='word_1_190' title='bbox 827 2177 1044 2220; x_wconf 72' lang='lat' dir='ltr'>eleemosynas</span> <span class='ocrx_word' id='word_1_191' title='bbox 1076 2188 1147 2210; x_wconf 80' lang='lat' dir='ltr'>vero</span> 
     </span>
     <span class='ocr_line' id='line_1_44' title="bbox 407 2229 1148 2274; baseline 0.003 -13"><span class='ocrx_word' id='word_1_192' title='bbox 407 2229 579 2262; x_wconf 78' lang='lat' dir='ltr'>manuales</span> <span class='ocrx_word' id='word_1_193' title='bbox 603 2234 631 2262; x_wconf 77' lang='lat' dir='ltr'>et</span> <span class='ocrx_word' id='word_1_194' title='bbox 657 2230 871 2273; x_wconf 73' lang='lat' dir='ltr'>quotidianas</span> <span class='ocrx_word' id='word_1_195' title='bbox 894 2241 953 2274; x_wconf 82' lang='lat' dir='ltr'>pro</span> <span class='ocrx_word' id='word_1_196' title='bbox 979 2231 1087 2264; x_wconf 74' lang='lat' dir='ltr'>missis</span> <span class='ocrx_word' id='word_1_197' title='bbox 1105 2242 1148 2263; x_wconf 84' lang='lat' dir='ltr'>ce-</span> 
     </span>
     <span class='ocr_line' id='line_1_45' title="bbox 408 2282 1149 2328; baseline 0.003 -13"><span class='ocrx_word' id='word_1_198' title='bbox 408 2282 571 2315; x_wconf 69' lang='lat' dir='ltr'>lebrandis</span> <span class='ocrx_word' id='word_1_199' title='bbox 607 2284 655 2315; x_wconf 71' lang='lat' dir='ltr'>ila</span> <span class='ocrx_word' id='word_1_200' title='bbox 697 2284 827 2316; x_wconf 79' lang='lat' dir='ltr'>demum</span> <span class='ocrx_word' id='word_1_201' title='bbox 871 2284 970 2317; x_wconf 77' lang='lat' dir='ltr'>iidem</span> <span class='ocrx_word' id='word_1_202' title='bbox 1006 2285 1149 2328; x_wconf 76' lang='lat' dir='ltr'>accipere</span> 
     </span>
     <span class='ocr_line' id='line_1_46' title="bbox 404 2336 1150 2381; baseline 0.003 -13"><span class='ocrx_word' id='word_1_203' title='bbox 404 2336 541 2378; x_wconf 68' lang='lat' dir='ltr'>possint,</span> <span class='ocrx_word' id='word_1_204' title='bbox 568 2336 597 2368; x_wconf 79' lang='lat' dir='ltr'>si</span> <span class='ocrx_word' id='word_1_205' title='bbox 621 2337 771 2368; x_wconf 71' lang='lat' dir='ltr'>onerilms</span> <span class='ocrx_word' id='word_1_206' title='bbox 796 2342 892 2370; x_wconf 76' lang='lat' dir='ltr'>antra</span> <span class='ocrx_word' id='word_1_207' title='bbox 916 2338 1078 2381; x_wconf 69' lang='lat' dir='ltr'>impositis</span> <span class='ocrx_word' id='word_1_208' title='bbox 1102 2339 1150 2371; x_wconf 73' lang='lat' dir='ltr'>ila</span> 
     </span>
     <span class='ocr_line' id='line_1_47' title="bbox 406 2390 1149 2434; baseline 0.004 -12"><span class='ocrx_word' id='word_1_209' title='bbox 406 2390 631 2433; x_wconf 71' lang='lat' dir='ltr'>satisfecerint,</span> <span class='ocrx_word' id='word_1_210' title='bbox 650 2395 685 2423; x_wconf 81' lang='lat' dir='ltr'>n!</span> <span class='ocrx_word' id='word_1_211' title='bbox 702 2401 785 2423; x_wconf 79' lang='lat' dir='ltr'>nova</span> <span class='ocrx_word' id='word_1_212' title='bbox 802 2402 929 2434; x_wconf 77' lang='lat' dir='ltr'>quoque</span> <span class='ocrx_word' id='word_1_213' title='bbox 945 2402 1044 2424; x_wconf 81' lang='lat' dir='ltr'>onera</span> <span class='ocrx_word' id='word_1_214' title='bbox 1062 2393 1149 2425; x_wconf 80' lang='lat' dir='ltr'>obire</span> 
     </span>
     <span class='ocr_line' id='line_1_48' title="bbox 405 2443 1149 2487; baseline 0.005 -12"><span class='ocrx_word' id='word_1_215' title='bbox 405 2443 559 2483; x_wconf 77' lang='lat' dir='ltr'>valeanl‚·</span> <span class='ocrx_word' id='word_1_216' title='bbox 579 2444 729 2487; x_wconf 73' lang='lat' dir='ltr'>alioquin</span> <span class='ocrx_word' id='word_1_217' title='bbox 748 2445 879 2477; x_wconf 71' lang='lat' dir='ltr'>omnino</span> <span class='ocrx_word' id='word_1_218' title='bbox 904 2446 1089 2478; x_wconf 76' lang='lat' dir='ltr'>abstineant</span> <span class='ocrx_word' id='word_1_219' title='bbox 1110 2447 1149 2479; x_wconf 78' lang='lat' dir='ltr'>ab</span> 
     </span>
     <span class='ocr_line' id='line_1_49' title="bbox 408 2496 1150 2543; baseline 0.004 -14"><span class='ocrx_word' id='word_1_220' title='bbox 408 2496 597 2530; x_wconf 74' lang='lat' dir='ltr'>huiusmodi</span> <span class='ocrx_word' id='word_1_221' title='bbox 633 2498 864 2540; x_wconf 69' lang='lat' dir='ltr'>eleemosynis,</span> <span class='ocrx_word' id='word_1_222' title='bbox 904 2500 1004 2532; x_wconf 78' lang='lat' dir='ltr'>elium</span> <span class='ocrx_word' id='word_1_223' title='bbox 1038 2504 1150 2543; x_wconf 77' lang='lat' dir='ltr'>sponte</span> 
     </span>
     <span class='ocr_line' id='line_1_50' title="bbox 407 2550 1150 2596; baseline 0.004 -14"><span class='ocrx_word' id='word_1_224' title='bbox 407 2550 525 2583; x_wconf 73' lang='lat' dir='ltr'>oblatis</span> <span class='ocrx_word' id='word_1_225' title='bbox 535 2551 571 2583; x_wconf 81' lang='lat' dir='ltr'>in</span> <span class='ocrx_word' id='word_1_226' title='bbox 583 2551 735 2593; x_wconf 76' lang='lat' dir='ltr'>futurum</span> <span class='ocrx_word' id='word_1_227' title='bbox 747 2551 951 2594; x_wconf 53' lang='lat' dir='ltr'>recipiendis</span> <span class='ocrx_word' id='word_1_228' title='bbox 963 2557 991 2584; x_wconf 80' lang='lat' dir='ltr'>et</span> <span class='ocrx_word' id='word_1_229' title='bbox 1000 2553 1150 2596; x_wconf 76' lang='lat' dir='ltr'>capsulas</span> 
     </span>
     <span class='ocr_line' id='line_1_51' title="bbox 407 2604 1150 2648; baseline 0.004 -12"><span class='ocrx_word' id='word_1_230' title='bbox 407 2604 571 2647; x_wconf 76' lang='lat' dir='ltr'>auferant,</span> <span class='ocrx_word' id='word_1_231' title='bbox 599 2608 670 2646; x_wconf 65' lang='lat' dir='ltr'>etc„</span> <span class='ocrx_word' id='word_1_232' title='bbox 699 2604 876 2648; x_wconf 87' lang='lat' dir='ltr'>quaeritur,</span> <span class='ocrx_word' id='word_1_233' title='bbox 896 2616 936 2638; x_wconf 87' lang='lat' dir='ltr'>an</span> <span class='ocrx_word' id='word_1_234' title='bbox 954 2606 1017 2638; x_wconf 89' lang='lat' dir='ltr'>hoc</span> <span class='ocrx_word' id='word_1_235' title='bbox 1038 2607 1150 2639; x_wconf 86' lang='lat' dir='ltr'>deere-</span> 
     </span>
    </p>

    <p class='ocr_par' dir='ltr' id='par_1_11' title="bbox 442 2665 1132 2703">
     <span class='ocr_line' id='line_1_52' title="bbox 442 2665 1132 2703; baseline 0.004 -10"><span class='ocrx_word' id='word_1_236' title='bbox 442 2666 457 2693; x_wconf 76' lang='grc'>1</span> <span class='ocrx_word' id='word_1_237' title='bbox 479 2666 574 2702; x_wconf 81' lang='lat' dir='ltr'>Aptius</span> <span class='ocrx_word' id='word_1_238' title='bbox 588 2665 679 2695; x_wconf 76' lang='lat' dir='ltr'>forsan</span> <span class='ocrx_word' id='word_1_239' title='bbox 693 2666 830 2703; x_wconf 83' lang='lat' dir='ltr'>legeretur</span> <span class='ocrx_word' id='word_1_240' title='bbox 844 2675 901 2703; x_wconf 80' lang='lat' dir='ltr'>per</span> <span class='ocrx_word' id='word_1_241' title='bbox 916 2675 964 2703; x_wconf 87' lang='lat' dir='ltr'>pro</span> <span class='ocrx_word' id='word_1_242' title='bbox 979 2676 1017 2696; x_wconf 81' lang='lat' dir='ltr'>an</span> <span class='ocrx_word' id='word_1_243' title='bbox 1032 2667 1071 2702; x_wconf 76' lang='lat' dir='ltr'>(n.</span> <span class='ocrx_word' id='word_1_244' title='bbox 1083 2670 1132 2702; x_wconf 81' lang='lat' dir='ltr'>T.).</span> 
     </span>
    </p>
   </div>
   <div class='ocr_carea' id='block_1_7' title="bbox 1169 311 1173 2491">
    <p class='ocr_par' dir='ltr' id='par_1_12' title="bbox 1169 311 1173 2491">
     <span class='ocr_line' id='line_1_53' title="bbox 1169 311 1173 2491; baseline 0 0"><span class='ocrx_word' id='word_1_245' title='bbox 1169 311 1173 2491; x_wconf 95' lang='lat' dir='ltr'> </span> 
     </span>
    </p>
   </div>
   <div class='ocr_carea' id='block_1_8' title="bbox 1000 254 1359 280">
    <p class='ocr_par' dir='ltr' id='par_1_13' title="bbox 1000 254 1359 280">
     <span class='ocr_line' id='line_1_54' title="bbox 1000 254 1359 280; baseline -0.003 -1"><span class='ocrx_word' id='word_1_246' title='bbox 1000 254 1180 280; x_wconf 71' lang='lat' dir='ltr'>BULLARIUM</span> <span class='ocrx_word' id='word_1_247' title='bbox 1203 254 1359 279; x_wconf 75' lang='lat' dir='ltr'><strong>ROMANUM</strong></span> 
     </span>
    </p>
   </div>
   <div class='ocr_carea' id='block_1_9' title="bbox 1191 303 1935 2381">
    <p class='ocr_par' dir='ltr' id='par_1_14' title="bbox 1193 303 1934 552">
     <span class='ocr_line' id='line_1_55' title="bbox 1196 303 1934 348; baseline 0 -12"><span class='ocrx_word' id='word_1_248' title='bbox 1196 309 1260 337; x_wconf 88' lang='lat' dir='ltr'>tum</span> <span class='ocrx_word' id='word_1_249' title='bbox 1288 304 1463 348; x_wconf 88' lang='lat' dir='ltr'>prohibeat</span> <span class='ocrx_word' id='word_1_250' title='bbox 1492 304 1658 345; x_wconf 86' lang='lat' dir='ltr'>absolute,</span> <span class='ocrx_word' id='word_1_251' title='bbox 1686 303 1857 347; x_wconf 88' lang='lat' dir='ltr'>quominus</span> <span class='ocrx_word' id='word_1_252' title='bbox 1881 311 1934 336; x_wconf 83' lang='lat' dir='ltr'>ac·</span> 
     </span>
     <span class='ocr_line' id='line_1_56' title="bbox 1194 357 1933 402; baseline -0.003 -11"><span class='ocrx_word' id='word_1_253' title='bbox 1194 358 1318 402; x_wconf 87' lang='lat' dir='ltr'>cipiant</span> <span class='ocrx_word' id='word_1_254' title='bbox 1353 369 1450 392; x_wconf 76' lang='lat' dir='ltr'>noras</span> <span class='ocrx_word' id='word_1_255' title='bbox 1491 359 1714 401; x_wconf 83' lang='lat' dir='ltr'>eleemosynas</span> <span class='ocrx_word' id='word_1_256' title='bbox 1747 358 1768 390; x_wconf 92' lang='lat' dir='ltr'>ii</span> <span class='ocrx_word' id='word_1_257' title='bbox 1798 357 1852 401; x_wconf 86' lang='lat' dir='ltr'>qui</span> <span class='ocrx_word' id='word_1_258' title='bbox 1883 366 1933 389; x_wconf 89' lang='lat' dir='ltr'>ac-</span> 
     </span>
     <span class='ocr_line' id='line_1_57' title="bbox 1194 409 1932 456; baseline -0.004 -11"><span class='ocrx_word' id='word_1_259' title='bbox 1194 413 1296 456; x_wconf 86' lang='lat' dir='ltr'>ceptis</span> <span class='ocrx_word' id='word_1_260' title='bbox 1336 423 1400 446; x_wconf 92' lang='lat' dir='ltr'>non</span> <span class='ocrx_word' id='word_1_261' title='bbox 1442 413 1687 453; x_wconf 75' lang='lat' dir='ltr'>satisfecerunt3</span> <span class='ocrx_word' id='word_1_262' title='bbox 1715 416 1747 445; x_wconf 89' lang='lat' dir='ltr'>et</span> <span class='ocrx_word' id='word_1_263' title='bbox 1785 411 1880 455; x_wconf 83' lang='lat' dir='ltr'>quid,</span> <span class='ocrx_word' id='word_1_264' title='bbox 1906 409 1932 442; x_wconf 90' lang='lat' dir='ltr'>si</span> 
     </span>
     <span class='ocr_line' id='line_1_58' title="bbox 1193 465 1934 510; baseline 0 -13"><span class='ocrx_word' id='word_1_265' title='bbox 1193 476 1337 508; x_wconf 79' lang='lat' dir='ltr'>congruo</span> <span class='ocrx_word' id='word_1_266' title='bbox 1362 472 1511 510; x_wconf 90' lang='lat' dir='ltr'>tempore</span> <span class='ocrx_word' id='word_1_267' title='bbox 1543 466 1673 509; x_wconf 85' lang='lat' dir='ltr'>possint</span> <span class='ocrx_word' id='word_1_268' title='bbox 1697 465 1847 498; x_wconf 89' lang='lat' dir='ltr'>omnibus</span> <span class='ocrx_word' id='word_1_269' title='bbox 1883 475 1934 497; x_wconf 83' lang='lat' dir='ltr'>sa-</span> 
     </span>
     <span class='ocr_line' id='line_1_59' title="bbox 1194 518 1364 552; baseline 0.012 -2"><span class='ocrx_word' id='word_1_270' title='bbox 1194 518 1364 552; x_wconf 76' lang='lat' dir='ltr'>tissacere‘?</span> 
     </span>
    </p>

    <p class='ocr_par' dir='ltr' id='par_1_15' title="bbox 1194 571 1934 764">
     <span class='ocr_line' id='line_1_60' title="bbox 1236 571 1934 615; baseline 0 -11"><span class='ocrx_word' id='word_1_271' title='bbox 1236 581 1291 604; x_wconf 81' lang='lat' dir='ltr'>xii.</span> <span class='ocrx_word' id='word_1_272' title='bbox 1319 571 1412 613; x_wconf 86' lang='lat' dir='ltr'>Quid,</span> <span class='ocrx_word' id='word_1_273' title='bbox 1432 573 1457 605; x_wconf 88' lang='lat' dir='ltr'>si</span> <span class='ocrx_word' id='word_1_274' title='bbox 1480 572 1617 605; x_wconf 73' lang='lat' dir='ltr'>offerens</span> <span class='ocrx_word' id='word_1_275' title='bbox 1634 572 1866 615; x_wconf 84' lang='lat' dir='ltr'>eleemosynas,</span> <span class='ocrx_word' id='word_1_276' title='bbox 1884 581 1934 604; x_wconf 89' lang='lat' dir='ltr'>au-</span> 
     </span>
     <span class='ocr_line' id='line_1_61' title="bbox 1194 624 1934 668; baseline 0 -11"><span class='ocrx_word' id='word_1_277' title='bbox 1194 624 1261 657; x_wconf 90' lang='lat' dir='ltr'>dito</span> <span class='ocrx_word' id='word_1_278' title='bbox 1287 625 1535 668; x_wconf 88' lang='lat' dir='ltr'>impedimento,</span> <span class='ocrx_word' id='word_1_279' title='bbox 1563 625 1750 659; x_wconf 86' lang='lat' dir='ltr'>consentiat</span> <span class='ocrx_word' id='word_1_280' title='bbox 1774 630 1809 657; x_wconf 86' lang='lat' dir='ltr'>ut</span> <span class='ocrx_word' id='word_1_281' title='bbox 1834 635 1934 658; x_wconf 84' lang='lat' dir='ltr'>sacer-</span> 
     </span>
     <span class='ocr_line' id='line_1_62' title="bbox 1194 678 1933 722; baseline 0.001 -11"><span class='ocrx_word' id='word_1_282' title='bbox 1194 679 1250 711; x_wconf 89' lang='lat' dir='ltr'>dos</span> <span class='ocrx_word' id='word_1_283' title='bbox 1274 678 1404 712; x_wconf 86' lang='lat' dir='ltr'>missam</span> <span class='ocrx_word' id='word_1_284' title='bbox 1430 679 1574 712; x_wconf 83' lang='lat' dir='ltr'>celebret</span> <span class='ocrx_word' id='word_1_285' title='bbox 1606 690 1679 712; x_wconf 88' lang='lat' dir='ltr'>cum</span> <span class='ocrx_word' id='word_1_286' title='bbox 1709 678 1850 722; x_wconf 89' lang='lat' dir='ltr'>primum</span> <span class='ocrx_word' id='word_1_287' title='bbox 1874 689 1933 722; x_wconf 92' lang='lat' dir='ltr'>po-</span> 
     </span>
     <span class='ocr_line' id='line_1_63' title="bbox 1194 732 1291 764; baseline 0 0"><span class='ocrx_word' id='word_1_288' title='bbox 1194 732 1291 764; x_wconf 81' lang='lat' dir='ltr'>terit‘?</span> 
     </span>
    </p>

    <p class='ocr_par' dir='ltr' id='par_1_16' title="bbox 1191 786 1933 1096">
     <span class='ocr_line' id='line_1_64' title="bbox 1235 786 1933 830; baseline 0 -11"><span class='ocrx_word' id='word_1_289' title='bbox 1235 796 1306 819; x_wconf 82' lang='lat' dir='ltr'>xtn.</span> <span class='ocrx_word' id='word_1_290' title='bbox 1335 786 1382 818; x_wconf 86' lang='lat' dir='ltr'>An</span> <span class='ocrx_word' id='word_1_291' title='bbox 1407 796 1515 829; x_wconf 87' lang='lat' dir='ltr'>poena</span> <span class='ocrx_word' id='word_1_292' title='bbox 1540 786 1703 819; x_wconf 78' lang='lat' dir='ltr'>interdicti</span> <span class='ocrx_word' id='word_1_293' title='bbox 1730 791 1762 819; x_wconf 89' lang='lat' dir='ltr'>et</span> <span class='ocrx_word' id='word_1_294' title='bbox 1779 786 1862 819; x_wconf 85' lang='lat' dir='ltr'>aliae</span> <span class='ocrx_word' id='word_1_295' title='bbox 1883 796 1933 830; x_wconf 83' lang='lat' dir='ltr'>ap-</span> 
     </span>
     <span class='ocr_line' id='line_1_65' title="bbox 1192 839 1932 882; baseline 0 -10"><span class='ocrx_word' id='word_1_296' title='bbox 1192 839 1318 882; x_wconf 85' lang='lat' dir='ltr'>positae</span> <span class='ocrx_word' id='word_1_297' title='bbox 1345 839 1375 871; x_wconf 89' lang='lat' dir='ltr'>in</span> <span class='ocrx_word' id='word_1_298' title='bbox 1403 839 1518 872; x_wconf 88' lang='lat' dir='ltr'>eodem</span> <span class='ocrx_word' id='word_1_299' title='bbox 1545 840 1676 872; x_wconf 88' lang='lat' dir='ltr'>decreto</span> <span class='ocrx_word' id='word_1_300' title='bbox 1702 839 1843 872; x_wconf 78' lang='lat' dir='ltr'>afficiant</span> <span class='ocrx_word' id='word_1_301' title='bbox 1868 844 1932 872; x_wconf 83' lang='lat' dir='ltr'>tam</span> 
     </span>
     <span class='ocr_line' id='line_1_66' title="bbox 1193 893 1933 936; baseline 0 -10"><span class='ocrx_word' id='word_1_302' title='bbox 1193 903 1246 926; x_wconf 86' lang='lat' dir='ltr'>eos</span> <span class='ocrx_word' id='word_1_303' title='bbox 1283 893 1336 936; x_wconf 84' lang='lat' dir='ltr'>qui</span> <span class='ocrx_word' id='word_1_304' title='bbox 1370 893 1536 936; x_wconf 86' lang='lat' dir='ltr'>accipiunt</span> <span class='ocrx_word' id='word_1_305' title='bbox 1567 894 1789 936; x_wconf 81' lang='lat' dir='ltr'>eleemosynas</span> <span class='ocrx_word' id='word_1_306' title='bbox 1821 899 1933 926; x_wconf 84' lang='lat' dir='ltr'>contra</span> 
     </span>
     <span class='ocr_line' id='line_1_67' title="bbox 1192 947 1932 989; baseline 0.001 -11"><span class='ocrx_word' id='word_1_307' title='bbox 1192 947 1327 979; x_wconf 83' lang='lat' dir='ltr'>sormam</span> <span class='ocrx_word' id='word_1_308' title='bbox 1369 947 1413 979; x_wconf 91' lang='lat' dir='ltr'>ibi</span> <span class='ocrx_word' id='word_1_309' title='bbox 1450 947 1708 989; x_wconf 82' lang='lat' dir='ltr'>praescriptam,</span> <span class='ocrx_word' id='word_1_310' title='bbox 1744 957 1840 989; x_wconf 89' lang='lat' dir='ltr'>quam</span> <span class='ocrx_word' id='word_1_311' title='bbox 1876 956 1932 979; x_wconf 85' lang='lat' dir='ltr'>eos</span> 
     </span>
     <span class='ocr_line' id='line_1_68' title="bbox 1192 999 1932 1043; baseline 0.001 -12"><span class='ocrx_word' id='word_1_312' title='bbox 1192 1000 1246 1043; x_wconf 85' lang='lat' dir='ltr'>qui</span> <span class='ocrx_word' id='word_1_313' title='bbox 1272 1011 1338 1033; x_wconf 90' lang='lat' dir='ltr'>non</span> <span class='ocrx_word' id='word_1_314' title='bbox 1364 1000 1517 1032; x_wconf 76' lang='lat' dir='ltr'>auserunt</span> <span class='ocrx_word' id='word_1_315' title='bbox 1542 1001 1691 1042; x_wconf 84' lang='lat' dir='ltr'>capsulas</span> <span class='ocrx_word' id='word_1_316' title='bbox 1709 1000 1748 1032; x_wconf 88' lang='lat' dir='ltr'>ab</span> <span class='ocrx_word' id='word_1_317' title='bbox 1775 999 1932 1040; x_wconf 89' lang='lat' dir='ltr'>ecclesiis,</span> 
     </span>
     <span class='ocr_line' id='line_1_69' title="bbox 1191 1053 1622 1096; baseline 0.002 -12"><span class='ocrx_word' id='word_1_318' title='bbox 1191 1058 1226 1085; x_wconf 88' lang='lat' dir='ltr'>ut</span> <span class='ocrx_word' id='word_1_319' title='bbox 1250 1053 1371 1086; x_wconf 86' lang='lat' dir='ltr'>ibidem</span> <span class='ocrx_word' id='word_1_320' title='bbox 1397 1053 1622 1096; x_wconf 75' lang='lat' dir='ltr'>praecipitur?</span> 
     </span>
    </p>

    <p class='ocr_par' dir='ltr' id='par_1_17' title="bbox 1191 1106 1933 1354">
     <span class='ocr_line' id='line_1_70' title="bbox 1235 1106 1931 1150; baseline 0.001 -12"><span class='ocrx_word' id='word_1_321' title='bbox 1235 1116 1300 1139; x_wconf 76' lang='lat' dir='ltr'>XIV.</span> <span class='ocrx_word' id='word_1_322' title='bbox 1328 1106 1375 1138; x_wconf 90' lang='grc' dir='ltr'>Λ11</span> <span class='ocrx_word' id='word_1_323' title='bbox 1402 1106 1434 1138; x_wconf 91' lang='grc'>111</span> <span class='ocrx_word' id='word_1_324' title='bbox 1460 1106 1524 1139; x_wconf 89' lang='grc'>1100</span> <span class='ocrx_word' id='word_1_325' title='bbox 1550 1106 1682 1139; x_wconf 86' lang='lat' dir='ltr'>decreto</span> <span class='ocrx_word' id='word_1_326' title='bbox 1715 1106 1931 1150; x_wconf 89' lang='lat' dir='ltr'>comprehen-</span> 
     </span>
     <span class='ocr_line' id='line_1_71' title="bbox 1192 1160 1933 1204; baseline 0.001 -12"><span class='ocrx_word' id='word_1_327' title='bbox 1192 1160 1309 1192; x_wconf 89' lang='lat' dir='ltr'>dantur</span> <span class='ocrx_word' id='word_1_328' title='bbox 1335 1161 1410 1193; x_wconf 91' lang='lat' dir='ltr'>illae</span> <span class='ocrx_word' id='word_1_329' title='bbox 1437 1160 1600 1203; x_wconf 79' lang='lat' dir='ltr'>capsulae,</span> <span class='ocrx_word' id='word_1_330' title='bbox 1627 1170 1709 1203; x_wconf 88' lang='lat' dir='ltr'>quae</span> <span class='ocrx_word' id='word_1_331' title='bbox 1734 1160 1854 1204; x_wconf 88' lang='lat' dir='ltr'>apponi</span> <span class='ocrx_word' id='word_1_332' title='bbox 1885 1171 1933 1193; x_wconf 85' lang='lat' dir='ltr'>so-</span> 
     </span>
     <span class='ocr_line' id='line_1_72' title="bbox 1191 1213 1932 1249; baseline 0 -3"><span class='ocrx_word' id='word_1_333' title='bbox 1191 1215 1259 1246; x_wconf 88' lang='lat' dir='ltr'>lent</span> <span class='ocrx_word' id='word_1_334' title='bbox 1278 1214 1310 1246; x_wconf 94' lang='lat' dir='ltr'>in</span> <span class='ocrx_word' id='word_1_335' title='bbox 1326 1214 1473 1246; x_wconf 87' lang='lat' dir='ltr'>ecclesiis</span> <span class='ocrx_word' id='word_1_336' title='bbox 1489 1214 1521 1246; x_wconf 94' lang='lat' dir='ltr'>in</span> <span class='ocrx_word' id='word_1_337' title='bbox 1540 1214 1591 1246; x_wconf 89' lang='lat' dir='ltr'>die</span> <span class='ocrx_word' id='word_1_338' title='bbox 1605 1213 1932 1249; x_wconf 83' lang='lat' dir='ltr'>Commemorationis</span> 
     </span>
     <span class='ocr_line' id='line_1_73' title="bbox 1191 1267 1933 1310; baseline 0 -10"><span class='ocrx_word' id='word_1_339' title='bbox 1191 1267 1341 1300; x_wconf 88' lang='lat' dir='ltr'>Omnium</span> <span class='ocrx_word' id='word_1_340' title='bbox 1372 1267 1572 1308; x_wconf 86' lang='lat' dir='ltr'>Sanctorum,</span> <span class='ocrx_word' id='word_1_341' title='bbox 1599 1273 1631 1300; x_wconf 85' lang='lat' dir='ltr'>et</span> <span class='ocrx_word' id='word_1_342' title='bbox 1654 1268 1750 1310; x_wconf 83' lang='lat' dir='ltr'>vulgo</span> <span class='ocrx_word' id='word_1_343' title='bbox 1782 1267 1933 1300; x_wconf 89' lang='lat' dir='ltr'>dicuntur</span> 
     </span>
     <span class='ocr_line' id='line_1_74' title="bbox 1193 1320 1497 1354; baseline -0.007 0"><span class='ocrx_word' id='word_1_344' title='bbox 1193 1321 1286 1354; x_wconf 78' lang='lat' dir='ltr'>Casse</span> <span class='ocrx_word' id='word_1_345' title='bbox 1310 1320 1497 1353; x_wconf 46' lang='lat' dir='ltr'>demoni?</span> 
     </span>
    </p>

    <p class='ocr_par' dir='ltr' id='par_1_18' title="bbox 1192 1374 1934 1736">
     <span class='ocr_line' id='line_1_75' title="bbox 1235 1374 1933 1409; baseline 0.004 -3"><span class='ocrx_word' id='word_1_346' title='bbox 1235 1384 1286 1407; x_wconf 79' lang='lat' dir='ltr'>xv.</span> <span class='ocrx_word' id='word_1_347' title='bbox 1313 1375 1361 1407; x_wconf 83' lang='lat' dir='ltr'>An</span> <span class='ocrx_word' id='word_1_348' title='bbox 1379 1374 1660 1408; x_wconf 85' lang='lat' dir='ltr'>administratores</span> <span class='ocrx_word' id='word_1_349' title='bbox 1687 1375 1844 1409; x_wconf 88' lang='lat' dir='ltr'>ecclesiae</span> <span class='ocrx_word' id='word_1_350' title='bbox 1866 1386 1933 1409; x_wconf 83' lang='lat' dir='ltr'>ma-</span> 
     </span>
     <span class='ocr_line' id='line_1_76' title="bbox 1192 1427 1933 1472; baseline 0.001 -12"><span class='ocrx_word' id='word_1_351' title='bbox 1192 1438 1274 1470; x_wconf 76' lang='lat' dir='ltr'>gnae</span> <span class='ocrx_word' id='word_1_352' title='bbox 1311 1427 1496 1461; x_wconf 87' lang='lat' dir='ltr'>devotionis</span> <span class='ocrx_word' id='word_1_353' title='bbox 1532 1434 1564 1461; x_wconf 87' lang='lat' dir='ltr'>et</span> <span class='ocrx_word' id='word_1_354' title='bbox 1595 1439 1771 1462; x_wconf 88' lang='lat' dir='ltr'>concursus</span> <span class='ocrx_word' id='word_1_355' title='bbox 1806 1429 1933 1472; x_wconf 84' lang='lat' dir='ltr'>possint</span> 
     </span>
     <span class='ocr_line' id='line_1_77' title="bbox 1192 1481 1934 1525; baseline 0.001 -11"><span class='ocrx_word' id='word_1_356' title='bbox 1192 1482 1418 1524; x_wconf 87' lang='lat' dir='ltr'>eleemosynas</span> <span class='ocrx_word' id='word_1_357' title='bbox 1443 1492 1502 1525; x_wconf 88' lang='lat' dir='ltr'>pro</span> <span class='ocrx_word' id='word_1_358' title='bbox 1528 1481 1632 1514; x_wconf 85' lang='lat' dir='ltr'>missis</span> <span class='ocrx_word' id='word_1_359' title='bbox 1658 1482 1864 1515; x_wconf 87' lang='lat' dir='ltr'>celebrandis</span> <span class='ocrx_word' id='word_1_360' title='bbox 1882 1493 1934 1515; x_wconf 87' lang='lat' dir='ltr'>ac-</span> 
     </span>
     <span class='ocr_line' id='line_1_78' title="bbox 1192 1535 1934 1579; baseline 0.004 -13"><span class='ocrx_word' id='word_1_361' title='bbox 1192 1535 1323 1578; x_wconf 82' lang='lat' dir='ltr'>cipere,</span> <span class='ocrx_word' id='word_1_362' title='bbox 1350 1535 1375 1566; x_wconf 87' lang='lat' dir='ltr'>si</span> <span class='ocrx_word' id='word_1_363' title='bbox 1402 1535 1518 1567; x_wconf 83' lang='lat' dir='ltr'>iisdem</span> <span class='ocrx_word' id='word_1_364' title='bbox 1550 1535 1658 1568; x_wconf 85' lang='lat' dir='ltr'>missis</span> <span class='ocrx_word' id='word_1_365' title='bbox 1696 1535 1827 1568; x_wconf 84' lang='lat' dir='ltr'>nonnisi</span> <span class='ocrx_word' id='word_1_366' title='bbox 1859 1541 1934 1579; x_wconf 87' lang='lat' dir='ltr'>post</span> 
     </span>
     <span class='ocr_line' id='line_1_79' title="bbox 1192 1588 1933 1631; baseline 0.001 -10"><span class='ocrx_word' id='word_1_367' title='bbox 1192 1589 1325 1630; x_wconf 80' lang='lat' dir='ltr'>longum</span> <span class='ocrx_word' id='word_1_368' title='bbox 1352 1593 1480 1631; x_wconf 87' lang='lat' dir='ltr'>tempus</span> <span class='ocrx_word' id='word_1_369' title='bbox 1506 1588 1692 1621; x_wconf 75' lang='lat' dir='ltr'>satisfacere</span> <span class='ocrx_word' id='word_1_370' title='bbox 1724 1589 1864 1629; x_wconf 86' lang='lat' dir='ltr'>valeant,</span> <span class='ocrx_word' id='word_1_371' title='bbox 1891 1598 1933 1623; x_wconf 85' lang='lat' dir='ltr'>ne</span> 
     </span>
     <span class='ocr_line' id='line_1_80' title="bbox 1192 1641 1933 1676; baseline 0.001 -2"><span class='ocrx_word' id='word_1_372' title='bbox 1192 1641 1270 1674; x_wconf 73' lang='lat' dir='ltr'>alias</span> <span class='ocrx_word' id='word_1_373' title='bbox 1296 1642 1399 1675; x_wconf 89' lang='lat' dir='ltr'>cultus</span> <span class='ocrx_word' id='word_1_374' title='bbox 1418 1641 1575 1674; x_wconf 88' lang='lat' dir='ltr'>ecclesiae</span> <span class='ocrx_word' id='word_1_375' title='bbox 1603 1647 1634 1675; x_wconf 85' lang='lat' dir='ltr'>et</span> <span class='ocrx_word' id='word_1_376' title='bbox 1655 1642 1784 1676; x_wconf 88' lang='lat' dir='ltr'>devotio</span> <span class='ocrx_word' id='word_1_377' title='bbox 1802 1652 1839 1675; x_wconf 87' lang='lat' dir='ltr'>ac</span> <span class='ocrx_word' id='word_1_378' title='bbox 1858 1652 1933 1675; x_wconf 88' lang='lat' dir='ltr'>con-</span> 
     </span>
     <span class='ocr_line' id='line_1_81' title="bbox 1192 1694 1912 1736; baseline 0 -8"><span class='ocrx_word' id='word_1_379' title='bbox 1192 1705 1306 1728; x_wconf 90' lang='lat' dir='ltr'>cursus</span> <span class='ocrx_word' id='word_1_380' title='bbox 1331 1694 1489 1735; x_wconf 79' lang='lat' dir='ltr'>fidelium,</span> <span class='ocrx_word' id='word_1_381' title='bbox 1514 1701 1548 1728; x_wconf 89' lang='lat' dir='ltr'>ut</span> <span class='ocrx_word' id='word_1_382' title='bbox 1573 1695 1672 1736; x_wconf 86' lang='lat' dir='ltr'>aiunt,</span> <span class='ocrx_word' id='word_1_383' title='bbox 1699 1695 1912 1728; x_wconf 74' lang='lat' dir='ltr'>minuantur?</span> 
     </span>
    </p>

    <p class='ocr_par' dir='ltr' id='par_1_19' title="bbox 1191 1748 1935 2329">
     <span class='ocr_line' id='line_1_82' title="bbox 1234 1748 1935 1792; baseline -0.001 -9"><span class='ocrx_word' id='word_1_384' title='bbox 1234 1760 1298 1783; x_wconf 70' lang='lat' dir='ltr'>xvi.</span> <span class='ocrx_word' id='word_1_385' title='bbox 1324 1748 1403 1788; x_wconf 84' lang='lat' dir='ltr'>Quia</span> <span class='ocrx_word' id='word_1_386' title='bbox 1428 1749 1609 1792; x_wconf 89' lang='lat' dir='ltr'>prohibitio</span> <span class='ocrx_word' id='word_1_387' title='bbox 1636 1749 1713 1782; x_wconf 85' lang='lat' dir='ltr'>dicti</span> <span class='ocrx_word' id='word_1_388' title='bbox 1740 1750 1864 1782; x_wconf 86' lang='lat' dir='ltr'>decreti</span> <span class='ocrx_word' id='word_1_389' title='bbox 1890 1749 1935 1783; x_wconf 84' lang='lat' dir='ltr'>vi-</span> 
     </span>
     <span class='ocr_line' id='line_1_83' title="bbox 1192 1802 1932 1847; baseline 0.001 -12"><span class='ocrx_word' id='word_1_390' title='bbox 1192 1802 1285 1836; x_wconf 90' lang='lat' dir='ltr'>detur</span> <span class='ocrx_word' id='word_1_391' title='bbox 1318 1803 1481 1847; x_wconf 86' lang='lat' dir='ltr'>aliquibus</span> <span class='ocrx_word' id='word_1_392' title='bbox 1515 1803 1636 1836; x_wconf 86' lang='lat' dir='ltr'>directa</span> <span class='ocrx_word' id='word_1_393' title='bbox 1667 1803 1743 1836; x_wconf 87' lang='lat' dir='ltr'>solis</span> <span class='ocrx_word' id='word_1_394' title='bbox 1770 1803 1932 1847; x_wconf 85' lang='lat' dir='ltr'>capitulis,</span> 
     </span>
     <span class='ocr_line' id='line_1_84' title="bbox 1192 1856 1933 1900; baseline 0.001 -12"><span class='ocrx_word' id='word_1_395' title='bbox 1192 1857 1348 1899; x_wconf 80' lang='lat' dir='ltr'>collegiis,</span> <span class='ocrx_word' id='word_1_396' title='bbox 1371 1856 1594 1895; x_wconf 84' lang='lat' dir='ltr'>societatibus,</span> <span class='ocrx_word' id='word_1_397' title='bbox 1613 1856 1933 1900; x_wconf 77' lang='lat' dir='ltr'>congregationibus,</span> 
     </span>
     <span class='ocr_line' id='line_1_85' title="bbox 1191 1910 1934 1953; baseline 0.003 -11"><span class='ocrx_word' id='word_1_398' title='bbox 1191 1920 1319 1943; x_wconf 90' lang='lat' dir='ltr'>necnon</span> <span class='ocrx_word' id='word_1_399' title='bbox 1345 1911 1495 1944; x_wconf 90' lang='lat' dir='ltr'>omnibus</span> <span class='ocrx_word' id='word_1_400' title='bbox 1513 1915 1545 1943; x_wconf 90' lang='lat' dir='ltr'>et</span> <span class='ocrx_word' id='word_1_401' title='bbox 1562 1910 1698 1953; x_wconf 78' lang='lat' dir='ltr'>singulis</span> <span class='ocrx_word' id='word_1_402' title='bbox 1723 1911 1934 1944; x_wconf 85' lang='lat' dir='ltr'>ecclesiarum</span> 
     </span>
     <span class='ocr_line' id='line_1_86' title="bbox 1192 1963 1934 2007; baseline -0.001 -9"><span class='ocrx_word' id='word_1_403' title='bbox 1192 1970 1224 1998; x_wconf 80' lang='lat' dir='ltr'>et</span> <span class='ocrx_word' id='word_1_404' title='bbox 1267 1963 1394 2007; x_wconf 87' lang='lat' dir='ltr'>piorum</span> <span class='ocrx_word' id='word_1_405' title='bbox 1431 1965 1576 1997; x_wconf 90' lang='lat' dir='ltr'>locorum</span> <span class='ocrx_word' id='word_1_406' title='bbox 1614 1970 1678 1997; x_wconf 87' lang='lat' dir='ltr'>tam</span> <span class='ocrx_word' id='word_1_407' title='bbox 1719 1965 1934 1998; x_wconf 88' lang='lat' dir='ltr'>saecularium</span> 
     </span>
     <span class='ocr_line' id='line_1_87' title="bbox 1192 2017 1935 2062; baseline 0.003 -13"><span class='ocrx_word' id='word_1_408' title='bbox 1192 2028 1287 2061; x_wconf 86' lang='lat' dir='ltr'>quam</span> <span class='ocrx_word' id='word_1_409' title='bbox 1312 2017 1512 2060; x_wconf 78' lang='lat' dir='ltr'>regularium</span> <span class='ocrx_word' id='word_1_410' title='bbox 1539 2017 1777 2061; x_wconf 87' lang='lat' dir='ltr'>superioribus,</span> <span class='ocrx_word' id='word_1_411' title='bbox 1803 2018 1842 2051; x_wconf 91' lang='lat' dir='ltr'>de</span> <span class='ocrx_word' id='word_1_412' title='bbox 1867 2018 1935 2062; x_wconf 83' lang='lat' dir='ltr'>qui-</span> 
     </span>
     <span class='ocr_line' id='line_1_88' title="bbox 1192 2071 1934 2114; baseline 0.003 -11"><span class='ocrx_word' id='word_1_413' title='bbox 1192 2072 1250 2104; x_wconf 88' lang='lat' dir='ltr'>bus</span> <span class='ocrx_word' id='word_1_414' title='bbox 1286 2071 1319 2104; x_wconf 80' lang='lat' dir='ltr'>fit</span> <span class='ocrx_word' id='word_1_415' title='bbox 1356 2081 1508 2114; x_wconf 79' lang='lat' dir='ltr'>expressa</span> <span class='ocrx_word' id='word_1_416' title='bbox 1544 2071 1684 2112; x_wconf 88' lang='lat' dir='ltr'>mentio,</span> <span class='ocrx_word' id='word_1_417' title='bbox 1722 2082 1788 2105; x_wconf 88' lang='lat' dir='ltr'>non</span> <span class='ocrx_word' id='word_1_418' title='bbox 1826 2076 1934 2105; x_wconf 86' lang='lat' dir='ltr'>autem</span> 
     </span>
     <span class='ocr_line' id='line_1_89' title="bbox 1192 2124 1935 2167; baseline 0 -10"><span class='ocrx_word' id='word_1_419' title='bbox 1192 2124 1324 2167; x_wconf 83' lang='lat' dir='ltr'>privatis</span> <span class='ocrx_word' id='word_1_420' title='bbox 1351 2124 1587 2165; x_wconf 83' lang='lat' dir='ltr'>sacerdotibus,</span> <span class='ocrx_word' id='word_1_421' title='bbox 1622 2125 1676 2167; x_wconf 88' lang='lat' dir='ltr'>qui</span> <span class='ocrx_word' id='word_1_422' title='bbox 1708 2130 1815 2157; x_wconf 85' lang='lat' dir='ltr'>tamen</span> <span class='ocrx_word' id='word_1_423' title='bbox 1851 2135 1935 2158; x_wconf 89' lang='lat' dir='ltr'>com-</span> 
     </span>
     <span class='ocr_line' id='line_1_90' title="bbox 1192 2176 1933 2220; baseline 0 -10"><span class='ocrx_word' id='word_1_424' title='bbox 1192 2177 1351 2220; x_wconf 88' lang='lat' dir='ltr'>prehendi</span> <span class='ocrx_word' id='word_1_425' title='bbox 1377 2177 1528 2210; x_wconf 84' lang='lat' dir='ltr'>vidcntur</span> <span class='ocrx_word' id='word_1_426' title='bbox 1546 2178 1606 2209; x_wconf 90' lang='lat' dir='ltr'>sub</span> <span class='ocrx_word' id='word_1_427' title='bbox 1627 2179 1770 2211; x_wconf 78' lang='lat' dir='ltr'>clausula</span> <span class='ocrx_word' id='word_1_428' title='bbox 1788 2176 1933 2220; x_wconf 78' lang='lat' dir='ltr'>generali</span> 
     </span>
     <span class='ocr_line' id='line_1_91' title="bbox 1192 2231 1934 2274; baseline 0 -11"><span class='ocrx_word' id='word_1_429' title='bbox 1192 2236 1220 2264; x_wconf 82' lang='lat' dir='ltr'>et</span> <span class='ocrx_word' id='word_1_430' title='bbox 1244 2231 1322 2263; x_wconf 70' lang='lat' dir='ltr'>aliis</span> <span class='ocrx_word' id='word_1_431' title='bbox 1346 2231 1388 2263; x_wconf 78' lang='lat' dir='ltr'>ad</span> <span class='ocrx_word' id='word_1_432' title='bbox 1420 2241 1499 2274; x_wconf 82' lang='lat' dir='ltr'>qnos</span> <span class='ocrx_word' id='word_1_433' title='bbox 1530 2232 1692 2274; x_wconf 76' lang='lat' dir='ltr'>pertinet,</span> <span class='ocrx_word' id='word_1_434' title='bbox 1729 2231 1934 2274; x_wconf 86' lang='lat' dir='ltr'>supplicatur</span> 
     </span>
     <span class='ocr_line' id='line_1_92' title="bbox 1193 2284 1723 2329; baseline -0.002 -11"><span class='ocrx_word' id='word_1_435' title='bbox 1193 2296 1252 2329; x_wconf 91' lang='lat' dir='ltr'>pro</span> <span class='ocrx_word' id='word_1_436' title='bbox 1278 2287 1462 2328; x_wconf 80' lang='lat' dir='ltr'>opportuna</span> <span class='ocrx_word' id='word_1_437' title='bbox 1489 2284 1723 2317; x_wconf 85' lang='lat' dir='ltr'>declaratione.</span> 
     </span>
    </p>

    <p class='ocr_par' dir='ltr' id='par_1_20' title="bbox 1235 2338 1932 2381">
     <span class='ocr_line' id='line_1_93' title="bbox 1235 2338 1932 2381; baseline 0 -9"><span class='ocrx_word' id='word_1_438' title='bbox 1235 2349 1312 2372; x_wconf 84' lang='lat' dir='ltr'>xv11.</span> <span class='ocrx_word' id='word_1_439' title='bbox 1339 2338 1441 2381; x_wconf 82' lang='lat' dir='ltr'>Super</span> <span class='ocrx_word' id='word_1_440' title='bbox 1467 2339 1606 2381; x_wconf 81' lang='lat' dir='ltr'>septimo</span> <span class='ocrx_word' id='word_1_441' title='bbox 1640 2338 1786 2371; x_wconf 86' lang='lat' dir='ltr'>eiusdem</span> <span class='ocrx_word' id='word_1_442' title='bbox 1822 2348 1932 2372; x_wconf 88' lang='lat' dir='ltr'>sacrae</span> 
     </span>
    </p>
   </div>
   <div class='ocr_carea' id='block_1_10' title="bbox 1937 252 2127 282">
    <p class='ocr_par' dir='ltr' id='par_1_21' title="bbox 1937 252 2127 282">
     <span class='ocr_line' id='line_1_94' title="bbox 1937 252 2127 282; baseline 0.016 -3"><span class='ocrx_word' id='word_1_443' title='bbox 1937 253 1989 280; x_wconf 82' lang='lat' dir='ltr'>An.</span> <span class='ocrx_word' id='word_1_444' title='bbox 2011 252 2041 281; x_wconf 88' lang='lat' dir='ltr'>C.</span> <span class='ocrx_word' id='word_1_445' title='bbox 2059 252 2127 282; x_wconf 77' lang='lat'>¹697</span> 
     </span>
    </p>
   </div>
   <div class='ocr_carea' id='block_1_11' title="bbox 2236 0 2254 1272">
    <p class='ocr_par' dir='ltr' id='par_1_22' title="bbox 2236 0 2254 1272">
     <span class='ocr_line' id='line_1_95' title="bbox 2236 0 2254 1272; baseline 0 0"><span class='ocrx_word' id='word_1_446' title='bbox 2236 0 2254 1272; x_wconf 95' lang='lat' dir='ltr'> </span> 
     </span>
    </p>
   </div>
   <div class='ocr_carea' id='block_1_12' title="bbox 1985 2346 2127 2367">
    <p class='ocr_par' dir='ltr' id='par_1_23' title="bbox 1985 2346 2127 2367">
     <span class='ocr_line' id='line_1_96' title="bbox 1985 2346 2127 2367; baseline -0.007 0"><span class='ocrx_word' id='word_1_447' title='bbox 1985 2346 2016 2367; x_wconf 76' lang='lat' dir='ltr'>Do</span> <span class='ocrx_word' id='word_1_448' title='bbox 2039 2350 2127 2367; x_wconf 80' lang='lat' dir='ltr'>numero</span> 
     </span>
    </p>
   </div>
   <div class='ocr_carea' id='block_1_13' title="bbox 1942 2372 2128 2399">
    <p class='ocr_par' dir='ltr' id='par_1_24' title="bbox 1942 2372 2128 2399">
     <span class='ocr_line' id='line_1_97' title="bbox 1942 2372 2128 2399; baseline -0.005 -5"><span class='ocrx_word' id='word_1_449' title='bbox 1942 2372 2089 2399; x_wconf 74' lang='lat' dir='ltr'>religiosorum</span> <span class='ocrx_word' id='word_1_450' title='bbox 2105 2372 2128 2394; x_wconf 80' lang='lat' dir='ltr'>lu</span> 
     </span>
    </p>
   </div>
   <div class='ocr_carea' id='block_1_14' title="bbox 1192 2391 2128 2435">
    <p class='ocr_par' dir='ltr' id='par_1_25' title="bbox 1192 2391 2128 2435">
     <span class='ocr_line' id='line_1_98' title="bbox 1192 2391 2128 2435; baseline 0 -10"><span class='ocrx_word' id='word_1_451' title='bbox 1192 2391 1462 2434; x_wconf 71' lang='lat' dir='ltr'>Congregationis</span> <span class='ocrx_word' id='word_1_452' title='bbox 1489 2392 1635 2432; x_wconf 89' lang='lat' dir='ltr'>decreto,</span> <span class='ocrx_word' id='word_1_453' title='bbox 1654 2402 1718 2435; x_wconf 90' lang='lat' dir='ltr'>quo</span> <span class='ocrx_word' id='word_1_454' title='bbox 1745 2397 1874 2425; x_wconf 83' lang='lat' dir='ltr'>cavetur</span> <span class='ocrx_word' id='word_1_455' title='bbox 1897 2397 2032 2430; x_wconf 63' lang='lat' dir='ltr'>utsipzutis</span> <span class='ocrx_word' id='word_1_456' title='bbox 2047 2404 2128 2421; x_wconf 72' lang='lat' dir='ltr'>coeno-</span> 
     </span>
    </p>
   </div>
   <div class='ocr_carea' id='block_1_15' title="bbox 1192 2445 1934 2704">
    <p class='ocr_par' dir='ltr' id='par_1_26' title="bbox 1192 2445 1934 2704">
     <span class='ocr_line' id='line_1_99' title="bbox 1193 2445 1932 2488; baseline 0.001 -10"><span class='ocrx_word' id='word_1_457' title='bbox 1193 2446 1225 2478; x_wconf 92' lang='lat' dir='ltr'>in</span> <span class='ocrx_word' id='word_1_458' title='bbox 1270 2445 1406 2488; x_wconf 74' lang='lat' dir='ltr'>singulis</span> <span class='ocrx_word' id='word_1_459' title='bbox 1446 2445 1651 2478; x_wconf 87' lang='lat' dir='ltr'>monasteriis</span> <span class='ocrx_word' id='word_1_460' title='bbox 1698 2446 1932 2488; x_wconf 80' lang='lat' dir='ltr'>religiosorum</span> 
     </span>
     <span class='ocr_line' id='line_1_100' title="bbox 1193 2499 1932 2543; baseline 0.001 -12"><span class='ocrx_word' id='word_1_461' title='bbox 1193 2499 1391 2543; x_wconf 78' lang='lat' dir='ltr'>praefigatur</span> <span class='ocrx_word' id='word_1_462' title='bbox 1423 2509 1589 2539; x_wconf 81' lang='lat' dir='ltr'>numerus,</span> <span class='ocrx_word' id='word_1_463' title='bbox 1619 2499 1672 2542; x_wconf 92' lang='lat' dir='ltr'>qui</span> <span class='ocrx_word' id='word_1_464' title='bbox 1704 2510 1740 2532; x_wconf 80' lang='lat' dir='ltr'>ex</span> <span class='ocrx_word' id='word_1_465' title='bbox 1768 2500 1932 2534; x_wconf 87' lang='lat' dir='ltr'>consuetis</span> 
     </span>
     <span class='ocr_line' id='line_1_101' title="bbox 1193 2552 1932 2595; baseline 0 -9"><span class='ocrx_word' id='word_1_466' title='bbox 1193 2553 1373 2586; x_wconf 86' lang='lat' dir='ltr'>redditibus</span> <span class='ocrx_word' id='word_1_467' title='bbox 1420 2558 1476 2585; x_wconf 85' lang='lat' dir='ltr'>aut</span> <span class='ocrx_word' id='word_1_468' title='bbox 1510 2552 1725 2595; x_wconf 84' lang='lat' dir='ltr'>eleemosynis</span> <span class='ocrx_word' id='word_1_469' title='bbox 1762 2553 1932 2586; x_wconf 89' lang='lat' dir='ltr'>commode</span> 
     </span>
     <span class='ocr_line' id='line_1_102' title="bbox 1193 2607 1933 2650; baseline 0 -10"><span class='ocrx_word' id='word_1_470' title='bbox 1193 2607 1296 2650; x_wconf 84' lang='lat' dir='ltr'>possit</span> <span class='ocrx_word' id='word_1_471' title='bbox 1312 2607 1500 2647; x_wconf 84' lang='lat' dir='ltr'>sustentari,</span> <span class='ocrx_word' id='word_1_472' title='bbox 1521 2607 1700 2649; x_wconf 87' lang='lat' dir='ltr'>quaeritur,</span> <span class='ocrx_word' id='word_1_473' title='bbox 1722 2618 1761 2640; x_wconf 88' lang='lat' dir='ltr'>an</span> <span class='ocrx_word' id='word_1_474' title='bbox 1777 2607 1833 2641; x_wconf 88' lang='lat' dir='ltr'>ubi</span> <span class='ocrx_word' id='word_1_475' title='bbox 1851 2608 1933 2641; x_wconf 85' lang='lat' dir='ltr'>haec</span> 
     </span>
     <span class='ocr_line' id='line_1_103' title="bbox 1192 2659 1934 2704; baseline 0.001 -11"><span class='ocrx_word' id='word_1_476' title='bbox 1192 2659 1347 2704; x_wconf 76' lang='lat' dir='ltr'>praefixio</span> <span class='ocrx_word' id='word_1_477' title='bbox 1372 2661 1455 2693; x_wconf 83' lang='lat' dir='ltr'>sacta</span> <span class='ocrx_word' id='word_1_478' title='bbox 1479 2659 1542 2693; x_wconf 91' lang='lat' dir='ltr'>iam</span> <span class='ocrx_word' id='word_1_479' title='bbox 1578 2660 1638 2693; x_wconf 84' lang='lat' dir='ltr'>suit</span> <span class='ocrx_word' id='word_1_480' title='bbox 1661 2660 1695 2693; x_wconf 90' lang='lat' dir='ltr'>in</span> <span class='ocrx_word' id='word_1_481' title='bbox 1719 2660 1783 2695; x_wconf 84' lang='lat' dir='ltr'>vim</span> <span class='ocrx_word' id='word_1_482' title='bbox 1818 2661 1934 2696; x_wconf 88' lang='lat' dir='ltr'>similis</span> 
     </span>
    </p>
   </div>
   <div class='ocr_carea' id='block_1_16' title="bbox 1942 2427 1991 2448">
    <p class='ocr_par' dir='ltr' id='par_1_27' title="bbox 1942 2427 1991 2448">
     <span class='ocr_line' id='line_1_104' title="bbox 1942 2427 1991 2448; baseline 0 -1"><span class='ocrx_word' id='word_1_483' title='bbox 1942 2427 1991 2448; x_wconf 81' lang='lat' dir='ltr'>bns.</span> 
     </span>
    </p>
   </div>
  </div>
 </body>
</html>
