2227 3225
102 275 148 300 An.
168 274 196 300 C.
222 272 285 300 toOt

887 270 1095 295 lxxocnxruls
1121 270 1165 293 ΧΠ
1190 271 1238 293 rr.

294 327 347 354 aut
371 321 517 364 delegata
549 319 676 363 sibique
702 330 830 363 semper
856 320 999 352 subiet-ta
1019 345 1026 358 ‚
1048 322 1051 351 l

295 386 375 417 quae
400 375 465 407 visa
498 375 590 408 suerit
626 374 780 417 expedire
818 375 905 407 iuxta
942 373 1028 406 illius

294 428 476 460 distantiam
503 439 520 460 a
543 438 576 460 se
603 428 685 471 ipso.

338 491 378 513 iv.
391 480 692 514 Commendatorum
707 485 812 513 autem
824 481 1028 519 electionem,

294 544 329 567 ac
347 534 523 577 -rcliquas¹
550 534 779 578 cuiuscumque
805 534 1031 576 congregatio-

1115 329 1156 351 vi.
1177 318 1333 356 Quantum
1353 319 1390 351 ad
1409 319 1577 351 transitum
1597 321 1635 352 de
1654 324 1715 352 una
1738 332 1807 362 pro-

1072 371 1177 403 vincia
1196 371 1226 403 in
1245 372 1348 410 aliam,
1367 372 1546 410 statuimus,
1564 377 1608 411 ut,
1626 372 1649 403 si
1674 373 1733 404 lioc
1755 372 1807 404 liat

1072 434 1132 466 per
1167 424 1377 467 adoptionem
1412 425 1568 464 fratrum,
1594 424 1681 457 solus
1708 425 1807 466 magi-

1072 482 1141 509 ster
1164 477 1325 519 generalis
1347 483 1378 509 et
1410 478 1518 510 nullus
1544 477 1625 510 alius
1646 478 1808 520 praelatus

1073 530 1168 563 etiam
1193 530 1330 563 vicarius
1361 531 1523 574 generalis
1557 531 1654 564 totius
1678 531 1807 564 Ordinis

294 586 342 619 nis
368 587 514 629 regimen
540 587 739 631 spectantia,
757 587 800 619 ita
826 587 893 619 ficii
913 587 1032 619 cemti·
1050 599 1052 611 r
1073 594 1142 616 eam
1168 584 1350 617 concedere
1383 585 1505 623 valeat·,
1538 585 1808 627 quandocumque

295 640 422 678 mimus,
442 646 476 672 ut
496 640 683 683 praedictus
708 639 952 673 commissarius
977 650 1032 681 ge-

295 693 470 726 neralisde
497 694 637 726 triennio
658 693 690 726 in
710 693 883 725 triennium
910 693 1032 735 perlit-

296 750 380 778 teras
401 746 641 779 convocatorias
671 751 850 788 congreget
876 746 1033 789 capitula-

295 799 374 832 riter
391 799 423 831 in
442 804 601 832 conventu
626 810 643 832 a
668 810 701 832 se
727 799 897 842 designato
918 809 1031 831 omnes

296 853 579 885 commendatores
597 858 650 885 aut
665 853 833 896 praesides
851 851 943 885 duce‘z
960 863 1033 885 eon-

296 905 495 947 gregationis
529 906 568 938 ad
593 905 764 938 sabbatum
794 905 974 938 dominicae
999 905 1031 937 in

297 958 601 994 C‹1›21a1c,nisia1ia
627 959 723 991 suerit
747 959 919 992 constituta
944 958 1032 998 dies,

297 1010 382 1043 iuxta
407 1011 593 1054 qualitatem
618 1012 783 1054 regionis,
807 1017 838 1044 et
862 1012 894 1043 in
920 1021 1032 1044 corum

297 1064 469 1106 capitulari
505 1069 602 1097 coetu
638 1064 713 1097 novi
750 1065 1033 1097 commendatores

297 1117 458 1159 eligantur
492 1128 551 1160 pro
588 1118 728 1151 triennio
764 1118 950 1150 immediate
977 1129 1034 1151 sc-

298 1170 408 1213 quenti
428 1181 485 1213 per
503 1170 653 1213 sull'ragia
677 1176 803 1204 secreta
821 1171 964 1203 omnium
982 1181 1029 1204 vo-

299 1224 414 1256 calium
431 1235 438 1263 ;
458 1224 490 1255 in
516 1224 644 1267 quibus,
659 1224 683 1257 si
710 1230 781 1267 post
799 1225 858 1257 tria
879 1225 1035 1257 scrutinia

299 1277 504 1319 praemoniti,
531 1277 628 1309 etiam
659 1278 692 1309 in
724 1283 841 1320 quarto
867 1288 931 1310 non
958 1288 1034 1310 con-

299 1329 440 1368 veniant,
460 1329 491 1361 in
512 1329 618 1372 ipsum
644 1330 902 1363 commissarium
928 1330 1035 1363 devol-

299 1387 414 1413 vantur
439 1382 637 1422 electiones,
665 1382 748 1415 sicut
771 1387 804 1415 et
828 1383 860 1414 in
881 1383 952 1415 aliis
977 1394 1035 1425 per

298 1433 449 1476 suffragia
485 1440 610 1468 secreta
644 1435 889 1476 ordinavimus;
924 1437 1036 1479 siqua

298 1497 374 1519 vero
400 1487 572 1520 statuenda
597 1488 768 1520 videantur
791 1499 852 1532 pro
876 1489 965 1521 bono
986 1499 1036 1522 re-

298 1538 418 1582 gimine
444 1540 707 1583 congregationis
732 1547 856 1574 mature
877 1542 916 1574 ab
937 1542 1036 1574 omni-

298 1592 358 1624 bus
374 1593 600 1633 decernantur,
612 1598 643 1626 et
656 1595 719 1626 una
734 1604 806 1626 cum
820 1594 1034 1627 electionibus

298 1645 471 1686 praedictis
501 1650 631 1688 totoque
665 1656 819 1689 processu
844 1647 977 1690 capituli
1004 1654 1035 1680 et

298 1702 381 1729 statu
406 1696 670 1740 congregationis
702 1699 874 1732 mittantur
899 1701 1035 1733 autlien-

299 1751 361 1783 tice
386 1752 425 1783 ad
451 1753 649 1794 uurgistrmn,
667 1758 710 1792 ut,
728 1764 811 1795 quae
829 1753 947 1786 viderit
964 1764 1035 1786 con-

298 1803 474 1843 firmanda,
491 1805 677 1842 consu-mei,
697 1810 728 1838 et
745 1805 833 1838 iuvta
851 1806 911 1839 sibi
934 1807 1034 1839 relata

298 1856 399 1900 ipsam
419 1857 552 1898 dirigat,
575 1857 606 1888 iu
625 1857 808 1900 meliusque
831 1865 1032 1901 promen-at.

342 1919 372 1942 v.
395 1909 428 1941 Iu
455 1909 590 1952 reliquis
616 1916 735 1949 autem,
752 1921 834 1953 quae
860 1912 1034 1954 praedietis

299 1972 365 1994 non
405 1968 635 2005 opponantur,
660 1973 728 1996 eam
754 1974 867 2006 regere
908 1965 1036 1997 studeat

298 2016 461 2059 praefatus
493 2016 733 2049 commissarius
766 2017 854 2049 iuxta
879 2017 1035 2050 constitu-

299 2069 404 2102 tiones
429 2076 573 2110 nostras‚
601 2070 770 2112 potissime
807 2081 881 2103 vero
913 2072 1033 2103 cultum

299 2123 477 2155 litterarum
501 2133 560 2165 pro
585 2123 708 2155 viribus
739 2122 908 2164 instituat,
939 2129 971 2156 et
994 2124 1033 2156 ad

299 2175 487 2219 disciplinas
513 2176 630 2208 artium
652 2181 683 2208 et
709 2176 892 2218 theologiae
918 2176 1032 2218 dignos

298 2230 438 2262 lectores
461 2230 603 2272 postulet
626 2240 643 2261 a
667 2229 832 2271 magistro,
855 2240 909 2262 seu
936 2230 1034 2272 eligat

299 2293 335 2315 ex
356 2283 421 2315 suis
442 2282 601 2322 fratribus,
620 2293 701 2326 quos
720 2282 854 2315 idoneos
872 2283 1032 2323 habuerit,

298 2335 431 2369 servatis
456 2345 514 2379 per
539 2335 658 2374 onmia,
686 2346 768 2378 quae
794 2335 867 2369 dist.
894 2346 925 2369 vi
950 2336 1033 2369 eirca

298 2388 534 2421 institutionem
559 2390 715 2421 lectorum
741 2388 883 2421 stabilita
906 2389 1033 2431 reliqui-

299 2451 380 2480 mus,
397 2446 432 2473 ut
449 2441 594 2474 subsidio
615 2441 800 2473 litterarum
818 2441 850 2473 in
869 2441 937 2474 dies
957 2452 1034 2474 con-

299 2494 443 2536 gregatio
460 2494 613 2536 procedat
626 2494 660 2526 in
677 2494 806 2533 melius,
824 2499 856 2527 et
874 2494 959 2534 viris,
979 2495 1031 2537 qui

299 2556 370 2579 eam
396 2551 613 2589 promoveant,
640 2547 824 2580 decoretur.

333 2617 346 2643 1
368 2616 462 2650 Aptius
481 2617 539 2652 lege
559 2618 676 2652 reliqua
695 2619 734 2650 (R.
750 2618 800 2651 Τ.).

333 2660 350 2687 2
368 2660 436 2692 Quid
457 2668 502 2695 pro
522 2661 591 2687 <luce
611 2660 752 2696 legendum
771 2660 861 2688 nescio
880 2661 919 2696 (n.
946 2661 994 2696 T.).

1074 642 1180 669 autem
1204 647 1221 670 a
1246 638 1401 680 magistro
1427 637 1646 676 concedatur,
1680 648 1809 680 semper

1074 690 1245 722 eonsilium
1270 691 1438 733 utriusque
1464 690 1685 734 provincialisy
1710 701 1726 722 a
1744 701 1808 733 quo

1074 743 1160 775 etad
1179 754 1285 786 quem,
1303 743 1451 776 adhiberi
1467 743 1697 786 praecipimus.
1717 742 1808 781 Quod

1074 796 1100 828 si
1128 796 1278 829 transitus
1303 796 1490 839 praedictus
1516 807 1581 829 non
1607 796 1647 829 sit
1672 797 1710 829 ad
1737 807 1809 839 luer-

1074 849 1288 888 manentiam,
1316 849 1371 882 sed
1396 850 1434 882 ad
1462 854 1589 892 tempus
1615 860 1673 892 pro
1698 849 1809 892 aliquo

1075 902 1207 943 negotio
1229 903 1387 945 gerendo,
1402 904 1451 936 vel
1472 903 1498 935 si
1520 902 1663 946 alioquin
1684 903 1811 935 fratrem

1075 955 1214 998 aliquem
1240 961 1331 988 extra
1363 966 1453 989 suam
1483 955 1681 999 provinciam
1708 961 1811 988 trans-

1077 1008 1160 1041 ferre
1186 1009 1378 1049 conveniat,
1407 1020 1471 1042 non
1503 1009 1608 1041 solum
1631 1005 1822 1051 magistus

1075 1061 1132 1093 sed
1155 1061 1250 1094 etiam
1275 1062 1385 1094 vicarii
1410 1064 1582 1104 generales
1611 1064 1643 1095 in
1669 1063 1734 1095 suis
1766 1074 1814 1096 re-

1076 1114 1217 1156 spective
1243 1114 1414 1157 provinciis
1441 1115 1526 1148 illam
1553 1121 1700 1159 poterunt
1729 1115 1814 1148 oroi-

1077 1176 1153 1198 uare
1179 1171 1210 1198 et
1233 1168 1392 1209 praebere
1417 1168 1580 1201 licentiam
1618 1169 1687 1201 sine
1722 1178 1814 1211 prae-

1077 1220 1163 1253 dicto
1188 1221 1339 1254 concilio.

1119 1283 1177 1306 vu.
1204 1273 1234 1306 Si
1261 1274 1332 1316 quis
1357 1280 1465 1306 autem
1498 1275 1599 1307 frater
1623 1274 1691 1307 siue
1718 1275 1814 1307 santil-

1079 1331 1141 1359 tate
1167 1331 1197 1359 et
1222 1327 1411 1360 authentico
1438 1327 1621 1360 testimonio
1649 1327 1811 1369 magistri,

1077 1384 1129 1411 aut
1153 1379 1287 1412 alieuius
1313 1379 1423 1412 vicarii
1450 1380 1610 1421 generalis
1637 1379 1736 1421 (intra
1754 1381 1814 1411 sibi

1078 1432 1259 1474 delegatam
1284 1432 1557 1474 iurisdictionem)
1575 1432 1607 1464 in
1625 1433 1720 1464 aliam
1739 1443 1818 1475 pro·

1077 1485 1213 1517 vinciam
1241 1485 1492 1528 quomodolibet
1517 1485 1815 1528 transmigraverit,

1079 1543 1242 1580 tamquam
1274 1537 1425 1579 fugitivus
1459 1542 1614 1570 tractetur
1646 1548 1663 1570 a
1687 1539 1818 1581 provin-

1078 1591 1152 1623 ciali
1178 1596 1210 1623 et
1234 1590 1559 1623 commendatoribus
1585 1591 1694 1630 illius,
1720 1596 1749 1624 et
1777 1592 1816 1624 ad

1078 1644 1310 1687 provincialem
1328 1654 1404 1676 suae
1421 1644 1607 1687 provinciae
1623 1644 1813 1677 remittatur.

1121 1707 1191 1730 vui.
1210 1696 1328 1729 Eadem
1349 1696 1475 1729 ratione
1494 1697 1673 1736 statuimus,
1695 1702 1727 1729 ut
1748 1699 1819 1730 nul-

1078 1750 1125 1782 lus
1147 1750 1245 1783 frater
1262 1760 1351 1782 suam
1376 1749 1579 1793 provinciam
1604 1750 1760 1783 deserens
1777 1751 1816 1783 ad

1079 1803 1256 1836 Romanam
1274 1802 1403 1836 Curiam
1423 1804 1472 1835 vel
1498 1803 1619 1845 regiam
1638 1810 1690 1836 aut
1708 1805 1816 1846 regale

1078 1857 1258 1899 pretorium
1280 1856 1430 1899 quolibet
1453 1861 1622 1898 praetextu
1648 1866 1680 1889 se
1706 1858 1818 1889 cont'e-

1078 1914 1142 1949 rat,
1173 1910 1243 1942 sine
1268 1909 1400 1952 speciali
1425 1909 1578 1942 mandato
1607 1914 1663 1941 aut
1686 1909 1817 1942 licentia

1078 1963 1108 1995 in
1135 1963 1267 2006 scriptis
1292 1962 1425 2005 capituli
1458 1962 1618 2005 generalis
1647 1963 1697 1996 vel
1722 1963 1817 2005 magi-

1078 2016 1151 2056 stri,
1180 2026 1239 2049 nec
1266 2015 1416 2048 similiter
1440 2015 1474 2047 in
1501 2020 1620 2048 terram
1645 2014 1817 2049 Saraceno-

1077 2079 1146 2101 rum
1165 2075 1309 2102 transeat
1337 2069 1459 2111 absque
1481 2068 1648 2111 praedicta
1666 2068 1816 2102 facultate

1078 2122 1174 2155 etiam
1199 2122 1232 2154 in
1265 2121 1393 2164 scriptis
1425 2121 1571 2163 magistri
1602 2121 1652 2154 vel
1681 2121 1814 2164 capituli

1078 2175 1239 2217 generalis
1263 2180 1318 2207 aut
1341 2173 1573 2217 provincialis,
1599 2180 1634 2206 ut
1658 2185 1715 2207 suo
1740 2175 1814 2208 loco

1077 2228 1309 2270 praediximus.
1337 2227 1395 2265 Qui
1419 2232 1531 2259 autem
1561 2237 1652 2259 secus
1678 2233 1813 2260 attenta-

1079 2281 1171 2320 verit,
1196 2287 1358 2324 tamquam
1376 2280 1544 2323 sugitivum
1563 2279 1596 2312 in
1611 2280 1727 2313 virtute
1744 2281 1814 2324 Spi-

1077 2334 1157 2366 ritus
1181 2334 1288 2367 Sancti
1314 2334 1556 2377 corripiendum
1590 2343 1663 2366 esse
1686 2334 1813 2376 praeci-

1078 2388 1191 2430 pimus,
1210 2393 1242 2420 et
1265 2398 1283 2420 a
1299 2387 1577 2426 commendatore,
1595 2386 1648 2429 qui
1674 2397 1746 2419 eum
1766 2387 1812 2420 sic

1078 2440 1220 2472 indebite
1244 2446 1413 2482 vagantem
1437 2439 1613 2481 agnoverit,
1629 2439 1661 2471 in
1682 2449 1812 2482 compe-

1078 2493 1171 2525 dibus
1191 2493 1413 2531 detinendum‚
1430 2492 1651 2536 magistroque
1671 2493 1721 2525 vel
1741 2493 1811 2526 eius

1077 2545 1264 2588 provinciali
1290 2545 1561 2585 denuntiandum,
1580 2545 1669 2577 utab
1694 2556 1732 2578 eo
1757 2556 1811 2588 pu-

1076 2598 1183 2630 niatur
1206 2598 1293 2631 iuxta
1317 2598 1506 2641 qualitatem
1533 2598 1653 2631 delicti.

1121 2662 1158 2684 ix.
1185 2651 1357 2684 Praeterea
1387 2651 1536 2683 omuibus
1568 2650 1744 2693 provinciis
1769 2650 1810 2682 sit

1703 262 1767 295 :¹572
1814 273 1864 298 Λιι.
1879 271 1908 298 C.
1932 270 1994 298 ¹69¹
