2227 3225
133 227 172 252 An
201 226 229 253 C.
255 226 319 253 ¹694

157 1455 276 1479 clausulae.

906 224 1115 249 INNOCENTIUS
1140 224 1185 247 ΧΠ
1208 224 1256 248 PP.

326 274 470 308 laborum
497 280 528 307 et
556 279 718 318 tamquam
743 274 858 306 iustum
880 273 1058 317 praemium

326 329 354 360 ei
383 328 527 361 debitum
554 338 708 361 concessa
730 327 836 367 fuisse,
855 332 887 360 et
918 327 956 360 de
989 326 1058 359 iure

326 385 521 424 competere,
547 391 607 413 nec
631 380 664 412 in
697 380 800 413 felicis
824 379 1059 413 recordationis

325 432 446 465 Urbani
478 433 541 466 Vlll
573 440 605 466 et
634 433 806 467 Clementis
831 433 856 465 X
881 433 1058 466 aliorumve

326 486 543 519 Romanorum
560 486 751 525 Pontificum
768 486 1058 530 praedecessorum

325 544 513 573 nostrorum
535 540 650 573 litteris
667 541 716 573 vel
735 541 874 574 decretis
899 550 998 583 super
1014 549 1060 572 re-

325 592 497 626 vocatione
523 598 554 626 ct
578 593 789 636 abrogatione
822 593 887 625 sive
919 591 1061 624 annulla-

326 644 413 678 tione
447 656 724 689 quorumcumque
760 645 1004 689 privilegiorum
1030 650 1061 677 et

325 696 525 731 indultorum
559 699 774 741 personalium
811 699 960 731 fratribus
985 697 1061 731 dicti

325 750 454 784 Ordinis
483 757 594 785 contra
625 753 674 785 vel
705 757 836 795 praeter
860 751 1061 785 constitutio-

325 814 383 837 nes
403 815 458 838 seu
484 811 602 839 statuta
626 806 726 849 ipsius
744 805 870 839 Ordinis
891 815 1061 838 concesso-

325 867 396 891 rum
413 859 461 891 vel
487 859 783 899 concedendorum,
800 859 958 892 hactenus
976 869 1061 891 ema-

324 911 408 944 natis
452 916 484 944 et
523 912 794 955 quandocumque
835 912 1057 952 emanaturis,

326 964 415 997 nullo
434 965 529 998 modo
553 966 789 1009 comprehensa
812 965 907 998 fuisse
922 966 970 998 vel
990 975 1060 998 esse

325 1022 378 1049 aut
396 1017 474 1058 fore,
492 1028 547 1051 seu
567 1018 800 1061 comprehensa
814 1018 951 1058 censeri,
969 1029 1060 1061 prae-

326 1070 415 1103 tendi
436 1071 484 1104 vel
498 1071 648 1114 intelligi,
670 1081 776 1115 neque
801 1071 958 1104 eiusmodi
975 1082 1061 1105 revo-

325 1123 483 1165 cationes,
513 1125 741 1168 abrogationes
767 1130 798 1159 et
822 1126 1061 1159 annullationes

324 1176 372 1209 illi
398 1178 585 1210 nullatenus
611 1179 750 1218 obstare,
769 1183 821 1211 aut
841 1189 913 1210 eum
931 1178 1060 1211 illarum

324 1230 497 1263 occasione
523 1241 581 1264 seu
618 1237 787 1275 praetextu
813 1231 1060 1275 quomodolibet

324 1284 500 1323 molestari,
511 1285 693 1328 perturbari
709 1287 757 1318 vel
772 1285 943 1329 inquietari
956 1296 1059 1328 posse,

325 1337 513 1371 earumdem
539 1343 653 1371 tenore
671 1339 889 1382 praesentium
914 1339 1061 1372 decerni-

324 1401 396 1423 mus
422 1397 454 1424 et
479 1392 688 1425 declaramus.

368 1444 383 1487 ἓ
400 1444 429 1477 2.
447 1445 664 1478 Decernentes
682 1445 812 1488 pariter,
828 1446 956 1478 easdem
970 1456 1062 1489 prae-

323 1503 434 1531 sentes
460 1498 583 1531 litteras
608 1509 739 1541 semper
769 1498 900 1539 firmas,
940 1500 1060 1533 validas

324 1557 356 1584 et
385 1551 532 1585 efficaces
564 1551 705 1585 existere
738 1557 770 1585 et
800 1552 885 1593 fore,
919 1563 1060 1597 suosque

321 1605 486 1648 plenarios
511 1610 543 1638 et
567 1605 713 1648 integros
740 1604 873 1638 effectus
899 1606 1007 1639 sortiri
1032 1613 1063 1640 et

323 1658 473 1691 obtinere
488 1685 496 1699 ,
512 1669 548 1691 ac
566 1658 640 1698 illis,
660 1657 699 1690 ad
717 1669 798 1702 quos
816 1664 940 1702 spectat
956 1665 988 1693 et
1004 1671 1062 1703 pro

322 1716 472 1754 tempore
508 1711 777 1755 quandocumque
810 1713 994 1755 spectabit,
1029 1713 1062 1746 in

323 1765 475 1798 omnibus
500 1770 531 1797 et
556 1775 614 1807 per
639 1765 746 1797 omnia
775 1765 965 1808 plenissime
991 1766 1059 1798 suf-

324 1817 456 1860 fragari,
470 1822 501 1850 et
517 1817 557 1850 ab
576 1817 622 1850 eis
634 1817 1063 1860 respectiveZinviolabiliter

324 1875 356 1903 et
372 1871 567 1903 inconcusse
586 1870 753 1903 observari
767 1875 797 1903 et
809 1871 992 1914 adimpleri,
1007 1873 1062 1906 sie-

324 1934 387 1967 que
403 1929 434 1957 et
448 1934 513 1957 non
530 1922 625 1956 aliter
641 1923 672 1955 in
699 1923 885 1966 praemissis
902 1935 961 1968 per
973 1936 1064 1968 quos-

324 1986 464 2019 cumque
483 1975 604 2009 iudices
625 1976 806 2009 ordinarios
827 1982 860 2010 et
876 1977 1062 2021 delegatos,

324 2029 420 2062 etiam
456 2039 626 2062 causarum
662 2029 773 2072 palatii
804 2031 976 2073 apostolici
1007 2043 1063 2064 au-

324 2082 448 2116 ditores
465 2109 472 2123 ,
496 2093 532 2115 ac
555 2082 587 2115 S.
607 2082 644 2114 R.
663 2082 698 2114 E.
724 2083 891 2126 praefatae
916 2085 1064 2118 cardina-

323 2135 384 2175 les,
401 2135 499 2168 etiam
525 2135 564 2168 de
585 2136 686 2168 latere
713 2136 847 2179 legatos,
875 2142 906 2170 et
929 2138 1064 2181 Aposto—

323 2188 406 2222 licae
431 2188 522 2222 Sedis
556 2189 706 2229 nuntios,
734 2195 766 2222 et
790 2190 871 2223 alios
897 2191 1063 2234 quoslibet

324 2252 530 2286 quacumque
559 2242 819 2286 praeeminentia
844 2248 877 2276 et
899 2249 1061 2288 potestate

324 2295 496 2338 fungentes
524 2300 555 2328 et
586 2295 776 2337 functuros,
804 2296 931 2329 sublata
958 2297 1005 2330 eis
1030 2302 1063 2330 et

325 2359 441 2381 eorum
473 2348 607 2381 cuilibet
631 2349 743 2391 quavis
775 2348 872 2381 aliter
896 2349 1062 2384 iudicandi

325 2406 357 2434 et
379 2401 616 2444 interpretandi
635 2401 787 2434 facultate
805 2407 838 2435 et
854 2403 1061 2444 auctoritate,

324 2454 459 2486 iudicari
484 2460 516 2487 et
539 2454 667 2487 definiri
698 2455 838 2496 debere,
865 2465 901 2489 ac
933 2455 1061 2489 irritum

325 2512 357 2540 et
373 2507 478 2548 inane,
504 2507 530 2540 si
549 2518 640 2540 secus
656 2518 757 2551 super
777 2508 827 2541 his
845 2519 863 2541 a
880 2519 1058 2552 quoquam,

1733 216 1790 248 6⁶21

1103 330 1263 368 quatenus
1284 336 1366 368 opus
1386 326 1437 367 sit,
1458 324 1604 358 nostrae¹
1626 331 1658 358 et
1674 325 1836 359 Cancella-

1103 377 1168 410 riae
1190 378 1394 421 Apostolicae
1413 379 1526 421 regula
1542 378 1580 411 de
1597 378 1668 411 iure
1687 379 1834 421 quaesito

1102 439 1167 462 non
1194 431 1360 470 tollendo,
1387 431 1522 474 aliisque
1551 431 1836 464 constitutionibus

1103 488 1135 516 et
1166 483 1425 517 ordinationibus
1459 484 1648 527 apostolicis
1667 511 1674 525 ‚
1710 494 1837 518 necnon

1103 536 1343 579 provinciarum
1369 542 1402 570 et
1426 537 1553 571 Ordinis
1578 537 1836 582 praedictorum,

1103 589 1215 622 aliisve
1233 590 1408 633 quibusvis,
1431 591 1528 624 etiam
1555 591 1746 632 iuramento,
1768 601 1840 625 con-

1103 642 1287 676 firmatione
1313 644 1506 687 apostolica,
1530 645 1579 677 vel
1604 644 1718 688 quavis
1741 644 1840 677 firmi-

1105 700 1167 727 tate
1193 696 1255 728 alia
1279 696 1457 737 roboratis,
1481 698 1608 730 statutis
1642 703 1674 731 et
1703 708 1841 731 consue-

1106 747 1280 788 tudinibus,
1308 750 1404 782 etiam
1430 750 1755 792 immemorabilibus,
1775 750 1842 794 pri-

1103 801 1229 843 vilegiis
1253 813 1394 846 quoque,
1412 803 1548 836 indultis
1573 808 1606 837 et
1629 804 1747 837 litteris
1764 814 1842 848 apo-

1104 853 1253 895 stolicis,
1280 855 1339 887 sub
1372 855 1632 900 quibuscumque
1668 858 1842 890 verborum

1105 908 1274 940 tenoribus
1307 913 1339 941 et
1364 909 1486 950 formis,
1516 921 1552 943 ac
1577 921 1650 944 cum
1676 911 1842 954 quibusvis

1104 961 1199 993 etiam
1222 962 1502 1005 derogatoriaruni
1517 964 1743 1007 derogatoriis,
1760 964 1845 998 aliis-

1104 1024 1166 1057 que
1185 1015 1433 1056 efficacioribus,
1456 1016 1687 1050 efficacissimis
1709 1023 1741 1051 et
1758 1018 1844 1051 inso-

1104 1067 1168 1100 litis
1188 1067 1339 1101 clausulis
1363 1075 1395 1102 et
1427 1069 1587 1111 decretis,
1613 1071 1709 1104 etiam
1734 1076 1843 1111 motu,

1105 1121 1239 1154 scientia
1264 1128 1296 1155 et
1325 1124 1495 1166 potestatis
1524 1125 1729 1168 plenitudine
1764 1126 1847 1169 pari-

1104 1174 1173 1215 bus,
1205 1175 1238 1207 in
1264 1187 1384 1218 genere
1409 1178 1457 1210 vel
1483 1177 1515 1210 in
1541 1178 1663 1221 specie,
1689 1189 1746 1211 seu
1765 1179 1845 1212 alias

1105 1228 1362 1270 quomodolibet,
1383 1230 1415 1262 in
1436 1230 1633 1263 contrarium
1649 1232 1847 1274 praemisso-

1106 1291 1176 1313 rum
1202 1283 1378 1322 concessis,
1398 1283 1595 1316 confirmatis
1614 1289 1646 1316 et
1663 1284 1843 1325 innovatis,

1106 1333 1224 1376 quibus
1246 1335 1395 1367 omnibus
1413 1341 1443 1368 et
1460 1335 1613 1379 singulis,
1639 1337 1763 1370 etiamsi
1786 1349 1844 1381 pro

1105 1386 1236 1419 illorum
1267 1387 1441 1421 sufficienti
1468 1389 1683 1432 derogatione
1716 1391 1755 1424 de
1782 1391 1846 1424 illis

1106 1450 1285 1483 eorumque
1311 1441 1383 1473 totis
1408 1443 1576 1475 tenoribus
1594 1443 1756 1486 specialis,
1775 1455 1848 1487 spe-

1106 1491 1204 1532 cifica,
1230 1502 1382 1536 expressa
1399 1500 1430 1527 et
1446 1495 1622 1536 individua,
1638 1507 1674 1529 ac
1692 1497 1731 1530 de
1748 1498 1846 1530 vei-bo

1106 1546 1145 1578 ad
1170 1546 1327 1586 verbum,
1358 1557 1422 1580 non
1458 1553 1564 1581 autem
1594 1559 1653 1592 per
1684 1550 1846 1583 clausulas

1106 1600 1276 1641 generales
1299 1600 1385 1633 idem
1404 1601 1626 1644 importantes‚
1640 1603 1762 1636 mentio
1788 1614 1846 1636 seu

1106 1653 1235 1695 quaevis
1258 1653 1319 1686 alia
1344 1655 1510 1697 expressio
1535 1655 1686 1689 habenda
1711 1662 1767 1689 aut
1787 1657 1845 1689 ali-

1106 1717 1169 1750 qua
1182 1707 1244 1739 alia
1258 1707 1413 1750 exquisita
1429 1708 1528 1741 forma
1546 1709 1583 1741 ad
1605 1709 1668 1743 hoc
1690 1710 1844 1743 servanda

1106 1760 1204 1801 foret,
1229 1761 1361 1794 illorum
1397 1761 1542 1795 omnium
1579 1768 1611 1795 et
1641 1762 1843 1805 singulorum

1106 1818 1256 1855 tenores,
1286 1815 1427 1855 formaS,
1456 1825 1568 1849 causas
1597 1821 1629 1849 et
1657 1816 1843 1850 occasiones

1105 1868 1332 1910 praesentibus
1367 1879 1426 1912 pro
1456 1869 1552 1912 plene
1582 1875 1612 1903 et
1644 1869 1845 1904 sufficienter

1106 1921 1268 1964 expressis
1282 1932 1318 1954 ac
1334 1921 1372 1955 de
1391 1923 1489 1955 verbo
1504 1922 1543 1955 ad
1562 1923 1695 1956 verbum
1714 1924 1844 1957 insertis

1106 1974 1278 2016 habentes,
1306 1974 1369 2008 illis
1393 1975 1472 2008 alias
1498 1975 1530 2008 in
1555 1986 1613 2009 suo
1634 1976 1753 2010 robore
1771 1987 1842 2020 per·

1105 2027 1284 2069 mansuris,
1318 2028 1358 2061 ad
1385 2028 1642 2071 praemissorum
1673 2029 1842 2069 effectum,

1106 2081 1166 2113 liae
1190 2081 1257 2114 vice
1284 2081 1484 2121 dumtaxtat‚
1511 2081 1699 2125 specialiter
1727 2088 1759 2116 et
1790 2093 1844 2116 ex-

1105 2145 1216 2177 presse
1243 2135 1458 2176 derogamus,
1490 2141 1522 2168 et
1559 2135 1747 2178 derogatum
1772 2147 1842 2169 esse

1104 2190 1272 2229 volumus3
1298 2188 1482 2232 ceterisque
1513 2189 1682 2222 contrariis
1712 2189 1843 2233 quibus-

1105 2252 1253 2285 cumque.

1148 2296 1163 2339 ἓ
1194 2295 1226 2328 4.
1260 2295 1411 2328 Volumus
1441 2300 1548 2329 autern
1584 2301 1620 2329 ut
1653 2296 1839 2330 earumdem
1891 2303 1954 2326 mdes
1977 2307 2034 2325 tran·

1849 2334 1987 2359 sumptorum.

1104 2348 1326 2393 praesentium
1348 2348 1533 2382 litterarum
1551 2349 1768 2393 transumptis,
1783 2361 1839 2383 seu

1105 2403 1269 2446 exemplis,
1285 2402 1380 2435 etiam
1397 2402 1574 2446 impressis,
1592 2412 1688 2436 manu
1702 2403 1838 2437 alicuius

1103 2457 1222 2490 notarii
1236 2456 1356 2500 publici
1374 2457 1576 2500 subscriptis,
1599 2457 1748 2500 etsigillo
1766 2467 1840 2501 per-

1103 2520 1200 2543 sonae
1225 2509 1258 2542 in
1283 2509 1499 2543 ecclesiastica
1533 2510 1687 2553 dignitate
1720 2511 1840 2543 consti-

325 2560 435 2604 quavis
456 2561 656 2600 auctoritate,
682 2561 827 2595 scienter
846 2563 897 2596 vel
915 2562 1061 2605 ignoran·
1105 2568 1191 2596 tutae
1216 2562 1365 2603 munitis,
1392 2563 1504 2596 eadem
1534 2573 1667 2606 prorsus
1701 2563 1778 2596 fides
1805 2563 1838 2594 in

326 2620 386 2656 ter,
406 2613 580 2656 contigerit
600 2615 766 2648 attentari.

1142 2626 1149 2651 l
1175 2624 1211 2652 De
1228 2633 1302 2652 more
1318 2624 1397 2653 solito
1414 2624 1558 2659 legendum
1574 2627 1671 2654 nostrii
1687 2626 1724 2660 (n.
1742 2626 1789 2660 Τ.).

1843 225 1891 251 An.
1909 224 1935 250 c,
1962 226 2023 250 'flat

1146 273 1160 315 g
1185 272 1216 305 3.
1243 271 1314 304 Non
1339 271 1541 305 obstantibus
1568 272 1767 315 praemissis,
1794 278 1834 313 et,
1873 287 2027 309 numi-wrm.

1846 313 1962 339 detegam).
