2227 3225
120 235 172 262 An.
190 235 220 262 C.
246 236 311 261 κ’,ΩΟ

140 1677 238 1698 mansula
251 1677 297 1698 suir-

113 1703 160 1724 lulla.

158 2415 298 2436 committitur

112 2446 219 2462 executio.

312 285 474 323 confundi,
493 287 547 319 sed
574 285 652 328 ipsis
670 286 864 323 etuuulatire
890 285 920 317 in
947 285 1049 317 omni-

311 337 371 370 bus
388 344 420 370 et
436 349 495 381 per
515 339 622 371 omnia
640 338 697 377 uti,
714 336 773 377 et⁴,
791 339 816 371 si
836 339 911 382 quid
930 339 961 370 in
986 339 1049 370 una

312 402 348 423 ex
372 391 574 424 facultatibus
596 392 780 425 huiusmodi
806 391 972 430 deiecerit,
990 402 1049 434 per

312 443 407 477 aliam
432 444 576 488 suppleri
602 443 760 485 debere&
788 454 847 478 nee
871 444 1046 483 haeredes,

312 497 495 541 legatarios,
523 509 559 531 ae
583 498 665 538 loca,
686 498 724 531 ad
744 509 841 542 quos,
868 509 925 530 seu
952 508 1046 540 quae,

310 552 408 592 bona,
432 552 502 584 iura
525 556 556 584 et
580 551 727 584 actiones
744 551 928 584 huiusmodi
955 551 1049 583 deve-

311 605 429 645 nerint,
446 605 496 638 vel
513 604 628 649 quibus
646 605 882 648 relinquentur,
904 610 956 637 aut
976 615 1048 637 exe-

311 663 438 692 cutores
456 658 650 702 praedictos,
669 659 708 691 ad
734 658 860 691 tertiam
879 668 935 691 seu
952 657 1046 690 aliam

312 723 423 745 eorum
455 717 597 754 partem,
625 722 719 754 quam
758 711 854 744 etiam
895 722 931 744 ex
961 721 1048 743 1111110

310 765 411 804 vobis,
429 776 466 798 ae
486 764 574 803 locis,
594 764 801 804 haeredibus,
824 764 990 806 legatariis
1011 775 1046 796 ac

311 818 487 851 donatariis
512 817 701 860 praedietis,
728 817 908 850 liberaliter
932 826 1048 849 conee-

310 871 415 904 dimus
444 877 476 903 et
500 871 672 911 donamus,
697 872 849 904 Gamerae
875 871 924 903 vel
950 870 1047 902 sabri-

310 935 366 958 cae
390 930 444 957 aut
467 924 635 957 benefieiis
656 924 841 967 praedietis,
865 924 959 956 etiam
986 934 1046 967 pro

310 977 515 1021 expeditione
530 982 643 1010 contra
661 976 821 1016 infideles,
837 981 868 1010 et
882 975 1047 1019 quibusvis

310 1031 382 1064 aliis
413 1031 651 1074 quantumlibet
673 1030 735 1074 piis
760 1030 893 1070 usibus,
919 1031 1047 1062 solven-

311 1085 395 1125 dum,
410 1095 446 1117 ac
462 1095 534 1117 cum
557 1084 595 1116 iis
615 1085 754 1127 desuper
772 1083 1044 1126 componendum,

309 1139 358 1171 vel
389 1149 444 1171 vos
481 1138 520 1171 ad
553 1137 648 1170 aliam
686 1137 915 1180 particularem
948 1136 1047 1169 licen-

311 1192 386 1224 tiam
416 1192 481 1225 sive
502 1191 664 1224 indultum
689 1197 743 1223 aut
767 1189 1045 1224 confirmationem

309 1245 530 1289 praesentium
556 1256 573 1277 a
597 1244 688 1278 nobis
718 1245 768 1277 vel
802 1243 1046 1276 successoribus

309 1298 427 1330 nostris
452 1297 602 1330 Romanis
628 1297 836 1330 Pontificibus
870 1297 1045 1339 petendum

309 1356 362 1383 aut
387 1350 637 1393 impetrandum,
663 1351 713 1383 vel
740 1350 834 1383 etiam
860 1349 893 1382 in
918 1350 981 1381 alia
1003 1349 1045 1382 si-

308 1404 375 1436 mili
401 1403 501 1446 gratia
523 1414 578 1435 seu
598 1402 845 1436 confirmatione
866 1402 965 1442 illius,
992 1413 1044 1435 vo-

307 1456 355 1489 bis
391 1456 693 1500 quomodocumque
735 1456 970 1493 concedenda,
1004 1456 1043 1488 de

306 1509 470 1554 praesenti
488 1509 687 1542 mentionem
703 1509 843 1552 aliquam
863 1509 1042 1542 faciendam

305 1564 468 1596 ullatenus
485 1561 595 1601 teneri,
614 1573 674 1595 nee
695 1562 733 1595 ad
759 1562 790 1595 id
816 1563 882 1595 ulla
900 1573 1042 1605 unquam

307 1616 502 1649 necessitate
528 1615 598 1658 cogi
625 1626 733 1659 posse.

351 1669 365 1711 ς
391 1668 443 1701 15.
470 1668 507 1700 Et
539 1668 583 1700 sic
615 1668 647 1700 in
674 1668 859 1711 praemissis
891 1669 1042 1702 omnibus

307 1728 338 1754 et
362 1721 498 1764 singulis
524 1731 582 1764 per
607 1731 825 1764 quoscumque
850 1722 973 1755 iudices
994 1733 1044 1755 or-

308 1774 450 1807 dinarios
476 1779 507 1807 et
532 1774 717 1816 delegatos,
742 1774 838 1807 etiam
874 1786 1042 1808 causarum

306 1827 416 1870 palatii
444 1827 612 1870 apostolici
638 1827 817 1868 auditores,
843 1834 874 1860 et
899 1828 1041 1862 eiusdem

307 1881 338 1914 S.
372 1881 408 1913 R.
435 1880 469 1912 E.
497 1880 696 1920 cardinales,
723 1891 849 1913 neenon
881 1892 939 1924 pro
966 1888 1043 1915 tem-

306 1943 387 1976 pore
412 1932 588 1966 existentes
608 1932 709 1965 dictae
727 1932 876 1966 Gamerae
901 1944 1043 1967 camera-

306 1985 400 2025 rium,
426 1985 648 2028 praesidentes
667 1990 697 2018 et
714 1987 860 2025 clericos
883 1986 914 2018 in
934 1987 1043 2029 quavis

307 2040 401 2070 causa
421 2043 452 2071 et
468 2037 638 2078 instantia,
661 2039 787 2071 sublata
805 2038 851 2070 eis
877 2044 908 2071 et
932 2050 1043 2072 eorum

307 2091 440 2124 cuilibet
460 2091 569 2134 quavis
591 2091 683 2124 aliter
700 2091 863 2124 iudicandi
889 2097 921 2124 et
945 2093 1044 2125 inter-

307 2145 458 2188 pretandi
491 2145 645 2178 facultate
672 2149 702 2177 et
727 2145 936 2185 auctoritate,
962 2146 1044 2179 iudi-

308 2197 371 2230 cari
393 2203 425 2230 et
453 2196 579 2230 definiri
618 2197 762 2238 debere,
789 2209 825 2231 ac
860 2199 987 2231 irritum
1014 2205 1045 2232 et

307 2250 403 2283 inane
428 2251 453 2282 si
479 2261 570 2284 secus
606 2261 706 2294 super
739 2251 789 2283 liis
815 2262 831 2283 a
857 2262 1041 2294 quoquam,

308 2303 418 2346 quavis
440 2303 638 2343 auctoritate,
658 2303 798 2337 scienter
822 2305 872 2337 vel
893 2304 1044 2347 ignoran-

308 2362 367 2396 ter,
396 2357 568 2399 contigerit
592 2357 755 2390 attentari.

351 2410 366 2453 ξς
392 2410 444 2443 16.
475 2410 629 2448 Quocirca
665 2411 905 2444 venerabilibus
939 2412 1043 2445 fratri-

308 2463 366 2495 bus
392 2463 510 2497 nostris
544 2463 682 2496 Ostiensi
714 2470 744 2497 et
779 2464 951 2498 portuensi
976 2476 1042 2498 car-

309 2516 469 2550 dinalibus
496 2516 676 2560 episcopis,
702 2522 734 2549 et
759 2517 876 2550 dilecto
901 2517 968 2551 silio
994 2529 1043 2551 eu-

342 2588 355 2613 1
378 2587 513 2613 Par-ucula
532 2590 558 2614 ec
577 2595 625 2614 nos
644 2587 766 2614 addimus
786 2591 823 2617 (a.
841 2589 890 2619 T.).

342 2630 358 2663 2
377 2631 447 2658 Edit.
469 2631 550 2659 Main.
574 2632 637 2668 legit
657 2632 787 2660 debuerit
806 2640 849 2669 tn.
869 2634 918 2670 T.).

868 229 876 235 '
893 237 1077 261 Atssxianizn
1106 238 1159 260 rm
1184 238 1231 260 rr.

1093 285 1158 317 riae
1183 295 1349 318 causarum
1375 286 1523 319 Gamerae
1550 288 1754 331 Apostolicae
1773 303 1825 333 ge-

1092 339 1194 371 nerali
1226 340 1389 380 auditori,
1416 352 1474 384 per
1498 343 1676 385 apostolica
1707 346 1825 388 scripta

1092 392 1282 425 mandamus
1307 399 1393 426 motu
1419 394 1532 434 simili,
1560 402 1714 438 quatenus
1739 398 1823 442 ipsi,

1090 447 1138 479 vel
1165 446 1248 485 duo,
1276 451 1330 479 aut
1356 458 1438 479 unus
1463 458 1594 487 eorum,
1619 460 1679 492 per
1699 460 1750 490 se,
1776 453 1823 485 vel

1091 498 1197 538 alium,
1212 508 1266 532 seu
1285 499 1373 539 alios,
1389 506 1579 543 praesentes
1597 503 1727 543 litteras,
1746 510 1777 537 et
1793 505 1823 538 in

1091 552 1137 584 eis
1154 557 1305 585 contenta
1323 563 1558 598 quaecumque,
1576 555 1630 587 ubi
1649 561 1679 589 et
1696 558 1825 600 quando

1091 616 1172 648 opus
1197 606 1305 645 suerit,
1324 611 1355 644 et
1376 607 1502 650 quoties
1526 618 1585 650 pro
1610 614 1703 652 parte
1723 613 1825 643 vestra

1091 658 1233 701 desuper
1249 659 1369 694 suerint
1385 660 1543 703 requisiti,
1562 662 1753 697 solemniter
1772 675 1814 707 pu

1090 710 1261 751 blicantes,
1281 713 1434 756 vobisque
1461 713 1492 745 in
1518 715 1702 756 praemissis
1723 716 1828 749 effica-

1090 764 1134 797 cis
1152 765 1350 799 defensionis
1376 767 1539 809 praesidio
1565 769 1763 811 assistentes,
1784 772 1826 804 sa-

1090 819 1176 851 ciant
1200 820 1388 853 auctoritate
1404 823 1512 854 nostra
1533 823 1662 855 easdem
1681 834 1828 866 praesen-

1091 877 1136 905 tes
1153 873 1288 913 litteras,
1303 879 1333 906 et
1348 873 1378 906 in
1398 874 1442 907 eis
1460 879 1610 908 contenta
1629 876 1824 914 huiusmodi.

1090 925 1226 958 tirmiter
1249 926 1421 967 observari,
1447 938 1483 960 ac
1506 939 1561 961 vos
1587 929 1651 962 illis
1677 930 1826 964 omnibus

1088 978 1223 1021 pacifice
1249 979 1309 1011 srui
1327 986 1358 1013 et
1382 981 1535 1023 gaudere,
1558 992 1621 1015 non
1640 984 1826 1025 permitten-

1089 1036 1137 1064 tes
1162 1043 1217 1065 vos
1242 1043 1302 1076 per
1327 1044 1549 1077 quoscumque
1586 1036 1697 1078 quavis
1721 1043 1827 1070 aucto-

1089 1084 1182 1117 ritate
1203 1085 1374 1128 fungentes
1396 1092 1509 1120 contra
1526 1088 1713 1121 earumdem
1735 1100 1827 1132 prae-

1089 1138 1227 1170 sentium
1246 1143 1392 1171 tenorem
1412 1141 1657 1182 quomodolibet
1680 1141 1825 1175 indebite

1089 1191 1263 1231 molestari,
1282 1191 1455 1236 inquietari
1474 1194 1522 1226 vel
1540 1195 1735 1236 perturbari,
1753 1206 1826 1229 eon-

1090 1244 1278 1278 tradictores
1295 1246 1456 1288 quoslibet
1470 1252 1501 1279 et
1514 1247 1663 1287 rebelles,
1679 1259 1738 1291 per
1755 1259 1827 1282 sen-

1089 1297 1212 1337 tentias,
1227 1308 1379 1331 censuras
1395 1304 1426 1331 ct
1443 1310 1563 1342 poenas
1581 1301 1824 1341 ecclesiasticas,

1087 1350 1214 1393 aliaque
1232 1358 1416 1394 opportuna
1433 1352 1511 1386 iuris
1532 1358 1563 1386 et
1580 1354 1651 1386 sacti
1671 1356 1825 1395 remedia,

1087 1403 1308 1446 appellatione
1333 1406 1535 1448 postposita,
1561 1409 1822 1450 compescendo,

1087 1467 1133 1495 ae,
1166 1457 1320 1499 legitimis
1352 1459 1470 1501 super¹
1498 1459 1658 1493 habendis
1690 1462 1823 1495 servatis

1087 1510 1312 1552 processibus,
1340 1522 1496 1545 censuras
1526 1518 1557 1546 et
1585 1523 1707 1556 poenas
1737 1515 1824 1557 ipsas

1087 1563 1184 1595 etiam
1202 1563 1326 1597 iteratis
1347 1565 1469 1598 vicibus
1494 1568 1710 1608 aggravando,
1734 1568 1823 1602 invo-

1086 1621 1157 1648 cato
1176 1616 1272 1649 etiam
1290 1618 1327 1650 ad
1351 1618 1421 1657 1100,
1441 1618 1465 1650 si
1485 1629 1565 1662 opus
1582 1619 1684 1660 fuerit,
1703 1620 1821 1654 auxilio

1085 1669 1209 1702 brachii
1236 1671 1423 1704 saecularis.

1129 1723 1143 1766 g
1168 1723 1222 1756 17.
1248 1723 1318 1757 Non
1345 1724 1545 1758 obstantibus
1570 1726 1768 1770 praemissis,
1787 1738 1823 1761 ae

1086 1777 1156 1819 piae
1171 1777 1349 1811 memoriae
1364 1778 1517 1811 Bonisacii
1539 1779 1642 1822 Papae
1658 1780 1719 1813 VIII
1732 1791 1824 1824 prae-

1087 1830 1265 1863 decessoris
1290 1831 1411 1873 pariter
1436 1831 1539 1864 nostri
1566 1833 1605 1865 de
1630 1835 1703 1873 una,
1730 1840 1762 1866 et
1789 1834 1821 1867 in

1086 1884 1223 1917 concilio
1242 1885 1386 1926 generali
1404 1885 1488 1918 edita
1506 1886 1544 1918 de
1563 1886 1689 1919 duabus
1714 1887 1821 1927 dietis,

1087 1937 1260 1970 dummodo
1290 1938 1376 1970 ultra
1407 1943 1471 1971 tres
1502 1939 1603 1972 dietas
1627 1940 1743 1982 aliquis
1769 1951 1823 1974 au-

1087 1990 1238 2023 ctoritate
1269 1991 1488 2034 praesentium
1521 1992 1553 2024 in
1578 1992 1732 2026 iudicium
1757 2004 1821 2027 non

1088 2043 1252 2084 trahatur,
1279 2054 1406 2076 necnon
1439 2045 1664 2079 Lateranensis
1689 2046 1821 2080 Concili'

1087 2096 1259 2129 novissime
1284 2097 1437 2130 celebrati
1456 2098 1494 2130 de
1513 2104 1602 2132 certo
1624 2100 1822 2133 notariorum

1087 2159 1222 2182 numero
1239 2176 1246 2189 ,
1273 2150 1396 2182 etiamsi
1422 2150 1460 2183 ad
1485 2151 1576 2183 illum
1601 2152 1744 2184 nondum
1770 2153 1824 2185 de-

1087 2207 1215 2234 ventum
1240 2201 1351 2241 suerit,
1378 2202 1427 2235 cui
1454 2213 1513 2245 pro
1539 2204 1602 2236 1100
1626 2201 1704 2237 alias
1729 2205 1824 2238 dero-

1087 2265 1162 2298 gare
1189 2265 1253 2288 non
1286 2255 1508 2296 intendimus,
1536 2267 1572 2289 ae
1597 2257 1637 2290 de
1662 2268 1823 2291 consensu

1086 2308 1281 2351 praestando
1306 2309 1337 2341 in
1364 2308 1580 2351 pensionibus,
1603 2315 1635 2343 et
1659 2311 1823 2354 quibusvis

1086 2360 1156 2393 aliis
1174 2361 1268 2394 etiam
1287 2372 1345 2404 per
1362 2372 1420 2394 nos
1443 2367 1473 2395 et
1490 2361 1605 2395 Sedem
1623 2364 1821 2406 praedictam

1087 2413 1183 2447 editis
1215 2413 1302 2447 etin
1327 2420 1495 2457 posterum
1532 2416 1667 2448 edendis
1696 2417 1822 2449 cancel-

1087 2467 1185 2500 lariae
1211 2467 1407 2510 apostolicae
1440 2468 1581 2510 regulis,
1608 2479 1645 2501 ae
1676 2470 1756 2512 stylo
1789 2470 1819 2501 in

1085 2520 1243 2553 similibus
1268 2520 1424 2553 hactenus
1456 2521 1644 2561 observato,
1671 2531 1707 2553 ae
1731 2531 1820 2554 reco-

1086 2574 1199 2607 lendae
1225 2574 1401 2607 memoriae
1435 2574 1608 2608 Alexandri
1641 2575 1744 2618 Papae
1769 2575 1818 2608 ΥΠ

1122 2636 1132 2662 1
1156 2635 1235 2662 Deest
1255 2644 1303 2663 vox
1322 2636 1366 2667 his
1387 2635 1420 2663 de
1440 2644 1516 2664 more
1535 2636 1612 2663 solito
1633 2637 1671 2671 (a.
1688 2636 1736 2670 T.).

1826 243 1877 269 An,
1895 243 1922 270 C.
1948 244 2015 270 1600

1859 1736 2015 1757 (tenuari-imm

1834 1763 1951 1787 derogatio.
