2227 3225
99 293 149 323 An.
163 294 192 320 C.
217 293 278 320 teat

884 290 1089 312 {sanctolus
1117 290 1156 311 >tlt
1185 290 1231 311 ιΤ.

1711 282 1773 313 2:¹3

292 340 412 384 gustini
438 339 506 377 sine
532 337 713 372 offensione
738 338 933 377 custodiant,
958 349 1031 369 uec·
1051 335 1054 344 “
1073 337 1148 375 cori,
1175 337 1292 379 quibus
1319 345 1429 368 severe
1454 337 1680 379 praecipimus,
1700 349 1737 369 nv
1759 339 1810 371 ali-

292 403 356 427 non
373 392 506 436 antiqua
520 392 715 425 documenta
732 396 763 424 et
780 390 1029 424 constitutiones

292 445 586 480 sanctimonialium
611 443 712 477 nostri
729 443 858 477 Ordinis
877 454 949 476 cum
964 453 1032 475 mo-

293 499 530 533 dificationibus
557 504 609 531 aut
640 497 927 531 reformationibus
954 506 1031 529 con-

294 553 497 586 stitutionum
527 551 774 595 particularium
798 551 1030 592 cuiuscumque

294 606 480 649 provinciae
517 605 566 638 vel
602 608 797 643 conventus;
835 603 867 635 in
896 602 1031 644 reliquis

295 665 400 692 autem
425 659 464 692 ad
490 657 635 691 omnium
660 657 786 690 illarum
818 656 963 698 regimen
1001 660 1032 688 et

297 711 510 745 directionem
546 709 782 754 pcrtinentibus
807 718 949 741 canones
975 707 1032 740 Ec-

297 765 414 798 clesiae
440 764 555 797 sedulo
580 761 744 796 observari
770 760 1001 804 praecipimus.

340 827 376 850 n.
405 816 530 849 Rursus
562 815 759 848 declarando
790 813 970 851 sancimus,
998 816 1033 844 ut

298 871 403 903 solum
439 870 477 902 ad
504 869 692 911 magistrum
727 867 855 901 Ordinis
886 868 936 900 vel
961 876 1034 909 pro-

298 923 480 962 vincialem,
498 932 554 954 seu
568 921 739 964 utriusqus>
754 921 860 953 locum
875 924 1033 958 tenentes,

298 976 453 1020 privative
478 975 641 1009 licentiam
660 974 699 1007 ad
717 974 898 1016 ingressum
916 978 947 1005 ot
964 983 1036 1015 pro-

301 1030 474 1063 fessionem
487 1034 670 1062 nostrarum
689 1027 891 1063 monialium,
909 1025 940 1058 in
958 1025 1037 1058 scri-

299 1083 363 1125 ptis
389 1092 519 1125 semper
539 1080 781 1123 expediendam,
800 1079 949 1112 conferre
965 1088 1037 1121 per-

302 1135 412 1167 tineat.
440 1134 598 1172 Quocirca
624 1133 798 1175 diligenter
823 1135 962 1171 caveant,
988 1142 1037 1167 ne.

302 1198 385 1231 quae
411 1188 451 1220 ad
476 1188 614 1220 chorum
639 1185 764 1218 admitti
791 1185 965 1227 postulant,
992 1184 1039 1216 in-

303 1251 453 1283 gressum
479 1244 703 1282 assequantur,
729 1237 790 1270 nisi
816 1238 920 1280 perite
945 1247 1039 1269 nove-

303 1293 368 1326 rint
393 1292 493 1325 latine
526 1293 652 1333 legere,
680 1297 715 1323 ut
745 1290 854 1323 debite
884 1290 985 1322 Horas
1010 1294 1041 1321 et

303 1345 447 1379 divinum
482 1344 622 1377 officium
648 1344 836 1386 persolvere
869 1342 1038 1375 sufficiant.

303 1398 419 1431 lisdem
456 1407 585 1441 quoque
619 1395 880 1435 conditionibus,
908 1394 977 1427 aliis
1002 1395 1041 1427 de

303 1451 373 1484 iure
397 1449 561 1483 communi
580 1454 611 1482 et
630 1458 760 1481 suarum
777 1447 1041 1480 constitutionum

304 1503 544 1548 particularium
569 1501 733 1545 requisitis
764 1500 939 1543 diligenter
963 1500 1042 1532 invi-

305 1557 429 1600 gilent3
456 1555 574 1599 quibus
607 1555 668 1587 rite
692 1553 830 1597 cognitis
863 1559 894 1587 et
925 1554 1043 1586 exami-

304 1609 399 1649 natis,
424 1619 483 1653 per
508 1619 541 1641 se
565 1608 615 1641 vel
641 1607 723 1640 alios
748 1618 766 1639 a
791 1617 824 1639 se
842 1606 1042 1649 designatos,

305 1662 378 1696 illas
403 1663 442 1696 ad
468 1661 617 1695 habitum
643 1666 675 1693 et
704 1660 944 1704 professionem
974 1671 1043 1693 sus-

305 1713 437 1757 cipiant.

350 1775 398 1799 m.
425 1765 501 1798 Cum
528 1770 560 1798 et
582 1764 782 1797 visitationes
807 1764 912 1797 facere
931 1764 969 1797 ad
989 1775 1044 1797 eos

307 1822 549 1861 consequenter
583 1817 765 1859 pertineat,
790 1817 939 1849 similiter
969 1828 1045 1850 con-

308 1870 469 1903 stituimus
493 1875 528 1901 ut
551 1879 609 1912 per
634 1879 667 1901 se
693 1879 835 1912 quoque,
860 1874 916 1902 aut
940 1870 1046 1902 visita-

309 1929 397 1956 tores
424 1923 568 1962 idoneos‚
590 1932 699 1954 earum
725 1922 922 1954 monasteria
947 1924 1045 1955 semel

308 1976 342 2009 in
367 1975 507 2009 triennio
532 1974 671 2008 visitent.
706 1974 846 2007 Ulterius
880 1975 1046 2008 electioni-

307 2029 369 2062 bus
393 2027 720 2061 commendatricium
753 2028 970 2070 praesideant,
998 2029 1046 2061 vel

310 2081 391 2115 alios
408 2080 538 2114 Ordinis
564 2081 680 2113 fratres
700 2080 859 2122 delegerit,
878 2081 1046 2121 industria,

310 2135 379 2168 zelo
404 2139 435 2167 et
460 2133 636 2178 prudentia
661 2133 844 2176 praeditos,
869 2134 923 2176 qui
950 2139 1048 2167 totam

311 2187 502 2221 electionem
531 2192 691 2230 peragant
722 2191 753 2219 et
785 2187 966 2220 conducant
999 2198 1048 2220 sc-

312 2240 452 2273 cundum
477 2239 606 2273 decreta
622 2238 754 2272 Concilii
772 2239 966 2281 Tridentini,
984 2250 1050 2273 ses·

312 2293 403 2327 sione
426 2303 497 2334 xxv,
517 2303 589 2336 cap.
616 2302 646 2325 vt
672 2298 703 2326 et
727 2302 781 2326 v11.

356 2357 398 2380 lv,
425 2345 561 2389 Insuper
584 2344 787 2385 ordinamus,
813 2351 848 2378 ut
879 2347 911 2379 in
937 2347 1049 2380 defini-

315 2398 398 2433 torio
412 2398 546 2442 capituli
563 2397 772 2442 provincialis
790 2398 962 2432 cuiuslibet
980 2410 1051 2443 pro-

314 2451 438 2484 vinciae
462 2450 624 2494 eligantur
648 2450 838 2483 confessarii
862 2461 922 2494 pro
947 2452 1050 2494 singu-

315 2505 356 2539 lis
373 2504 616 2538 sanctimonialt„
628 2514 664 2536 m
682 2503 833 2537 domibus
850 2503 960 2538 Ordini
979 2505 1052 2537 sub-

317 2557 428 2597 iectis,
456 2556 515 2589 viri
544 2557 675 2600 quidem
708 2562 879 2600 provectae
911 2558 1048 2598 aetatis,

319 2615 351 2643 et
374 2619 525 2642 sensuum
546 2610 653 2652 potius
669 2609 786 2642 canitie
802 2610 851 2643 vel
869 2611 1051 2643 maturitate

317 2662 487 2708 pollenteS,
514 2661 615 2696 literis
641 2662 738 2696 etiam
764 2667 796 2695 et
812 2663 985 2706 prudentia
1003 2663 1053 2697 de-

1073 390 1204 432 quando
1229 390 1409 422 clausuram
1427 388 1604 421 monialum
1626 389 1690 431 ingl
1704 391 1811 422 :dian-

1075 448 1137 481 tur,
1165 442 1224 475 nisi
1250 443 1326 475 dum
1352 452 1443 475 casus
1468 447 1582 484 urgeat
1606 452 1623 474 a
1647 442 1717 474 iure
1743 453 1810 484 per-

1073 496 1211 534 missus·,
1234 506 1298 539 quo
1320 500 1426 528 tamen
1445 496 1628 535 eveniente,
1646 506 1810 538 nunquam

1073 550 1160 581 solos
1197 558 1253 582 eos
1290 548 1417 590 ingredi
1453 548 1615 591 patimur,
1655 549 1711 581 sed
1737 559 1812 580 cum

1073 612 1138 634 uuo
1163 602 1251 634 socio
1276 601 1343 634 viro
1361 601 1512 634 similiter
1530 601 1676 644 probato,
1696 600 1751 643 qui
1773 601 1812 632 ab

1074 666 1187 688 eorum
1222 657 1321 688 latere
1357 646 1523 698 nunquam
1560 655 1715 693 recedat,
1754 654 1811 686 sod

1075 719 1204 751 semper
1229 710 1310 741 alter
1335 709 1374 741 ab
1400 709 1502 741 altero
1527 708 1688 740 videatur.

1121 772 1150 795 v.
1179 762 1308 795 Praeter
1333 762 1394 794 lios
1420 766 1542 800 autem,
1570 771 1665 793 nemo
1687 771 1722 792 ex
1745 759 1815 792 aliis

1075 814 1204 849 Ordinis
1241 814 1396 847 fratribus
1413 841 1420 854 ,
1448 814 1679 856 cuiuscumque
1705 812 1817 845 condi-

1078 868 1174 901 tionis
1199 868 1323 903 existat.
1350 866 1548 910 praedictam
1566 867 1748 898 clausuram
1770 865 1818 897 iun

1077 921 1168 964 gredi
1193 927 1390 964 praesumat,
1418 920 1497 963 quin
1516 920 1698 952 facultatem
1717 930 1733 951 a
1751 930 1818 951 ma-

1079 975 1178 1017 gistro
1196 973 1340 1015 generali
1358 974 1407 1006 vcl
1424 972 1615 1016 provinciali
1634 973 1666 1004 in
1685 971 1815 1014 scriptis

1080 1028 1234 1065 obtineat,
1257 1038 1338 1069 quos
1364 1027 1456 1058 enixe
1476 1035 1646 1057 monemus
1665 1035 1705 1057 no
1731 1024 1762 1056 in
1781 1027 1818 1055 ea

1080 1080 1266 1122 elargienda
1292 1079 1384 1111 nimis
1411 1079 1502 1111 facile
1527 1089 1560 1111 se
1584 1078 1761 1121 praebeant
1788 1082 1820 1108 vt

1082 1134 1251 1177 proclivos,
1268 1133 1324 1165 scd
1344 1133 1374 1165 in
1394 1133 1520 1165 casibus
1535 1143 1551 1164 a
1565 1132 1633 1164 iure
1647 1137 1677 1164 et
1695 1136 1821 1174 aposto-

1083 1186 1151 1219 licis
1175 1185 1463 1219 constitutionilms
1481 1185 1643 1217 dumtaxat
1660 1184 1820 1226 praefixis,

1083 1239 1140 1271 sub
1163 1239 1278 1281 poenis
1303 1243 1331 1271 ct
1352 1238 1497 1270 censuris
1515 1238 1544 1269 in
1565 1237 1628 1270 illis
1646 1237 1818 1270 contentis.

1126 1302 1170 1324 Vl.
1198 1291 1233 1323 In
1263 1291 1473 1323 conventibus
1510 1290 1617 1322 denuo
1654 1289 1820 1331 erigendis

1084 1344 1206 1376 nullam
1246 1343 1434 1376 monialium
1475 1342 1660 1384 suffragium
1701 1342 1822 1374 liabcre

1084 1398 1231 1430 volumus
1258 1406 1317 1438 pro
1343 1396 1504 1428 electione
1526 1395 1823 1434 commenttlatricis,

1084 1449 1145 1481 nisi
1168 1448 1287 1491 elapsis
1307 1448 1345 1480 ab
1364 1458 1475 1480 corum
1493 1447 1733 1479 constructione
1750 1447 1825 1479 duo-

1085 1502 1190 1534 decim
1223 1501 1335 1534 annis:
1372 1502 1497 1533 interca
1529 1507 1636 1534 tamen
1662 1500 1825 1543 pertineat

1085 1555 1204 1587 electio
1241 1555 1280 1587 ad
1318 1554 1509 1596 magistrum
1549 1554 1735 1595 generalem
1775 1554 1824 1585 vel

1085 1607 1339 1651 provincialem,
1383 1606 1501 1649 quibus
1542 1606 1640 1639 inerit
1679 1611 1824 1648 potestas

1085 1672 1155 1694 eam
1182 1659 1320 1693 faciendi
1346 1660 1385 1692 de
1410 1659 1603 1692 monialibus
1629 1658 1728 1701 ipsius
1753 1668 1826 1690 con-

1086 1718 1197 1746 ventus
1223 1714 1272 1745 vel
1295 1712 1427 1745 alterius
1448 1711 1550 1744 nostri
1567 1711 1708 1749 Ordinis,
1727 1716 1826 1754 prout

1086 1766 1186 1808 magis
1211 1766 1363 1809 expedire
1391 1765 1610 1803 iudicaverint,
1641 1775 1722 1807 quae
1755 1764 1826 1807 qui-

1088 1821 1160 1852 dem
1186 1819 1301 1853 electio
1326 1820 1365 1852 de
1402 1818 1542 1851 triennio
1579 1818 1611 1850 in
1649 1817 1824 1850 triennimu

1088 1878 1136 1905 est
1160 1882 1291 1914 semper
1315 1871 1452 1914 agenda.

1131 1935 1187 1957 vii.
1214 1924 1347 1957 Etiamsi
1379 1923 1536 1956 moniales
1570 1928 1700 1955 nostrae
1736 1922 1828 1955 insti-

1091 1982 1190 2009 tutum
1233 1982 1265 2010 et
1304 1982 1413 2010 votum
1453 1975 1688 2018 redemptionis
1726 1986 1827 2018 opero

1089 2031 1267 2073 adimplere
1283 2041 1346 2063 non
1365 2032 1502 2067 valeant,
1520 2029 1595 2071 quia
1613 2034 1720 2061 tamen
1736 2039 1826 2062 mens

1090 2089 1122 2116 et
1145 2083 1273 2116 animus
1299 2088 1373 2115 sunt
1398 2082 1472 2115 satis
1508 2082 1547 2114 ad
1583 2082 1760 2121 meritum,
1796 2088 1828 2114 et

1091 2136 1244 2169 ferventis
1262 2136 1369 2168 cordis
1387 2135 1490 2168 oratio
1510 2134 1683 2177 aliquando
1701 2134 1827 2166 vincula

1090 2189 1250 2228 contrivit,
1276 2188 1398 2221 idcirco
1426 2187 1584 2220 universis
1610 2187 1711 2219 nostri
1736 2186 1828 2220 Ordi-

1091 2242 1140 2274 nis
1165 2241 1359 2274 monialibus
1383 2239 1621 2279 constituimus,
1648 2246 1682 2271 ut
1707 2239 1740 2272 in
1757 2250 1828 2273 ora-

1091 2294 1231 2326 tionibus
1258 2298 1289 2325 et
1316 2292 1537 2336 spiritualibus
1568 2292 1729 2324 exercitiis
1755 2303 1828 2335 spe-

1091 2347 1214 2379 cialiter
1239 2351 1332 2378 orent
1357 2356 1417 2388 pro
1438 2345 1570 2388 captivis
1597 2350 1629 2378 et
1645 2345 1829 2388 redempto-

1091 2400 1191 2439 ribus,
1219 2409 1332 2432 eorum
1358 2398 1514 2438 maxime,
1539 2399 1615 2431 dum
1641 2398 1673 2430 in
1703 2399 1829 2432 redem-

1092 2452 1211 2496 ptionis
1236 2457 1310 2484 actu
1345 2457 1530 2492 versantur,
1557 2462 1616 2494 pro
1643 2451 1783 2494 quibus,
1810 2463 1825 2484 a

1093 2505 1283 2539 dimissione
1313 2496 1401 2538 illius
1433 2515 1532 2547 usque
1558 2505 1597 2537 ad
1630 2514 1827 2546 regressum,

1093 2559 1239 2591 eamdem
1264 2557 1529 2601 deprecationem
1549 2557 1579 2589 in
1597 2557 1700 2589 choro
1723 2557 1826 2589 facere

1094 2611 1332 2654 praecipin‘tus3
1355 2616 1452 2653 prout
1473 2609 1622 2652 superius
1643 2608 1784 2641 distinct.
1805 2618 1825 2642 L}

1094 2674 1164 2708 cap.
1192 2673 1235 2697 vn
1261 2663 1444 2696 ordinatum
1468 2668 1527 2695 est.

1819 291 1865 317 riu,
1885 291 1912 317 t).
1938 294 1997 317 12:¹1
