2254 3225
242 223 289 249 An.
307 223 336 250 c.
360 221 425 249 icat
471 212 535 245 614

288 601 422 622 Cnnssrmatiu

241 627 301 648 relati
317 629 403 649 decreti,

265 1970 386 1992 clausulae.

433 281 520 303 mum
545 269 674 313 capituli
693 269 854 312 generalis
881 269 920 301 ab
946 269 1056 302 eadem
1076 270 1166 301 sacra

433 323 694 367 Congregatione
721 323 772 355 die
795 333 847 356 xv1
872 321 1055 356 decembris
1090 320 1164 353 anni

432 387 612 410 MDchxvnl
638 375 877 415 confirmatum,
900 381 996 418 prout
1020 383 1167 418 praesen-

433 430 473 462 tis
498 429 620 463 decreti
646 429 756 471 vigore
776 428 894 461 servari
912 427 1081 467 mandavit,
1102 426 1167 469 qui-

432 483 635 526 buscumque
660 483 693 515 in
718 482 915 515 contrarium
947 491 1012 513 non
1038 480 1168 513 obstan-

434 537 535 572 tibus.
551 537 683 576 Romae,
697 545 776 568 xvui
791 534 970 567 decembris
987 541 1147 566 mocxctn»
1158 557 1165 563 .

478 590 493 633 ἓ
517 589 548 622 2.
575 588 651 622 Cum
676 593 793 627 autem,
812 587 895 619 sicut
918 585 1087 617 memorati
1108 584 1169 616 Eu-

434 642 630 686 phemianus
663 646 693 673 et
722 640 835 672 Petrus
864 639 1079 680 [lieronymus
1113 647 1170 669 no-

433 696 482 728 bis
507 694 643 727 subinde
674 692 792 735 exponi
829 692 989 729 fecerunt,
1024 689 1085 732 ipsi
1116 689 1170 722 de-

432 753 554 780 cretum
588 744 794 783 huiusmodi,
821 754 886 786 quo
911 742 1033 775 firmius
1066 742 1169 774 subsi-

432 806 496 833 stat
534 805 565 832 et
603 804 751 832 servetur
791 797 942 837 exactius,
970 795 1167 838 apostolicae

431 853 688 886 confirmationis
714 857 845 884 nostrae
877 849 1059 893 patrocinio
1085 859 1168 881 com-

430 906 551 939 muniri
568 914 773 947 summopere
784 903 984 936 desiderentt
996 901 1167 944 nos‚ipsos

429 958 689 1002 Eupliemianum
715 963 746 989 et
782 956 911 988 Petrum
938 955 1166 998 Hieronymum

430 1011 629 1054 specialibus
655 1009 815 1042 favoribus
836 1013 866 1041 et
883 1007 996 1050 gratiis
1016 1006 1167 1050 prosequi

429 1065 586 1103 volenteS,
613 1068 644 1095 et
667 1073 780 1095 eorum
806 1061 986 1103 singulares
1009 1070 1168 1103 personas

430 1128 447 1149 a
471 1117 638 1160 quibusvis
659 1114 1015 1153 excommunicationis,
1033 1123 1169 1156 suspen-

430 1170 532 1202 sionis
556 1175 588 1202 et
612 1168 786 1207 interdicti,
813 1167 949 1210 aliisque
975 1166 1168 1199 ecclesiasti-

430 1222 474 1254 cis
499 1221 678 1262 sententiis,
704 1221 850 1253 censuris
868 1225 899 1252 et
919 1219 1046 1262 poenis,
1064 1230 1081 1251 a
1100 1218 1168 1251 iure

429 1276 479 1308 vel
516 1275 555 1307 ab
593 1275 735 1314 homine,
773 1274 886 1317 quavis
911 1273 1083 1306 occasione
1119 1274 1168 1306 vel

430 1330 527 1361 causa
542 1328 624 1368 latis,
640 1328 664 1360 si
680 1327 795 1370 quibus
811 1326 1058 1370 quomodolibet
1077 1326 1170 1359 inno-

432 1381 525 1414 datae
545 1380 697 1421 existunt,
715 1381 753 1413 ad
780 1380 926 1413 ellectum
951 1380 1169 1422 praesentium

431 1434 598 1466 dumtaxat
632 1432 908 1476 consequendum,
945 1432 1058 1464 barum
1085 1433 1168 1465 serie

430 1485 635 1518 absolventes
661 1490 692 1517 et
716 1485 881 1518 absolutas
901 1484 967 1517 sore
985 1490 1168 1523 censentes,

430 1538 722 1582 supplicationibus
758 1548 871 1571 eorum
907 1537 1041 1570 nomine
1075 1537 1169 1570 nobis

430 1601 527 1634 super
551 1591 614 1624 hoc
637 1590 805 1623 humiliter
830 1590 988 1633 porrectis
1013 1590 1168 1629 inclinati,

431 1644 596 1677 decretum
613 1644 867 1687 ‘praeinsertutm
886 1643 1075 1676 auctoritate
1098 1654 1171 1686 apo-

430 1697 553 1738 stolica,
570 1703 682 1730 tenore
696 1696 926 1740 praesentium,
942 1697 1170 1730 confirmamus

431 1755 462 1782 et
485 1750 715 1793 approbamus,
741 1749 855 1791 illique
881 1749 1078 1782 inviolabilis
1097 1760 1171 1793 apo!

431 1802 562 1836 stolic'ae
579 1802 739 1834 firmitatis
757 1802 857 1834 robur
874 1802 1062 1834 adiicimus:
1083 1804 1170 1835 salva

433 1861 538 1888 tamen
564 1865 693 1898 semper
718 1855 751 1887 in
776 1855 961 1898 praemissis
981 1856 1170 1888 auctoritate

433 1913 627 1941 memoratae
652 1907 920 1950 Congregatiouis
945 1908 1168 1941 cardinalium.

476 1962 490 2004 ἓ
515 1960 547 1994 3.
569 1961 803 2001 Decernentes,
824 1960 953 1993 easdem
978 1965 1171 2003 praesentes

432 2014 557 2047 litteras
579 2023 706 2056 semper
726 2013 844 2052 firmas,
872 2013 994 2045 validas
1013 2018 1044 2045 et
1064 2013 1167 2045 effica-

432 2077 485 2099 ces
505 2066 643 2099 existere
675 2071 707 2098 et
735 2065 814 2107 sore,
840 2076 982 2109 suosque
1002 2066 1169 2109 plenarios

433 2125 465 2153 et
483 2120 630 2162 integros
657 2118 791 2151 efl'ectus
819 2118 928 2151 sortiri
951 2124 983 2151 ct
1009 2120 1168 2161 obtinere,

433 2184 469 2207 ac
500 2172 593 2206 dictis
619 2172 844 2215 Euphemiano
877 2178 908 2205 et
932 2172 1027 2205 Petro
1056 2173 1169 2207 Hiero-

434 2236 540 2270 nymo,
567 2225 714 2268 aliisque,
737 2225 776 2258 ad
801 2235 882 2268 quos
907 2230 1033 2268 spectat
1054 2232 1085 2259 et
1110 2237 1170 2270 pro

435 2286 581 2322 tempore
613 2278 785 2321 spectabit,
819 2278 850 2310 in
883 2279 1032 2311 omuibus
1059 2285 1089 2312 et
1113 2291 1171 2323 per

434 2332 542 2365 omnia
566 2331 756 2374 plenissime
783 2330 951 2373 suflragari
968 2358 975 2371 ,
1003 2338 1034 2364 et
1058 2333 1097 2365 ab
1123 2333 1169 2365 eis

435 2384 612 2428 respective
622 2383 853 2417 inviolabiliter
868 2384 1041 2425 observari,
1058 2385 1170 2429 sicque

434 2439 467 2470 in
497 2437 685 2480 praemissis
711 2447 771 2479 per
795 2448 1017 2480 quoscui‘ntpie
1047 2438 1170 2472 iudices

434 2490 618 2523 ordinarios
640 2495 671 2522 ct
689 2490 865 2532 delegatos
887 2491 982 2522 ctiam
1003 2502 1170 2525 causarum

387 2570 391 2575 .
434 2543 547 2587 palatii
572 2542 743 2585 apostoti.·i
773 2543 946 2581 auditores,
983 2544 1117 2576 iudicari
1140 2551 1169 2577 ct

436 2597 561 2631 definiri
598 2596 736 2633 debere,
765 2607 800 2628 ac
832 2596 957 2627 irritum
990 2602 1019 2627 ot
1051 2597 1168 2639 inane,

1007 219 1085 243 BULL
1091 219 1188 243 Artmttt
1210 219 1228 243 R
1234 218 1365 243 ottANUttt

1208 268 1232 300 si
1251 279 1341 301 secus
1358 278 1456 311 super
1473 268 1523 300 liis
1540 278 1557 300 a
1575 279 1745 311 quoquam,
1765 270 1876 310 quavis
1891 280 1944 302 au-

1208 321 1369 361 ctoritate,
1388 321 1529 354 scienter
1548 323 1597 354 vel
1617 322 1818 364 ignoranter,
1840 323 1944 357 conti-

1209 373 1292 415 gerit
1308 374 1473 407 attentari.

1253 426 1268 468 g
1292 425 1323 458 4.
1344 426 1415 459 Non
1435 427 1639 460 obstantibus
1657 428 1943 463 constitutionibus
1979 441 2135 462 Contrariorum

1953 467 2071 493 derogatio.

1210 482 1243 509 et
1266 479 1524 512 ordinationibus
1560 481 1770 522 apostolicis,
1790 492 1840 522 ac,
1866 492 1944 525 qua-

1210 535 1304 562 tenus
1341 541 1422 574 opus
1448 531 1509 571 sit,
1544 533 1648 565 dictae
1679 533 1945 576 Congregationis

1210 583 1464 623 monachorum,
1490 585 1592 617 etiam*
1611 585 1803 625 iuramento,
1827 587 1946 619 confir-

1211 636 1352 668 matione
1390 638 1588 679 apostolica,
1627 639 1677 672 vel
1701 639 1812 681 quavis
1851 639 1946 672 firmi-

1213 693 1275 720 tate
1307 688 1370 720 alia
1398 690 1574 729 roboratis,
1596 691 1724 723 statutis
1751 697 1784 724 et
1806 702 1946 726 consue-

1212 740 1400 782 tudinibus,
1438 742 1616 785 privilegiis
1653 754 1801 788 quoque,
1837 745 1946 779 indul-

1211 794 1250 826 tis
1290 800 1322 827 et
1364 796 1480 828 litteris
1523 797 1713 840 apostolicis
1748 798 1781 830 in
1822 803 1948 832 contra-

1209 846 1291 878 rium
1312 848 1567 890 praemissorum
1591 850 1840 892 quomodolibet
1869 861 1948 884 con-

1210 909 1321 939 cessis,
1345 900 1540 934 confirmatis
1572 907 1604 934 et
1627 902 1803 943 innovatis;
1831 904 1946 946 quibus

1210 953 1360 985 omnibus
1402 959 1433 986 et
1464 955 1616 997 singulis,
1647 956 1779 988 illorum
1818 962 1948 989 tenores

1210 1006 1435 1048 praesentibus
1460 1018 1520 1049 pro
1538 1008 1701 1050 expressis
1726 1019 1763 1041 ac
1789 1009 1827 1042 de
1849 1009 1947 1042 verbo

1211 1059 1250 1091 ad
1266 1059 1400 1092 verbum
1425 1059 1557 1093 insertis
1579 1060 1747 1101 habentes,
1768 1061 1834 1094 illis
1867 1061 1947 1095 alias

1211 1111 1244 1143 in
1279 1121 1336 1144 suo
1363 1112 1481 1144 robore
1517 1113 1752 1154 permansuris,
1784 1114 1823 1146 ad
1854 1124 1949 1157 prae-

1212 1164 1386 1197 missorum
1407 1164 1565 1205 ellectum,
1590 1166 1652 1198 hac
1674 1166 1744 1199 vice
1769 1167 1947 1207 dumtaxat,

1212 1217 1398 1259 specialiter
1423 1223 1454 1250 et
1479 1228 1632 1260 expresse
1659 1219 1875 1261 derogamus;
1901 1230 1950 1253 ce-

1213 1270 1356 1312 terisque
1386 1271 1558 1303 contrariis
1591 1271 1859 1314 quibuscumque.

1255 1323 1369 1356 Datum
1396 1323 1537 1363 Romae,
1565 1325 1651 1366 apud
1677 1324 1708 1357 S.
1736 1325 1869 1357 Mariam
1891 1325 1950 1359 Ma-

1211 1375 1324 1416 iorem,
1339 1377 1399 1408 sub
1411 1379 1532 1410 annulo
1547 1377 1732 1417 Piscatoris,
1748 1378 1800 1410 die
1814 1388 1851 1411 ιιι
1865 1378 1951 1421 apri-

1212 1429 1250 1463 lis
1270 1439 1420 1469 uncxciv,
1435 1430 1644 1473 pontificatus
1666 1431 1769 1463 nostri
1791 1441 1878 1463 anno
1896 1441 1946 1464 ιιι.

1249 1490 1307 1516 itai.
1326 1491 1372 1516 die
1392 1491 1407 1516 3
1427 1491 1520 1525 aprilis
1542 1492 1621 1524 1694,
1642 1491 1741 1527 pontis.
1763 1500 1833 1520 anno
1852 1498 1890 1519 ιιι.

1490 1633 1661 1667 LXXXVII.

1212 1711 1445 1744 Emendunlar
1489 1713 1582 1745 binae
1620 1714 1884 1754 constitutiones,
1912 1714 1950 1747 de

1256 1765 1454 1808 abroyandi's
1497 1766 1643 1798 cliscrelis
1683 1777 1742 1810 pro
1794 1768 1950 1810 capitulis

1255 1819 1399 1860 fratrum
1415 1819 1704 1861 Cuppuccinortmv,
1720 1820 1762 1852 ad
1775 1820 1863 1853 alias
1876 1831 1951 1863 pro-

1256 1872 1381 1904 vincias
1404 1872 1608 1914 Araqoniae,
1638 1872 1828 1913 Valentiae,
1860 1874 1951 1907 Cata-

1258 1923 1402 1965 lattniae,
1430 1925 1604 1958 Sardiniae
1628 1929 1656 1958 et
1680 1926 1855 1959 Maioricae
1867 1925 1887 1960 ¹.

1389 2005 1584 2033 Innocentius
1605 2007 1684 2040 Papa
1703 2006 1768 2038 XII,

1358 2050 1394 2076 ad
1414 2050 1547 2077 futuram
1567 2051 1611 2077 rei
1631 2051 1812 2078 memoriam.

1258 2121 1272 2164 ξ
1288 2121 1317 2154 l.
1334 2121 1419 2154 Alias
1434 2132 1491 2164 pro
1503 2127 1593 2165 parte
1609 2122 1765 2155 carissimi
1776 2122 1809 2155 in
1820 2122 1950 2156 Christo
1960 2133 2082 2179 ςιιιῖῑιιιιιιπιιιιζιι
2093 2138 2142 2179 nln-

1959 2175 1963 2178 .
2013 2163 2015 2172 ¹
2030 2168 2054 2179 c·
2073 2166 2089 2176 ¹·v
2121 2169 2142 2180 υ-

1214 2173 1270 2206 silii
1297 2174 1398 2206 nostri
1424 2174 1527 2207 Caroli
1554 2175 1780 2217 Hispaniarum
1798 2175 1883 2217 regis
1902 2186 2005 2208 εει-οων.

1215 2226 1330 2260 tliolici
1354 2227 1447 2260 nobis
1473 2227 1630 2270 exposito,
1657 2229 1743 2270 qnod
1770 2233 1833 2261 tam
1858 2239 1951 2271 prae-

1216 2280 1377 2313 dictorum
1404 2286 1435 2312 et
1469 2280 1626 2313 Minorum
1663 2281 1764 2313 sancti
1790 2281 1953 2315 Francisci

1252 2387 1265 2413 1
1299 2385 1402 2412 Harum
1433 2386 1654 2412 constitutionum
1683 2385 1770 2421 prima
1801 2386 1872 2414 edita
1902 2388 1953 2416 fuit

1215 2437 1348 2463 tuocxctu,
1370 2430 1413 2457 die
1432 2430 1466 2457 29
1486 2430 1588 2463 martii,
1609 2431 1702 2465 pontis.
1724 2438 1764 2465 111,
1784 2431 1869 2459 altera
1889 2441 1952 2461 vero

1215 2481 1346 2508 uncxcut,
1367 2475 1409 2501 die
1430 2475 1461 2501 12
1480 2474 1653 2509 septembris,
1674 2479 1749 2509 pont.
1770 2482 1812 2509 111;
1834 2477 1860 2502 in
1887 2485 1952 2504 con-

1214 2520 1268 2545 stit.
1289 2519 1332 2545 ed.
1353 2525 1475 2551 MDcxcvt,
1497 2518 1539 2544 die
1562 2520 1593 2544 14
1611 2520 1725 2553 augusti,
1745 2525 1820 2555 pout.
1842 2527 1877 2553 vt,
1894 2522 1952 2557 agi-

1214 2568 1256 2588 tur
1276 2562 1308 2589 de
1329 2563 1377 2597 iis,
1399 2562 1444 2597 qui
1464 2566 1525 2588 suut
1545 2563 1604 2589 loco
1632 2563 1808 2591 discretorum
1835 2565 1950 2600 abroga-

1213 2612 1310 2633 torum.

1947 221 1994 248 An.
2017 222 2045 249 fl.
2069 223 2135 250 1694
