2254 3225
234 208 282 234 An.
299 208 329 235 C.
353 206 420 234 1692

466 198 531 231 46⁶2

423 255 496 289 dem
520 255 616 290 Curia
640 248 799 289 hactenus
818 254 994 288 constituta
1012 264 1069 287 seu
1087 263 1161 286 con-

423 309 568 350 stitutos,
592 315 704 343 tenore
728 309 949 353 praesentium
975 307 1106 350 penitus
1131 310 1163 339 et

423 363 556 397 omnino
581 364 833 408 supprimimus,
859 362 1022 395 abolemus
1048 365 1080 396 ct
1108 360 1163 393 ab-

422 427 601 460 rogamus,
627 428 662 450 ae
694 422 869 460 propterea
893 416 933 449 ad
965 414 1047 447 viam
1082 413 1161 446 iuris

423 470 610 503 reducimus
635 470 744 503 omnia
768 474 800 502 et
821 470 949 512 singula
968 467 1105 507 indulta,
1122 467 1164 499 sa-

423 524 557 556 cultates
578 528 611 556 et
633 523 802 566 privilegia
825 520 968 555 habendi
986 531 1045 554 seu
1062 520 1164 564 depu-

424 576 514 609 tandi
539 580 603 609 tam
623 576 656 609 in
673 576 777 619 prima
794 586 888 619 quam
902 575 935 607 in
951 574 1163 608 ulterioribus

423 628 586 662 instantiis
600 639 711 662 omnes
737 622 924 672 praedictos
949 627 1162 671 particulares

1003 202 1181 229 nummum
1204 196 1360 227 Romnum

1203 251 1384 284 modolibet
1422 239 1670 283 inservientium
1702 249 1817 283 iisdem
1856 249 1937 284 locis

1203 304 1278 348 piis,
1305 304 1501 346 illorumque
1525 303 1620 337 bonis
1639 308 1671 337 et
1690 303 1818 344 tenutis,
1840 303 1938 336 etiam

1204 368 1277 390 cum
1314 357 1479 401 quibusvis
1504 356 1707 391 facultatibus
1735 361 1767 391 et
1796 357 1939 390 auctori-

1205 411 1321 444 tatibus
1346 411 1485 455 eligendi
1512 410 1656 444 notarios
1669 411 1729 444 sibi
1753 411 1938 452 benevisos,

1204 474 1239 496 ac
1262 464 1461 507 procedendi
1482 464 1663 504 summarie,
1690 464 1728 497 de
1744 464 1851 507 plano,
1868 465 1939 498 sola

1204 517 1276 549 sacti
1307 517 1441 550 veritate
1464 517 1627 560 inspecta,
1651 516 1720 549 sine
1745 518 1883 561 strepitu
1907 522 1940 551 et

1204 568 1305 613 figura
1318 569 1440 610 iudicii,
1455 580 1553 603 manu
1567 570 1665 612 regia,
1680 579 1717 602 ae
1736 580 1939 613 quacumque

1204 623 1438 666 appellatione,
1461 622 1704 662 reclamatione,
1724 632 1868 663 recursu,
1892 633 1940 656 re-

1942 198 1992 225 Αη.
2011 198 2046 234 c.v
2058 198 2126 226 1692

427 681 552 715 iudices
569 692 773 726 quocumque
787 682 920 715 nomine
945 685 1164 725 nuncupatos,
1182 636 1187 741 i
1204 674 1338 715 visione,
1364 675 1623 718 supplicatione,
1650 685 1708 708 SOU
1731 675 1939 709 restitutione

424 745 461 767 ac
493 736 589 768 etiam
628 745 822 774 assessores,
859 734 1164 777 congregationibus
1183 746 1187 784 t
1205 728 1237 760 in
1262 728 1425 771 integrum
1449 728 1600 769 l'ssrssOtiS,
1628 739 1682 762 seu
1707 739 1779 762 cum
1805 729 1877 763 aliis
1900 729 1941 763 si-

424 787 522 820 etiam
546 787 577 820 S.
605 788 642 820 R,
679 788 714 820 E,
745 788 981 828 cardinalium,
1019 787 1165 820 ecclesiis
1205 780 1336 814 milibus
1357 786 1410 814 aut
1425 781 1600 814 maioribus
1616 781 1829 823 facultatibus,
1845 783 1941 816 etiam

425 846 457 873 et
479 840 637 881 basilicis,
662 842 758 874 etiam
787 840 1070 884 patriarchalibus,
1096 851 1165 873 mo-
1205 844 1264 877 pssl'
1288 844 1346 868 nOS
1373 839 1405 867 et
1428 844 1651 878 quoscumque
1675 834 1839 868 Romanos
1860 835 1942 868 Pon-

423 894 585 935 nasteriiS,
600 894 750 935 abbatiis,
771 894 929 936 collegiis,
947 894 1043 926 etiam
1061 894 1165 926 natio·
1207 886 1306 921 tifices
1330 887 1601 931 praedecessores
1625 893 1766 929 nostros,
1783 889 1843 923 sub
1868 889 1940 933 qui-

423 947 571 988 nalibus,
597 947 692 980 etiam
717 948 776 980 sub
802 948 876 979 cura
901 951 934 980 et
962 947 1165 980 administra-
1205 940 1310 973 busvis
1331 940 1506 975 verborum
1528 941 1696 975 tenoribus
1721 947 1752 975 et
1768 942 1892 983 formis,
1910 948 1942 975 et

424 999 515 1033 tione
540 1001 812 1044 presbyterorum
830 1010 885 1033 seu
904 1000 1094 1033 clericorum
1114 1011 1165 1034 re·
1183 987 1188 1046 '1
1205 1003 1276 1025 cum
1300 993 1557 1037 (IUibUSCUquC
1590 994 1685 1027 ettam
1718 995 1942 1038 dsssOgfltOPia·

424 1053 587 1095 gularium
619 1053 788 1087 Societatis
824 1053 894 1086 Iesu
929 1053 1140 1087 existentibus
1156 1081 1163 1095 ,
1182 1051 1185 1083 t
1204 1056 1275 1079 sum
1300 1046 1524 1089 defogfltffl'itS,
1538 1046 1675 1090 altisque
1693 1047 1940 1089 effisssssstOFtffllS,

424 1106 736 1149 arcbihospitalibus
765 1111 797 1139 et
814 1106 1050 1150 hospitalibus,
1067 1107 1163 1140 etiam
1183 1085 1186 1146 Ι
1205 1099 1451 1139 efficacissimis,
1478 1105 1510 1132 et
1534 1099 1673 1133 issSOlittS
1697 1101 1869 1143 ClssUSUltS»
1906 1113 1942 1136 ³0

424 1158 531 1191 Sancti
545 1159 681 1202 Spiritus
701 1159 734 1192 in
752 1159 846 1192 Saxia
862 1165 894 1193 et
909 1159 1161 1204 Neophytorum,
1181 1148 1185 1188 t
1204 1152 1408 1185 irritantibus
1434 1156 1466 1185 et
1490 1151 1561 1185 allis
1588 1152 1737 1194 decretis,
1762 1153 1795 1186 tn
1820 1165 1941 1197 genere

424 1212 858 1254 archieoufraternitatibus,
882 1213 1160 1246 confraternitati-

423 1264 492 1305 bus,
519 1264 613 1298 etiam
627 1265 895 1299 Annunciationis
909 1266 1028 1299 Beatae
1046 1266 1162 1300 Mariae

424 1317 576 1360 Virginis,
602 1318 766 1351 montibus
791 1317 887 1352 etiam
914 1319 1065 1363 pietatis,
1094 1330 1163 1353 mo-

424 1371 577 1404 nasteriis
596 1371 693 1404 etiam
710 1372 884 1405 mulierum
910 1373 1160 1415 poenitentium,

424 1423 608 1463 Ordinibus,
619 1425 940 1467 congregationibus,
955 1430 985 1458 et
996 1425 1160 1466 institutis,

425 1477 520 1509 etiam
537 1476 706 1510 Societatis
724 1477 803 1518 lesu,
822 1478 922 1510 curiis
939 1484 971 1511 et
990 1478 1161 1518 iudicibus,

426 1529 523 1561 etiam
549 1529 663 1571 Burgi,
690 1534 722 1562 et
756 1530 828 1563 Arci
854 1531 883 1563 S.
912 1531 1044 1574 Angeli‚
1079 1532 1163 1565 mili-

425 1580 476 1613 tiis
502 1580 599 1614 etiam
633 1582 737 1614 saneti
769 1581 897 1615 Ioannis
928 1584 1163 1628 Hierosolymi-

425 1634 513 1673 tani,
541 1635 801 1678 quibuscumque
832 1636 1098 1671 universitatibus
1131 1643 1163 1671 et

426 1687 718 1720 consultationibus
744 1687 841 1720 etiam
866 1689 995 1730 artium,
1023 1700 1159 1723 conser-

425 1740 567 1780 vatoriis,
594 1739 743 1773 domibus
767 1740 842 1784 piis,
867 1742 964 1774 etiam
982 1744 1084 1775 almae
1106 1743 1161 1776 do-

426 1794 491 1826 mui
509 1793 718 1833 Lauretanae,
740 1793 882 1836 capellis,
899 1795 995 1827 etiam
1011 1796 1049 1829 ad
1067 1796 1162 1829 Prae·

426 1857 503 1890 sepe
529 1847 599 1879 Iesu
633 1847 750 1879 Christi
790 1853 822 1879 et
857 1848 1008 1891 imaginis
1044 1849 1162 1883 Beatae

426 1900 541 1932 Mariae
570 1899 708 1941 Virginis
743 1899 775 1931 in
811 1899 946 1933 basilica
980 1901 1011 1934 S.
1044 1901 1160 1935 Mariae

426 1953 563 1994 Maioris,
589 1952 753 1992 altaribus,
776 1953 959 1996 ceterisque
986 1954 1057 1987 aliis
1082 1955 1161 1987 locis

426 2007 498 2049 piis,
524 2016 728 2049 quocumque
746 2006 869 2048 pariter
885 2007 1017 2040 nomine
1038 2018 1163 2041 nuncu-

1202 1206 1253 1238 vel
1278 1205 1310 1238 in
1335 1205 1454 1249 specie,
1481 1205 1578 1238 etiarn
1609 1211 1714 1247 motu,
1741 1207 1876 1241 scientia
1910 1213 1943 1241 et

1203 1259 1373 1302 potestatis
1398 1258 1602 1301 plenitudine
1625 1259 1773 1303 paribus,
1800 1271 1836 1293 ac
1860 1270 1940 1294 con-

1204 1312 1417 1352 sistorialiter,
1442 1312 1492 1344 vel
1518 1311 1558 1345 ad
1575 1312 1791 1355 imperatoris,
1814 1324 1941 1358 regum,

1182 1367 1183 1372 ’
1202 1365 1399 1408 reginarum,
1426 1365 1743 1408 rerumpublicarum
1771 1371 1803 1400 ct
1822 1367 1942 1410 princi-

1204 1429 1281 1462 pum
1302 1418 1526 1462 quorumlibet
1550 1429 1663 1461 preces
1689 1424 1721 1452 et
1743 1419 1939 1459 instantiam.

1204 1483 1259 1505 scu
1274 1482 1387 1504 eorum
1405 1471 1682 1514 contemplatione
1707 1477 1739 1505 et
1762 1473 1890 1514 intuitu,
1905 1485 1940 1506 ac

1205 1525 1300 1558 etiam
1318 1524 1351 1556 in
1372 1523 1482 1557 limine
1497 1524 1708 1565 fundationis,
1729 1536 1785 1558 seu
1806 1536 1842 1559 ex
1861 1537 1940 1570 qua-

1204 1588 1340 1621 cumque
1365 1578 1549 1617 causa‚non
1575 1582 1681 1610 tamen
1702 1588 1778 1612 vere
1793 1583 1938 1621 onerosa,

1203 1631 1354 1664 videlicet
1377 1639 1541 1673 congruae
1568 1634 1599 1662 et
1629 1629 1791 1665 effectivae
1812 1633 1941 1666 solutio-

1203 1684 1253 1717 nis
1278 1683 1429 1716 Gamerae
1453 1688 1584 1716 nostrae
1608 1683 1752 1726 legitime
1778 1684 1890 1726 sactae,
1910 1691 1942 1718 et

1203 1746 1267 1771 non
1293 1737 1386 1777 alias,
1411 1736 1462 1769 vel
1486 1746 1547 1779 pro
1567 1736 1655 1769 bono
1683 1737 1814 1780 publico
1848 1738 1942 1782 spiri-

1205 1791 1280 1825 tuali
1306 1795 1361 1823 aut
1385 1788 1565 1832 temporali,
1592 1789 1688 1823 etiam
1712 1800 1748 1824 ex
1770 1792 1864 1824 causa
1877 1795 1941 1825 stu-

1204 1844 1257 1885 dii,
1283 1849 1338 1876 aut
1361 1842 1540 1875 catholicae
1573 1841 1667 1883 fidei,
1694 1853 1730 1875 ac
1754 1843 1833 1876 alias
1859 1854 1940 1888 quo-

1203 1896 1384 1930 modolibet
1407 1895 1441 1928 in
1465 1894 1662 1927 contrarium
1682 1895 1940 1938 praemissorum

1203 1959 1378 1988 concessa,
1402 1947 1591 1981 confirmata
1615 1952 1647 1981 et
1671 1949 1848 1991 approbata
1864 1976 1871 1990 ,
1905 1959 1941 1982 ac

1180 2003 1325 2053 {pluries
1336 2007 1381 2050 ⁴et
1406 2000 1670 2044 quantiscumque
1695 2001 1818 2034 vicibus
1849 2002 1942 2036 inno-

426 2058 517 2101 patis,
532 2069 585 2091 scu
612 2058 830 2091 cardinalibus
857 2069 970 2092 eorum
995 2065 1162 2103 protecto·
1179 2055 1183 2093 t
1202 2063 1282 2098 vata,
1301 2051 1420 2099 quibus
1438 2054 1587 2087 omnibus
1603 2059 1634 2086 et
1650 2054 1795 2096 singulis,
1815 2054 1939 2088 etiamsi

426 2112 526 2152 ribus,
553 2111 855 2155 archipresbyteris,
871 2113 1052 2153 abbatibus,
1077 2125 1161 2147 vica-
1179 2098 1183 2130 .*

424 2165 502 2205 riis,
527 2164 664 2208 aliisque
689 2165 1003 2199 administratoribus
1029 2167 1160 2209 quibus-

425 2228 571 2261 cumque,
589 2228 623 2250 ac
638 2218 818 2261 praesectis,
834 2218 927 2251 etiam
939 2219 1047 2262 palatii
1058 2221 1158 2252 nostri

425 2271 608 2315 apostolici,
628 2270 659 2302 in
686 2271 851 2314 quibusvis
878 2272 982 2304 causis
1012 2273 1159 2306 civilibus

425 2324 644 2358 criminalibus
670 2329 724 2356 aut
748 2324 869 2365 mixtis,
895 2325 1005 2358 activis
1031 2332 1063 2358 ct
1087 2336 1159 2368 pas-

424 2378 497 2411 sivis
516 2377 671 2410 dictarum
691 2377 911 2418 ecclesiarum,
926 2378 1071 2410 locorum
1093 2378 1159 2420 piu-

424 2442 505 2471 rum,
533 2430 734 2473 aliorumque
761 2440 868 2472 supra,
896 2441 1022 2463 necnon
1050 2441 1158 2462 eorum

424 2484 609 2518 officialium
627 2511 634 2524 ‚
659 2483 851 2526 dignitatum
871 2511 878 2524 ,
904 2483 1158 2523 canonicorum,

424 2537 707 2576 beneficiatorum,
733 2536 993 2575 affietuariorum,
1026 2537 1159 2579 emphy-

425 2595 595 2631 tentatum,
622 2590 827 2628 colonorum,
854 2589 1054 2631 aliorumque
1081 2599 1159 2631 quo-

1202 2120 1261 2153 pro
1288 2109 1418 2141 illorum
1451 2106 1623 2139 sufficienti
1655 2107 1867 2149 derogatione
1900 2108 1939 2140 de

1202 2163 1266 2196 illis
1282 2170 1462 2204 eorumque
1481 2160 1556 2192 totis
1571 2158 1757 2192 tenoribus¹
1775 2161 1939 2203 specialis,

1202 2216 1362 2260 specifica,
1389 2224 1539 2257 expressa
1564 2218 1596 2246 et
1620 2213 1798 2253 individua,
1832 2225 1869 2247 ac
1899 2214 1938 2247 de

1202 2270 1299 2302 verbo
1324 2268 1364 2301 ad
1388 2267 1531 2305 verbum,
1556 2276 1622 2298 non
1648 2271 1753 2299 autem
1779 2276 1837 2309 per
1853 2268 1940 2300 clau-

1202 2323 1288 2355 sulas
1315 2321 1484 2363 generales
1504 2319 1589 2351 idem
1608 2318 1828 2361 importantes,
1848 2330 1939 2352 men-

1203 2376 1245 2408 tio
1270 2385 1327 2407 seu
1354 2373 1486 2417 quaevis
1515 2372 1577 2404 alia
1607 2371 1772 2414 expressio
1787 2372 1938 2405 habenda

1203 2435 1253 2461 aut
1282 2428 1392 2471 aliqua
1416 2427 1478 2459 alia
1495 2425 1651 2468 exquisita
1677 2431 1709 2457 et
1728 2430 1816 2458 certa
1836 2426 1939 2459 forma

1203 2483 1240 2515 ad
1268 2482 1331 2513 boc
1355 2480 1508 2512 servanda
1528 2479 1620 2519 soret,
1641 2478 1773 2512 illorum
1794 2478 1938 2512 omnium

1203 2541 1235 2568 et
1259 2534 1460 2576 singulorum
1488 2538 1629 2572 tenores,
1656 2532 1793 2573 formas,
1829 2542 1939 2565 causas

1241 2597 1249 2622 t
1274 2595 1344 2621 Edit.
1361 2594 1440 2622 Malu.
1461 2594 1527 2630 tegit
1548 2594 1654 2622 tenoris
1674 2596 1711 2629 (Β.
1728 2595 1778 2627 τ.).
