2227 3225
123 243 170 270 Αιι,
192 242 219 269 (1.
237 242 301 270 lssssi

297 2530 299 2532 ·
312 2524 422 2552 tamen
436 2519 531 2552 etiam
549 2519 682 2552 adhaec
698 2519 802 2553 officia
817 2520 961 2564 praefata
974 2531 1047 2554 con-

909 241 1115 265 INM'ffitCN'Ht's

313 294 400 326 iuxta
417 292 521 326 bullas
538 291 590 325 SS.
608 291 652 324 Pii
668 290 703 324 tv
723 290 892 335 utriusque
906 290 1046 333 collegio
1066 290 1069 320 ἶ

311 345 492 389 respective
517 355 700 378 concessas.

354 409 410 432 vn.
437 397 578 431 Ulterius
597 398 631 430 in
649 407 751 440 regno
771 396 893 430 Galliae
912 407 1048 438 congre-

311 451 409 495 gatio,
423 461 505 495 quae
521 451 638 484 dieitur
652 449 855 490 Parisiensis,
873 455 982 483 erecta
996 460 1048 482 au-

310 505 458 538 ctoritate
475 505 660 548 apostolica,
677 504 780 537 donec
798 503 829 536 in
847 503 1046 546 provinciam

310 558 436 598 evadat,
463 558 521 591 sub
550 558 615 591 illis
642 557 765 599 legibus
791 557 1046 589 conservandam

310 621 382 645 esse
408 610 623 650 decernimus,
650 620 730 653 quas
749 609 796 642 illi
817 609 916 642 Sedes
935 609 1047 642 eadem

311 664 498 708 Apostolica
522 663 743 703 ordinaverit;
769 662 803 695 in
835 662 970 706 reliquis
995 673 1048 694 au-

310 722 383 757 tem,
398 717 587 751 huiusmodi
604 715 891 750 constitutionibus
912 715 1046 749 omnino
1067 719 1070 746 t

310 771 489 804 subiaceat.

352 834 420 857 vm.
448 823 563 857 Adhuc
588 822 786 866 provinciam
819 821 937 861 Italiae,
965 831 1046 865 quae

307 881 482 920 utcumque
521 876 560 909 de
596 875 749 908 fratribus
786 875 985 908 naturalibus
1017 880 1048 907 et

307 941 370 963 non
397 929 507 973 paucis
525 930 564 963 de
585 929 741 972 Hispania
765 928 982 969 constituitur,
1001 928 1047 961 sic

307 983 340 1017 in
357 983 572 1016 electionibus
590 982 797 1026 provincialis
815 981 1046 1015 moderandam

308 1047 378 1070 esse
404 1036 627 1076 decernimus,
654 1035 741 1079 quod
774 1035 927 1068 videlicet
950 1035 983 1067 in
1010 1037 1046 1067 ca

308 1095 456 1123 servetur
480 1089 613 1123 omnino
639 1090 804 1122 decretum
829 1089 880 1122 SS.
901 1088 992 1122 Pauli
1010 1089 1044 1128 V,

309 1143 418 1176 datum
456 1143 576 1176 Romae
609 1143 694 1186 apud
726 1142 757 1175 S.
791 1142 922 1174 Mariam
951 1141 1046 1174 Maio-

307 1207 375 1229 rem
401 1196 453 1229 die
491 1206 535 1229 xu
570 1195 651 1228 iunii
677 1205 813 1235 mmlx,
838 1194 1045 1238 pontificatus

309 1249 358 1282 sui
379 1259 465 1282 anno
485 1259 533 1289 XV,
555 1248 587 1280 in
608 1257 672 1292 quo
686 1247 886 1291 praecipitur
901 1252 934 1280 ut
954 1257 1046 1290 prae-

309 1302 394 1335 dicta
413 1301 529 1335 electio
553 1301 762 1345 provincialis
786 1301 949 1344 praefatae
970 1310 1045 1343 pro-

306 1355 431 1388 vinciae
464 1355 534 1388 iure
570 1354 794 1387 alternationis
830 1353 1046 1386 constituatur

308 1407 393 1440 inter
417 1407 600 1450 praedictos
617 1407 733 1439 fratres
752 1407 912 1449 Hispanos
927 1416 963 1438 ex
981 1406 1044 1438 una

307 1465 408 1503 parte,
422 1465 455 1492 et
468 1459 610 1503 reIIquos
629 1459 744 1492 fratres
758 1459 854 1492 Italos
873 1469 911 1491 cx
932 1459 1042 1497 altera,

308 1513 488 1546 secundum
523 1513 801 1546 consuetudinem
830 1512 986 1545 hactenus
1011 1511 1043 1544 in

309 1568 346 1600 ea
369 1571 538 1607 servatam,
560 1567 603 1599 ita
621 1577 737 1610 nempe
754 1570 790 1598 ut
810 1566 848 1599 ad
870 1566 1044 1598 fruendum

307 1619 472 1663 praedicta
504 1619 692 1652 alternativa
725 1619 860 1652 sufficiat
891 1618 1043 1662 Hispanis

306 1672 460 1704 fratribus
484 1672 616 1715 adoptio
642 1682 701 1715 per
718 1671 976 1714 quinquennium
997 1671 1045 1704 in-

307 1728 435 1767 tegrum
460 1725 493 1757 in
518 1723 553 1758 ea
575 1722 741 1767 provincia
767 1735 784 1756 a
801 1725 870 1756 solo
890 1725 1044 1766 magistro

309 1776 456 1819 generali
481 1787 649 1810 concessa.
679 1777 753 1809 Illos
780 1781 889 1809 autem
910 1787 990 1820 quos
1006 1777 1045 1810 eo

308 1829 463 1872 magister
487 1830 558 1873 ipse
578 1840 644 1862 non
663 1830 797 1870 miserit,
822 1835 982 1873 perpetuo
1006 1829 1045 1862 ab

309 1882 471 1915 universis
491 1881 638 1915 eiusdem
660 1882 845 1925 provinciae
868 1881 1047 1915 honoribus

310 1934 517 1974 abdicamus,
550 1934 646 1967 etiam
681 1934 708 1966 si
743 1934 875 1967 aliunde
902 1935 1047 1978 praefato

310 1986 494 2030 adoptionis
520 1992 669 2030 tempore
694 1987 868 2029 gaudeant.

353 2051 397 2074 lx.
423 2040 538 2073 Parem
561 2040 818 2073 vicissitudinem
844 2040 930 2074 inter
954 2052 1048 2084 prae-

311 2094 414 2128 dictos
439 2093 605 2127 observari
634 2094 856 2137 praecipimus
891 2101 1046 2138 quantum

311 2148 351 2181 ad
376 2147 556 2182 electiones
581 2147 788 2182 definitorum
813 2152 846 2181 et
872 2149 1048 2182 electorum

310 2200 511 2243 generalium
527 2227 534 2241 ,
557 2200 602 2233 ita
625 2200 778 2234 videlicet
806 2206 842 2234 ut
865 2211 993 2244 semper
1016 2202 1048 2234 in

310 2253 459 2297 capitulis
484 2253 649 2297 quaelihet
684 2264 758 2297 pars
795 2259 828 2287 et
860 2255 1049 2288 alternativa

310 2317 409 2340 unu'n
426 2317 464 2340 ex
484 2317 517 2340 se
534 2306 739 2340 definitorem
756 2312 852 2351 atque
873 2308 1049 2341 electorem

311 2360 501 2402 generalem
526 2360 693 2400 sortiatur;
720 2370 818 2403 quam
843 2360 940 2393 etiam
964 2361 1049 2394 divi-

311 2412 437 2446 sionem
460 2418 492 2446 et
519 2418 639 2446 sortem
665 2413 750 2446 inter
774 2413 861 2457 ipsos
886 2424 946 2457 pro
972 2414 1049 2447 deti-

311 2465 472 2499 nitoribus
500 2466 686 2510 provinciae
712 2467 900 2507 statuimus,
925 2469 1047 2500 servata

313 2571 437 2605 ditione
460 2571 655 2615 adoptionis.
682 2572 966 2606 Commendatores
991 2584 1047 2606 au-

313 2629 378 2658 tem
412 2623 443 2656 S.
475 2623 608 2657 Ursulae
637 2624 787 2668 Neapolis
813 2631 844 2659 et
875 2626 906 2659 S.
933 2627 1044 2660 Annae

357 2724 362 2725 ⁷
382 2686 559 2715 Butl‘Rom.
574 2701 607 2707 -—
628 2687 687 2716 Vol.
703 2688 764 2716 XX.
906 2688 940 2716 48

1142 242 1183 264 xu
1208 241 1256 265 rr.
1727 234 1791 267 277

1090 289 1240 322 Panormi
1266 299 1396 333 semper
1422 290 1495 332 eligi
1522 291 1639 323 debent
1660 292 1698 324 de
1719 293 1829 335 llispa-

1090 343 1150 383 nis,
1165 344 1280 387 quibus
1295 344 1409 377 domus
1424 343 1629 386 consignatae
1644 350 1729 376 sunt.
1741 345 1830 377 Com-

1090 397 1263 429 mendator
1289 406 1366 429 vero
1400 396 1521 430 Romae
1554 397 1729 429 secundum
1754 407 1830 430 con-

1090 450 1297 482 suetudinem
1324 450 1475 492 eligatur.

1133 513 1163 535 x.
1190 502 1228 535 Et
1252 503 1406 545 quoniam
1432 503 1516 545 apud
1543 503 1649 536 Intlias
1676 502 1814 536 Occiden

1091 556 1169 588 tales
1195 555 1228 588 in
1253 555 1422 598 provincia
1447 555 1592 594 Quitensi
1612 560 1768 598 quantum
1789 557 1830 589 ad

1090 608 1296 651 provincialis
1321 608 1463 642 otticium
1489 609 1602 642 similis
1628 609 1713 651 viget
1733 609 1830 642 alter-

1090 661 1188 694 nandi
1206 663 1407 695 consuetudo
1426 662 1509 695 inter
1528 662 1687 704 Hispanos
1705 662 1830 695 scilicet

1089 719 1122 747 et
1140 714 1208 747 eius
1225 714 1368 756 regionis
1388 715 1556 757 indigenas
1574 715 1612 748 ab
1629 715 1700 758 ipsa
1715 714 1829 758 IIispa-

1089 767 1144 800 nia
1174 768 1349 809 oriundos;
1370 768 1492 801 idcirco
1517 768 1639 811 pariter
1663 768 1830 801 constitui-

1089 831 1169 861 mus,
1188 826 1222 854 ut
1242 821 1409 864 praedicta
1426 821 1599 854 alternatio
1617 821 1830 863 intelligenda

1089 874 1131 907 sit
1152 879 1310 917 quatenus
1335 885 1372 907 cx
1396 876 1534 918 utraque
1555 879 1645 917 parte
1678 879 1830 918 suppetat

1089 927 1135 959 vir
1161 927 1280 961 habilis
1305 927 1393 960 iuxta
1424 927 1672 960 constitutiones
1701 932 1828 960 nostras

1839 244 1885 270 An.
1908 243 1936 270 C.
1957 243 2019 269 tG‘Jt

1090 981 1128 1013 ad
1147 980 1414 1023 provincialatuni
1433 979 1649 1023 pt·ae(lictuni;
1669 985 1713 1019 et,
1733 990 1829 1023 quan-
1848 1023 1849 1027 Ἰ

1089 1038 1155 1066 tuni
1180 1034 1219 1066 ad
1244 1033 1419 1076 Hispanos,
1447 1033 1535 1076 qnod
1561 1032 1711 1066 similiter
1735 1043 1830 1076 prae-

1089 1087 1182 1119 cedat
1205 1085 1350 1129 quinque
1376 1096 1536 1119 annorum
1554 1086 1700 1128 adoptio,
1717 1086 1830 1119 statui-

1087 1144 1214 1178 maaet
1237 1149 1324 1171 nune
1348 1139 1458 1172 denuo
1484 1139 1686 1172 declaramus
1701 1139 1740 1171 de
1757 1138 1829 1171 uni-

1087 1193 1188 1225 versis
1212 1192 1393 1225 honoribus
1419 1197 1451 1224 et
1475 1192 1686 1234 dignitatibus
1711 1192 1750 1224 ab
1769 1192 1829 1224 liu*

1087 1245 1224 1278 iusmodi
1251 1245 1405 1278 fratribus
1430 1244 1579 1288 Hispanis
1604 1245 1637 1277 in
1662 1244 1829 1287 praedicta

1088 1303 1120 1331 et
1143 1298 1277 1341 reliquis
1310 1297 1474 1332 Indiarum
1511 1297 1689 1340 provinciis
1723 1297 1828 1341 impe-

1088 1350 1224 1383 trandis.

1129 1414 1173 1436 xl.
1199 1403 1243 1436 De
1261 1403 1413 1437 omnibus
1429 1403 1563 1446 insuper
1581 1403 1759 1446 provinciis
1778 1403 1828 1436 In-

1087 1457 1223 1497 diarum,
1239 1462 1394 1500 quantum
1420 1457 1459 1490 ad
1482 1458 1609 1490 vocales
1628 1457 1702 1490 inde
1718 1458 1755 1489 ad
1774 1467 1827 1500 ge-

1086 1511 1195 1543 nerale
1230 1510 1407 1553 capitulum
1439 1510 1632 1543 accedentes
1652 1537 1659 1551 ‚
1692 1510 1829 1543 tirmiter

1087 1563 1325 1603 constituimus,
1338 1567 1382 1603 ut,
1397 1563 1471 1606 quia
1490 1564 1585 1605 longa
1603 1568 1635 1595 et
1647 1563 1827 1596 vastissima

1087 1623 1159 1650 sunt
1174 1617 1212 1650 ab
1231 1617 1295 1650 illis
1311 1617 1501 1660 regionibus
1520 1617 1647 1657 itinera,
1668 1622 1732 1650 tam
1753 1628 1828 1660 pro-

1087 1671 1240 1704 vinciales
1263 1681 1359 1714 quam
1386 1670 1576 1704 definitores
1610 1675 1641 1703 et
1667 1671 1826 1704 electores

1089 1726 1256 1768 generales
1292 1734 1402 1757 earum
1438 1724 1678 1767 provinciarum
1696 1750 1703 1764 ,
1730 1724 1827 1757 etiam

1090 1779 1218 1821 expleto
1244 1787 1319 1810 suae
1345 1777 1515 1810 electionis
1541 1776 1692 1817 triennio,
1711 1786 1770 1819 per
1795 1787 1829 1808 u-

1089 1841 1166 1863 num
1192 1830 1331 1873 amplius
1357 1839 1475 1862 annum
1502 1831 1559 1862 sua
1584 1830 1726 1872 gaudere
1748 1839 1828 1862 voce

1089 1883 1123 1916 in
1147 1883 1288 1926 capitulo
1306 1909 1313 1922 ,
1339 1883 1436 1915 modo
1473 1893 1537 1915 non
1564 1881 1771 1925 superveniat
1795 1881 1829 1913 in

1090 1934 1202 1969 elidem
1225 1946 1301 1969 voce
1335 1945 1505 1968 successor
1537 1935 1570 1968 in
1594 1934 1745 1978 sequenti
1770 1934 1829 1967 im-

1090 1989 1228 2022 mediato
1254 1993 1328 2032 post
1363 1988 1557 2021 electionem
1584 1987 1829 2031 praedictorum

1091 2043 1224 2075 electus.
1240 2039 1326 2079 Quae
1347 2041 1464 2081 omnia,
1486 2046 1520 2072 ut
1539 2040 1608 2073 sine
1626 2040 1736 2073 litibus
1757 2050 1831 2073 eve-

1091 2095 1191 2133 niant,
1217 2093 1368 2127 fidelibus
1393 2093 1619 2126 instrumentis
1646 2093 1685 2126 de
1704 2098 1830 2135 tempo-

1090 2158 1124 2181 re
1149 2146 1318 2180 electionis
1345 2156 1456 2179 eorum
1485 2156 1558 2179 esse
1585 2146 1830 2189 comprobanda

1092 2199 1319 2244 praecipimus,
1335 2198 1421 2231 iuxta
1438 2199 1609 2232 decretum
1627 2198 1761 2241 capituli
1777 2209 1832 2241 ge-

1091 2253 1192 2286 nerali
1210 2251 1437 2285 Catalaunibus
1452 2262 1469 2284 a
1491 2250 1657 2284 Clemente
1673 2251 1737 2283 VIII
1754 2261 1832 2284 con-

1091 2306 1259 2346 firmatum,
1278 2305 1329 2338 die
1353 2315 1410 2338 vni
1427 2304 1615 2337 novembris
1632 2313 1767 2337 MDxClV.

1135 2371 1154 2393 1.
1180 2359 1258 2393 Cum
1282 2363 1395 2392 nostra
1420 2358 1533 2392 domus
1554 2358 1830 2391 Barchinonensis

1873 2364 1943 2386 Cirri-
1958 2365 1992 2386 lV.

1879 2392 1909 2412 Ile
1933 2392 2022 2417 speciali

1091 2413 1131 2446 sit
1155 2412 1298 2456 profecto
1326 2411 1424 2445 totius
1441 2411 1571 2444 Ordinis
1593 2416 1695 2454 caput,
1715 2411 1747 2444 in
1766 2419 2023 2455 quarce==u1u=2<10m=1s

1839 2447 1924 2465 nostrae
1936 2445 2023 2465 Barchi-

1091 2476 1205 2499 revera
1222 2470 1452 2509 processerunt
1468 2463 1555 2497 illius
1573 2463 1676 2504 initia;
1695 2463 1937 2504 idcircostwnvnsis
1956 2477 2022 2496 ‹iunu-

1840 2500 1880 2517 tum
1897 2497 1922 2516 :iil
1937 2498 2024 2517 electio-

1090 2519 1173 2552 hanc
1209 2519 1277 2551 eius
1311 2517 1538 2561 antiquitatem
1571 2521 1604 2549 et
1636 2516 1987 2559 dignitatemnemintons-

1088 2573 1307 2613 attendentes,
1333 2576 1428 2615 atque
1454 2571 1624 2615 pristinam
1657 2571 1726 2604 eius
1750 2581 1828 2603 con-

1088 2626 1294 2660 suetudinem
1320 2630 1479 2669 perpetuo
1504 2624 1668 2659 observari
1699 2624 1828 2658 deside-
