2254 3225
240 242 288 269 Αη.
309 241 337 268 G.
358 240 422 267 teat
471 229 534 261 ΝΥ»
1007 230 1186 256 mJLLAffiUM
1211 228 1364 253 Romnum
1946 221 1993 248 An.
2014 221 2043 247 C·
2062 221 2123 248 1691

475 298 518 321 v1.
544 287 579 320 In
604 285 739 329 reliquis
769 288 873 317 autem
898 281 1084 326 provinciae
1109 280 1164 312 do·
1250 287 1271 311 1.
1298 276 1378 310 Cum
1402 275 1435 308 in
1452 274 1570 308 Ordine
1589 272 1716 306 statutis
1734 268 1935 314 temporibus
1967 276 2107 302 ctmxvn.

431 340 556 380 mibus,
581 339 635 372 ubi
667 337 841 371 novitiatus
872 345 938 369 non
975 334 1113 372 existat,
1139 331 1164 364 si
1207 330 1372 364 silentium
1397 327 1561 362 observari
1586 327 1724 366 debeat,
1752 330 1784 358 et
1815 334 1873 367 pro
1898 332 1936 355 eo
1948 309 2128 357 00„¹v'‡n2²„.⁰‚'3¹“²'⁰

432 394 547 427 fratres
571 392 748 436 professos,
782 400 862 433 quos
887 388 1022 422 clericos
1047 391 1077 418 et
1099 395 1166 417 non
1185 422 1187 432 4
1207 383 1342 426 aliisque
1363 381 1504 415 zelandis
1517 391 1615 413 unum
1634 379 1765 412 fratrem
1786 375 1936 410 adhiberi

433 447 639 490 presbyteros
664 453 903 486 nuncupamus,
918 441 1031 474 adesse
1056 437 1163 471 conti-
1185 458 1187 480 1
1207 440 1377 478 oporteat,
1403 445 1500 478 quem
1526 434 1702 466 zelatorem
1725 435 1781 464 aut
1804 430 1938 462 circato-

434 500 526 543 gerit,
551 509 681 541 semper
706 497 737 529 in
756 497 818 529 alio
842 495 913 527 loco
939 491 1073 536 speciali
1099 494 1131 522 et
1150 500 1167 521 a
1185 486 1187 504 ²
1206 498 1276 521 rem
1301 487 1458 527 dicimus;
1486 486 1606 519 idcirco
1627 485 1668 518 de
1685 489 1794 517 cetero
1818 481 1940 516 consti-

434 553 638 596 reliquorum
664 549 814 583 convictu
840 551 990 590 separato
1015 547 1166 586 receptos
1187 577 1188 580 ¹
1208 541 1351 579 tuimus,
1376 545 1411 572 ut
1434 549 1552 571 munus
1583 538 1669 571 istud
1696 548 1826 580 semper
1849 546 1940 569 exer-

436 605 593 639 contineri
619 603 847 647 praecipimus,
872 600 931 633 sub
956 599 1031 631 cura
1059 602 1167 629 tamen
1186 585 1188 645 ἶ
1209 597 1279 625 ceat
1303 592 1441 625 vicarius
1466 595 1655 630 conventus,
1673 590 1736 633 qui,
1755 590 1816 622 sub
1835 589 1939 622 tacitis

437 664 469 691 et
492 658 670 691 directione
707 655 803 688 unius
835 652 979 697 provecti
1010 649 1168 694 probique
1187 648 1188 658 ¹
1209 645 1298 677 horis
1324 645 1442 688 quibus
1473 644 1568 677 silere
1591 643 1866 685 constringimur,
1892 652 1942 675 se-

437 711 552 751 sratris,
578 710 632 753 qui
657 709 698 741 sit
723 713 755 740 et
779 706 903 740 dicatur
926 704 1079 746 magister
1096 711 1170 744 pro·
1210 697 1271 729 mol
1297 702 1352 729 aut
1375 697 1498 740 pluries
1525 701 1623 730 totam
1648 696 1778 729 domum
1806 695 1941 739 eiusque

438 764 607 802 sessorum,
625 761 677 805 qui
694 771 749 793 eos
765 758 952 793 essentialia
965 755 1094 789 Ordinis
1116 755 1171 787 do·
1189 741 1192 781 i
1211 750 1354 782 officinas
1371 754 1402 783 et
1422 751 1492 783 loca
1508 750 1592 783 intra
1613 750 1792 782 clausuram
1816 759 1943 792 peram-

439 820 518 855 ceat,
555 819 586 847 et
610 813 754 846 instituta
789 812 960 853 bonosque
992 817 1101 841 mores
1137 806 1171 838 in
1210 802 1317 842 bulet,
1343 807 1383 841 et,
1409 802 1433 834 si
1459 802 1576 835 alicubi
1602 802 1732 835 fratrem
1752 803 1803 835 vel
1828 802 1942 835 fratres

438 866 781 901 novitiatihus‘tradita
800 873 964 906 nunquam
991 862 1030 894 ab
1055 861 1101 893 eis
1119 870 1172 891 ex·
1211 854 1371 887 invenerit
1396 855 1451 897 qui
1476 861 1588 888 eontra
1603 854 1795 897 religionem
1819 855 1870 888 vel
1888 855 1944 888 de-

440 921 554 954 cedere
580 920 745 963 permittat
764 945 771 958 ‚
799 916 947 961 quinimo
973 915 1012 948 ad
1037 914 1092 946 illa
1116 912 1173 945 ob·
1212 907 1310 940 hitam
1343 907 1547 940 honestatem
1580 909 1711 950 regulae
1742 907 1865 950 aliquid
1896 909 1944 941 lo-

439 973 597 1017 iurgando
624 978 655 1005 et
678 971 844 1015 puniendo
869 971 1071 1012 promoveat.
1190 950 1192 1017 i
1213 961 1277 994 cuti
1304 960 1422 993 suerint
1452 961 1502 993 vel
1527 960 1683 1000 fecerint,
1720 961 1943 995 auctoritatem

269 1040 336 1059 socr
351 1038 405 1075 111.
484 1038 505 1060 1.
533 1027 567 1059 111
592 1025 728 1068 singulis
746 1022 959 1057 conventibus
975 1018 1170 1064 provinciae,
1191 1022 1193 1061 j
1214 1014 1330 1047 habeat
1347 1024 1402 1047 eos
1425 1013 1625 1055 corripiendi
1651 1015 1828 1046 seeundum
1851 1015 1945 1048 sacul-

248 1068 473 1113 ioiiifui'ifflifflssin
498 1080 615 1123 quibus
641 1077 849 1121 provincialis
876 1074 1029 1117 expedire
1055 1070 1193 1123 iudica-p
1215 1072 1312 1100 tatem
1344 1078 1361 1099 a
1396 1067 1541 1109 praelato
1572 1072 1776 1109 susceptam:
1802 1068 1887 1109 quod
1918 1067 1944 1100 si

247 1121 288 1140 ω’
441 1134 529 1172 verit,
548 1133 630 1166 duos
655 1130 890 1164 examinatores
913 1127 1067 1165 instituat,
1094 1134 1174 1168 quo·
1192 1133 1194 1143 ¹
1214 1119 1299 1162 apud
1324 1118 1451 1161 aliquos
1481 1118 1709 1150 dissolutiones
1740 1120 1946 1152 commenda-

442 1197 512 1218 rum
537 1195 674 1218 censura
698 1183 804 1226 primo
831 1186 861 1214 et
886 1179 1060 1223 praecipue
1080 1177 1174 1209 subii-
1192 1161 1195 1224 ff
1214 1172 1274 1205 tori
1300 1182 1364 1204 non
1390 1171 1533 1204 silendas
1554 1171 1731 1213 agnoverit,
1752 1182 1804 1204 eas
1822 1172 1869 1205 illi
1887 1183 1945 1206 suo

443 1238 543 1270 cimus
568 1247 681 1270 omnes
700 1235 753 1278 qui
775 1233 929 1267 accedant
943 1232 982 1264 ad
1002 1230 1175 1272 suscipien·
1193 1266 1195 1281 Ι
1214 1229 1360 1267 tempore
1387 1223 1531 1265 deserat,
1556 1223 1605 1256 vel
1631 1223 1758 1266 gravius
1783 1224 1852 1267 ipse
1877 1235 1948 1257 cor-

444 1291 517 1323 dum
546 1290 698 1328 habitum,
717 1293 749 1320 et
773 1297 829 1319 eos
847 1285 986 1328 probent
1011 1284 1093 1316 circa
1111 1282 1176 1314 sus-
1194 1294 1195 1299 ¹
1215 1277 1297 1319 rigat
1321 1281 1353 1309 et
1376 1276 1547 1315 emendet,
1571 1276 1616 1308 ita
1647 1276 1772 1309 scilicet
1795 1283 1831 1309 ut
1862 1288 1946 1310 sem-

445 1343 616 1376 ficientiam
642 1342 673 1373 in
700 1339 815 1373 litteris
848 1342 878 1371 et
902 1337 1110 1379 capacitatem
1136 1335 1175 1367 ad
1193 1325 1195 1330 ’
1215 1339 1275 1372 per
1299 1333 1384 1361 totus
1410 1333 1583 1360 conventus
1608 1328 1639 1360 in
1665 1328 1772 1361 debita
1791 1330 1948 1372 tranquil-

444 1397 532 1436 illas,
554 1395 671 1438 quibus
692 1391 890 1430 examinatis,
909 1389 1029 1423 debent
1046 1387 1176 1421 omnino
1196 1390 1197 1394 ’
1217 1382 1304 1414 litate
1331 1386 1363 1413 et
1386 1381 1493 1424 quiete
1519 1381 1720 1423 temporibus
1737 1381 1853 1414 silendi
1874 1392 1948 1425 per-

445 1449 587 1482 fideliter
599 1447 723 1480 referre
741 1444 882 1487 capitulo
908 1446 1083 1475 conventus
1101 1440 1176 1483 quid
1216 1439 1355 1467 maneat.

447 1503 485 1536 de
511 1501 575 1534 illis
592 1500 735 1533 sentiant
756 1498 841 1530 circa
858 1495 1025 1535 meritum3
1049 1505 1110 1538 qua
1128 1503 1178 1526 su-
1196 1483 1198 1525 i
1261 1497 1296 1520 ΙΙ.
1322 1486 1387 1519 Neo
1408 1496 1468 1529 per
1488 1486 1551 1519 hoc
1568 1486 1767 1519 intendimus
1788 1496 1950 1520 commen-

447 1566 505 1599 per
529 1565 563 1587 re
590 1563 718 1586 servare
745 1551 896 1584 studeant
916 1559 998 1592 quae
1028 1547 1177 1590 superius
1197 1571 1199 1592 ἡ
1219 1541 1363 1573 datorem
1395 1550 1431 1572 cx
1469 1539 1616 1582 praefato
1653 1541 1779 1572 zelandi
1815 1550 1949 1574 munere

448 1609 523 1642 dist.
557 1617 588 1640 1v
624 1616 694 1649 cap.
722 1616 729 1636 1
761 1610 792 1637 et
826 1613 855 1636 v1
889 1600 1104 1635 stabilivimus
1139 1599 1177 1632 de
1198 1612 1199 1618 ¹
1219 1594 1401 1632 sublevare,
1429 1592 1494 1624 imo
1520 1592 1627 1624 denuo
1648 1591 1695 1624 illi
1720 1593 1949 1635 praecipimus,

448 1660 635 1705 praedietis,
1198 1638 1253 1691 {ut
1279 1651 1340 1678 tam
1366 1645 1451 1677 circa
1476 1643 1656 1676 custodiam
1683 1644 1798 1677 domus
1817 1649 1848 1677 et
1865 1645 1952 1678 clau-

493 1725 529 1748 11.
555 1712 709 1746 Similiter
738 1710 777 1742 ad
812 1719 867 1742 eos
893 1706 1035 1751 pertinet
1061 1705 1180 1738 exami-
1199 1708 1200 1717 ³
1221 1709 1326 1738 surae,
1353 1708 1448 1740 quam
1473 1697 1558 1729 circa
1575 1697 1715 1739 quietem
1741 1702 1772 1729 et
1797 1698 1954 1740 tranquil-

449 1777 526 1800 nare
553 1767 667 1798 fratres
694 1762 892 1796 ordinandos
925 1765 956 1792 et
982 1770 1037 1792 eos
1062 1759 1116 1801 qui
1142 1758 1181 1790 ad
1221 1752 1344 1785 litatem
1370 1750 1477 1789 illius,
1503 1759 1632 1791 semper
1655 1754 1691 1781 ut
1721 1759 1815 1782 verus
1839 1755 1953 1793 pastor

450 1820 555 1854 studia
579 1819 762 1852 litterarum
787 1814 935 1847 mittendi
962 1818 1055 1851 suut,
1083 1822 1118 1843 ac
1143 1812 1180 1844 de
1223 1810 1254 1837 Θῑ
1277 1803 1464 1836 fflsstlbiator
1488 1801 1644 1843 invigilet.

451 1875 597 1916 ipsorum
623 1868 812 1902 sufficientia
836 1865 1027 1909 provinciali
1061 1875 1096 1896 ae
1132 1859 1203 1899 ea-{
1267 1867 1289 1889 1.
1317 1856 1397 1888 Dum
1422 1855 1536 1886 fratres
1570 1859 1698 1886 nostros
1722 1859 1835 1896 urgeat
1859 1854 1955 1887 itinc-
1978 1861 2147 1908 Cffivrstt}'vstipf'e

451 1926 555 1969 pitulo
581 1927 758 1956 conventus
778 1919 957 1962 respective
983 1928 1076 1949 suum
1103 1912 1203 1949 111111-’
1225 1910 1314 1942 randi
1342 1907 1537 1944 necessitas,
1564 1907 1672 1939 nullus
1702 1907 1786 1940 viani
1813 1907 2014 1960 instituatim·h
2038 1914 2148 1966 {imm

1982 1944 1984 1959 Ε
2025 1947 2078 1959 1-(11
2111 1947 2127 1960 s-

453 1979 538 2012 cium
564 1987 599 2009 ex
626 1985 730 2017 aequo
756 1974 922 2014 detegere:
955 1980 1109 2013 quocirca
1138 1969 1185 2012 ip-
1203 1952 1206 1999 ἶ
1226 1963 1287 1995 nisi
1314 1962 1351 1994 de
1377 1960 1507 1993 licentia
1538 1959 1672 2001 praelati
1704 1959 1881 2001 superioris
1905 1947 1977 1992 vele

454 2032 520 2064 sius
546 2026 761 2062 conscientias
786 2034 967 2064 oneramus,
990 2033 1029 2055 ne
1056 2022 1184 2054 fratrem
1205 2025 1207 2061 ᾗ,
1227 2012 1499 2048 commendatoris
1532 2011 1711 2054 respective
1742 2011 1829 2044 iuxta
1863 2011 1955 2045 ordi-

456 2084 596 2126 aliquem
615 2082 788 2114 immature
810 2079 847 2110 ad
866 2076 1111 2120 philosophiam
1129 2085 1187 2107 seu
1206 2065 1209 2115 ¹,
1228 2074 1299 2101 nata
1324 2067 1472 2110 superius
1509 2065 1713 2097 distinctione
1749 2063 1959 2107 praecedenti

458 2134 655 2176 theologiam
681 2131 869 2175 approbent,
897 2134 927 2162 et
951 2127 1124 2171 praecipue
1150 2127 1187 2159 ad
1229 2132 1299 2164 cap.
1318 2130 1393 2159 xxm
1413 2118 1467 2162 qui
1491 2128 1567 2150 vero
1593 2127 1686 2149 secus
1706 2117 1829 2157 audeat,
1847 2117 1961 2160 punia-

459 2198 567 2221 sacros
593 2185 723 2219 ordines
748 2181 988 2225 suscipiendos,
1017 2190 1058 2211 ne
1084 2180 1131 2211 vel
1157 2179 1188 2211 in
1208 2172 1211 2228 ξ
1230 2180 1280 2207 tur
1305 2174 1392 2205 iuxta
1417 2182 1454 2204 ea
1478 2170 1622 2214 proxime
1649 2169 1794 2211 dicenda,
1821 2174 1853 2202 et
1883 2168 1961 2202 alibi

459 2241 565 2275 studio
580 2238 719 2282 perdant
735 2245 879 2278 operam,
893 2235 941 2266 vel
962 2233 993 2265 in
1012 2233 1181 2265 ministran
1210 2236 1212 2250 t
1231 2228 1292 2260 iam
1318 2225 1505 2269 praemissa.

461 2296 502 2329 do
519 2292 611 2326 altari
637 2291 766 2323 stultum
785 2288 959 2320 exhibeant
983 2286 1119 2318 Domino
1137 2285 1192 2316 1111-
1276 2292 1309 2314 11.
1338 2279 1453 2312 Omnes
1473 2277 1587 2309 fratres
1605 2275 1745 2308 viatores
1763 2274 1890 2307 Ordinis
1909 2285 1963 2308 no-

461 2345 644 2380 nisterium.
671 2343 701 2375 Si
727 2352 808 2384 quos
834 2345 940 2372 autem
966 2339 997 2370 in
1025 2338 1096 2370 aliis
1121 2348 1193 2369 exa·
1233 2334 1289 2367 stri
1315 2342 1422 2365 secum
1448 2335 1608 2374 perpetuo
1642 2329 1744 2360 serant
1776 2328 1807 2359 in
1837 2327 1965 2370 scriptis

462 2398 632 2432 minandos
658 2394 863 2436 susceperint
888 2391 946 2423 sibi
969 2402 985 2423 a
1003 2389 1192 2433 provinciali
1234 2387 1431 2431 praedictam
1458 2382 1622 2416 licentiam
1654 2381 1700 2412 sui
1727 2380 1890 2424 praelati,
1916 2381 1966 2412 vel

464 2449 663 2487 commissos,
688 2456 819 2488 semper
844 2454 914 2476 cum
941 2443 1101 2485 aequitate
1128 2452 1195 2484 pro·
1236 2441 1357 2473 litteras
1373 2435 1614 2472 testimoniales,
1629 2444 1708 2476 quas
1720 2433 1842 2475 ubique
1865 2437 1969 2465 osten-

465 2504 592 2542 cedant,
617 2512 657 2533 ne
693 2501 725 2532 in
757 2509 811 2531 eos
842 2497 926 2529 Deus
953 2497 1069 2528 damna
1093 2500 1196 2526 retor-
1238 2494 1314 2525 dere
1339 2490 1477 2522 valeant.
1497 2487 1527 2520 Si
1553 2492 1659 2519 autem
1686 2496 1738 2518 eas
1763 2495 1829 2517 non
1851 2485 1967 2524 serant,

467 2561 573 2600 queat,
591 2564 671 2598 quae
693 2564 730 2587 ex
752 2561 863 2585 eorum
889 2548 1127 2593 approbatione
1142 2548 1196 2579 de·
1238 2556 1298 2578 nec
1322 2542 1491 2586 epistolam
1521 2539 1894 2577 commendatitiam,aut
1909 2537 1970 2569 alia

466 2608 626 2645 venerint.
1241 2598 1452 2630 instrumenta
1470 2602 1534 2626 11011
1552 2592 1735 2630 exhibeant,
1750 2599 1855 2633 neque
1874 2589 1971 2621 aliun-
