2254 3225
215 236 264 262 Aa.
286 236 314 260 c.
336 234 402 260 noa
449 226 512 259 [1520

231 926 341 952 Dei-agitio
350 932 398 947 con-

216 955 337 976 uariorum.

256 1242 318 1263 Fidon
342 1244 398 1264 tran·

214 1272 353 1295 sumptorum.

408 293 459 316 ces
479 283 615 317 existere
634 289 665 316 et
681 284 766 324 sore,
782 294 919 327 suet-que
934 284 1097 327 plenarios
1112 288 1141 315 ct

408 335 552 379 integros
577 336 708 370 effectus
736 337 842 370 sortiri
869 343 900 370 ct
924 337 1083 375 obtinere,
1107 347 1141 368 ac

408 389 494 429 illis,
518 390 557 423 ad
583 401 663 433 quos
698 395 824 434 spectat
856 395 883 423 at
910 400 969 433 pro
996 395 1142 432 tempore

408 443 577 485 spectabit,
596 443 628 476 in
654 444 802 476 omnibus
819 448 851 476 et
870 453 929 486 per
947 442 1055 475 omnia
1075 442 1143 484 ple-

408 495 542 530 nissime
564 496 740 538 suflragari,
758 496 870 538 sicque
896 495 929 527 in
955 494 1142 538 praemissis

408 559 466 592 pei·
484 559 703 593 quoscumque
718 548 838 581 iudices
854 548 1036 581 ordinarios
1049 552 1080 580 et
1093 547 1145 580 de—

409 603 542 646 legatos,
565 602 661 635 etiam
690 612 855 634 causarum
872 601 984 645 palatii
1015 605 1145 644 aposto-

410 655 464 688 lici
489 655 670 694 auditores,
695 654 831 688 iudicari
868 660 899 687 et
928 654 1056 688 definiri
1082 654 1141 687 de-

409 707 496 747 bere,
525 718 560 740 ac
585 707 710 740 irritum
741 712 772 740 ct
796 707 904 747 inane,
931 708 958 740 si
976 717 1068 740 secus
1094 717 1144 739 su-

409 770 468 803 per
488 759 538 792 his
563 771 580 793 a
605 770 777 803 quoquam,
796 760 909 803 quavis
943 760 1143 799 auctoritate,

409 812 551 845 scienter
582 812 631 845 vel
667 812 873 855 ignoranter,
903 812 1076 856 contigerit
1100 818 1144 845 at-

409 865 540 899 tentari.

452 919 466 963 ᾖ
490 918 521 952 5.
544 919 614 952 Non
632 918 834 952 obstantibus
858 919 1145 953 constitutionibus

409 979 442 1007 et
473 972 735 1007 ordinationibus
772 973 987 1016 apostolicis,
1014 983 1144 1005 necnon

408 1026 559 1060 omnibus
576 1026 641 1059 illis
659 1037 739 1069 quae
758 1026 950 1069 supradictis
969 1026 1144 1059 Clementis

408 1079 674 1124 praedecessoris
687 1079 803 1111 litteris
817 1089 972 1112 concessa
989 1084 1066 1111 sunt
1079 1089 1143 1112 non

409 1133 559 1172 obstare,
586 1132 770 1175 ceterisque
807 1131 978 1165 contrariis
1010 1131 1144 1174 quibus-

409 1196 558 1229 cumque.

452 1239 467 1281 ἓ
501 1239 531 1272 6.
563 1238 718 1272 Volumus
752 1243 860 1271 autem
890 1243 925 1270 ut
957 1239 1143 1271 earumdem

407 1292 628 1335 praesentium
646 1291 827 1325 litterarum
845 1291 1066 1334 transumptis,
1086 1302 1144 1324 seu

408 1345 574 1388 exemplis,
588 1345 685 1377 etiam
702 1345 885 1388 impressis,
900 1355 995 1377 manu
1010 1344 1144 1378 alicuius

407 1398 528 1430 notarii
545 1397 666 1441 publici
684 1397 883 1440 subscriptis,
904 1403 935 1430 et
952 1397 1058 1439 sigillo
1077 1409 1146 1441 per-

407 1461 507 1485 sonae
525 1450 558 1482 in
579 1450 798 1483 ecelesiastica
824 1450 980 1493 dignitate
997 1451 1146 1483 constitu-

408 1509 459 1537 tae
479 1503 623 1542 munitis,
642 1503 755 1536 eadem
776 1514 910 1546 prorsus
927 1503 1007 1536 tides
1032 1509 1094 1535 tam
1114 1504 1144 1536 in

408 1556 530 1589 iudicio
548 1567 643 1599 quam
663 1561 752 1589 extra
771 1557 850 1590 illud
872 1557 1044 1597 habeatur,
1064 1567 1146 1599 qnae

407 1608 488 1652 ipsis
511 1609 741 1652 praesentibus
777 1609 954 1641 haberetur
979 1608 1006 1641 si
1041 1608 1146 1641 forent

408 1661 573 1695 exhibitae
587 1662 638 1694 vel
657 1666 817 1694 ostensae.

451 1714 564 1747 Datum
588 1713 728 1753 Romae,
746 1714 831 1757 apud
849 1713 880 1747 S.
900 1714 1030 1747 Mariam
1048 1714 1146 1747 Maio·

407 1777 487 1806 rem,
505 1767 562 1799 sub
579 1769 698 1800 annulo
716 1767 895 1807 Piscatoris,
911 1767 962 1800 die
981 1778 991 1801 1
1009 1773 1146 1811 septem-

408 1819 474 1852 bris
491 1829 648 1859 MDCXCtH,
658 1819 864 1863 pontificatus
877 1820 982 1853 nostri
996 1830 1082 1853 anno
1096 1830 1143 1854 111.

443 1880 502 1908 Dat.
519 1880 562 1908 die
586 1884 591 1907 t
617 1881 780 1917 septembris
803 1880 879 1916 1093,
901 1881 995 1916 pontif.
1017 1889 1086 1909 anno
1106 1887 1144 1909 111.

723 1997 754 2022 Ο

722 2041 823 2075 LXIV.

408 2129 629 2163 Declaranlur
652 2130 748 2163 nulla
772 2129 876 2163 edicta
893 2131 1053 2174 praetoris
1074 2130 1144 2164 Cre-

452 2183 611 2216 monensis
642 2183 680 2216 cle
709 2183 919 2216 celebratione
941 2184 1014 2226 sesti
1037 2185 1144 2217 sancti

451 2236 533 2269 Dom
539 2237 618 2269 inici
631 2236 651 2269 ¹.

445 2307 455 2333 1
478 2305 577 2334 Confer
596 2306 703 2333 constit.
726 2306 820 2334 innoc.
841 2306 859 2334 X
879 2306 950 2334 infra
969 2306 1088 2334 citatam.
1113 2306 1141 2333 ln

407 2350 557 2379 Innocentii
575 2350 607 2377 x1
628 2351 735 2378 constit.
756 2351 821 2378 edit.
841 2358 1017 2387 nnchxvui,
1038 2352 1081 2379 die
1109 2352 1142 2378 28

408 2395 572 2426 novembris,
589 2395 683 2429 pontif.
700 2402 737 2428 111,
753 2396 827 2423 nulla
843 2396 977 2424 declarata
991 2396 1068 2424 suere
1083 2401 1140 2423 acta

408 2439 512 2467 consilii
533 2439 599 2474 regii
619 2439 749 2466 Castellae
768 2443 862 2466 contra
878 2441 999 2467 nuntium
1015 2441 1142 2476 apostoli-

407 2490 485 2517 cum,
503 2484 569 2510 etin
584 2483 727 2510 Clementis
738 2483 770 2509 xl
781 2484 971 2511 constitutione
980 2484 1021 2511 ed.
1035 2491 1139 2516 MDCCVt,

408 2527 452 2555 die
478 2528 510 2554 to
528 2528 661 2562 ianuarii,
683 2527 777 2563 pontif.
803 2535 847 2562 V1,
874 2528 1055 2562 reprobantur
1083 2532 1139 2555 arta

408 2573 499 2600 curiae
526 2572 673 2600 saecularis
702 2576 795 2600 contra
821 2573 977 2608 episcopum
1000 2573 1139 2608 Cartbagi-

407 2625 530 2645 nens-em.

986 236 1165 259 BULLARIL‘M
1190 234 1344 258 noainNt'M

1359 282 1555 310 Innocentius
1576 284 1652 316 Papa
1671 284 1740 315 xil,

1323 327 1359 353 ad
1379 327 1511 353 futuram
1529 327 1574 354 rei
1593 328 1775 354 memoriam.

1228 387 1390 421 Romanus
1407 388 1564 428 Pontifex,
1579 388 1693 431 aequi¹
1708 389 1851 432 bonique
1869 400 1918 422 su-

1185 450 1314 482 premus
1332 445 1477 474 assertor
1497 441 1529 473 in
1548 441 1640 473 terris
1659 452 1675 473 a
1693 441 1826 475 Domino
1840 453 1919 475 con-

1185 492 1339 532 stitutus,
1365 493 1607 526 ecclesiasticae
1643 493 1812 536 potestatis
1849 494 1919 528 iura

1185 550 1269 578 sarta
1292 551 1375 579 tecta
1401 545 1493 585 tueri,
1514 556 1549 578 ac
1573 546 1723 578 adversus
1753 557 1922 589 quaecum-

1186 609 1258 641 que,
1285 609 1344 642 per
1368 610 1449 642 quae
1486 599 1549 632 illis
1585 599 1707 642 aliquid
1735 599 1920 633 detrimenti

1185 651 1298 683 inferri
1324 656 1445 694 posset,
1468 651 1583 683 tradita
1608 652 1668 684 sibi
1696 651 1846 685 divinitus
1865 662 1921 685 au-

1186 704 1344 744 ctoritate,
1369 704 1530 737 vindicare
1554 709 1689 744 tenetur,
1708 704 1798 744 sicut,
1818 705 1923 738 omni-

1186 757 1244 789 bus
1265 762 1405 789 maturae
1423 757 1691 790 considerationis
1709 758 1827 791 trutina
1846 769 1922 802 per-

1186 811 1318 852 pensis,
1357 811 1510 854 aequitati
1536 816 1567 844 et
1593 811 1733 844 iustitiae
1766 818 1921 856 rectoque

1186 863 1291 894 ordini
1326 868 1583 896 consentaneum
1620 874 1692 897 esse
1727 864 1758 897 in
1785 865 1921 899 Domino

1186 915 1373 949 arbitratur.

1230 969 1244 1012 ς
1265 968 1296 1001 t.
1325 970 1410 1002 Alias
1431 969 1590 1013 siquidem
1608 982 1668 1014 per
1685 972 1788 1005 felicis
1814 981 1921 1005 recor-

1187 1022 1324 1054 dationis
1350 1022 1575 1056 Innocentium
1600 1024 1715 1067 Papam
1742 1025 1766 1057 X
1792 1026 1921 1067 praede·

1185 1085 1348 1107 cessorem
1375 1081 1520 1109 nostrum
1546 1082 1698 1120 accepto,
1718 1079 1804 1121 quod
1831 1088 1922 1111 sena-

1188 1132 1237 1159 tus
1253 1127 1513 1167 Mediolanensis,
1528 1139 1586 1172 per
1605 1130 1727 1163 litteras
1747 1130 1921 1163 circulares

1187 1181 1277 1214 datas
1302 1181 1354 1214 dic
1379 1192 1417 1215 xx
1442 1182 1520 1214 iunii
1539 1192 1673 1223 innotui,
1692 1194 1819 1217 necnon
1846 1190 1921 1217 tunc

1187 1234 1328 1267 existens
1355 1236 1555 1277 gubernator
1579 1236 1684 1268 Status
1706 1236 1923 1270 Mediolanen-

1187 1288 1240 1327 sis‚
1256 1298 1315 1330 per
1329 1287 1467 1320 edictum
1481 1288 1680 1331 publicatum
1697 1290 1747 1322 die
1764 1299 1821 1322 xxx
1838 1289 1924 1322 eius-

1187 1340 1257 1373 dem
1284 1340 1403 1373 mensis
1436 1340 1528 1381 iunii,
1556 1342 1785 1374 mandaverant
1810 1342 1918 1375 obser·

1186 1393 1252 1425 vari
1271 1393 1387 1425 festum
1412 1393 1513 1426 sancti
1535 1394 1692 1426 Dominici
1719 1394 1770 1426 die
1789 1405 1819 1427 iv
1839 1405 1922 1427 men-

1188 1445 1232 1478 sis
1258 1446 1386 1488 augusti
1413 1446 1586 1479 cuiuslibet
1615 1447 1691 1479 anni
1716 1447 1748 1479 in
1775 1452 1840 1480 toto
1865 1448 1923 1480 illo

1187 1499 1286 1538 Statu,
1313 1499 1550 1542 praecipientes
1583 1505 1617 1531 ut
1648 1500 1759 1543 populi
1790 1506 1821 1533 et
1845 1501 1923 1533 sub-

1187 1551 1245 1584 diti
1271 1551 1415 1584 eiusdem
1440 1552 1545 1584 Status
1571 1552 1770 1585 abstinerent
1788 1553 1828 1585 ab
1848 1564 1924 1596 ope-

1187 1604 1277 1636 ribus
1303 1604 1474 1637 servilibus
1500 1610 1532 1638 et
1556 1605 1695 1638 artifices
1722 1606 1871 1638 tabernas
1892 1611 1924 1639 et

1186 1657 1362 1700 apothecas
1387 1658 1511 1690 clausas
1542 1663 1701 1698 tenerent,
1733 1664 1830 1701 prout
1854 1669 1924 1691 ser·-

1187 1715 1278 1742 vatur
1295 1709 1413 1743 ceteris
1430 1710 1543 1743 diebus
1563 1711 1651 1743 sestis
1675 1721 1711 1744 ex
1733 1716 1920 1754 praecepto,

1187 1768 1220 1795 et
1244 1762 1379 1795 ulterius
1405 1762 1436 1795 in
1463 1763 1567 1796 edicto
1596 1763 1766 1806 praedicto
1791 1773 1923 1806 expres-

1187 1826 1256 1848 sum
1282 1816 1396 1855 suerat,
1425 1816 1631 1848 festivitatem
1656 1827 1728 1849 esse
1753 1817 1922 1850 celebran-

1188 1867 1259 1900 dam
1273 1878 1346 1900 cum
1361 1868 1448 1900 omni
1464 1868 1634 1901 devotione
1651 1873 1682 1901 ct
1701 1869 1821 1911 pietate
1840 1869 1922 1902 chri·

1186 1920 1305 1953 stiana:
1327 1920 1412 1954 idem
1441 1920 1649 1954 Innocentius
1677 1922 1919 1964 praedecessor,

1185 1974 1394 2007 considerans
1424 1985 1517 2017 quam
1542 1974 1761 2017 perniciosum
1786 1975 1922 2009 auctori-

1187 2027 1242 2059 tati
1268 2027 1504 2060 ecclesiasticae
1530 2027 1559 2060 id
1586 2038 1655 2061 esse
1684 2034 1817 2071 posset,
1847 2039 1919 2062 eum

1184 2080 1349 2123 principes
1374 2079 1455 2119 laici,
1475 2090 1556 2123 quos
1582 2080 1613 2113 in
1640 2081 1736 2114 rebus
1756 2081 1918 2115 Ecclesiae

1185 2133 1387 2176 obsequendi
1433 2133 1541 2176 potius
1589 2139 1696 2166 manet
1744 2135 1918 2168 necessitas

1185 2196 1281 2228 quani
1297 2185 1473 2218 auctoritas
1492 2186 1686 2228 imperandi,
1699 2197 1764 2219 non
1778 2187 1919 2219 habeant

1185 2239 1368 2272 facultatem
1394 2238 1560 2272 indicendi
1586 2239 1654 2272 dies
1681 2240 1779 2272 festos
1801 2239 1835 2272 in
1860 2240 1918 2273 ho-

1184 2301 1296 2324 norem
1321 2291 1521 2332 Sanctorum,
1542 2292 1580 2324 de
1606 2298 1680 2324 tune
1704 2292 1828 2335 pariter
1851 2293 1918 2325 exi-

1184 2345 1337 2377 stentium
1363 2345 1394 2378 S.
1414 2344 1450 2377 R.
1471 2344 1505 2377 Ε.
1525 2344 1737 2377 cardinalium
1756 2345 1856 2378 saeris
1874 2346 1917 2378 ri-

1185 2398 1269 2431 tibus
1295 2398 1575 2441 praepositorum,
1602 2398 1718 2441 quibus
1749 2399 1914 2441 negotium

1183 2451 1422 2484 discutiendum
1436 2451 1650 2491 commiserat,
1664 2452 1812 2492 consilio,
1827 2463 1916 2496 prae-

1182 2504 1261 2536 fatas
1287 2504 1411 2538 litteras
1440 2514 1476 2536 ae
1500 2504 1640 2537 edictum
1677 2510 1823 2540 emanata
1858 2517 1915 2539 au-

1182 2558 1330 2590 ctoritate
1345 2557 1450 2590 laicali
1469 2567 1568 2600 super
1585 2558 1809 2592 observatione
1828 2559 1915 2592 sesti-

1217 2620 1226 2645 1
1251 2619 1321 2645 Edit.
1343 2618 1418 2645 Mam,
1443 2620 1503 2654 legit
1523 2628 1611 2654 aeque
1633 2620 1728 2656 (mr).

1928 235 1975 260 An.
1993 236 2019 260 (ἰ,
2044 236 2107 262 1e92:

1952 400 2073 421 Exordium.

1965 980 2022 1001 idom
2047 981 2113 1000 tenta-

1931 1009 1973 1027 tum
1983 1007 2071 1027 saerata
2081 1012 2114 1026 se-

1931 1036 1981 1053 natu
2003 1036 2023 1053 ct
2039 1033 2114 1057 guber·

1931 1062 2005 1080 natoro
2033 1057 2114 1079 Mettio-

1931 1086 2054 1106 lanensibus
2076 1092 2114 1105 au-

1932 1119 1958 1132 no
1966 1118 2055 1133 »inexciti
2065 1118 2115 1133 cnu-

1932 1141 1963 1160 ιη
1979 1145 2032 1165 quus
2055 1139 2115 1159 lunu-

1932 1168 1994 1186 cunt-1
2005 1165 2023 1186 Χ
2038 1168 2115 1185 cousti-

1933 1194 1986 1213 tuno
2012 1192 2069 1212 edita
2094 1197 2115 1213 ri

1934 1219 2033 1239 octobris.
