2254 3225
248 245 289 270 Au
320 244 347 270 C.
369 243 438 271 1093

278 1043 397 1065 clausulae.

485 236 548 270 502

442 295 587 329 rationes
622 300 654 329 et
686 295 862 330 conciones
885 295 923 329 ad
948 295 1003 329 Dei
1030 306 1173 329 amorem

442 353 473 381 et
497 349 644 382 timorem
679 350 712 382 in
747 350 897 382 cordibus
921 349 1064 382 fidelium
1092 349 1176 381 exci-

443 402 575 435 tandum
601 408 632 436 et
652 403 892 436 accendendum
911 402 1040 445 publice
1057 401 1095 434 ad
1112 402 1176 434 cle-

442 465 513 488 rum
548 461 579 489 et
611 457 791 500 populum,
818 466 873 488 seu
904 455 981 487 alias
1006 454 1176 498 privatim,

442 513 538 551 prout
562 509 689 542 occasio
715 514 746 541 et
770 508 948 541 necessitas
973 507 1174 551 postulabit,

442 561 584 603 habere,
611 561 735 605 aliaque
768 561 875 594 omnia
898 565 930 593 ct
954 569 1176 604 quaecumque
1196 576 1198 584 ι

442 615 555 648 munia
577 615 796 659 pontificalia,
821 614 916 647 etiam
950 624 1031 656 quae
1067 618 1176 646 notam

442 673 497 701 aut
513 668 758 711 expressionem
773 666 1092 710 requirerentmagis
1106 677 1177 709 spe-

443 721 569 761 cialem,
594 726 626 754 et
649 720 706 753 sub
732 720 877 763 generali
897 720 1083 753 huiusmodi
1103 729 1177 752 con-

442 773 588 807 cessione
612 784 677 806 non
695 773 1063 816 comprehenderentur,
1082 772 1177 805 etiam

444 836 520 869 erga
544 835 700 869 personas
725 822 873 868 alioquin
899 825 1024 858 habiles
1050 829 1083 858 et
1107 825 1178 858 ido-

443 888 531 919 neas,
551 889 712 919 exercere,
732 878 827 911 etiam
845 879 936 911 nullo
957 878 1022 911 alio
1043 889 1061 911 a
1085 878 1178 911 nobis

444 936 615 975 expectato
643 936 696 964 aut
712 931 870 974 requisito
896 932 1058 972 mandato,
1076 931 1179 964 libere

445 989 476 1018 et
499 984 588 1018 licite
612 985 752 1018 valeant.

487 1037 502 1079 ἓ
526 1037 557 1070 2.
576 1037 647 1070 Non
664 1037 868 1071 obstantibus
893 1037 1179 1070 constitutionibus

445 1094 478 1122 et
494 1090 755 1123 ordinationibus
780 1090 979 1133 apostolicis,
998 1101 1034 1123 ac
1051 1090 1083 1122 in
1104 1100 1181 1123 con-

445 1142 528 1175 ciliis
545 1143 641 1176 etiam
660 1143 865 1186 generalibus
883 1143 989 1183 editis,
1008 1143 1182 1175 dictarum-

446 1205 509 1238 que
535 1196 756 1236 ecclesiarum,
782 1196 1066 1236 monasteriorum,
1092 1195 1182 1229 Ordi-

446 1258 534 1289 num,
559 1249 866 1292 congregationum,
893 1248 1089 1289 militiarum,
1121 1249 1182 1282 ho-

446 1301 612 1343 spitalium
627 1306 681 1334 aut
691 1301 871 1342 domorum,
882 1302 977 1335 etiam
990 1302 1182 1342 iuramento,

447 1354 695 1388 confirmatione
721 1355 907 1398 apostolica,
930 1357 978 1388 vel
1004 1355 1114 1398 quavis
1130 1354 1183 1387 fir-

447 1407 558 1440 mitate
583 1408 646 1441 alia
662 1408 834 1448 roboratis,
854 1408 981 1441 statutis
998 1413 1030 1441 et
1046 1418 1183 1441 consue-

448 1458 624 1500 tudinibus,
643 1459 824 1503 privilegiis
846 1470 985 1503 quoque,
1004 1460 1134 1493 indultis
1152 1465 1184 1493 et

449 1511 564 1545 litteris
587 1511 777 1555 apostolicis
802 1512 836 1544 in
860 1513 1063 1545 contrarium
1088 1523 1183 1556 prae-

449 1563 620 1597 missorum
644 1564 893 1608 quomodolibet
917 1565 1091 1606 concessis,
1105 1575 1182 1598 con-

450 1616 582 1650 firmatis
600 1622 633 1650 et
649 1617 825 1658 innovatis,
847 1618 1030 1661 ceterisque
1056 1623 1184 1652 contra-

450 1669 506 1703 riis
531 1670 799 1714 quibuscumque.

491 1723 608 1757 Datum
632 1723 764 1764 Romae,
789 1724 875 1768 apud
901 1724 932 1757 S.
960 1723 1098 1764 Petrum,
1125 1724 1184 1757 sub

450 1777 571 1810 annulo
612 1776 788 1810 Piscatoris
805 1803 813 1817 ,
862 1777 915 1810 die
953 1787 1006 1811 xvt
1045 1777 1185 1810 ianuarii

450 1838 605 1869 iincxmn,
626 1828 830 1873 pontificatus
855 1830 956 1863 nostri
982 1840 1066 1863 anno
1093 1841 1128 1864 11.

487 1891 543 1919 Dat.
561 1892 604 1921 die
621 1893 654 1920 16
669 1893 781 1920 ianuarii
801 1893 879 1927 1693,
897 1892 994 1928 pontis.
1018 1901 1089 1921 anno
1109 1899 1136 1921 ιι.

769 2041 869 2076 XLVI.

455 2130 645 2165 Conceditur
676 2130 900 2163 cardinalibus
923 2130 1121 2163 visitationis
1145 2140 1184 2164 a·

494 2183 670 2226 postolicae
704 2183 798 2216 Urbis
821 2182 961 2225 facultas
986 2183 1189 2216 terminandi

497 2246 713 2279 quascumque
736 2245 850 2268 causas
869 2240 933 2268 tam
958 2235 1068 2269 civiles
1088 2247 1187 2279 qnam

498 2287 689 2321 criminales
702 2287 723 2320 ¹.

625 2376 823 2404 Innocentius
843 2377 923 2411 Papa
942 2377 1008 2411 xn,

453 2445 683 2476 venerabilibus
696 2446 842 2474 fratribus
858 2448 973 2475 nostris
991 2448 1018 2475 S.
1036 2449 1110 2476 RE.
1127 2456 1189 2477 car-

489 2492 640 2519 dinalibus
660 2498 713 2525 pro
731 2491 906 2518 visitatione
933 2493 1131 2520 ecclesiarum
1158 2497 1189 2521 et

489 2538 621 2564 locorum
641 2536 758 2569 piorum
780 2537 875 2563 almae
896 2537 983 2564 Urbis
1005 2544 1021 2563 a
1041 2538 1127 2565 nohis
1145 2538 1189 2566 in-

490 2580 602 2607 stituta
620 2579 793 2614 specialiter
813 2580 976 2613 deputatis.

492 2634 503 2660 i
527 2632 591 2659 tide
613 2632 720 2659 constit.
742 2632 868 2667 praeced.
890 2636 915 2659 et
936 2640 1010 2668 seqq.

1018 245 1197 271 BULLARIUM
1221 244 1378 270 nemum!

1361 294 1553 323 venerabiles
1567 295 1678 323 fratres
1697 294 1805 328 nostri,

1251 337 1380 366 salutem
1400 341 1430 366 et
1450 339 1648 373 apostolicam
1667 337 1918 366 benedictionem.

1260 400 1417 439 Quoniam
1443 400 1474 434 in
1499 401 1728 444 prosequendo
1754 411 1890 434 munere
1907 401 1949 434 vi-

1218 453 1380 486 sitationis
1406 454 1616 486 ecclesiarum
1647 459 1678 486 et
1706 453 1836 497 piorum
1860 455 1950 488 loco-

1218 518 1289 539 rum
1304 507 1400 540 huius
1419 509 1522 541 almae
1538 507 1633 540 Urbis
1649 512 1790 548 nostrae,
1809 508 1848 541 ad
1866 508 1953 551 quod

1218 571 1274 593 vos
1300 559 1488 604 specialiter
1520 570 1556 593 ex
1591 570 1683 593 sacro
1715 561 1954 593 venerabilium

1219 613 1352 646 fratrum
1378 618 1564 646 nostrorum
1582 612 1612 646 S.
1633 612 1670 645 R.
1690 613 1724 646 E.
1741 613 1954 646 cardinalium

1219 665 1361 708 Collegio
1397 665 1598 709 delegimus,
1636 666 1729 701 facile
1764 666 1953 709 contingere

1220 719 1342 762 poterit
1373 725 1408 753 ut
1451 719 1560 762 aliqua
1603 720 1733 762 negotia
1774 720 1956 754 criminalia

1219 772 1447 815 pertractanda
1470 772 1554 805 sint:
1581 783 1652 813 nos,
1685 772 1956 806 conscientiarum

1221 837 1257 859 ac
1281 831 1382 859 status
1415 831 1598 859 vestrorum
1635 826 1799 859 securitati
1835 836 1956 870 oppor-

1222 883 1298 912 tune
1321 880 1495 923 providere
1519 881 1673 920 volentes,
1691 880 1783 913 vobis
1809 884 1842 913 et
1864 880 1957 913 cuili-

1221 932 1276 966 bet
1299 937 1461 972 vestrum,
1488 938 1523 965 ut
1547 937 1609 965 tam
1636 932 1835 966 coniunctim
1860 943 1957 976 quam

1223 985 1358 1025 divisim,
1385 986 1523 1018 durante
1548 985 1736 1019 huiusmodi
1761 986 1957 1026 visitatione,

1223 1044 1254 1070 et
1267 1038 1354 1071 illius
1369 1038 1540 1072 occasione
1554 1039 1725 1079 dumtaxat,
1737 1049 1957 1082 quascumque

1223 1092 1394 1134 querelas,
1420 1091 1660 1131 accusationes,
1689 1090 1957 1125 denunciationes

1223 1149 1336 1177 contra
1360 1154 1580 1187 quascumque
1609 1154 1766 1187 personas
1782 1171 1789 1185 ,
1813 1149 1879 1177 tam
1904 1155 1958 1178 ec-

1223 1197 1443 1237 clesiasticas,
1479 1198 1661 1230 saeculares
1694 1198 1745 1231 vel
1771 1198 1958 1240 regulares,

1224 1260 1319 1292 quam
1343 1249 1452 1290 laicas,
1480 1250 1713 1293 cuiuscumque
1738 1255 1858 1292 status,
1881 1261 1956 1293 gra-

1225 1302 1297 1342 dus,
1314 1302 1479 1344 dignitatis
1497 1307 1528 1336 et
1544 1302 1803 1346 praeminentiae
1820 1303 1960 1336 existen-

1226 1360 1280 1396 tes,
1298 1355 1446 1398 recipere
1468 1360 1499 1388 et
1515 1356 1636 1395 audire,
1652 1366 1826 1400 causasque
1844 1355 1960 1389 exinde

1225 1413 1281 1440 aut
1300 1408 1379 1440 alias
1405 1408 1652 1450 quomodolibet
1683 1419 1721 1441 ex
1747 1408 1830 1443 dicta
1852 1408 1960 1442 visita-

1225 1460 1325 1501 tione,
1349 1461 1401 1493 vel
1425 1460 1513 1494 illius
1539 1462 1636 1494 eausa
1660 1466 1878 1504 emergentes,
1895 1466 1960 1494 tam

1226 1512 1466 1546 ecclesiasticas
1498 1524 1595 1556 quam
1627 1515 1802 1557 profanas,
1829 1525 1865 1547 ac
1895 1519 1960 1547 tam

1226 1566 1335 1599 civiles
1361 1577 1458 1609 quam
1484 1567 1670 1599 criminales
1695 1571 1728 1600 et
1751 1566 1876 1607 mixtas,
1896 1567 1960 1600 sive

1226 1620 1266 1652 ad
1290 1619 1509 1662 procuratoris
1538 1619 1626 1661 sisci,
1653 1620 1719 1653 sive
1752 1621 1791 1653 ad
1824 1619 1962 1653 aliorum

1227 1682 1508 1715 quorumcumque
1534 1672 1730 1713 instantiam,
1755 1678 1810 1705 aut
1826 1683 1865 1705 ex
1893 1672 1963 1705 offi-

1227 1725 1277 1758 cio
1290 1725 1414 1766 audire,
1430 1734 1641 1767 cognoscere,
1657 1725 1855 1769 quandoque
1867 1725 1963 1759 nobis

1227 1778 1349 1811 referre
1374 1782 1406 1811 et
1435 1778 1604 1811 nobiscum
1638 1778 1900 1819 communicare,
1925 1788 1962 1811 ac

1228 1831 1315 1864 iuxta
1343 1831 1493 1866 mandata
1521 1836 1649 1871 nostra,
1674 1841 1734 1864 seu
1761 1829 1839 1864 alias
1865 1836 1964 1874 prout

1228 1884 1350 1917 iustitia
1375 1884 1513 1917 suaserit
1544 1890 1575 1917 et
1603 1885 1684 1918 ordo
1715 1884 1883 1917 dictaverit
1910 1895 1964 1917 ra-

1230 1937 1336 1978 tionis,
1353 1937 1424 1970 illas
1450 1937 1602 1971 decidere
1620 1942 1651 1970 et
1668 1937 1855 1978 terminare,
1873 1937 1965 1970 alias-

1230 2002 1291 2034 que
1322 1991 1354 2023 in
1380 1990 1444 2024 illis
1475 2001 1528 2024 vos
1553 1991 1736 2024 immiscere
1761 1991 1829 2024 sine
1855 1990 1964 2034 aliquo

1230 2045 1448 2077 conscientiae
1473 2045 1627 2087 scrupulo
1642 2071 1650 2084 ,
1674 2050 1729 2077 aut
1752 2055 1964 2078 censurarum

1230 2097 1520 2130 ecclesiasticarum
1549 2098 1600 2130 vel
1625 2098 1722 2131 etiam
1745 2097 1964 2140 irregularita-

1230 2150 1268 2183 tis
1295 2151 1436 2190 incursu,
1465 2149 1592 2182 etiamsi
1616 2150 1692 2183 inde
1716 2150 1884 2193 sanguinis
1920 2150 1966 2183 es-

1208 2204 1332 2244 ¹susio,
1371 2204 1658 2246 membrorumque
1693 2203 1878 2243 mutilatio,
1911 2208 1966 2236 aut

1230 2257 1326 2290 etiam
1348 2255 1453 2289 ultimi
1484 2255 1634 2299 supplicii
1658 2266 1765 2299 poena
1789 2255 1967 2299 infligenda

1229 2309 1367 2349 venerit,
1394 2308 1569 2342 dummodo
1594 2319 1650 2341 vos
1676 2307 1736 2352 ipsi
1762 2319 1779 2341 a
1803 2309 1967 2342 sententia

1230 2362 1394 2405 sanguinis
1426 2372 1488 2405 per
1513 2371 1567 2394 vos
1593 2360 1683 2404 ipsos
1709 2361 1843 2394 serenda
1867 2361 1967 2394 absti-

1230 2415 1344 2456 neatis,
1363 2414 1465 2448 libere
1483 2418 1515 2447 et
1532 2413 1619 2447 licite
1636 2413 1778 2454 valeatis,
1800 2414 1966 2448 licentiam

1230 2468 1437 2502 concedimus
1455 2472 1487 2500 et
1503 2467 1709 2509 indulgemus
1727 2479 1734 2508 ;
1761 2472 1861 2511 utque
1885 2468 1967 2502 libe-

1230 2521 1298 2553 rius
1317 2520 1355 2553 ab
1373 2519 1524 2553 omnibus
1549 2520 1826 2562 denunciationes,
1854 2531 1924 2564 que
1960 2544 1970 2554 .

1231 2575 1280 2607 lae
1298 2578 1328 2606 et
1345 2573 1577 2613 accusationes,
1595 2584 1631 2606 ac
1651 2584 1768 2607 causae
1793 2584 1965 2617 quaecum-

1209 2654 1212 2665 ,
1233 2637 1293 2669 que
1319 2626 1357 2659 ad
1383 2626 1499 2659 dictam
1521 2626 1737 2660 visitationem
1764 2626 1967 2669 pertinentes

1961 244 2010 271 An.
2028 245 2055 270 C.
2078 244 2144 271 1693

1997 413 2108 435 Conci-suo
2124 418 2143 436 ut

1962 441 1982 461 iu
1999 442 2090 462 rubrica.
