2227 3225
134 244 184 271 An.
200 243 228 270 C.
251 243 319 271 {608

133 306 234 326 {ratribus
249 306 270 326 ln
278 305 319 325 li:-

134 339 178 353 rniu
190 334 319 353 oct-ntenta—
349 345 355 350 .

133 359 197 381 lium.
240 358 318 379 deinde

134 387 180 406 :ulus
192 392 238 406 rum
252 384 318 405 sarul·

133 414 176 433 tate
195 417 318 432 cuiiiinissa-

133 445 159 460 ru
176 439 289 465 generatis.

707 270 709 272 ¹
919 239 1130 264 tNNOCENTIUS
1156 241 1200 264 xu
1224 241 1272 264 rr.

329 290 505 331 litieatoris‚
533 289 719 323 excustodis
741 293 773 322 et
797 289 916 332 prioris
943 289 1070 332 provin·
1089 300 1092 364 1
1113 289 1295 322 aediticium
1331 289 1436 332 ipsum
1472 289 1517 322 sic
1542 296 1685 323 ereetum
1722 291 1857 335 eiusque

330 354 397 378 ciac
414 343 466 377 §211
485 344 717 387 Apostolorum
744 341 796 375 det
820 343 920 383 Perti,
950 342 981 375 in
1011 343 1092 409 hac1
1115 343 1217 375 cellae
1244 342 1412 386 perpetuis
1439 342 1554 375 suturis
1573 344 1771 386 temporibus
1798 345 1858 377 sub

329 397 475 430 Romana
519 395 612 430 Curia
652 406 767 429 causae
811 396 1070 430 canonizationis
1115 398 1191 429 cura
1216 401 1246 429 et
1273 396 1486 438 dispositione
1513 397 1775 429 reverendissimi
1803 408 1858 440 pa-

328 450 363 484 B.
391 449 555 483 Francisci
581 449 690 483 Solani
717 449 954 494 procuratoris,
982 456 1014 483 et
1037 461 1070 483 a·
1092 448 1093 486 ἶ
1116 449 1173 482 tris
1194 449 1411 483 coimnissarii
1431 450 1594 492 generalis
1613 449 1777 481 indiarum
1799 461 1858 494 pro

328 503 443 537 ctualis
468 503 635 537 secretarii
662 504 825 547 generalis
851 504 991 545 Ordinis,
1014 504 1071 537 de·
1092 500 1093 550 j
1117 508 1263 547 tempore
1295 503 1464 536 existentis
1490 514 1620 536 manere
1647 503 1799 544 debeant,
1827 509 1859 536 et

327 557 392 590 voti
419 558 605 602 paternitati
631 563 758 591 vestrae
780 558 1072 592 reverendissimae
1092 554 1094 569 ²
1116 557 1147 589 in
1174 568 1211 590 eo
1237 558 1334 601 (casu
1373 568 1437 601 quo
1463 557 1582 590 Romae
1612 567 1678 590 non
1705 557 1856 589 adessent

329 611 481 652 oratoris,
509 612 659 656 qualiter,
676 612 803 645 ruinam
822 612 966 645 minante
985 617 1017 645 et
1036 623 1072 645 ex
1116 611 1261 654 religiosi
1281 611 1521 655 praedictarum
1543 611 1783 654 provinciarum
1805 610 1857 653 qui

327 665 390 699 hac
414 667 508 699 causa
543 665 582 699 ab
619 666 799 699 architecto
835 666 1006 709 recognita
1042 672 1074 700 ct
1092 671 1094 710 t
1115 664 1223 708 primo
1249 672 1281 697 et
1305 665 1532 709 principaliter
1558 665 1589 697 in
1621 665 1692 708 ipso
1725 664 1859 697 domici-

327 730 403 753 vere
428 720 561 754 ruinosa
585 726 616 754 et
640 720 826 754 collabente
845 722 975 763 reperta
992 721 1073 754 cella
1092 711 1094 739 l
1116 719 1195 752 lium
1221 718 1344 752 habere
1375 719 1497 752 debent
1525 718 1678 763 privative
1703 718 1741 751 ad
1763 718 1857 760 alios)

329 783 411 817 quae
437 784 454 807 a
479 774 718 818 quinquaginta
742 774 834 807 annis
861 780 892 808 et
916 775 1001 807 ultra
1028 740 1094 834 ³¹¹'l
1116 773 1223 805 nullus
1249 773 1392 813 omnino,
1423 773 1562 805 cuiusvis
1593 772 1724 816 gradus,
1753 770 1858 814 digni-

328 827 486 860 scrvierat
510 833 541 860 et
572 838 675 871 usque
710 828 807 861 modo
845 828 979 861 inservit
1014 838 1071 871 pro
1092 838 1094 862 t
1118 827 1189 859 tatis
1221 832 1254 860 et
1292 827 1492 860 conditionis
1526 827 1591 859 sive
1627 826 1857 869 cuiuscumque

328 879 530 914 habitatione
565 882 788 925 procuratoris
826 892 886 925 pro
925 887 1094 928 tempore
1117 880 1274 920 nationis,
1308 880 1450 913 familiae
1487 891 1543 913 seu
1582 879 1768 923 provinciae
1806 878 1858 918 sit,

327 934 535 977 supradictae
562 946 676 968 causae
702 936 736 969 B.
764 935 928 968 Francisci
947 935 1069 975 Solam,
1092 938 1093 972 ζ
1115 933 1194 966 inibi
1222 934 1321 978 recipi
1349 935 1458 977 possit,
1481 934 1544 967 nisi
1571 935 1609 967 ad
1637 933 1784 966 effectum
1803 932 1859 965 hu-

328 988 415 1032 quod
442 993 542 1022 totum
567 988 859 1022 reverendissimae
884 989 1070 1033 paternitati
1092 994 1093 1032 ᾗ
1115 987 1251 1020 iusmodi
1278 988 1318 1020 ab
1344 989 1457 1021 eodem
1477 987 1749 1021 reverendissimo
1766 991 1857 1030 patre

327 1048 451 1076 vestrae
477 1049 582 1086 patet,
610 1044 648 1076 ad
675 1044 930 1087 praecavendam
958 1043 1071 1076 huius-
1091 1053 1093 1089 ξ
1115 1042 1336 1075 commissario
1354 1043 1499 1084 generali
1518 1042 1681 1074 lndiarum
1696 1040 1859 1074 licentiam

327 1096 417 1129 modi
443 1097 654 1131 habitationis
679 1098 904 1131 imminentem
931 1097 1069 1138 ruinam,
1091 1090 1093 1130 l
1115 1105 1169 1128 seu
1197 1096 1382 1128 facultatem
1414 1095 1446 1128 in
1477 1095 1606 1138 scriptis
1639 1094 1858 1128 exhibendam

328 1155 448 1190 orator,
476 1150 588 1191 habito
614 1161 713 1194 super
737 1151 808 1191 hoc,
832 1151 953 1184 nedum
978 1162 1072 1194 prae·
1091 1133 1093 1186 l
1115 1149 1313 1182 obtinuerit:
1332 1149 1395 1182 hoe
1416 1149 1524 1193 itaque
1548 1154 1652 1182 totum
1674 1148 1858 1181 humillime

328 1202 412 1236 satae
438 1214 516 1237 suae
546 1204 743 1247 provinciae,
782 1205 838 1238 sed
873 1210 905 1237 et
937 1204 1070 1237 aliarum
1091 1187 1093 1259 i
1115 1203 1278 1247 supplicat
1307 1209 1419 1236 orator
1452 1214 1510 1247 per
1542 1203 1772 1247 paternitatem
1805 1212 1859 1235 ve-

328 1256 584 1291 Occidentalium
610 1258 783 1298 indiarum,
811 1269 846 1291 ae
861 1258 1000 1302 insuper
1015 1258 1073 1292 bo·
1091 1267 1093 1295 ,ὲ

328 1321 389 1344 nae
426 1312 603 1345 memoriae
629 1312 732 1356 patris
770 1312 886 1345 Iuliani
920 1312 1071 1345 Cumillas

327 1365 589 1408 praedecessoris
614 1371 643 1399 et
670 1365 936 1400 reverendissimi
968 1366 1070 1410 patris
1091 1359 1093 1402 ,ἶ

327 1418 461 1451 Antonii
487 1419 527 1452 de
553 1419 700 1452 Cardena
736 1420 874 1453 actualis
907 1420 1069 1452 lndiarum
1091 1434 1092 1437 ¹

327 1467 541 1505 commissarii
568 1473 753 1515 generalis,
779 1479 906 1506 maturo
932 1472 1070 1506 consilio

327 1531 359 1559 et
383 1536 522 1560 assensu
548 1537 584 1560 ac
618 1528 796 1567 voluntate,
832 1527 1070 1560 habitationem

326 1578 431 1623 ipsam
470 1580 623 1614 demoliri
661 1581 813 1621 decrevit,
852 1580 1012 1624 aliamque
1054 1591 1071 1614 a

326 1632 548 1668 fundamentis
583 1634 616 1668 in
650 1635 844 1678 ampliorem
871 1640 904 1668 et
928 1644 1072 1668 commo-

327 1687 452 1721 diorem
477 1689 612 1722 formam
638 1699 673 1722 ex
700 1689 917 1733 eleemosynis
945 1699 1092 1737 earum-2

327 1741 401 1775 dem
425 1741 667 1785 provinciarum
699 1743 739 1775 ad
772 1742 962 1776 huiusmodi
995 1742 1071 1777 este-

328 1800 414 1829 ctum
439 1795 586 1829 collectis
610 1796 761 1838 redigere
786 1802 818 1829 et
843 1797 970 1839 erigere
996 1808 1071 1840 per-

327 1849 452 1893 pendit.
471 1850 598 1890 Verum,
614 1850 688 1893 quia
702 1850 889 1894 provinciae
904 1851 1070 1894 praefatae
1090 1872 1091 1880 i

327 1904 549 1947 eleemosynas
576 1903 765 1937 huiusmodi
787 1904 974 1937 nullatenus
1000 1915 1071 1948 pro-

327 1956 464 1990 fundere
496 1956 683 1997 intendunt,
715 1956 778 1989 nisi
809 1957 917 1996 etiam,
954 1963 988 1990 ut
1013 1968 1072 2001 par

327 2016 384 2051 est,
400 2021 500 2054 super
524 2010 589 2043 hoc
614 2010 748 2043 accedat
777 2021 967 2052 consensus,
994 2022 1071 2044 con-

327 2062 469 2097 firmatio
495 2069 526 2097 et
550 2064 743 2107 approbatio
768 2070 894 2097 vestrae
926 2064 1071 2108 paterni-

327 2117 401 2150 tatis
427 2117 732 2159 reverendissimae,
759 2128 795 2151 ae
822 2118 958 2162 insuper
983 2119 1070 2162 quod

326 2180 446 2203 novum
478 2170 663 2204 aediticium
694 2170 832 2215 eiusque
867 2172 970 2204 cellae
996 2183 1070 2215 per-

326 2224 434 2267 petuis
459 2223 575 2257 suturis
613 2225 816 2269 temporibus
849 2231 933 2258 stare
967 2232 999 2258 et
1023 2226 1071 2258 in-

326 2277 449 2312 servire
475 2278 617 2312 debeant
646 2289 707 2322 pro
739 2278 944 2312 habitatione
978 2280 1071 2312 dum-

327 2337 413 2365 taxat
436 2333 703 2366 reverendissimi
729 2333 830 2376 patris
855 2333 1068 2366 commissarii

328 2386 494 2429 generalis
531 2386 698 2420 Indiarum
733 2398 793 2431 pro
832 2392 979 2431 tempore
1016 2388 1068 2421 et¹

328 2441 515 2474 earumdem
528 2441 771 2485 provinciarum
785 2441 1025 2484 religiosorum,
1043 2443 1069 2475 si
1090 2457 1092 2464 ν

329 2498 361 2526 et
384 2500 545 2537 quatenus
578 2506 783 2539 quacumque
814 2496 854 2529 de
884 2497 979 2528 causa
1004 2495 1069 2528 sive

329 2548 634 2593 quomodocumque
670 2549 808 2583 Romam
845 2549 1000 2583 accedere
1038 2554 1070 2582 et

328 2610 521 2644 permanere
545 2602 726 2647 contingat,
753 2614 789 2636 ae
813 2602 949 2647 insuper
981 2603 1067 2647 quod

366 2664 377 2692 t
399 2664 537 2693 Coniunct.
555 2668 580 2694 et
600 2674 649 2695 nos
668 2666 795 2695 addimus
814 2666 853 2702 (R.
875 2667 923 2702 τ,),

1115 1262 1214 1290 stram
1241 1257 1547 1290 reverendissimam
1575 1255 1770 1295 confirmari,
1803 1265 1859 1298 ap-

1091 1310 1093 1327 l
1115 1310 1245 1354 probari
1272 1316 1302 1343 et
1328 1310 1505 1354 respective
1523 1309 1668 1343 mandari
1695 1315 1791 1353 atque
1809 1309 1859 1341 in-

1115 1363 1244 1404 hiberi;
1272 1374 1308 1396 ac
1333 1363 1487 1407 insuper,
1514 1374 1574 1407 pro
1599 1363 1714 1395 maiori
1740 1363 1855 1395 horum

1115 1417 1239 1457 notitia,
1263 1417 1474 1450 observantia
1491 1422 1523 1449 et
1548 1415 1753 1457 executione,
1776 1415 1856 1459 petit

1114 1471 1200 1503 idem
1226 1475 1335 1504 orator
1359 1481 1377 1503 a
1402 1472 1512 1503 vestra
1541 1469 1739 1513 paternitate
1768 1479 1857 1502 reve-

1114 1524 1319 1564 rendissima,
1345 1529 1507 1568 quatenus
1539 1523 1692 1566 dignetur
1724 1523 1858 1567 permit-

1114 1583 1182 1611 tere
1208 1583 1240 1611 et
1264 1578 1429 1618 mandare,
1463 1581 1498 1610 ut
1523 1577 1628 1610 eidem
1663 1576 1857 1610 habitationi

1114 1632 1180 1665 sive
1206 1631 1351 1675 hospitio
1378 1630 1459 1674 lapis
1477 1631 1764 1674 superimponatur
1785 1641 1856 1663 cum

1114 1685 1264 1727 sequenti
1290 1684 1511 1728 inscriptione,
1537 1684 1563 1717 si
1588 1684 1632 1717 ita
1658 1684 1690 1717 in
1716 1684 1856 1717 Domino

1090 1738 1091 1743 ’
1114 1739 1175 1772 sibi
1193 1738 1384 1772 benevisum
1403 1738 1511 1771 suerit.
1531 1737 1631 1778 Quod,
1652 1743 1714 1771 etc.

1153 1807 1317 1847 Inscriptio.-
1334 1807 1374 1837 Ne
1393 1806 1585 1836 habitationis
1601 1806 1700 1846 inopia
1725 1806 1857 1846 religiosi

1114 1866 1148 1886 ex
1171 1856 1261 1886 Indiis
1284 1855 1522 1886 Occidentalibus
1539 1856 1661 1886 Romam
1684 1855 1856 1886 accedentes

1090 1908 1091 1927 ³
1114 1906 1181 1936 hinc
1204 1905 1271 1935 inde
1295 1905 1394 1944 vagari
1417 1909 1604 1944 cogerentur,
1629 1905 1786 1935 admodum
1811 1915 1858 1935 re-

1114 1955 1260 1985 verendus
1288 1954 1321 1984 P.
1345 1954 1377 1984 F.
1405 1954 1543 1984 Nicolaus
1575 1954 1610 1984 de
1642 1954 1740 1992 Leon,
1765 1955 1858 1984 lector

1114 2003 1277 2042 iubilatus‚
1301 2003 1505 2034 sanctissimae
1537 2003 1740 2043 Inquisitionis
1773 2004 1855 2042 regni

1114 2052 1239 2082 reruani
1263 2052 1459 2092 qualificator,
1477 2052 1646 2092 provinciae
1662 2052 1711 2082 XII
1734 2052 1856 2091 Aposto-

1114 2102 1207 2132 lorum
1232 2102 1266 2131 de
1289 2102 1370 2131 Lima
1401 2106 1536 2131 excustos
1565 2105 1593 2131 et
1616 2101 1716 2140 prior,
1741 2111 1855 2131 necnon

1114 2150 1347 2181 canonizationis
1370 2150 1399 2180 B.
1423 2150 1571 2180 Francisci
1594 2149 1694 2180 Solani
1717 2151 1746 2180 in
1770 2150 1856 2180 Curia

1091 2224 1092 2227 ,
1114 2204 1296 2240 procurator,
1320 2204 1348 2230 et
1371 2199 1546 2230 secretarius
1562 2199 1709 2238 generalis
1727 2199 1855 2235 Ordinis,

1114 2251 1225 2280 remota
1259 2249 1379 2289 parvula
1414 2254 1442 2279 et
1474 2258 1549 2288 pene
1571 2249 1735 2279 collabente
1758 2250 1854 2285 cella,

1113 2308 1187 2338 quae
1200 2299 1247 2328 vix
1262 2298 1447 2338 procuratori
1460 2307 1566 2328 causae
1579 2298 1710 2328 eiusdem
1722 2298 1754 2328 B.
1766 2298 1856 2328 Fran-

1113 2348 1184 2378 cisei
1206 2348 1304 2378 Solani
1327 2347 1398 2378 satis
1420 2352 1494 2386 erat,
1518 2357 1554 2378 ex
1577 2347 1772 2387 eleemosynis
1787 2357 1855 2387 pro-

1113 2397 1276 2427 vinciarum
1299 2397 1515 2437 praedictarum
1530 2421 1537 2435 ‚
1562 2396 1597 2427 ad
1620 2397 1697 2427 hunc
1720 2396 1854 2427 effectum

1113 2446 1256 2485 collectis,
1273 2446 1487 2477 habitationem
1510 2447 1586 2476 hanc
1608 2450 1636 2476 et
1659 2446 1821 2486 hospitium
1839 2456 1853 2475 a

1113 2496 1310 2526 fundamentis
1333 2496 1368 2526 de
1390 2505 1512 2526 assensu
1531 2496 1717 2535 superiorum
1733 2505 1857 2534 genera-

1112 2546 1184 2576 lium
1207 2546 1336 2576 extruxit
1358 2555 1434 2576 anno
1456 2545 1571 2576 Domini
1593 2553 1720 2575 Mnexcvt
1744 2555 1772 2582 »ς

1156 2604 1244 2637 Idem
1255 2605 1480 2638 Bonaventura
1491 2603 1760 2647 archiepiscopus
1778 2607 1854 2636 tune

1751 232 1815 267 843
1866 243 2055 271 An.c.1698

1895 2607 2006 2638 Deci-etum
2023 2606 2055 2628 di—

1867 2638 1895 2655 cu
1911 2637 2000 2655 ministri
2017 2640 2055 2660 gn-

1089 2677 1091 2691 .
1112 2657 1261 2693 minister
1277 2658 1439 2703 generalis
1457 2668 1554 2702 super
1572 2657 1710 2701 supplici
1741 2657 1855 2692 libello
1868 2662 1953 2687 noratis»
1963 2667 2005 2690 <11¹0
2017 2667 2053 2684 ³¹1·
