2227 3225
139 221 191 247 An.
206 220 234 248 C.
258 220 323 248 {690

918 218 975 239 AtAE
991 217 1050 238 AM
1066 216 1101 237 ΕΠ
1133 216 1182 237 llll
1211 216 1257 237 PP-

331 269 371 302 de
402 268 548 301 Mercede
581 265 819 308 redemptionis
855 265 1067 308 captivorum,

330 322 483 364 illiusque
509 320 659 353 domibus
689 324 720 351 et
753 318 957 361 regularilnis
991 317 1069 350 locis

330 375 388 407 sub
414 374 469 407 illo
490 372 749 416 comprehensis,
769 382 895 404 necnon
915 370 1068 411 magistro

330 427 475 470 generali
501 436 558 469 pro
586 431 733 468 tempore
759 424 921 462 existenti,
956 424 1065 456 delini-

330 479 454 512 toribus
491 484 522 512 et
547 477 814 521 procuratoribus
852 476 1067 519 generalibus,

329 531 506 570 visitatori,
531 530 792 569 consultoribus,
817 529 992 567 assessori,
1019 540 1070 561 su-

329 585 582 629 perioribusque
607 583 862 627 provincialibus
888 588 918 615 et
936 593 1070 615 conven-

329 638 480 677 tualibus,
507 637 643 680 aliisque
669 637 900 679 cuiuscumque
927 636 1068 668 nominis

330 691 546 729 officialibus,
574 689 818 733 superioribus,
844 700 880 721 ac
906 689 1069 731 religiosis

331 745 482 778 omnibus
508 750 539 777 et
556 743 694 786 singulis
718 743 750 775 in
776 753 813 775 eo
831 743 987 786 professis
1010 743 1069 773 sra-

331 797 433 830 tribus
459 807 518 840 pro
559 803 705 839 tempore
739 796 778 828 ad
814 795 958 838 captivos
985 795 1069 827 redi-

331 850 468 883 mendos
495 849 713 888 transmissis,
739 854 770 880 et
794 848 944 892 capitulis
971 858 1069 889 gene-

331 903 475 941 ralibus,
502 902 653 945 personis
678 901 898 943 regularibus,
925 900 1069 939 novitiis,

331 955 507 994 conversis,
532 954 670 991 donatis,
693 954 822 993 oblatis,
843 953 1010 992 ministris,
1028 953 1070 985 sa-

332 1009 449 1049 mulis,
471 1009 659 1051 cunctisque
694 1013 756 1040 tam
783 1008 947 1040 officiariis
972 1018 1069 1050 quam

333 1062 523 1095 domesticis
557 1068 589 1095 et
626 1072 737 1094 eorum
778 1061 927 1093 domibus
967 1061 1069 1093 inser-

332 1115 494 1147 vientibus
518 1142 526 1154 ,
564 1120 596 1147 et
627 1114 744 1147 ceteris
770 1113 847 1145 dicti
873 1113 1002 1146 Ordinis
1034 1124 1070 1145 ac

334 1167 424 1202 illius
449 1169 618 1201 domorum
645 1173 677 1200 et
703 1167 899 1209 regularium
925 1168 1068 1200 locorum

334 1221 484 1264 personis
524 1221 783 1263 quibuscumque
824 1231 883 1263 pro
924 1226 1070 1262 tempore

335 1273 561 1310 existentibus,
579 1283 704 1304 necnon
723 1272 890 1315 quibusvis
907 1272 978 1305 aliis
998 1282 1071 1314 per-

334 1326 424 1358 sonis
449 1337 486 1358 ac
511 1324 781 1357 christifidelibus
815 1325 944 1357 illorum
970 1325 1072 1356 eccle-

335 1378 398 1410 sias
433 1388 490 1410 scu
530 1377 695 1420 cappellus
729 1387 786 1419 pro
824 1382 968 1419 tempore
998 1376 1072 1408 visi—

336 1431 490 1469 tantibus,
517 1435 552 1462 ut
589 1430 742 1462 omnibus
778 1435 809 1462 et
842 1429 979 1472 singulis
1008 1429 1072 1472 pri-

337 1483 482 1526 vilegiis,
523 1482 749 1521 libertatibus,
787 1482 1071 1522 innmmitutibus,

336 1536 603 1579 exemptionibus,
615 1535 890 1578 praecrninentiis,
903 1536 1074 1569 antelatio-

336 1591 440 1627 nibus,
467 1588 753 1627 concessionibus,
781 1589 931 1628 indultis,
959 1589 1074 1622 favori-

336 1644 406 1682 bus,
429 1641 653 1683 indulgentiis,
685 1641 821 1684 aliisque
840 1642 1074 1684 praerogativis

337 1702 368 1730 et
393 1695 506 1739 gratiis
531 1694 689 1727 universis
706 1699 736 1727 et
757 1694 905 1737 singulis,
929 1700 990 1727 tam
1009 1695 1075 1739 spi-

337 1748 510 1782 ritualibus
536 1758 632 1790 quam
661 1748 911 1790 temporalibus,
936 1748 1073 1790 singulis

338 1802 497 1842 domibus,
524 1800 737 1833 conventibus
765 1805 797 1833 et
822 1800 892 1832 aliis
918 1802 1075 1843 regulari-

337 1855 396 1887 bus
414 1853 494 1887 locis
512 1864 548 1885 ae
567 1853 722 1896 personis,
744 1853 823 1885 tam¹
843 1854 1074 1887 canonicorum

338 1918 432 1951 quam
459 1906 649 1940 clericorum
669 1906 867 1948 regularium
885 1907 991 1939 ubivis
1010 1908 1076 1940 exi-

338 1960 492 1993 stentium
517 1959 682 1998 institutis,
710 1965 741 1991 et
766 1969 831 1991 non
857 1960 959 1992 solum
985 1960 1076 1993 Ordi-

338 2013 432 2047 nibus
458 2012 654 2052 monastieis,
669 2012 724 2044 sed
747 2011 843 2044 etiam
861 2013 1075 2055 regularibus,

339 2064 590 2099 Mendicantium
604 2069 635 2097 et
648 2075 713 2096 non
734 2064 994 2107 Mendieantium,
1013 2072 1076 2099 tam

339 2129 399 2163 pro
436 2117 636 2151 redimendis
672 2117 825 2160 captivis,
861 2128 958 2160 quam
998 2119 1099 2152 alias¹

341 2171 590 2215 quomodolibet
614 2170 725 2203 Ordini
751 2170 804 2204 SS.
832 2170 995 2204 Trinitatis
1028 2183 1077 2205 re-

341 2223 538 2268 demptionis
563 2223 773 2266 captivorum,
800 2223 952 2268 illiusque
978 2225 1078 2258 donii-

340 2277 412 2318 bus‚
446 2277 660 2310 conventibus
686 2281 718 2309 et
743 2276 910 2317 fratribus,
951 2288 1078 2310 necnon

342 2330 493 2363 omnibus
530 2335 561 2362 et
600 2329 857 2373 quibuscumque
897 2330 1080 2374 Congrega-

342 2382 486 2415 tionibus
512 2382 731 2424 regularibus,
757 2387 789 2414 et
810 2382 985 2426 praecipue
1017 2384 1080 2416 cle-

345 2435 485 2469 ricorum
513 2434 710 2478 regularium
737 2435 874 2468 Inssrmis
900 2435 1080 2468 Ministran-

346 2489 431 2528 tium,
469 2494 500 2522 et
538 2489 770 2522 canonicorum
810 2489 1080 2531 Congregationis

348 2542 595 2582 LateranensiS,
637 2542 688 2575 SS.
735 2542 908 2575 Salvator-is
945 2542 983 2574 de
1021 2543 1081 2575 Bo-

382 2605 392 2632 ¹
411 2602 510 2630 Forsan
527 2603 552 2629 in
567 2604 616 2631 isto
632 2608 762 2631 commate
778 2603 843 2640 qnid
859 2602 933 2630 deest
949 2604 988 2638 (n.
1005 2603 1053 2638 τ.).

1764 208 1805 241 (²3

1114 263 1222 302 nonin,
1249 274 1285 295 ac
1311 263 1406 295 etiam
1433 264 1462 295 S⁴
1493 263 1571 295 ltuffi
1597 265 1782 307 Yalentiae,
1815 273 1846 299 et

1112 316 1142 351 S.
1167 316 1275 348 Crucis
1316 316 1532 356 Colimbriae,
1568 318 1760 352 clericorum
1789 332 1842 353 re—

1113 369 1271 409 gularium
1310 369 1348 401 de
1385 369 1557 409 Somasca,
1593 376 1624 402 et
1667 371 1845 415 pauperum

1113 421 1219 454 Matris
1238 421 1292 453 Dei
1319 432 1354 453 ae
1379 421 1574 455 Scliolarum
1595 423 1733 463 Piarum,
1755 424 1775 467 i,
1791 426 1846 458 sis-

1113 485 1173 517 que
1198 474 1386 507 monasticis
1402 474 1729 518 Congregassonibus,
1751 478 1846 511 etiam

1112 527 1317 567 cassinensi,
1345 527 1481 570 aliisque
1519 529 1688 563 monacbis
1723 537 1753 563 et
1786 543 1847 564 mo-

1113 582 1263 613 nasteriis
1287 581 1318 613 S.
1354 581 1540 621 Benedicti,
1575 583 1606 615 S.
1635 584 1844 626 Hieronymi,

1112 634 1292 667 Carmelitis
1332 634 1556 674 Discalceatis,
1598 638 1769 670 conventui
1810 639 1844 671 B.

1113 687 1229 720 Mariae
1266 687 1306 719 de
1342 686 1545 731 Guadalupa,
1579 700 1705 722 necnon
1742 690 1850 724 Socie-

1112 740 1184 772 tatiS
1228 739 1323 779 lesu,
1368 740 1510 784 ipsisque
1553 741 1847 784 Cartliusiensium,

1113 792 1495 833 Praemonstratentium,
1522 800 1552 827 et
1589 795 1847 830 Ilelormatorum

1111 845 1384 883 Cisterciensium,
1419 846 1628 888 Servitarum,
1665 849 1849 883 Olivetano-

1113 909 1182 931 rum
1207 898 1392 938 Ordinibus,
1419 900 1556 944 aliisque
1591 901 1718 935 familiis
1742 909 1773 935 et
1797 915 1851 936 so-

1112 952 1284 985 cietatibus
1322 953 1538 995 regularibus,
1575 955 1709 994 militiis,
1740 956 1851 1000 bospi-

1113 1005 1231 1038 talibus
1256 1005 1527 1049 quibuscumque,
1553 1014 1585 1040 et
1609 1008 1670 1051 piis
1696 1009 1776 1043 loeis
1802 1021 1851 1043 re-

1112 1058 1302 1101 gularibus,
1329 1069 1366 1091 ac
1405 1059 1660 1104 quibuscumque
1686 1063 1850 1105 personis,

1113 1122 1198 1144 nune
1222 1118 1253 1144 et
1278 1123 1336 1155 pro
1355 1118 1502 1155 tempore
1520 1114 1743 1155 existentibus,
1761 1127 1853 1159 prae·

1114 1165 1274 1197 dictorum
1300 1170 1331 1197 et
1352 1166 1573 1208 quorumlibet
1597 1167 1752 1201 Ordinum
1769 1196 1776 1209 ,
1802 1180 1853 1202 so-

1113 1218 1265 1250 cietatum
1284 1223 1316 1250 et
1336 1219 1626 1261 congregationum
1644 1222 1850 1263 regularium,

1114 1282 1171 1313 per
1195 1281 1254 1303 nos
1279 1277 1309 1304 et
1333 1270 1448 1304 Sedem
1474 1273 1672 1314 praedictam
1709 1286 1744 1308 ae
1769 1277 1851 1310 alios

1115 1334 1335 1366 quoscumque
1357 1325 1627 1366 praedecessores
1646 1334 1773 1361 nostros
1796 1330 1853 1363 llo·

1116 1387 1228 1408 manos
1240 1375 1419 1414 Pontifices,
1431 1387 1556 1409 necnon
1568 1378 1709 1412 eiusdem
1721 1381 1752 1414 S.
1767 1382 1804 1415 R.
1816 1383 1849 1416 E.

1116 1429 1316 1466 cardinales,
1342 1429 1437 1461 etiam
1464 1430 1502 1461 de
1535 1431 1635 1463 latere
1654 1433 1796 1474 legatos,
1822 1441 1854 1467 et

1116 1481 1246 1524 quosvis
1284 1481 1375 1514 Sedis
1400 1483 1586 1524 praedictae
1618 1486 1776 1526 nuncios,
1803 1489 1853 1521 vel

1117 1535 1212 1568 etiarn
1250 1540 1313 1567 tam
1346 1535 1526 1578 apostolica
1561 1538 1726 1579 praedicta
1756 1550 1854 1582 quam

1117 1588 1280 1621 ordinaria
1306 1594 1335 1621 et
1362 1588 1449 1630 regia
1470 1590 1519 1622 vel
1553 1590 1717 1633 imperiali
1750 1599 1856 1626 aucto-

1117 1641 1267 1674 ritatibus
1293 1642 1484 1684 respective,
1507 1648 1560 1675 aut
1578 1641 1655 1677 alias
1674 1647 1856 1688 quomodo-

1118 1695 1207 1735 libet,
1228 1695 1488 1738 quibuscumque
1526 1697 1699 1729 verborum
1725 1709 1857 1742 expres-

1118 1748 1266 1781 sionibus
1291 1753 1323 1780 et
1349 1748 1524 1787 tenoribus
1544 1749 1575 1781 in
1601 1761 1722 1792 genere
1748 1754 1795 1785 vel
1822 1754 1855 1785 in

1117 1801 1235 1844 specie,
1261 1811 1298 1834 ac
1333 1801 1585 1843 particulariter,
1619 1808 1680 1835 tam
1706 1815 1764 1847 per
1788 1816 1857 1838 mo-

1119 1855 1194 1887 dum
1230 1853 1535 1887 coinnuinicatiouis
1562 1860 1593 1887 et
1625 1857 1857 1899 ampliationis,

1119 1919 1215 1952 quam
1240 1907 1396 1950 simplicis
1422 1913 1454 1940 et
1478 1907 1661 1942 individuae
1695 1921 1731 1942 ac
1763 1912 1858 1954 parti-

1119 1961 1235 1994 cularis
1251 1966 1281 1993 et
1295 1960 1444 2004 specialis
1462 1961 1695 2003 concessionis,
1711 1974 1746 1996 ae
1762 1964 1857 1998 etiam

1119 2020 1208 2048 motu
1244 2014 1380 2057 proprio
1417 2019 1448 2047 et
1484 2025 1520 2047 ex
1546 2017 1632 2048 certa
1666 2017 1800 2050 scientia
1825 2024 1858 2051 et

1120 2069 1159 2101 de
1191 2067 1390 2110 apostolieae
1427 2067 1596 2110 potestatis
1635 2069 1854 2112 plenitudine,

1120 2121 1216 2153 etiam
1247 2119 1370 2152 iteratis
1396 2119 1530 2160 vicibus,
1558 2121 1722 2154 concessis
1749 2123 1857 2157 hacte-

1121 2185 1180 2206 nus
1211 2174 1261 2206 vel
1288 2172 1484 2206 confirmatis
1509 2178 1565 2205 aut
1589 2175 1776 2217 approbatis
1792 2203 1799 2215 ,
1827 2182 1859 2210 et

1122 2227 1238 2271 quibus
1264 2226 1311 2260 illi
1337 2231 1399 2258 tarn
1425 2225 1458 2258 in
1483 2226 1545 2259 vita
1571 2238 1666 2270 quam
1692 2229 1725 2261 in
1745 2230 1857 2263 mortis

1121 2279 1269 2319 articulo,
1308 2278 1403 2312 etiam
1443 2279 1529 2312 eirca
1565 2285 1773 2323 peccatorum
1810 2293 1860 2316 re-

1122 2331 1304 2371 missiones,
1341 2336 1371 2364 et
1397 2331 1614 2365 iniunctarum
1644 2333 1861 2375 poenitentia-

1122 2396 1192 2417 rum
1218 2385 1445 2424 relaxationes,
1471 2389 1525 2416 aut
1550 2385 1628 2418 alias
1655 2387 1860 2428 quomodoli-

1123 2439 1187 2478 bet,
1216 2438 1254 2470 de
1279 2437 1360 2476 iure,
1381 2447 1439 2470 usu
1458 2442 1512 2470 aut
1528 2437 1700 2480 privilegio
1719 2440 1768 2472 vel
1787 2449 1861 2472 eon-

1123 2490 1293 2523 suetudine
1319 2489 1569 2534 quomodolibet
1587 2495 1732 2530 utuntur,
1754 2492 1861 2524 l'ruun·

1125 2550 1183 2581 tur,
1210 2543 1379 2586 potiuntur
1404 2548 1435 2575 et
1461 2543 1610 2586 gaudent,
1638 2553 1673 2575 ac
1697 2543 1750 2582 uti,
1785 2544 1857 2581 srui.

1124 2595 1218 2639 pttiri
1245 2601 1277 2628 et
1301 2596 1441 2638 gaudere
1482 2601 1619 2639 possunt
1644 2601 1676 2629 et
1706 2602 1846 2638 poterint

1853 219 1904 245 Ar..
1924 218 1952 245 C.
1972 218 2037 246 1600
