<?xml version="1.0" encoding="UTF-8"?>
<!DOCTYPE html PUBLIC "-//W3C//DTD XHTML 1.0 Transitional//EN"
    "http://www.w3.org/TR/xhtml1/DTD/xhtml1-transitional.dtd">
<html xmlns="http://www.w3.org/1999/xhtml" xml:lang="en" lang="en">
 <head>
  <title>
</title>
<meta http-equiv="Content-Type" content="text/html;charset=utf-8" />
  <meta name='ocr-system' content='tesseract 3.04.00' />
  <meta name='ocr-capabilities' content='ocr_page ocr_carea ocr_par ocr_line ocrx_word'/>
</head>
<body>
  <div class='ocr_page' id='page_1' title='image "./bullarumdiplomat20cath_0251.png"; bbox 0 0 2227 3225; ppageno 0'>
   <div class='ocr_carea' id='block_1_1' title="bbox 106 238 292 266">
    <p class='ocr_par' dir='ltr' id='par_1_1' title="bbox 106 238 292 266">
     <span class='ocr_line' id='line_1_1' title="bbox 106 238 292 266; baseline -0.005 0"><span class='ocrx_word' id='word_1_1' title='bbox 106 240 156 266; x_wconf 82' lang='lat' dir='ltr'>An.</span> <span class='ocrx_word' id='word_1_2' title='bbox 174 239 205 266; x_wconf 88' lang='lat' dir='ltr'>C.</span> <span class='ocrx_word' id='word_1_3' title='bbox 228 238 292 266; x_wconf 76' lang='lat'>1691</span> 
     </span>
    </p>
   </div>
   <div class='ocr_carea' id='block_1_2' title="bbox 112 1406 294 1480">
    <p class='ocr_par' dir='ltr' id='par_1_2' title="bbox 112 1406 294 1480">
     <span class='ocr_line' id='line_1_2' title="bbox 137 1406 294 1427; baseline -0.006 0"><span class='ocrx_word' id='word_1_4' title='bbox 137 1406 158 1427; x_wconf 84' lang='lat' dir='ltr'>ln</span> <span class='ocrx_word' id='word_1_5' title='bbox 182 1406 294 1427; x_wconf 67' lang='lat' dir='ltr'>audiendis</span> 
     </span>
     <span class='ocr_line' id='line_1_3' title="bbox 120 1433 287 1454; baseline 0.006 -2"><span class='ocrx_word' id='word_1_6' title='bbox 120 1433 287 1454; x_wconf 57' lang='lat' dir='ltr'>eonstSstnntbus</span> 
     </span>
     <span class='ocr_line' id='line_1_4' title="bbox 112 1460 215 1480; baseline -0.01 0"><span class='ocrx_word' id='word_1_7' title='bbox 112 1460 215 1480; x_wconf 80' lang='lat' dir='ltr'>assiduus.</span> 
     </span>
    </p>
   </div>
   <div class='ocr_carea' id='block_1_3' title="bbox 117 2354 300 2431">
    <p class='ocr_par' dir='ltr' id='par_1_3' title="bbox 117 2354 300 2431">
     <span class='ocr_line' id='line_1_5' title="bbox 143 2354 300 2380; baseline -0.013 -5"><span class='ocrx_word' id='word_1_8' title='bbox 143 2354 233 2380; x_wconf 71' lang='lat' dir='ltr'>Reliqua</span> <span class='ocrx_word' id='word_1_9' title='bbox 244 2359 300 2373; x_wconf 81' lang='lat' dir='ltr'>amo-</span> 
     </span>
     <span class='ocr_line' id='line_1_6' title="bbox 117 2386 300 2404; baseline 0 -4"><span class='ocrx_word' id='word_1_10' title='bbox 117 2386 145 2401; x_wconf 75' lang='grc' dir='ltr'>Υκ</span> <span class='ocrx_word' id='word_1_11' title='bbox 157 2387 175 2399; x_wconf 76' lang='lat' dir='ltr'>&#39;n</span> <span class='ocrx_word' id='word_1_12' title='bbox 187 2386 300 2404; x_wconf 67' lang='lat' dir='ltr'>DsOllmum</span> 
     </span>
     <span class='ocr_line' id='line_1_7' title="bbox 117 2408 248 2431; baseline -0.008 -5"><span class='ocrx_word' id='word_1_13' title='bbox 117 2408 248 2431; x_wconf 77' lang='lat' dir='ltr'>argumenta.</span> 
     </span>
    </p>
   </div>
   <div class='ocr_carea' id='block_1_4' title="bbox 877 238 1085 262">
    <p class='ocr_par' dir='ltr' id='par_1_4' title="bbox 877 238 1085 262">
     <span class='ocr_line' id='line_1_8' title="bbox 877 238 1085 262; baseline -0.01 0"><span class='ocrx_word' id='word_1_14' title='bbox 877 238 1085 262; x_wconf 63' lang='lat' dir='ltr'>INNtffiENTtUts</span> 
     </span>
    </p>
   </div>
   <div class='ocr_carea' id='block_1_5' title="bbox 298 286 1048 2657">
    <p class='ocr_par' dir='ltr' id='par_1_5' title="bbox 298 286 1040 1375">
     <span class='ocr_line' id='line_1_9' title="bbox 298 286 1031 329; baseline -0.004 -8"><span class='ocrx_word' id='word_1_15' title='bbox 298 288 492 321; x_wconf 86' lang='lat' dir='ltr'>exultatione</span> <span class='ocrx_word' id='word_1_16' title='bbox 520 288 663 321; x_wconf 76' lang='lat' dir='ltr'>messuit.</span> <span class='ocrx_word' id='word_1_17' title='bbox 690 287 766 319; x_wconf 90' lang='lat' dir='ltr'>Cum</span> <span class='ocrx_word' id='word_1_18' title='bbox 797 286 855 325; x_wconf 86' lang='lat' dir='ltr'>iis,</span> <span class='ocrx_word' id='word_1_19' title='bbox 881 286 933 329; x_wconf 83' lang='lat' dir='ltr'>qui</span> <span class='ocrx_word' id='word_1_20' title='bbox 959 286 1031 318; x_wconf 85' lang='lat' dir='ltr'>odio</span> 
     </span>
     <span class='ocr_line' id='line_1_10' title="bbox 299 339 1033 383; baseline -0.004 -10"><span class='ocrx_word' id='word_1_21' title='bbox 299 340 463 373; x_wconf 84' lang='lat' dir='ltr'>habebant</span> <span class='ocrx_word' id='word_1_22' title='bbox 488 351 610 383; x_wconf 81' lang='lat' dir='ltr'>pacem,</span> <span class='ocrx_word' id='word_1_23' title='bbox 629 345 696 373; x_wconf 87' lang='lat' dir='ltr'>erat</span> <span class='ocrx_word' id='word_1_24' title='bbox 710 339 869 382; x_wconf 79' lang='lat' dir='ltr'>pacificus,</span> <span class='ocrx_word' id='word_1_25' title='bbox 889 344 919 371; x_wconf 86' lang='lat' dir='ltr'>ct</span> <span class='ocrx_word' id='word_1_26' title='bbox 937 350 1033 371; x_wconf 82' lang='lat' dir='ltr'>eran-</span> 
     </span>
     <span class='ocr_line' id='line_1_11' title="bbox 299 390 1033 435; baseline -0.003 -11"><span class='ocrx_word' id='word_1_27' title='bbox 299 391 394 435; x_wconf 83' lang='lat' dir='ltr'>gelici</span> <span class='ocrx_word' id='word_1_28' title='bbox 420 392 605 426; x_wconf 84' lang='lat' dir='ltr'>samaritani</span> <span class='ocrx_word' id='word_1_29' title='bbox 631 392 743 431; x_wconf 77' lang='lat' dir='ltr'>instar,</span> <span class='ocrx_word' id='word_1_30' title='bbox 768 391 947 424; x_wconf 77' lang='lat' dir='ltr'>sauciarum</span> <span class='ocrx_word' id='word_1_31' title='bbox 966 390 1033 423; x_wconf 87' lang='lat' dir='ltr'>ani-</span> 
     </span>
     <span class='ocr_line' id='line_1_12' title="bbox 298 445 1032 485; baseline -0.004 -7"><span class='ocrx_word' id='word_1_32' title='bbox 298 456 424 478; x_wconf 87' lang='lat' dir='ltr'>marum</span> <span class='ocrx_word' id='word_1_33' title='bbox 449 445 672 478; x_wconf 73' lang='lat' dir='ltr'>misericordia</span> <span class='ocrx_word' id='word_1_34' title='bbox 696 450 811 483; x_wconf 80' lang='lat' dir='ltr'>motus,</span> <span class='ocrx_word' id='word_1_35' title='bbox 830 445 958 477; x_wconf 84' lang='lat' dir='ltr'>easdem</span> <span class='ocrx_word' id='word_1_36' title='bbox 981 454 1032 485; x_wconf 92' lang='lat' dir='ltr'>op-</span> 
     </span>
     <span class='ocr_line' id='line_1_13' title="bbox 299 495 1032 541; baseline -0.004 -11"><span class='ocrx_word' id='word_1_37' title='bbox 299 504 440 541; x_wconf 87' lang='lat' dir='ltr'>portune</span> <span class='ocrx_word' id='word_1_38' title='bbox 466 497 563 530; x_wconf 76' lang='lat' dir='ltr'>modo</span> <span class='ocrx_word' id='word_1_39' title='bbox 588 497 830 540; x_wconf 80' lang='lat' dir='ltr'>compungebat</span> <span class='ocrx_word' id='word_1_40' title='bbox 852 497 925 529; x_wconf 92' lang='lat' dir='ltr'>vino</span> <span class='ocrx_word' id='word_1_41' title='bbox 953 495 1032 528; x_wconf 86' lang='lat' dir='ltr'>acris</span> 
     </span>
     <span class='ocr_line' id='line_1_14' title="bbox 300 548 1035 588; baseline -0.001 -6"><span class='ocrx_word' id='word_1_42' title='bbox 300 550 560 583; x_wconf 86' lang='lat' dir='ltr'>comminationis</span> <span class='ocrx_word' id='word_1_43' title='bbox 585 549 684 583; x_wconf 83' lang='lat' dir='ltr'>divini</span> <span class='ocrx_word' id='word_1_44' title='bbox 710 549 841 588; x_wconf 86' lang='lat' dir='ltr'>iudicii,</span> <span class='ocrx_word' id='word_1_45' title='bbox 867 548 964 581; x_wconf 74' lang='lat' dir='ltr'>modo</span> <span class='ocrx_word' id='word_1_46' title='bbox 990 548 1035 581; x_wconf 85' lang='lat' dir='ltr'>so-</span> 
     </span>
     <span class='ocr_line' id='line_1_15' title="bbox 299 601 1036 645; baseline -0.003 -10"><span class='ocrx_word' id='word_1_47' title='bbox 299 603 394 635; x_wconf 88' lang='lat' dir='ltr'>vcbat</span> <span class='ocrx_word' id='word_1_48' title='bbox 429 603 504 635; x_wconf 89' lang='lat' dir='ltr'>olco</span> <span class='ocrx_word' id='word_1_49' title='bbox 530 602 711 645; x_wconf 77' lang='lat' dir='ltr'>sperandae</span> <span class='ocrx_word' id='word_1_50' title='bbox 739 601 936 634; x_wconf 73' lang='lat' dir='ltr'>remissionis</span> <span class='ocrx_word' id='word_1_51' title='bbox 961 611 1036 644; x_wconf 86' lang='lat' dir='ltr'>pec-</span> 
     </span>
     <span class='ocr_line' id='line_1_16' title="bbox 300 654 1035 698; baseline -0.004 -9"><span class='ocrx_word' id='word_1_52' title='bbox 300 656 374 689; x_wconf 87' lang='lat' dir='ltr'>cati.</span> <span class='ocrx_word' id='word_1_53' title='bbox 393 655 463 689; x_wconf 84' lang='lat' dir='ltr'>Non</span> <span class='ocrx_word' id='word_1_54' title='bbox 489 667 505 688; x_wconf 90' lang='lat' dir='ltr'>e</span> <span class='ocrx_word' id='word_1_55' title='bbox 531 660 684 698; x_wconf 79' lang='lat' dir='ltr'>suggestu</span> <span class='ocrx_word' id='word_1_56' title='bbox 701 655 819 694; x_wconf 87' lang='lat' dir='ltr'>solum,</span> <span class='ocrx_word' id='word_1_57' title='bbox 839 655 897 688; x_wconf 85' lang='lat' dir='ltr'>sed</span> <span class='ocrx_word' id='word_1_58' title='bbox 917 654 950 686; x_wconf 92' lang='lat' dir='ltr'>in</span> <span class='ocrx_word' id='word_1_59' title='bbox 972 654 1035 697; x_wconf 88' lang='lat' dir='ltr'>pri-</span> 
     </span>
     <span class='ocr_line' id='line_1_17' title="bbox 300 708 1037 752; baseline -0.003 -11"><span class='ocrx_word' id='word_1_60' title='bbox 300 709 380 742; x_wconf 78' lang='lat' dir='ltr'>vatis</span> <span class='ocrx_word' id='word_1_61' title='bbox 404 709 575 752; x_wconf 82' lang='lat' dir='ltr'>colloquiis</span> <span class='ocrx_word' id='word_1_62' title='bbox 595 713 778 751; x_wconf 76' lang='lat' dir='ltr'><strong>peccatores</strong></span> <span class='ocrx_word' id='word_1_63' title='bbox 802 708 841 741; x_wconf 87' lang='lat' dir='ltr'>ad</span> <span class='ocrx_word' id='word_1_64' title='bbox 867 708 1037 751; x_wconf 72' lang='lat' dir='ltr'>poeniten-</span> 
     </span>
     <span class='ocr_line' id='line_1_18' title="bbox 301 761 1034 803; baseline -0.004 -9"><span class='ocrx_word' id='word_1_65' title='bbox 301 762 376 794; x_wconf 87' lang='lat' dir='ltr'>tiam</span> <span class='ocrx_word' id='word_1_66' title='bbox 407 768 438 795; x_wconf 83' lang='lat' dir='ltr'>et</span> <span class='ocrx_word' id='word_1_67' title='bbox 469 762 630 794; x_wconf 73' lang='lat' dir='ltr'>discordes</span> <span class='ocrx_word' id='word_1_68' title='bbox 662 761 823 794; x_wconf 77' lang='lat' dir='ltr'>revocavit</span> <span class='ocrx_word' id='word_1_69' title='bbox 846 761 884 794; x_wconf 88' lang='lat' dir='ltr'>ad</span> <span class='ocrx_word' id='word_1_70' title='bbox 909 771 976 803; x_wconf 48' lang='lat' dir='ltr'>pact</span> <span class='ocrx_word' id='word_1_71' title='bbox 994 772 1034 791; x_wconf 80' lang='lat' dir='ltr'>iu.</span> 
     </span>
     <span class='ocr_line' id='line_1_19' title="bbox 300 812 1037 857; baseline -0.005 -9"><span class='ocrx_word' id='word_1_72' title='bbox 300 815 419 848; x_wconf 78' lang='lat' dir='ltr'>Natura</span> <span class='ocrx_word' id='word_1_73' title='bbox 443 814 539 853; x_wconf 77' lang='lat' dir='ltr'>mitis,</span> <span class='ocrx_word' id='word_1_74' title='bbox 560 819 692 857; x_wconf 87' lang='lat' dir='ltr'>aspectu</span> <span class='ocrx_word' id='word_1_75' title='bbox 711 813 883 853; x_wconf 85' lang='lat' dir='ltr'>iucundus,</span> <span class='ocrx_word' id='word_1_76' title='bbox 906 812 1037 856; x_wconf 80' lang='lat' dir='ltr'>cloquio</span> 
     </span>
     <span class='ocr_line' id='line_1_20' title="bbox 301 865 1036 908; baseline -0.004 -8"><span class='ocrx_word' id='word_1_77' title='bbox 301 869 417 908; x_wconf 86' lang='lat' dir='ltr'>suavis,</span> <span class='ocrx_word' id='word_1_78' title='bbox 444 867 643 900; x_wconf 84' lang='lat' dir='ltr'>audientium</span> <span class='ocrx_word' id='word_1_79' title='bbox 668 867 864 900; x_wconf 68' lang='lat' dir='ltr'>conciliabat</span> <span class='ocrx_word' id='word_1_80' title='bbox 893 865 1036 906; x_wconf 76' lang='lat' dir='ltr'>affectus,</span> 
     </span>
     <span class='ocr_line' id='line_1_21' title="bbox 303 919 1039 964; baseline -0.001 -11"><span class='ocrx_word' id='word_1_81' title='bbox 303 921 513 964; x_wconf 72' lang='lat' dir='ltr'>extinguebat</span> <span class='ocrx_word' id='word_1_82' title='bbox 537 920 621 960; x_wconf 88' lang='lat' dir='ltr'>odia,</span> <span class='ocrx_word' id='word_1_83' title='bbox 647 920 779 952; x_wconf 83' lang='lat' dir='ltr'>arcebat</span> <span class='ocrx_word' id='word_1_84' title='bbox 798 919 967 959; x_wconf 75' lang='lat' dir='ltr'>vindictas,</span> <span class='ocrx_word' id='word_1_85' title='bbox 995 919 1039 952; x_wconf 88' lang='lat' dir='ltr'>se-</span> 
     </span>
     <span class='ocr_line' id='line_1_22' title="bbox 303 973 1040 1017; baseline -0.004 -10"><span class='ocrx_word' id='word_1_86' title='bbox 303 974 344 1007; x_wconf 85' lang='lat' dir='ltr'>lix</span> <span class='ocrx_word' id='word_1_87' title='bbox 370 973 529 1007; x_wconf 88' lang='lat' dir='ltr'>mediator</span> <span class='ocrx_word' id='word_1_88' title='bbox 553 973 663 1017; x_wconf 84' lang='lat' dir='ltr'>pacis,</span> <span class='ocrx_word' id='word_1_89' title='bbox 698 979 812 1016; x_wconf 86' lang='lat' dir='ltr'>potens</span> <span class='ocrx_word' id='word_1_90' title='bbox 845 973 1040 1007; x_wconf 71' lang='lat' dir='ltr'>intercessor</span> 
     </span>
     <span class='ocr_line' id='line_1_23' title="bbox 302 1025 1040 1068; baseline -0.003 -9"><span class='ocrx_word' id='word_1_91' title='bbox 302 1026 424 1066; x_wconf 87' lang='lat' dir='ltr'>veniae,</span> <span class='ocrx_word' id='word_1_92' title='bbox 439 1031 651 1068; x_wconf 86' lang='lat' dir='ltr'>strenuusque</span> <span class='ocrx_word' id='word_1_93' title='bbox 665 1025 964 1058; x_wconf 85' lang='lat' dir='ltr'>Salmanticensium</span> <span class='ocrx_word' id='word_1_94' title='bbox 980 1025 1040 1057; x_wconf 89' lang='lat' dir='ltr'>dis-</span> 
     </span>
     <span class='ocr_line' id='line_1_24' title="bbox 303 1078 1040 1121; baseline -0.003 -9"><span class='ocrx_word' id='word_1_95' title='bbox 303 1079 457 1113; x_wconf 81' lang='lat' dir='ltr'>sidiorum</span> <span class='ocrx_word' id='word_1_96' title='bbox 484 1079 658 1121; x_wconf 72' lang='lat' dir='ltr'>dissipator</span> <span class='ocrx_word' id='word_1_97' title='bbox 675 1083 707 1110; x_wconf 91' lang='lat' dir='ltr'>et</span> <span class='ocrx_word' id='word_1_98' title='bbox 731 1078 870 1110; x_wconf 83' lang='lat' dir='ltr'>sedator.</span> <span class='ocrx_word' id='word_1_99' title='bbox 898 1078 962 1110; x_wconf 75' lang='lat' dir='ltr'>Nec</span> <span class='ocrx_word' id='word_1_100' title='bbox 982 1078 1040 1110; x_wconf 87' lang='lat' dir='ltr'>mi-</span> 
     </span>
     <span class='ocr_line' id='line_1_25' title="bbox 303 1130 1040 1174; baseline -0.001 -10"><span class='ocrx_word' id='word_1_101' title='bbox 303 1142 386 1171; x_wconf 85' lang='lat' dir='ltr'>rum,</span> <span class='ocrx_word' id='word_1_102' title='bbox 405 1131 491 1174; x_wconf 85' lang='lat' dir='ltr'>quia,</span> <span class='ocrx_word' id='word_1_103' title='bbox 510 1131 618 1163; x_wconf 81' lang='lat' dir='ltr'>divino</span> <span class='ocrx_word' id='word_1_104' title='bbox 639 1131 828 1172; x_wconf 74' lang='lat' dir='ltr'>magisterio</span> <span class='ocrx_word' id='word_1_105' title='bbox 854 1130 1040 1169; x_wconf 78' lang='lat' dir='ltr'>instructus,</span> 
     </span>
     <span class='ocr_line' id='line_1_26' title="bbox 304 1184 1039 1227; baseline 0 -10"><span class='ocrx_word' id='word_1_106' title='bbox 304 1185 341 1217; x_wconf 87' lang='lat' dir='ltr'>ad</span> <span class='ocrx_word' id='word_1_107' title='bbox 368 1195 454 1217; x_wconf 88' lang='lat' dir='ltr'>aram</span> <span class='ocrx_word' id='word_1_108' title='bbox 479 1185 577 1216; x_wconf 82' lang='lat' dir='ltr'>sacris</span> <span class='ocrx_word' id='word_1_109' title='bbox 602 1193 754 1227; x_wconf 83' lang='lat' dir='ltr'>operans,</span> <span class='ocrx_word' id='word_1_110' title='bbox 774 1184 812 1216; x_wconf 85' lang='lat' dir='ltr'>de</span> <span class='ocrx_word' id='word_1_111' title='bbox 834 1184 881 1222; x_wconf 78' lang='lat' dir='ltr'>iis,</span> <span class='ocrx_word' id='word_1_112' title='bbox 901 1195 981 1227; x_wconf 85' lang='lat' dir='ltr'>quae</span> <span class='ocrx_word' id='word_1_113' title='bbox 1001 1185 1039 1217; x_wconf 90' lang='lat' dir='ltr'>ad</span> 
     </span>
     <span class='ocr_line' id='line_1_27' title="bbox 305 1236 1038 1280; baseline 0 -11"><span class='ocrx_word' id='word_1_114' title='bbox 305 1238 483 1270; x_wconf 84' lang='lat' dir='ltr'>animarum</span> <span class='ocrx_word' id='word_1_115' title='bbox 510 1237 646 1269; x_wconf 86' lang='lat' dir='ltr'>salutem</span> <span class='ocrx_word' id='word_1_116' title='bbox 678 1241 709 1268; x_wconf 88' lang='lat' dir='ltr'>ct</span> <span class='ocrx_word' id='word_1_117' title='bbox 733 1236 958 1269; x_wconf 80' lang='lat' dir='ltr'>dissidentium</span> <span class='ocrx_word' id='word_1_118' title='bbox 986 1248 1038 1280; x_wconf 88' lang='lat' dir='ltr'>pa·</span> 
     </span>
     <span class='ocr_line' id='line_1_28' title="bbox 306 1288 1040 1332; baseline -0.001 -10"><span class='ocrx_word' id='word_1_119' title='bbox 306 1300 374 1322; x_wconf 87' lang='lat' dir='ltr'>cem</span> <span class='ocrx_word' id='word_1_120' title='bbox 400 1289 641 1321; x_wconf 85' lang='lat' dir='ltr'>anniuncianda</span> <span class='ocrx_word' id='word_1_121' title='bbox 667 1294 767 1328; x_wconf 89' lang='lat' dir='ltr'>erant,</span> <span class='ocrx_word' id='word_1_122' title='bbox 794 1290 833 1321; x_wconf 86' lang='lat' dir='ltr'>ab</span> <span class='ocrx_word' id='word_1_123' title='bbox 858 1289 929 1332; x_wconf 87' lang='lat' dir='ltr'>ipso</span> <span class='ocrx_word' id='word_1_124' title='bbox 955 1288 1040 1322; x_wconf 72' lang='lat' dir='ltr'>Chri·</span> 
     </span>
     <span class='ocr_line' id='line_1_29' title="bbox 305 1341 763 1375; baseline -0.004 -1"><span class='ocrx_word' id='word_1_125' title='bbox 305 1348 354 1375; x_wconf 88' lang='lat' dir='ltr'>sto</span> <span class='ocrx_word' id='word_1_126' title='bbox 380 1342 514 1375; x_wconf 89' lang='lat' dir='ltr'>Domino</span> <span class='ocrx_word' id='word_1_127' title='bbox 540 1341 763 1374; x_wconf 73' lang='lat' dir='ltr'>erudiebatur,</span> 
     </span>
    </p>

    <p class='ocr_par' dir='ltr' id='par_1_6' title="bbox 306 1393 1046 2327">
     <span class='ocr_line' id='line_1_30' title="bbox 349 1393 1040 1437; baseline 0 -11"><span class='ocrx_word' id='word_1_128' title='bbox 349 1394 363 1437; x_wconf 63' lang='grc' dir='ltr'><strong>ἓ</strong></span> <span class='ocrx_word' id='word_1_129' title='bbox 384 1393 436 1426; x_wconf 80' lang='grc'>10.</span> <span class='ocrx_word' id='word_1_130' title='bbox 457 1393 579 1426; x_wconf 86' lang='lat' dir='ltr'>Muneri</span> <span class='ocrx_word' id='word_1_131' title='bbox 595 1393 809 1427; x_wconf 80' lang='lat' dir='ltr'>concionandi</span> <span class='ocrx_word' id='word_1_132' title='bbox 829 1393 1040 1426; x_wconf 81' lang='lat' dir='ltr'>ministerium</span> 
     </span>
     <span class='ocr_line' id='line_1_31' title="bbox 307 1447 1039 1490; baseline -0.003 -10"><span class='ocrx_word' id='word_1_133' title='bbox 307 1447 447 1480; x_wconf 84' lang='lat' dir='ltr'>addebat</span> <span class='ocrx_word' id='word_1_134' title='bbox 466 1447 656 1480; x_wconf 75' lang='lat' dir='ltr'>sacramenti</span> <span class='ocrx_word' id='word_1_135' title='bbox 678 1447 912 1487; x_wconf 80' lang='lat' dir='ltr'>Poenitentiae,</span> <span class='ocrx_word' id='word_1_136' title='bbox 932 1452 967 1478; x_wconf 91' lang='lat' dir='ltr'>ut</span> <span class='ocrx_word' id='word_1_137' title='bbox 986 1447 1039 1490; x_wconf 81' lang='lat' dir='ltr'>qui</span> 
     </span>
     <span class='ocr_line' id='line_1_32' title="bbox 306 1499 1041 1543; baseline -0.001 -10"><span class='ocrx_word' id='word_1_138' title='bbox 306 1501 346 1533; x_wconf 85' lang='lat' dir='ltr'>ab</span> <span class='ocrx_word' id='word_1_139' title='bbox 364 1503 496 1543; x_wconf 83' lang='lat' dir='ltr'>accepta</span> <span class='ocrx_word' id='word_1_140' title='bbox 515 1499 754 1533; x_wconf 76' lang='lat' dir='ltr'>iustificationis</span> <span class='ocrx_word' id='word_1_141' title='bbox 772 1500 873 1542; x_wconf 79' lang='lat' dir='ltr'>gratia</span> <span class='ocrx_word' id='word_1_142' title='bbox 893 1510 951 1543; x_wconf 89' lang='lat' dir='ltr'>per</span> <span class='ocrx_word' id='word_1_143' title='bbox 969 1511 1041 1542; x_wconf 89' lang='lat' dir='ltr'>pec-</span> 
     </span>
     <span class='ocr_line' id='line_1_33' title="bbox 306 1553 1038 1592; baseline -0.001 -6"><span class='ocrx_word' id='word_1_144' title='bbox 306 1559 413 1587; x_wconf 90' lang='lat' dir='ltr'>catum</span> <span class='ocrx_word' id='word_1_145' title='bbox 438 1553 633 1592; x_wconf 87' lang='lat' dir='ltr'>exciderant,</span> <span class='ocrx_word' id='word_1_146' title='bbox 655 1553 719 1586; x_wconf 88' lang='lat' dir='ltr'>Deo</span> <span class='ocrx_word' id='word_1_147' title='bbox 737 1553 1038 1586; x_wconf 80' lang='lat' dir='ltr'>reconciliarentur.</span> 
     </span>
     <span class='ocr_line' id='line_1_34' title="bbox 306 1605 1041 1650; baseline -0.001 -11"><span class='ocrx_word' id='word_1_148' title='bbox 306 1607 445 1650; x_wconf 77' lang='lat' dir='ltr'>Impiger</span> <span class='ocrx_word' id='word_1_149' title='bbox 470 1606 639 1649; x_wconf 86' lang='lat' dir='ltr'>operarius</span> <span class='ocrx_word' id='word_1_150' title='bbox 665 1605 697 1638; x_wconf 90' lang='lat' dir='ltr'>in</span> <span class='ocrx_word' id='word_1_151' title='bbox 723 1606 813 1638; x_wconf 79' lang='lat' dir='ltr'>vinea</span> <span class='ocrx_word' id='word_1_152' title='bbox 835 1606 960 1639; x_wconf 89' lang='lat' dir='ltr'>Domini</span> <span class='ocrx_word' id='word_1_153' title='bbox 986 1617 1041 1639; x_wconf 89' lang='lat' dir='ltr'>au-</span> 
     </span>
     <span class='ocr_line' id='line_1_35' title="bbox 306 1659 1040 1702; baseline 0 -10"><span class='ocrx_word' id='word_1_154' title='bbox 306 1660 433 1692; x_wconf 85' lang='lat' dir='ltr'>diendis</span> <span class='ocrx_word' id='word_1_155' title='bbox 452 1659 711 1692; x_wconf 73' lang='lat' dir='ltr'>confessionibus</span> <span class='ocrx_word' id='word_1_156' title='bbox 726 1659 971 1702; x_wconf 79' lang='lat' dir='ltr'>poenitentium,</span> <span class='ocrx_word' id='word_1_157' title='bbox 987 1660 1040 1702; x_wconf 81' lang='lat' dir='ltr'>qui</span> 
     </span>
     <span class='ocr_line' id='line_1_36' title="bbox 306 1711 1043 1754; baseline 0 -10"><span class='ocrx_word' id='word_1_158' title='bbox 306 1713 387 1744; x_wconf 75' lang='lat' dir='ltr'>sama</span> <span class='ocrx_word' id='word_1_159' title='bbox 412 1711 592 1744; x_wconf 76' lang='lat' dir='ltr'>sam-utatis</span> <span class='ocrx_word' id='word_1_160' title='bbox 618 1717 650 1744; x_wconf 88' lang='lat' dir='ltr'>et</span> <span class='ocrx_word' id='word_1_161' title='bbox 676 1711 879 1754; x_wconf 75' lang='lat' dir='ltr'>experientia</span> <span class='ocrx_word' id='word_1_162' title='bbox 905 1712 1043 1745; x_wconf 83' lang='lat' dir='ltr'>charita-</span> 
     </span>
     <span class='ocr_line' id='line_1_37' title="bbox 307 1765 1040 1807; baseline 0.001 -10"><span class='ocrx_word' id='word_1_163' title='bbox 307 1765 345 1798; x_wconf 87' lang='lat' dir='ltr'>tis</span> <span class='ocrx_word' id='word_1_164' title='bbox 369 1765 475 1798; x_wconf 82' lang='lat' dir='ltr'>allecti</span> <span class='ocrx_word' id='word_1_165' title='bbox 508 1765 547 1797; x_wconf 85' lang='lat' dir='ltr'>ad</span> <span class='ocrx_word' id='word_1_166' title='bbox 580 1775 652 1797; x_wconf 89' lang='lat' dir='ltr'>enm</span> <span class='ocrx_word' id='word_1_167' title='bbox 678 1765 797 1807; x_wconf 73' lang='lat' dir='ltr'>iugiter</span> <span class='ocrx_word' id='word_1_168' title='bbox 822 1765 1040 1805; x_wconf 80' lang='lat' dir='ltr'>continebant,</span> 
     </span>
     <span class='ocr_line' id='line_1_38' title="bbox 307 1819 1043 1862; baseline -0.001 -10"><span class='ocrx_word' id='word_1_169' title='bbox 307 1819 431 1852; x_wconf 85' lang='lat' dir='ltr'>naviter</span> <span class='ocrx_word' id='word_1_170' title='bbox 464 1824 494 1852; x_wconf 90' lang='lat' dir='ltr'>et</span> <span class='ocrx_word' id='word_1_171' title='bbox 527 1819 670 1862; x_wconf 79' lang='lat' dir='ltr'>proficue</span> <span class='ocrx_word' id='word_1_172' title='bbox 709 1819 940 1859; x_wconf 81' lang='lat' dir='ltr'>incumbebat,</span> <span class='ocrx_word' id='word_1_173' title='bbox 965 1820 1043 1853; x_wconf 83' lang='lat' dir='ltr'>alios</span> 
     </span>
     <span class='ocr_line' id='line_1_39' title="bbox 308 1871 1043 1911; baseline 0 -6"><span class='ocrx_word' id='word_1_174' title='bbox 308 1871 393 1905; x_wconf 85' lang='lat' dir='ltr'>dulci</span> <span class='ocrx_word' id='word_1_175' title='bbox 419 1882 570 1904; x_wconf 79' lang='lat' dir='ltr'>sermone</span> <span class='ocrx_word' id='word_1_176' title='bbox 596 1882 758 1911; x_wconf 78' lang='lat' dir='ltr'>recreans,</span> <span class='ocrx_word' id='word_1_177' title='bbox 785 1872 863 1904; x_wconf 87' lang='lat' dir='ltr'>alios</span> <span class='ocrx_word' id='word_1_178' title='bbox 890 1872 977 1904; x_wconf 83' lang='lat' dir='ltr'>suavi</span> <span class='ocrx_word' id='word_1_179' title='bbox 1003 1873 1043 1905; x_wconf 90' lang='lat' dir='ltr'>si-</span> 
     </span>
     <span class='ocr_line' id='line_1_40' title="bbox 307 1923 1042 1966; baseline 0.001 -10"><span class='ocrx_word' id='word_1_180' title='bbox 307 1925 373 1957; x_wconf 92' lang='lat' dir='ltr'>mul</span> <span class='ocrx_word' id='word_1_181' title='bbox 392 1929 422 1957; x_wconf 89' lang='lat' dir='ltr'>et</span> <span class='ocrx_word' id='word_1_182' title='bbox 441 1923 526 1966; x_wconf 84' lang='lat' dir='ltr'>gravi</span> <span class='ocrx_word' id='word_1_183' title='bbox 544 1925 745 1957; x_wconf 82' lang='lat' dir='ltr'>correctione</span> <span class='ocrx_word' id='word_1_184' title='bbox 761 1925 799 1956; x_wconf 88' lang='lat' dir='ltr'>ad</span> <span class='ocrx_word' id='word_1_185' title='bbox 815 1925 1042 1958; x_wconf 76' lang='lat' dir='ltr'>contritionem</span> 
     </span>
     <span class='ocr_line' id='line_1_41' title="bbox 308 1976 1045 2020; baseline 0 -10"><span class='ocrx_word' id='word_1_186' title='bbox 308 1976 471 2017; x_wconf 85' lang='lat' dir='ltr'>excitans,</span> <span class='ocrx_word' id='word_1_187' title='bbox 499 1982 529 2010; x_wconf 87' lang='lat' dir='ltr'>et</span> <span class='ocrx_word' id='word_1_188' title='bbox 562 1988 578 2010; x_wconf 84' lang='lat' dir='ltr'>a</span> <span class='ocrx_word' id='word_1_189' title='bbox 611 1978 757 2010; x_wconf 77' lang='lat' dir='ltr'>recidivis</span> <span class='ocrx_word' id='word_1_190' title='bbox 783 1978 927 2019; x_wconf 80' lang='lat' dir='ltr'>lapsibus</span> <span class='ocrx_word' id='word_1_191' title='bbox 953 1988 1045 2020; x_wconf 88' lang='lat' dir='ltr'>prac-</span> 
     </span>
     <span class='ocr_line' id='line_1_42' title="bbox 307 2030 1044 2073; baseline 0 -10"><span class='ocrx_word' id='word_1_192' title='bbox 307 2030 456 2063; x_wconf 88' lang='lat' dir='ltr'>muniens</span> <span class='ocrx_word' id='word_1_193' title='bbox 477 2057 484 2070; x_wconf 92' lang='lat'>,</span> <span class='ocrx_word' id='word_1_194' title='bbox 511 2041 694 2073; x_wconf 81' lang='lat' dir='ltr'>gnarusque</span> <span class='ocrx_word' id='word_1_195' title='bbox 731 2030 972 2063; x_wconf 82' lang='lat' dir='ltr'>restitutionem</span> <span class='ocrx_word' id='word_1_196' title='bbox 998 2031 1044 2063; x_wconf 84' lang='lat' dir='ltr'>rei</span> 
     </span>
     <span class='ocr_line' id='line_1_43' title="bbox 308 2082 1045 2116; baseline 0 0"><span class='ocrx_word' id='word_1_197' title='bbox 308 2083 430 2116; x_wconf 87' lang='lat' dir='ltr'>alienae</span> <span class='ocrx_word' id='word_1_198' title='bbox 455 2093 526 2115; x_wconf 82' lang='lat' dir='ltr'>esse</span> <span class='ocrx_word' id='word_1_199' title='bbox 552 2088 656 2115; x_wconf 83' lang='lat' dir='ltr'>actum</span> <span class='ocrx_word' id='word_1_200' title='bbox 681 2082 822 2115; x_wconf 86' lang='lat' dir='ltr'>iustitiae</span> <span class='ocrx_word' id='word_1_201' title='bbox 848 2083 887 2115; x_wconf 86' lang='lat' dir='ltr'>ad</span> <span class='ocrx_word' id='word_1_202' title='bbox 912 2084 1045 2116; x_wconf 87' lang='lat' dir='ltr'>salutem</span> 
     </span>
     <span class='ocr_line' id='line_1_44' title="bbox 309 2135 1046 2178; baseline -0.003 -9"><span class='ocrx_word' id='word_1_203' title='bbox 309 2135 536 2174; x_wconf 86' lang='lat' dir='ltr'>necessarium,</span> <span class='ocrx_word' id='word_1_204' title='bbox 563 2137 720 2178; x_wconf 81' lang='lat' dir='ltr'>suspensa</span> <span class='ocrx_word' id='word_1_205' title='bbox 754 2135 885 2168; x_wconf 86' lang='lat' dir='ltr'>interim</span> <span class='ocrx_word' id='word_1_206' title='bbox 917 2136 1046 2168; x_wconf 89' lang='lat' dir='ltr'>absolu-</span> 
     </span>
     <span class='ocr_line' id='line_1_45' title="bbox 310 2188 1044 2231; baseline 0 -10"><span class='ocrx_word' id='word_1_207' title='bbox 310 2189 406 2228; x_wconf 88' lang='lat' dir='ltr'>tione,</span> <span class='ocrx_word' id='word_1_208' title='bbox 430 2188 624 2221; x_wconf 78' lang='lat' dir='ltr'>confitentes</span> <span class='ocrx_word' id='word_1_209' title='bbox 646 2188 685 2221; x_wconf 83' lang='lat' dir='ltr'>ad</span> <span class='ocrx_word' id='word_1_210' title='bbox 711 2188 798 2222; x_wconf 87' lang='lat' dir='ltr'>illam</span> <span class='ocrx_word' id='word_1_211' title='bbox 826 2189 1044 2231; x_wconf 84' lang='lat' dir='ltr'>peragendam</span> 
     </span>
     <span class='ocr_line' id='line_1_46' title="bbox 309 2241 1046 2284; baseline -0.001 -9"><span class='ocrx_word' id='word_1_212' title='bbox 309 2252 374 2275; x_wconf 91' lang='lat' dir='ltr'>non</span> <span class='ocrx_word' id='word_1_213' title='bbox 398 2241 503 2274; x_wconf 86' lang='lat' dir='ltr'>verbis</span> <span class='ocrx_word' id='word_1_214' title='bbox 529 2242 644 2280; x_wconf 88' lang='lat' dir='ltr'>solum,</span> <span class='ocrx_word' id='word_1_215' title='bbox 664 2241 719 2274; x_wconf 86' lang='lat' dir='ltr'>sed</span> <span class='ocrx_word' id='word_1_216' title='bbox 741 2241 935 2284; x_wconf 89' lang='lat' dir='ltr'>opportunis</span> <span class='ocrx_word' id='word_1_217' title='bbox 956 2241 1046 2274; x_wconf 85' lang='lat' dir='ltr'>sactis</span> 
     </span>
     <span class='ocr_line' id='line_1_47' title="bbox 310 2293 533 2327; baseline -0.004 0"><span class='ocrx_word' id='word_1_218' title='bbox 310 2293 533 2327; x_wconf 84' lang='lat' dir='ltr'>coadiuvabat.</span> 
     </span>
    </p>

    <p class='ocr_par' dir='ltr' id='par_1_7' title="bbox 312 2346 1048 2657">
     <span class='ocr_line' id='line_1_48' title="bbox 355 2346 1047 2390; baseline 0 -12"><span class='ocrx_word' id='word_1_219' title='bbox 355 2347 369 2390; x_wconf 61' lang='grc' dir='ltr'>ξ</span> <span class='ocrx_word' id='word_1_220' title='bbox 394 2346 447 2379; x_wconf 84' lang='grc'>11.</span> <span class='ocrx_word' id='word_1_221' title='bbox 474 2346 592 2379; x_wconf 88' lang='lat' dir='ltr'>Eodem</span> <span class='ocrx_word' id='word_1_222' title='bbox 624 2346 790 2379; x_wconf 85' lang='lat' dir='ltr'>charitatis</span> <span class='ocrx_word' id='word_1_223' title='bbox 820 2346 958 2389; x_wconf 88' lang='lat' dir='ltr'>impulsu</span> <span class='ocrx_word' id='word_1_224' title='bbox 984 2346 1047 2379; x_wconf 84' lang='lat' dir='ltr'>sre-</span> 
     </span>
     <span class='ocr_line' id='line_1_49' title="bbox 312 2399 1048 2442; baseline 0 -11"><span class='ocrx_word' id='word_1_225' title='bbox 312 2404 448 2442; x_wconf 85' lang='lat' dir='ltr'>quenter</span> <span class='ocrx_word' id='word_1_226' title='bbox 471 2400 700 2432; x_wconf 78' lang='lat' dir='ltr'>cons0¹abatur</span> <span class='ocrx_word' id='word_1_227' title='bbox 721 2399 866 2439; x_wconf 74' lang='lat' dir='ltr'>afflictos,</span> <span class='ocrx_word' id='word_1_228' title='bbox 890 2399 1048 2431; x_wconf 84' lang='lat' dir='ltr'>invisebat</span> 
     </span>
     <span class='ocr_line' id='line_1_50' title="bbox 312 2451 1047 2495; baseline 0.001 -11"><span class='ocrx_word' id='word_1_229' title='bbox 312 2458 470 2494; x_wconf 47' lang='lat' dir='ltr'>aegrotos</span> <span class='ocrx_word' id='word_1_230' title='bbox 496 2457 528 2485; x_wconf 92' lang='lat' dir='ltr'>et</span> <span class='ocrx_word' id='word_1_231' title='bbox 556 2451 712 2495; x_wconf 79' lang='lat' dir='ltr'>quaesitis</span> <span class='ocrx_word' id='word_1_232' title='bbox 738 2452 954 2495; x_wconf 80' lang='lat' dir='ltr'>eleemosynis</span> <span class='ocrx_word' id='word_1_233' title='bbox 980 2452 1047 2485; x_wconf 91' lang='lat' dir='ltr'>ino-</span> 
     </span>
     <span class='ocr_line' id='line_1_51' title="bbox 312 2504 1048 2548; baseline -0.003 -10"><span class='ocrx_word' id='word_1_234' title='bbox 312 2505 398 2548; x_wconf 84' lang='lat' dir='ltr'>piam</span> <span class='ocrx_word' id='word_1_235' title='bbox 422 2515 601 2548; x_wconf 88' lang='lat' dir='ltr'>pauperum</span> <span class='ocrx_word' id='word_1_236' title='bbox 626 2505 830 2546; x_wconf 83' lang='lat' dir='ltr'>sublevabat;</span> <span class='ocrx_word' id='word_1_237' title='bbox 850 2505 922 2538; x_wconf 81' lang='lat' dir='ltr'>felix</span> <span class='ocrx_word' id='word_1_238' title='bbox 941 2504 1048 2548; x_wconf 85' lang='lat' dir='ltr'>perdi-</span> 
     </span>
     <span class='ocr_line' id='line_1_52' title="bbox 314 2557 1047 2602; baseline 0.003 -13"><span class='ocrx_word' id='word_1_239' title='bbox 314 2562 418 2590; x_wconf 85' lang='lat' dir='ltr'>tarum</span> <span class='ocrx_word' id='word_1_240' title='bbox 442 2557 619 2591; x_wconf 86' lang='lat' dir='ltr'>animarum</span> <span class='ocrx_word' id='word_1_241' title='bbox 636 2564 777 2598; x_wconf 86' lang='lat' dir='ltr'>venator,</span> <span class='ocrx_word' id='word_1_242' title='bbox 802 2558 1047 2602; x_wconf 84' lang='lat' dir='ltr'>prostitutarum</span> 
     </span>
     <span class='ocr_line' id='line_1_53' title="bbox 313 2609 1048 2657; baseline 0.003 -14"><span class='ocrx_word' id='word_1_243' title='bbox 313 2609 492 2652; x_wconf 87' lang='lat' dir='ltr'>mulierum,</span> <span class='ocrx_word' id='word_1_244' title='bbox 512 2621 592 2657; x_wconf 86' lang='lat' dir='ltr'>quas</span> <span class='ocrx_word' id='word_1_245' title='bbox 609 2611 832 2652; x_wconf 85' lang='lat' dir='ltr'>concionibus,</span> <span class='ocrx_word' id='word_1_246' title='bbox 853 2611 1048 2645; x_wconf 86' lang='lat' dir='ltr'>cohortatio-</span> 
     </span>
    </p>
   </div>
   <div class='ocr_carea' id='block_1_6' title="bbox 1051 291 1061 1010">
    <p class='ocr_par' dir='ltr' id='par_1_8' title="bbox 1051 291 1061 1010">
     <span class='ocr_line' id='line_1_54' title="bbox 1051 291 1061 1010; baseline 0 0"><span class='ocrx_word' id='word_1_247' title='bbox 1051 291 1061 1010; x_wconf 95' lang='lat' dir='ltr'> </span> 
     </span>
    </p>
   </div>
   <div class='ocr_carea' id='block_1_7' title="bbox 1052 291 1063 1449">
    <p class='ocr_par' dir='ltr' id='par_1_9' title="bbox 1052 291 1063 1449">
     <span class='ocr_line' id='line_1_55' title="bbox 1052 291 1063 1449; baseline 0 0"><span class='ocrx_word' id='word_1_248' title='bbox 1052 291 1063 1449; x_wconf 95' lang='lat' dir='ltr'> </span> 
     </span>
    </p>
   </div>
   <div class='ocr_carea' id='block_1_8' title="bbox 1063 1913 1069 2480">
    <p class='ocr_par' dir='ltr' id='par_1_10' title="bbox 1063 1913 1069 2480">
     <span class='ocr_line' id='line_1_56' title="bbox 1063 1913 1069 2480; baseline 0 0"><span class='ocrx_word' id='word_1_249' title='bbox 1063 1913 1069 2480; x_wconf 95' lang='lat' dir='ltr'> </span> 
     </span>
    </p>
   </div>
   <div class='ocr_carea' id='block_1_9' title="bbox 1062 1913 1070 2645">
    <p class='ocr_par' dir='ltr' id='par_1_11' title="bbox 1062 1913 1070 2645">
     <span class='ocr_line' id='line_1_57' title="bbox 1062 1913 1070 2645; baseline 0 0"><span class='ocrx_word' id='word_1_250' title='bbox 1062 1913 1070 2645; x_wconf 95' lang='lat' dir='ltr'> </span> 
     </span>
    </p>
   </div>
   <div class='ocr_carea' id='block_1_10' title="bbox 1112 229 1764 262">
    <p class='ocr_par' dir='ltr' id='par_1_12' title="bbox 1112 229 1764 262">
     <span class='ocr_line' id='line_1_58' title="bbox 1112 229 1764 262; baseline 0 -1"><span class='ocrx_word' id='word_1_251' title='bbox 1112 239 1153 261; x_wconf 87' lang='lat' dir='ltr'>xu</span> <span class='ocrx_word' id='word_1_252' title='bbox 1179 239 1226 260; x_wconf 76' lang='lat' dir='ltr'>rr.</span> <span class='ocrx_word' id='word_1_253' title='bbox 1701 229 1764 262; x_wconf 70' lang='lat'>100</span> 
     </span>
    </p>
   </div>
   <div class='ocr_carea' id='block_1_11' title="bbox 1075 285 1807 486">
    <p class='ocr_par' dir='ltr' id='par_1_13' title="bbox 1075 285 1807 486">
     <span class='ocr_line' id='line_1_59' title="bbox 1075 285 1805 328; baseline 0.004 -11"><span class='ocrx_word' id='word_1_254' title='bbox 1075 285 1190 323; x_wconf 86' lang='lat' dir='ltr'>nibus,</span> <span class='ocrx_word' id='word_1_255' title='bbox 1222 285 1373 327; x_wconf 88' lang='lat' dir='ltr'>precibus</span> <span class='ocrx_word' id='word_1_256' title='bbox 1406 290 1436 318; x_wconf 86' lang='lat' dir='ltr'>et</span> <span class='ocrx_word' id='word_1_257' title='bbox 1467 285 1622 328; x_wconf 80' lang='lat' dir='ltr'>quaesitis</span> <span class='ocrx_word' id='word_1_258' title='bbox 1659 286 1805 320; x_wconf 82' lang='lat' dir='ltr'>similiter</span> 
     </span>
     <span class='ocr_line' id='line_1_60' title="bbox 1075 338 1804 382; baseline 0.003 -13"><span class='ocrx_word' id='word_1_259' title='bbox 1075 338 1191 380; x_wconf 86' lang='lat' dir='ltr'>opibus</span> <span class='ocrx_word' id='word_1_260' title='bbox 1209 349 1225 370; x_wconf 87' lang='lat' dir='ltr'>a</span> <span class='ocrx_word' id='word_1_261' title='bbox 1244 338 1411 371; x_wconf 88' lang='lat' dir='ltr'>daemonis</span> <span class='ocrx_word' id='word_1_262' title='bbox 1431 339 1584 370; x_wconf 69' lang='lat' dir='ltr'>servitute</span> <span class='ocrx_word' id='word_1_263' title='bbox 1611 340 1804 382; x_wconf 80' lang='lat' dir='ltr'>redemptas,</span> 
     </span>
     <span class='ocr_line' id='line_1_61' title="bbox 1075 390 1807 433; baseline 0.003 -11"><span class='ocrx_word' id='word_1_264' title='bbox 1075 390 1218 423; x_wconf 85' lang='lat' dir='ltr'>victimas</span> <span class='ocrx_word' id='word_1_265' title='bbox 1248 391 1288 422; x_wconf 86' lang='lat' dir='ltr'>ab</span> <span class='ocrx_word' id='word_1_266' title='bbox 1321 390 1531 433; x_wconf 83' lang='lat' dir='ltr'>impudicitiis</span> <span class='ocrx_word' id='word_1_267' title='bbox 1555 391 1736 433; x_wconf 73' lang='lat' dir='ltr'>purificatas</span> <span class='ocrx_word' id='word_1_268' title='bbox 1761 393 1807 424; x_wconf 64' lang='lat' dir='ltr'>ol*-</span> 
     </span>
     <span class='ocr_line' id='line_1_62' title="bbox 1076 443 1805 486; baseline 0.003 -11"><span class='ocrx_word' id='word_1_269' title='bbox 1076 444 1198 475; x_wconf 85' lang='lat' dir='ltr'>serebat</span> <span class='ocrx_word' id='word_1_270' title='bbox 1219 443 1283 476; x_wconf 89' lang='lat' dir='ltr'>Deo</span> <span class='ocrx_word' id='word_1_271' title='bbox 1300 444 1331 476; x_wconf 94' lang='lat' dir='ltr'>in</span> <span class='ocrx_word' id='word_1_272' title='bbox 1351 444 1575 476; x_wconf 76' lang='lat' dir='ltr'>holocaustum</span> <span class='ocrx_word' id='word_1_273' title='bbox 1596 444 1805 486; x_wconf 80' lang='lat' dir='ltr'>acceptabile.</span> 
     </span>
    </p>
   </div>
   <div class='ocr_carea' id='block_1_12' title="bbox 1127 495 2002 537">
    <p class='ocr_par' dir='ltr' id='par_1_14' title="bbox 1127 495 2002 537">
     <span class='ocr_line' id='line_1_63' title="bbox 1127 495 2002 537; baseline 0.005 -9"><span class='ocrx_word' id='word_1_274' title='bbox 1127 495 1141 537; x_wconf 62' lang='grc' dir='ltr'>ξ</span> <span class='ocrx_word' id='word_1_275' title='bbox 1174 496 1226 528; x_wconf 66' lang='lat'>12.</span> <span class='ocrx_word' id='word_1_276' title='bbox 1262 496 1324 529; x_wconf 89' lang='lat' dir='ltr'>Nec</span> <span class='ocrx_word' id='word_1_277' title='bbox 1359 497 1533 529; x_wconf 83' lang='lat' dir='ltr'>secundum</span> <span class='ocrx_word' id='word_1_278' title='bbox 1570 497 1736 529; x_wconf 79' lang='lat' dir='ltr'>dumtaxat</span> <span class='ocrx_word' id='word_1_279' title='bbox 1771 508 1805 529; x_wconf 84' lang='lat' dir='ltr'>ex</span> <span class='ocrx_word' id='word_1_280' title='bbox 1847 511 1923 531; x_wconf 54' lang='lat' dir='ltr'>Ani-n&lt;</span> <span class='ocrx_word' id='word_1_281' title='bbox 1945 517 2002 532; x_wconf 61' lang='lat' dir='ltr'>amor</span> 
     </span>
    </p>
   </div>
   <div class='ocr_carea' id='block_1_13' title="bbox 1821 539 1929 557">
    <p class='ocr_par' dir='ltr' id='par_1_15' title="bbox 1821 539 1929 557">
     <span class='ocr_line' id='line_1_64' title="bbox 1821 539 1929 557; baseline 0 0"><span class='ocrx_word' id='word_1_282' title='bbox 1821 544 1840 557; x_wconf 86' lang='lat' dir='ltr'>in</span> <span class='ocrx_word' id='word_1_283' title='bbox 1857 539 1929 557; x_wconf 76' lang='lat' dir='ltr'>[teum.</span> 
     </span>
    </p>
   </div>
   <div class='ocr_carea' id='block_1_14' title="bbox 1076 548 1819 1806">
    <p class='ocr_par' dir='ltr' id='par_1_16' title="bbox 1076 548 1819 1753">
     <span class='ocr_line' id='line_1_65' title="bbox 1076 548 1807 592; baseline 0.001 -11"><span class='ocrx_word' id='word_1_284' title='bbox 1076 548 1202 581; x_wconf 88' lang='lat' dir='ltr'>duobus</span> <span class='ocrx_word' id='word_1_285' title='bbox 1222 549 1392 587; x_wconf 74' lang='lat' dir='ltr'>mandatis,</span> <span class='ocrx_word' id='word_1_286' title='bbox 1412 550 1443 581; x_wconf 94' lang='lat' dir='ltr'>in</span> <span class='ocrx_word' id='word_1_287' title='bbox 1462 549 1576 592; x_wconf 85' lang='lat' dir='ltr'>quibus</span> <span class='ocrx_word' id='word_1_288' title='bbox 1594 549 1741 582; x_wconf 76' lang='lat' dir='ltr'>universa</span> <span class='ocrx_word' id='word_1_289' title='bbox 1759 551 1807 582; x_wconf 73' lang='lat' dir='ltr'>lox</span> 
     </span>
     <span class='ocr_line' id='line_1_66' title="bbox 1078 602 1811 645; baseline 0.003 -11"><span class='ocrx_word' id='word_1_290' title='bbox 1078 602 1197 645; x_wconf 87' lang='lat' dir='ltr'>pendet</span> <span class='ocrx_word' id='word_1_291' title='bbox 1220 607 1252 634; x_wconf 89' lang='lat' dir='ltr'>et</span> <span class='ocrx_word' id='word_1_292' title='bbox 1276 602 1475 645; x_wconf 83' lang='lat' dir='ltr'>prophetae,</span> <span class='ocrx_word' id='word_1_293' title='bbox 1502 602 1686 635; x_wconf 84' lang='lat' dir='ltr'>dilectionis</span> <span class='ocrx_word' id='word_1_294' title='bbox 1719 603 1811 636; x_wconf 89' lang='lat' dir='ltr'>nimi-</span> 
     </span>
     <span class='ocr_line' id='line_1_67' title="bbox 1078 654 1809 697; baseline 0.001 -11"><span class='ocrx_word' id='word_1_295' title='bbox 1078 664 1146 686; x_wconf 92' lang='lat' dir='ltr'>rum</span> <span class='ocrx_word' id='word_1_296' title='bbox 1173 665 1249 697; x_wconf 80' lang='lat' dir='ltr'>erga</span> <span class='ocrx_word' id='word_1_297' title='bbox 1273 654 1466 697; x_wconf 84' lang='lat' dir='ltr'>proximum,</span> <span class='ocrx_word' id='word_1_298' title='bbox 1488 654 1627 688; x_wconf 76' lang='lat' dir='ltr'>fideliter</span> <span class='ocrx_word' id='word_1_299' title='bbox 1651 656 1809 696; x_wconf 82' lang='lat' dir='ltr'>servavit,</span> 
     </span>
     <span class='ocr_line' id='line_1_68' title="bbox 1078 707 1812 751; baseline 0.001 -11"><span class='ocrx_word' id='word_1_300' title='bbox 1078 708 1134 740; x_wconf 83' lang='lat' dir='ltr'>scd</span> <span class='ocrx_word' id='word_1_301' title='bbox 1163 708 1263 740; x_wconf 91' lang='lat' dir='ltr'>multo</span> <span class='ocrx_word' id='word_1_302' title='bbox 1289 707 1390 750; x_wconf 80' lang='lat' dir='ltr'>magis</span> <span class='ocrx_word' id='word_1_303' title='bbox 1415 708 1551 751; x_wconf 90' lang='lat' dir='ltr'>primum</span> <span class='ocrx_word' id='word_1_304' title='bbox 1583 714 1615 741; x_wconf 91' lang='lat' dir='ltr'>et</span> <span class='ocrx_word' id='word_1_305' title='bbox 1639 709 1812 741; x_wconf 78' lang='lat' dir='ltr'>maximum</span> 
     </span>
     <span class='ocr_line' id='line_1_69' title="bbox 1079 760 1812 803; baseline 0.001 -10"><span class='ocrx_word' id='word_1_306' title='bbox 1079 760 1221 793; x_wconf 87' lang='lat' dir='ltr'>ardentis</span> <span class='ocrx_word' id='word_1_307' title='bbox 1246 760 1374 799; x_wconf 87' lang='lat' dir='ltr'>amoris,</span> <span class='ocrx_word' id='word_1_308' title='bbox 1393 771 1456 803; x_wconf 83' lang='lat' dir='ltr'>quo</span> <span class='ocrx_word' id='word_1_309' title='bbox 1476 760 1638 793; x_wconf 80' lang='lat' dir='ltr'>serebatur</span> <span class='ocrx_word' id='word_1_310' title='bbox 1658 761 1688 793; x_wconf 90' lang='lat' dir='ltr'>in</span> <span class='ocrx_word' id='word_1_311' title='bbox 1714 762 1812 794; x_wconf 88' lang='lat' dir='ltr'>Deum</span> 
     </span>
     <span class='ocr_line' id='line_1_70' title="bbox 1080 813 1813 852; baseline 0 -6"><span class='ocrx_word' id='word_1_312' title='bbox 1080 824 1114 846; x_wconf 84' lang='lat' dir='ltr'>ex</span> <span class='ocrx_word' id='word_1_313' title='bbox 1143 818 1209 846; x_wconf 91' lang='lat' dir='ltr'>toto</span> <span class='ocrx_word' id='word_1_314' title='bbox 1234 814 1332 847; x_wconf 84' lang='lat' dir='ltr'>corde</span> <span class='ocrx_word' id='word_1_315' title='bbox 1364 824 1448 852; x_wconf 85' lang='lat' dir='ltr'>suo,</span> <span class='ocrx_word' id='word_1_316' title='bbox 1474 813 1505 846; x_wconf 90' lang='lat' dir='ltr'>in</span> <span class='ocrx_word' id='word_1_317' title='bbox 1539 815 1601 846; x_wconf 76' lang='lat' dir='ltr'>tota</span> <span class='ocrx_word' id='word_1_318' title='bbox 1626 814 1731 846; x_wconf 79' lang='lat' dir='ltr'>anima</span> <span class='ocrx_word' id='word_1_319' title='bbox 1757 817 1813 846; x_wconf 75' lang='lat' dir='ltr'>sua</span> 
     </span>
     <span class='ocr_line' id='line_1_71' title="bbox 1081 866 1812 900; baseline 0.001 -2"><span class='ocrx_word' id='word_1_320' title='bbox 1081 872 1112 899; x_wconf 90' lang='lat' dir='ltr'>et</span> <span class='ocrx_word' id='word_1_321' title='bbox 1136 866 1167 898; x_wconf 90' lang='lat' dir='ltr'>in</span> <span class='ocrx_word' id='word_1_322' title='bbox 1194 868 1259 899; x_wconf 76' lang='lat' dir='ltr'>tota</span> <span class='ocrx_word' id='word_1_323' title='bbox 1289 872 1395 899; x_wconf 89' lang='lat' dir='ltr'>mente</span> <span class='ocrx_word' id='word_1_324' title='bbox 1421 869 1490 899; x_wconf 77' lang='lat' dir='ltr'>sua.</span> <span class='ocrx_word' id='word_1_325' title='bbox 1514 868 1593 900; x_wconf 83' lang='lat' dir='ltr'>ilinc</span> <span class='ocrx_word' id='word_1_326' title='bbox 1621 867 1651 899; x_wconf 94' lang='lat' dir='ltr'>in</span> <span class='ocrx_word' id='word_1_327' title='bbox 1681 868 1812 900; x_wconf 82' lang='lat' dir='ltr'>saeculo</span> 
     </span>
     <span class='ocr_line' id='line_1_72' title="bbox 1080 919 1814 963; baseline 0.003 -13"><span class='ocrx_word' id='word_1_328' title='bbox 1080 919 1279 952; x_wconf 78' lang='lat' dir='ltr'>voluntariae</span> <span class='ocrx_word' id='word_1_329' title='bbox 1314 919 1509 962; x_wconf 81' lang='lat' dir='ltr'>paupertatis</span> <span class='ocrx_word' id='word_1_330' title='bbox 1541 920 1646 952; x_wconf 85' lang='lat' dir='ltr'>studio</span> <span class='ocrx_word' id='word_1_331' title='bbox 1682 920 1814 963; x_wconf 77' lang='lat' dir='ltr'>pinguia</span> 
     </span>
     <span class='ocr_line' id='line_1_73' title="bbox 1081 972 1813 1013; baseline 0 -9"><span class='ocrx_word' id='word_1_332' title='bbox 1081 972 1239 1005; x_wconf 75' lang='lat' dir='ltr'>beneficia</span> <span class='ocrx_word' id='word_1_333' title='bbox 1273 972 1492 1005; x_wconf 72' lang='lat' dir='ltr'>ecclesiastica</span> <span class='ocrx_word' id='word_1_334' title='bbox 1528 973 1668 1013; x_wconf 73' lang='lat' dir='ltr'>dimisit3</span> <span class='ocrx_word' id='word_1_335' title='bbox 1695 973 1813 1006; x_wconf 74' lang='lat' dir='ltr'>effusus</span> 
     </span>
     <span class='ocr_line' id='line_1_74' title="bbox 1082 1025 1816 1068; baseline 0.003 -11"><span class='ocrx_word' id='word_1_336' title='bbox 1082 1025 1111 1057; x_wconf 91' lang='lat' dir='ltr'>in</span> <span class='ocrx_word' id='word_1_337' title='bbox 1134 1036 1258 1068; x_wconf 81' lang='lat' dir='ltr'>preces,</span> <span class='ocrx_word' id='word_1_338' title='bbox 1278 1026 1307 1057; x_wconf 90' lang='lat' dir='ltr'>in</span> <span class='ocrx_word' id='word_1_339' title='bbox 1327 1025 1381 1058; x_wconf 88' lang='lat' dir='ltr'>Dei</span> <span class='ocrx_word' id='word_1_340' title='bbox 1402 1026 1611 1060; x_wconf 84' lang='lat' dir='ltr'>meditatione</span> <span class='ocrx_word' id='word_1_341' title='bbox 1631 1028 1766 1066; x_wconf 68' lang='lat' dir='ltr'>defixus,</span> <span class='ocrx_word' id='word_1_342' title='bbox 1784 1032 1816 1060; x_wconf 79' lang='lat' dir='ltr'>ct</span> 
     </span>
     <span class='ocr_line' id='line_1_75' title="bbox 1081 1078 1816 1121; baseline 0.004 -11"><span class='ocrx_word' id='word_1_343' title='bbox 1081 1078 1233 1120; x_wconf 81' lang='lat' dir='ltr'>operibus</span> <span class='ocrx_word' id='word_1_344' title='bbox 1260 1078 1389 1121; x_wconf 83' lang='lat' dir='ltr'>pietatis</span> <span class='ocrx_word' id='word_1_345' title='bbox 1414 1079 1571 1118; x_wconf 84' lang='lat' dir='ltr'>addictus,</span> <span class='ocrx_word' id='word_1_346' title='bbox 1596 1090 1613 1112; x_wconf 85' lang='lat' dir='ltr'>a</span> <span class='ocrx_word' id='word_1_347' title='bbox 1637 1081 1758 1113; x_wconf 92' lang='lat' dir='ltr'>mundo</span> <span class='ocrx_word' id='word_1_348' title='bbox 1784 1091 1816 1113; x_wconf 88' lang='lat' dir='ltr'>e-</span> 
     </span>
     <span class='ocr_line' id='line_1_76' title="bbox 1082 1130 1815 1174; baseline 0.004 -12"><span class='ocrx_word' id='word_1_349' title='bbox 1082 1130 1195 1173; x_wconf 81' lang='lat' dir='ltr'>iusque</span> <span class='ocrx_word' id='word_1_350' title='bbox 1221 1131 1384 1163; x_wconf 83' lang='lat' dir='ltr'>illecebris</span> <span class='ocrx_word' id='word_1_351' title='bbox 1409 1137 1595 1174; x_wconf 80' lang='lat' dir='ltr'>segregatus</span> <span class='ocrx_word' id='word_1_352' title='bbox 1612 1132 1756 1165; x_wconf 83' lang='lat' dir='ltr'>vivebat:</span> <span class='ocrx_word' id='word_1_353' title='bbox 1784 1133 1815 1165; x_wconf 90' lang='lat' dir='ltr'>in</span> 
     </span>
     <span class='ocr_line' id='line_1_77' title="bbox 1083 1184 1815 1218; baseline 0.004 -3"><span class='ocrx_word' id='word_1_354' title='bbox 1083 1184 1221 1215; x_wconf 77' lang='lat' dir='ltr'>claustro</span> <span class='ocrx_word' id='word_1_355' title='bbox 1247 1188 1351 1216; x_wconf 86' lang='lat' dir='ltr'>autem</span> <span class='ocrx_word' id='word_1_356' title='bbox 1378 1184 1472 1216; x_wconf 92' lang='lat' dir='ltr'>trium</span> <span class='ocrx_word' id='word_1_357' title='bbox 1505 1190 1655 1218; x_wconf 79' lang='lat' dir='ltr'>votorum</span> <span class='ocrx_word' id='word_1_358' title='bbox 1682 1185 1815 1218; x_wconf 80' lang='lat' dir='ltr'>exactis-</span> 
     </span>
     <span class='ocr_line' id='line_1_78' title="bbox 1082 1236 1815 1281; baseline 0.005 -14"><span class='ocrx_word' id='word_1_359' title='bbox 1082 1236 1182 1268; x_wconf 88' lang='lat' dir='ltr'>simus</span> <span class='ocrx_word' id='word_1_360' title='bbox 1206 1237 1270 1269; x_wconf 89' lang='lat' dir='ltr'>cult</span> <span class='ocrx_word' id='word_1_361' title='bbox 1295 1247 1330 1276; x_wconf 85' lang='lat' dir='ltr'>r,</span> <span class='ocrx_word' id='word_1_362' title='bbox 1356 1247 1392 1269; x_wconf 88' lang='lat' dir='ltr'>ac</span> <span class='ocrx_word' id='word_1_363' title='bbox 1426 1237 1578 1270; x_wconf 87' lang='lat' dir='ltr'>virtutum</span> <span class='ocrx_word' id='word_1_364' title='bbox 1611 1238 1815 1281; x_wconf 77' lang='lat' dir='ltr'>praefulgens</span> 
     </span>
     <span class='ocr_line' id='line_1_79' title="bbox 1084 1289 1816 1333; baseline 0.005 -14"><span class='ocrx_word' id='word_1_365' title='bbox 1084 1289 1258 1331; x_wconf 81' lang='lat' dir='ltr'>exemplar,</span> <span class='ocrx_word' id='word_1_366' title='bbox 1271 1289 1400 1331; x_wconf 85' lang='lat' dir='ltr'>etquasi</span> <span class='ocrx_word' id='word_1_367' title='bbox 1415 1290 1587 1322; x_wconf 82' lang='lat' dir='ltr'>caelestem</span> <span class='ocrx_word' id='word_1_368' title='bbox 1601 1289 1693 1322; x_wconf 83' lang='lat' dir='ltr'>vitam</span> <span class='ocrx_word' id='word_1_369' title='bbox 1706 1301 1816 1333; x_wconf 81' lang='lat' dir='ltr'>agens,</span> 
     </span>
     <span class='ocr_line' id='line_1_80' title="bbox 1083 1341 1816 1382; baseline 0.005 -10"><span class='ocrx_word' id='word_1_370' title='bbox 1083 1350 1201 1382; x_wconf 82' lang='lat' dir='ltr'>corpus</span> <span class='ocrx_word' id='word_1_371' title='bbox 1227 1351 1318 1373; x_wconf 88' lang='lat' dir='ltr'>suum</span> <span class='ocrx_word' id='word_1_372' title='bbox 1344 1341 1483 1374; x_wconf 79' lang='lat' dir='ltr'>hostiam</span> <span class='ocrx_word' id='word_1_373' title='bbox 1509 1342 1666 1376; x_wconf 87' lang='lat' dir='ltr'>virentem</span> <span class='ocrx_word' id='word_1_374' title='bbox 1693 1348 1724 1376; x_wconf 89' lang='lat' dir='ltr'>et</span> <span class='ocrx_word' id='word_1_375' title='bbox 1748 1344 1816 1376; x_wconf 92' lang='lat' dir='ltr'>ani-</span> 
     </span>
     <span class='ocr_line' id='line_1_81' title="bbox 1084 1393 1817 1438; baseline 0.005 -14"><span class='ocrx_word' id='word_1_376' title='bbox 1084 1404 1168 1424; x_wconf 88' lang='lat' dir='ltr'>mam</span> <span class='ocrx_word' id='word_1_377' title='bbox 1199 1398 1341 1425; x_wconf 80' lang='lat' dir='ltr'>sanctam</span> <span class='ocrx_word' id='word_1_378' title='bbox 1378 1393 1443 1426; x_wconf 85' lang='lat' dir='ltr'>Deo</span> <span class='ocrx_word' id='word_1_379' title='bbox 1476 1395 1657 1436; x_wconf 76' lang='lat' dir='ltr'>placentem</span> <span class='ocrx_word' id='word_1_380' title='bbox 1690 1406 1817 1438; x_wconf 67' lang='lat' dir='ltr'>semper</span> 
     </span>
     <span class='ocr_line' id='line_1_82' title="bbox 1084 1444 1816 1485; baseline 0.004 -9"><span class='ocrx_word' id='word_1_381' title='bbox 1084 1444 1246 1485; x_wconf 83' lang='lat' dir='ltr'>exhibuit;</span> <span class='ocrx_word' id='word_1_382' title='bbox 1282 1451 1313 1477; x_wconf 88' lang='lat' dir='ltr'>et</span> <span class='ocrx_word' id='word_1_383' title='bbox 1343 1451 1449 1478; x_wconf 86' lang='lat' dir='ltr'>tamen</span> <span class='ocrx_word' id='word_1_384' title='bbox 1481 1447 1513 1478; x_wconf 92' lang='lat' dir='ltr'>in</span> <span class='ocrx_word' id='word_1_385' title='bbox 1546 1446 1606 1479; x_wconf 85' lang='lat' dir='ltr'>hac</span> <span class='ocrx_word' id='word_1_386' title='bbox 1632 1447 1816 1481; x_wconf 80' lang='lat' dir='ltr'>innocentia</span> 
     </span>
     <span class='ocr_line' id='line_1_83' title="bbox 1086 1499 1817 1542; baseline 0.003 -12"><span class='ocrx_word' id='word_1_387' title='bbox 1086 1499 1164 1530; x_wconf 84' lang='lat' dir='ltr'>vitae</span> <span class='ocrx_word' id='word_1_388' title='bbox 1191 1504 1220 1530; x_wconf 87' lang='lat' dir='ltr'>et</span> <span class='ocrx_word' id='word_1_389' title='bbox 1246 1499 1351 1532; x_wconf 85' lang='lat' dir='ltr'>cordis</span> <span class='ocrx_word' id='word_1_390' title='bbox 1369 1499 1575 1541; x_wconf 85' lang='lat' dir='ltr'>simplicitate</span> <span class='ocrx_word' id='word_1_391' title='bbox 1600 1500 1734 1542; x_wconf 83' lang='lat' dir='ltr'>singulis</span> <span class='ocrx_word' id='word_1_392' title='bbox 1751 1500 1817 1533; x_wconf 87' lang='lat' dir='ltr'>die-</span> 
     </span>
     <span class='ocr_line' id='line_1_84' title="bbox 1084 1552 1817 1595; baseline 0.003 -12"><span class='ocrx_word' id='word_1_393' title='bbox 1084 1552 1142 1583; x_wconf 89' lang='lat' dir='ltr'>bus</span> <span class='ocrx_word' id='word_1_394' title='bbox 1165 1561 1229 1584; x_wconf 91' lang='lat' dir='ltr'>non</span> <span class='ocrx_word' id='word_1_395' title='bbox 1250 1553 1347 1584; x_wconf 82' lang='lat' dir='ltr'>semel</span> <span class='ocrx_word' id='word_1_396' title='bbox 1373 1552 1506 1584; x_wconf 83' lang='lat' dir='ltr'>salutari</span> <span class='ocrx_word' id='word_1_397' title='bbox 1532 1553 1751 1595; x_wconf 85' lang='lat' dir='ltr'>poenitentiae</span> <span class='ocrx_word' id='word_1_398' title='bbox 1768 1564 1817 1585; x_wconf 85' lang='lat' dir='ltr'>sa-</span> 
     </span>
     <span class='ocr_line' id='line_1_85' title="bbox 1084 1604 1815 1649; baseline 0.003 -13"><span class='ocrx_word' id='word_1_399' title='bbox 1084 1609 1249 1637; x_wconf 86' lang='lat' dir='ltr'>cramento</span> <span class='ocrx_word' id='word_1_400' title='bbox 1285 1604 1386 1646; x_wconf 81' lang='lat' dir='ltr'>magis</span> <span class='ocrx_word' id='word_1_401' title='bbox 1419 1604 1583 1648; x_wconf 79' lang='lat' dir='ltr'>purificari</span> <span class='ocrx_word' id='word_1_402' title='bbox 1608 1605 1815 1649; x_wconf 81' lang='lat' dir='ltr'>concupivit,</span> 
     </span>
     <span class='ocr_line' id='line_1_86' title="bbox 1085 1657 1819 1700; baseline 0.003 -11"><span class='ocrx_word' id='word_1_403' title='bbox 1085 1657 1172 1700; x_wconf 87' lang='lat' dir='ltr'>quasi</span> <span class='ocrx_word' id='word_1_404' title='bbox 1192 1668 1264 1690; x_wconf 92' lang='lat' dir='ltr'>cum</span> <span class='ocrx_word' id='word_1_405' title='bbox 1285 1657 1451 1690; x_wconf 84' lang='lat' dir='ltr'>Psalmista</span> <span class='ocrx_word' id='word_1_406' title='bbox 1468 1658 1506 1689; x_wconf 89' lang='lat' dir='ltr'>ad</span> <span class='ocrx_word' id='word_1_407' title='bbox 1530 1658 1699 1690; x_wconf 86' lang='lat' dir='ltr'>Dominum</span> <span class='ocrx_word' id='word_1_408' title='bbox 1716 1659 1819 1691; x_wconf 79' lang='lat' dir='ltr'>inees-</span> 
     </span>
     <span class='ocr_line' id='line_1_87' title="bbox 1085 1710 1750 1753; baseline 0.002 -11"><span class='ocrx_word' id='word_1_409' title='bbox 1085 1715 1192 1743; x_wconf 89' lang='lat' dir='ltr'>santer</span> <span class='ocrx_word' id='word_1_410' title='bbox 1217 1711 1389 1743; x_wconf 85' lang='lat' dir='ltr'>clamaret:</span> <span class='ocrx_word' id='word_1_411' title='bbox 1414 1710 1569 1753; x_wconf 77' lang='lat' dir='ltr'>Amplius</span> <span class='ocrx_word' id='word_1_412' title='bbox 1595 1711 1668 1743; x_wconf 78' lang='grc' dir='ltr'><em>ἰαυα</em></span> <span class='ocrx_word' id='word_1_413' title='bbox 1693 1722 1750 1744; x_wconf 84' lang='lat' dir='ltr'>me.</span> 
     </span>
    </p>

    <p class='ocr_par' dir='ltr' id='par_1_17' title="bbox 1129 1763 1818 1806">
     <span class='ocr_line' id='line_1_88' title="bbox 1129 1763 1818 1806; baseline 0.001 -10"><span class='ocrx_word' id='word_1_414' title='bbox 1129 1764 1143 1806; x_wconf 61' lang='grc' dir='ltr'><strong>ἓ</strong></span> <span class='ocrx_word' id='word_1_415' title='bbox 1168 1763 1220 1797; x_wconf 80' lang='grc'>13.</span> <span class='ocrx_word' id='word_1_416' title='bbox 1247 1763 1323 1797; x_wconf 93' lang='lat' dir='ltr'>Cum</span> <span class='ocrx_word' id='word_1_417' title='bbox 1350 1763 1447 1806; x_wconf 78' lang='lat' dir='ltr'>igitur</span> <span class='ocrx_word' id='word_1_418' title='bbox 1471 1765 1695 1798; x_wconf 84' lang='lat' dir='ltr'>immaculatus</span> <span class='ocrx_word' id='word_1_419' title='bbox 1712 1765 1818 1798; x_wconf 84' lang='lat' dir='ltr'>ambu·</span> 
     </span>
    </p>
   </div>
   <div class='ocr_carea' id='block_1_15' title="bbox 1086 1870 1824 2658">
    <p class='ocr_par' dir='ltr' id='par_1_18' title="bbox 1086 1870 1824 2658">
     <span class='ocr_line' id='line_1_89' title="bbox 1086 1870 1821 1914; baseline 0.003 -12"><span class='ocrx_word' id='word_1_420' title='bbox 1086 1870 1273 1914; x_wconf 66' lang='lat' dir='ltr'>quis-ivisset</span> <span class='ocrx_word' id='word_1_421' title='bbox 1297 1882 1369 1903; x_wconf 90' lang='lat' dir='ltr'>eum</span> <span class='ocrx_word' id='word_1_422' title='bbox 1385 1897 1392 1911; x_wconf 88' lang='lat'>,</span> <span class='ocrx_word' id='word_1_423' title='bbox 1417 1871 1534 1903; x_wconf 89' lang='lat' dir='ltr'>meruit</span> <span class='ocrx_word' id='word_1_424' title='bbox 1566 1871 1723 1914; x_wconf 80' lang='lat' dir='ltr'>singulari</span> <span class='ocrx_word' id='word_1_425' title='bbox 1749 1872 1821 1904; x_wconf 86' lang='lat' dir='ltr'>cha-</span> 
     </span>
     <span class='ocr_line' id='line_1_90' title="bbox 1087 1923 1820 1957; baseline 0.001 -1"><span class='ocrx_word' id='word_1_426' title='bbox 1087 1924 1217 1956; x_wconf 88' lang='lat' dir='ltr'>rismate</span> <span class='ocrx_word' id='word_1_427' title='bbox 1236 1923 1384 1957; x_wconf 86' lang='lat' dir='ltr'>caelestis</span> <span class='ocrx_word' id='word_1_428' title='bbox 1404 1924 1612 1957; x_wconf 84' lang='lat' dir='ltr'>beatitudinis</span> <span class='ocrx_word' id='word_1_429' title='bbox 1631 1924 1820 1957; x_wconf 87' lang='lat' dir='ltr'>suavitatem</span> 
     </span>
     <span class='ocr_line' id='line_1_91' title="bbox 1087 1976 1820 2019; baseline 0 -11"><span class='ocrx_word' id='word_1_430' title='bbox 1087 1976 1118 2008; x_wconf 91' lang='lat' dir='ltr'>in</span> <span class='ocrx_word' id='word_1_431' title='bbox 1146 1977 1206 2009; x_wconf 91' lang='lat' dir='ltr'>hac</span> <span class='ocrx_word' id='word_1_432' title='bbox 1243 1976 1306 2008; x_wconf 78' lang='lat' dir='ltr'>vita</span> <span class='ocrx_word' id='word_1_433' title='bbox 1338 1976 1534 2019; x_wconf 87' lang='lat' dir='ltr'>praelibare.</span> <span class='ocrx_word' id='word_1_434' title='bbox 1562 1976 1605 2009; x_wconf 88' lang='grc' dir='ltr'>ΕΟ</span> <span class='ocrx_word' id='word_1_435' title='bbox 1630 1976 1714 2009; x_wconf 88' lang='lat' dir='ltr'>enim</span> <span class='ocrx_word' id='word_1_436' title='bbox 1746 1976 1820 2010; x_wconf 71' lang='lat' dir='ltr'>fidei</span> 
     </span>
     <span class='ocr_line' id='line_1_92' title="bbox 1088 2028 1819 2072; baseline 0 -10"><span class='ocrx_word' id='word_1_437' title='bbox 1088 2034 1119 2062; x_wconf 87' lang='lat' dir='ltr'>et</span> <span class='ocrx_word' id='word_1_438' title='bbox 1143 2028 1308 2062; x_wconf 85' lang='lat' dir='ltr'>charitatis</span> <span class='ocrx_word' id='word_1_439' title='bbox 1333 2029 1447 2062; x_wconf 92' lang='lat' dir='ltr'>ardore</span> <span class='ocrx_word' id='word_1_440' title='bbox 1472 2029 1658 2072; x_wconf 84' lang='lat' dir='ltr'>rapiebatur</span> <span class='ocrx_word' id='word_1_441' title='bbox 1674 2030 1706 2062; x_wconf 91' lang='lat' dir='ltr'>in</span> <span class='ocrx_word' id='word_1_442' title='bbox 1721 2030 1819 2063; x_wconf 90' lang='lat' dir='ltr'>Deum</span> 
     </span>
     <span class='ocr_line' id='line_1_93' title="bbox 1088 2082 1818 2124; baseline 0.001 -10"><span class='ocrx_word' id='word_1_443' title='bbox 1088 2082 1120 2114; x_wconf 90' lang='lat' dir='ltr'>in</span> <span class='ocrx_word' id='word_1_444' title='bbox 1157 2082 1386 2124; x_wconf 83' lang='lat' dir='ltr'>augustissimo</span> <span class='ocrx_word' id='word_1_445' title='bbox 1424 2082 1541 2115; x_wconf 84' lang='lat' dir='ltr'>missae</span> <span class='ocrx_word' id='word_1_446' title='bbox 1567 2082 1746 2122; x_wconf 80' lang='lat' dir='ltr'>sacrificio,</span> <span class='ocrx_word' id='word_1_447' title='bbox 1772 2088 1818 2122; x_wconf 88' lang='lat' dir='ltr'>ut,</span> 
     </span>
     <span class='ocr_line' id='line_1_94' title="bbox 1088 2135 1822 2178; baseline 0.001 -11"><span class='ocrx_word' id='word_1_448' title='bbox 1088 2135 1168 2168; x_wconf 84' lang='lat' dir='ltr'>caeli</span> <span class='ocrx_word' id='word_1_449' title='bbox 1195 2135 1311 2177; x_wconf 76' lang='lat' dir='ltr'>gaudia</span> <span class='ocrx_word' id='word_1_450' title='bbox 1335 2140 1557 2178; x_wconf 78' lang='lat' dir='ltr'>praegustans,</span> <span class='ocrx_word' id='word_1_451' title='bbox 1575 2135 1737 2168; x_wconf 86' lang='lat' dir='ltr'>Christum</span> <span class='ocrx_word' id='word_1_452' title='bbox 1762 2136 1822 2169; x_wconf 88' lang='lat' dir='ltr'>Do-</span> 
     </span>
     <span class='ocr_line' id='line_1_95' title="bbox 1089 2188 1824 2231; baseline 0.003 -11"><span class='ocrx_word' id='word_1_453' title='bbox 1089 2189 1209 2220; x_wconf 88' lang='lat' dir='ltr'>minum</span> <span class='ocrx_word' id='word_1_454' title='bbox 1235 2189 1303 2221; x_wconf 89' lang='lat' dir='ltr'>sole</span> <span class='ocrx_word' id='word_1_455' title='bbox 1327 2188 1583 2231; x_wconf 85' lang='lat' dir='ltr'>splendidiorem</span> <span class='ocrx_word' id='word_1_456' title='bbox 1609 2194 1640 2222; x_wconf 87' lang='lat' dir='ltr'>et</span> <span class='ocrx_word' id='word_1_457' title='bbox 1664 2189 1824 2222; x_wconf 88' lang='lat' dir='ltr'>lucidiora</span> 
     </span>
     <span class='ocr_line' id='line_1_96' title="bbox 1088 2241 1820 2283; baseline 0.001 -10"><span class='ocrx_word' id='word_1_458' title='bbox 1088 2243 1191 2274; x_wconf 71' lang='lat' dir='ltr'>stellis</span> <span class='ocrx_word' id='word_1_459' title='bbox 1227 2243 1358 2274; x_wconf 87' lang='lat' dir='ltr'>vulnera</span> <span class='ocrx_word' id='word_1_460' title='bbox 1384 2241 1590 2274; x_wconf 81' lang='lat' dir='ltr'>exhibentem</span> <span class='ocrx_word' id='word_1_461' title='bbox 1616 2241 1820 2283; x_wconf 88' lang='lat' dir='ltr'>intueretur,</span> 
     </span>
     <span class='ocr_line' id='line_1_97' title="bbox 1088 2294 1823 2328; baseline 0.001 -2"><span class='ocrx_word' id='word_1_462' title='bbox 1088 2295 1164 2326; x_wconf 77' lang='lat' dir='ltr'>viris</span> <span class='ocrx_word' id='word_1_463' title='bbox 1197 2305 1213 2327; x_wconf 93' lang='lat' dir='ltr'>e</span> <span class='ocrx_word' id='word_1_464' title='bbox 1247 2295 1388 2327; x_wconf 79' lang='lat' dir='ltr'>sontibus</span> <span class='ocrx_word' id='word_1_465' title='bbox 1416 2294 1586 2327; x_wconf 82' lang='lat' dir='ltr'>Salvatoris</span> <span class='ocrx_word' id='word_1_466' title='bbox 1610 2295 1765 2328; x_wconf 85' lang='lat' dir='ltr'>hauriens</span> <span class='ocrx_word' id='word_1_467' title='bbox 1790 2295 1823 2327; x_wconf 94' lang='lat' dir='ltr'>in</span> 
     </span>
     <span class='ocr_line' id='line_1_98' title="bbox 1089 2347 1824 2391; baseline 0.001 -11"><span class='ocrx_word' id='word_1_468' title='bbox 1089 2347 1206 2390; x_wconf 81' lang='lat' dir='ltr'>gaudio</span> <span class='ocrx_word' id='word_1_469' title='bbox 1225 2348 1345 2380; x_wconf 86' lang='lat' dir='ltr'>tluenta</span> <span class='ocrx_word' id='word_1_470' title='bbox 1363 2347 1443 2379; x_wconf 90' lang='lat' dir='ltr'>vitae</span> <span class='ocrx_word' id='word_1_471' title='bbox 1469 2352 1500 2379; x_wconf 92' lang='lat' dir='ltr'>et</span> <span class='ocrx_word' id='word_1_472' title='bbox 1519 2358 1636 2380; x_wconf 87' lang='lat' dir='ltr'>arcana</span> <span class='ocrx_word' id='word_1_473' title='bbox 1654 2348 1733 2381; x_wconf 86' lang='lat' dir='ltr'>caeli</span> <span class='ocrx_word' id='word_1_474' title='bbox 1758 2359 1824 2391; x_wconf 72' lang='lat' dir='ltr'>my-</span> 
     </span>
     <span class='ocr_line' id='line_1_99' title="bbox 1089 2400 1822 2443; baseline 0 -10"><span class='ocrx_word' id='word_1_475' title='bbox 1089 2401 1206 2440; x_wconf 78' lang='lat' dir='ltr'>steria·‚</span> <span class='ocrx_word' id='word_1_476' title='bbox 1249 2400 1333 2432; x_wconf 88' lang='lat' dir='ltr'>unde</span> <span class='ocrx_word' id='word_1_477' title='bbox 1366 2401 1404 2432; x_wconf 88' lang='lat' dir='ltr'>ab</span> <span class='ocrx_word' id='word_1_478' title='bbox 1442 2401 1544 2433; x_wconf 88' lang='lat' dir='ltr'>altare</span> <span class='ocrx_word' id='word_1_479' title='bbox 1581 2406 1654 2443; x_wconf 90' lang='lat' dir='ltr'>post</span> <span class='ocrx_word' id='word_1_480' title='bbox 1690 2401 1822 2443; x_wconf 80' lang='lat' dir='ltr'>longum</span> 
     </span>
     <span class='ocr_line' id='line_1_100' title="bbox 1091 2452 1819 2496; baseline 0 -11"><span class='ocrx_word' id='word_1_481' title='bbox 1091 2452 1247 2496; x_wconf 89' lang='lat' dir='ltr'>temporis</span> <span class='ocrx_word' id='word_1_482' title='bbox 1265 2452 1469 2485; x_wconf 89' lang='lat' dir='ltr'>intervallum</span> <span class='ocrx_word' id='word_1_483' title='bbox 1487 2453 1597 2485; x_wconf 91' lang='lat' dir='ltr'>divelli</span> <span class='ocrx_word' id='word_1_484' title='bbox 1614 2453 1662 2484; x_wconf 85' lang='lat' dir='ltr'>vix</span> <span class='ocrx_word' id='word_1_485' title='bbox 1682 2458 1819 2496; x_wconf 88' lang='lat' dir='ltr'>poterat,</span> 
     </span>
     <span class='ocr_line' id='line_1_101' title="bbox 1090 2505 1822 2549; baseline 0.001 -12"><span class='ocrx_word' id='word_1_486' title='bbox 1090 2506 1278 2549; x_wconf 76' lang='lat' dir='ltr'>quotidiana</span> <span class='ocrx_word' id='word_1_487' title='bbox 1314 2505 1442 2539; x_wconf 85' lang='lat' dir='ltr'>discens</span> <span class='ocrx_word' id='word_1_488' title='bbox 1479 2505 1699 2548; x_wconf 74' lang='lat' dir='ltr'>experientia,</span> <span class='ocrx_word' id='word_1_489' title='bbox 1726 2516 1822 2548; x_wconf 85' lang='lat' dir='ltr'>quam</span> 
     </span>
     <span class='ocr_line' id='line_1_102' title="bbox 1089 2559 1822 2598; baseline -0.003 -6"><span class='ocrx_word' id='word_1_490' title='bbox 1089 2560 1194 2592; x_wconf 87' lang='lat' dir='ltr'>suavis</span> <span class='ocrx_word' id='word_1_491' title='bbox 1220 2564 1304 2592; x_wconf 85' lang='lat' dir='ltr'>esset</span> <span class='ocrx_word' id='word_1_492' title='bbox 1328 2559 1491 2598; x_wconf 82' lang='lat' dir='ltr'>Dominus,</span> <span class='ocrx_word' id='word_1_493' title='bbox 1519 2559 1586 2591; x_wconf 89' lang='lat' dir='ltr'>eius</span> <span class='ocrx_word' id='word_1_494' title='bbox 1612 2559 1691 2591; x_wconf 75' lang='lat' dir='ltr'>mira</span> <span class='ocrx_word' id='word_1_495' title='bbox 1716 2560 1822 2591; x_wconf 85' lang='lat' dir='ltr'>dulce-</span> 
     </span>
     <span class='ocr_line' id='line_1_103' title="bbox 1089 2611 1821 2658; baseline 0 -14"><span class='ocrx_word' id='word_1_496' title='bbox 1089 2611 1162 2645; x_wconf 88' lang='lat' dir='ltr'>dine</span> <span class='ocrx_word' id='word_1_497' title='bbox 1177 2612 1376 2658; x_wconf 83' lang='lat' dir='ltr'>supcrsusus,</span> <span class='ocrx_word' id='word_1_498' title='bbox 1397 2611 1471 2655; x_wconf 81' lang='lat' dir='ltr'>quia</span> <span class='ocrx_word' id='word_1_499' title='bbox 1490 2617 1563 2644; x_wconf 88' lang='lat' dir='ltr'>tunc</span> <span class='ocrx_word' id='word_1_500' title='bbox 1579 2611 1706 2644; x_wconf 90' lang='lat' dir='ltr'>demum</span> <span class='ocrx_word' id='word_1_501' title='bbox 1726 2612 1821 2657; x_wconf 85' lang='lat' dir='ltr'>plene</span> 
     </span>
    </p>
   </div>
   <div class='ocr_carea' id='block_1_16' title="bbox 1811 238 1993 265">
    <p class='ocr_par' dir='ltr' id='par_1_19' title="bbox 1811 238 1993 265">
     <span class='ocr_line' id='line_1_104' title="bbox 1811 238 1993 265; baseline -0.005 0"><span class='ocrx_word' id='word_1_502' title='bbox 1811 240 1850 265; x_wconf 79' lang='lat' dir='ltr'>An</span> <span class='ocrx_word' id='word_1_503' title='bbox 1879 238 1906 265; x_wconf 88' lang='lat' dir='ltr'>C.</span> <span class='ocrx_word' id='word_1_504' title='bbox 1931 239 1993 265; x_wconf 71' lang='lat' dir='ltr'>tout</span> 
     </span>
    </p>
   </div>
   <div class='ocr_carea' id='block_1_17' title="bbox 1829 1775 2014 1822">
    <p class='ocr_par' dir='ltr' id='par_1_20' title="bbox 1829 1775 2014 1822">
     <span class='ocr_line' id='line_1_105' title="bbox 1885 1775 2014 1795; baseline -0.008 0"><span class='ocrx_word' id='word_1_505' title='bbox 1885 1775 2014 1795; x_wconf 74' lang='lat' dir='ltr'>Praelibavit</span> 
     </span>
     <span class='ocr_line' id='line_1_106' title="bbox 1829 1802 2014 1822; baseline 0.016 -3"><span class='ocrx_word' id='word_1_506' title='bbox 1829 1804 1953 1821; x_wconf 67' lang='lat' dir='ltr'>suaiitatrm</span> <span class='ocrx_word' id='word_1_507' title='bbox 1964 1802 2014 1822; x_wconf 67' lang='lat' dir='ltr'>lica-</span> 
     </span>
    </p>
   </div>
   <div class='ocr_carea' id='block_1_18' title="bbox 1086 1817 1933 1860">
    <p class='ocr_par' dir='ltr' id='par_1_21' title="bbox 1086 1817 1933 1860">
     <span class='ocr_line' id='line_1_107' title="bbox 1086 1817 1933 1860; baseline 0 -10"><span class='ocrx_word' id='word_1_508' title='bbox 1086 1818 1183 1851; x_wconf 86' lang='lat' dir='ltr'>lasset</span> <span class='ocrx_word' id='word_1_509' title='bbox 1208 1817 1238 1849; x_wconf 93' lang='lat' dir='ltr'>in</span> <span class='ocrx_word' id='word_1_510' title='bbox 1257 1819 1328 1860; x_wconf 78' lang='lat' dir='ltr'>lege</span> <span class='ocrx_word' id='word_1_511' title='bbox 1346 1818 1483 1855; x_wconf 82' lang='lat' dir='ltr'>Domini,</span> <span class='ocrx_word' id='word_1_512' title='bbox 1501 1823 1533 1850; x_wconf 87' lang='lat' dir='ltr'>et</span> <span class='ocrx_word' id='word_1_513' title='bbox 1558 1823 1624 1851; x_wconf 90' lang='lat' dir='ltr'>toto</span> <span class='ocrx_word' id='word_1_514' title='bbox 1649 1819 1748 1851; x_wconf 87' lang='lat' dir='ltr'>corde</span> <span class='ocrx_word' id='word_1_515' title='bbox 1766 1829 1818 1851; x_wconf 88' lang='lat' dir='ltr'>ex·</span> <span class='ocrx_word' id='word_1_516' title='bbox 1831 1828 1933 1850; x_wconf 62' lang='lat' dir='ltr'>utudmis.</span> 
     </span>
    </p>
   </div>
  </div>
 </body>
</html>
