2254 3225
218 192 270 219 An.
291 192 405 223 (1.1695
451 187 515 221 702

408 250 502 278 tenus
528 247 682 289 magistro
705 254 736 282 et
753 249 904 285 fratribus
925 252 1069 286 eiusdem
1087 254 1142 287 ho-

408 297 547 340 spitalis,
574 300 600 333 si
626 302 779 345 expedire
804 305 942 345 videris,
973 306 1139 339 deserendi
1160 319 1162 358 j

407 351 534 394 signum
560 365 750 397 congruum,
776 358 861 400 quod
888 358 944 390 tibi
968 358 1138 400 videbitur,
1160 396 1161 401 ¹

406 406 567 439 concedas
591 409 781 443 auctoritate
808 413 916 444 nostra
940 412 1075 445 liberam
1100 407 1161 445 sav*

406 458 580 500 cultatem;
607 461 862 496 contradictores
888 475 949 507 per
973 475 1139 497 censuram

406 511 678 553 ecclesiasticam,
705 515 924 557 appellatione
949 517 1139 560 postposita,

405 565 655 606 compescendo.
682 565 795 599 Datum
820 567 989 609 Eugdunii,
1010 579 1041 602 VI
1065 569 1137 602 idus

404 616 557 656 octobris,
576 616 783 660 pontificatus
798 620 897 652 nostri
916 631 1001 653 anno
1016 631 1071 654 vni
1085 619 1092 637 ¹
1105 633 1135 653 ».

267 677 392 715 ennqiimjo
453 679 466 701 α
490 669 677 703 Alexander
701 672 881 716 episcopus,
909 684 1017 706 servus
1040 684 1139 707 servo-

210 703 392 755 fflwi‘ifiinririal
404 732 476 753 rum
494 722 561 762 Dei,
582 723 707 757 dilectis
726 724 799 757 filiis
816 726 916 768 priori
935 732 966 759 et
982 727 1136 760 fratribus

208 757 391 810 i'ssi'luiiuiigffii‘ss.
404 774 574 817 hospitalis
591 775 620 809 S.
638 777 797 810 Francisci
819 779 988 821 pragensis
1007 779 1135 813 Ordinis

403 828 504 860 saneti
522 829 691 872 Augustini
710 831 748 863 ad
768 831 944 865 Romanam
962 833 1134 866 Ecclesiam

402 881 493 914 nullo
510 882 617 915 medio
634 883 843 926 pertinentis,
863 886 997 918 salutem
1016 891 1046 919 et
1063 897 1136 929 apo-

400 934 548 968 stolicam
583 936 859 970 benedictionem.
887 937 964 971 Cum
997 949 1013 970 a
1038 940 1133 972 nobis

399 987 519 1029 petitur
539 988 625 1031 quod
654 989 772 1022 iustum
797 995 846 1022 est
877 995 908 1023 et
938 991 1133 1032 honestum,

398 1044 460 1071 tam
488 1040 578 1082 vigor
602 1042 773 1084 aequitatis
799 1053 891 1085 quam
924 1044 1005 1077 ordo
1034 1044 1134 1087 exigit

396 1092 543 1134 rationis,
570 1099 605 1126 ut
624 1094 656 1127 id
681 1105 742 1138 per
766 1096 1017 1130 sollicitudinem
1037 1098 1132 1131 officii

395 1146 496 1178 nostri
514 1147 553 1179 ad
579 1147 725 1181 debitum
749 1150 945 1192 perducatur
969 1151 1129 1185 effectum.

393 1196 471 1231 Cum
497 1199 614 1243 itaque,
634 1201 716 1234 sicut
740 1202 885 1236 exhibita
909 1204 1003 1237 nobis
1027 1211 1131 1238 vestra

393 1251 509 1293 petitio
546 1254 734 1287 continebat
754 1282 762 1295 ,
799 1257 994 1290 venerabilis
1031 1258 1131 1291 frater

392 1310 501 1337 noster
527 1305 700 1349 Pragensis
727 1307 910 1352 episcopus,
936 1311 1128 1345 auctoritate

390 1355 571 1391 litterarum
590 1360 692 1393 felicis
717 1361 953 1395 recordationis
975 1363 1128 1397 Innocen-

391 1408 424 1441 tii
450 1410 554 1453 Papae
594 1413 859 1455 praedecessoris
886 1417 1008 1456 nostri,
1035 1418 1126 1450 vobis

390 1461 517 1504 signum
552 1464 662 1498 Crucis
688 1472 720 1498 et
743 1466 862 1501 Stellae
899 1469 1025 1502 duxerit
1051 1481 1126 1504 con-

389 1515 582 1549 cedendum:
608 1528 677 1558 nOS,
692 1520 807 1552 vestris
832 1521 1125 1564 supplicationibus

388 1567 545 1608 inclinati,
564 1571 650 1613 quod
677 1572 715 1604 ab
742 1574 857 1606 eodem
883 1574 1035 1619 episcopo
1053 1587 1125 1620 pro-

387 1620 458 1653 vide
478 1621 597 1655 sactum
624 1629 680 1663 est,
699 1631 804 1658 ratum
822 1626 981 1660 habentes
1003 1635 1034 1661 et
1054 1640 1124 1672 gra-

387 1678 462 1715 tum,
483 1675 513 1708 id
533 1678 721 1711 auctoritate
747 1680 925 1722 apostolica
950 1682 1122 1717 confirma-

384 1738 473 1769 mus,
508 1734 540 1761 et
574 1732 753 1773 praesentis
790 1733 900 1776 scripti
937 1737 1120 1778 patrocinio

384 1783 632 1816 communimus.
656 1784 740 1818 Nulli
758 1796 835 1828 ergo
855 1788 988 1822 omnino
1013 1790 1120 1824 homi-

383 1844 460 1867 num
487 1836 583 1868 liceat
607 1837 690 1870 hanc
710 1839 861 1881 paginam
887 1847 1018 1876 nostrae
1044 1854 1119 1878 con-

381 1886 573 1922 firmationis
606 1890 804 1932 infringere,
831 1895 879 1926 vel
905 1895 934 1927 ei
967 1907 1044 1929 ausu
1070 1903 1118 1931 te-

381 1941 521 1974 merario
557 1943 741 1984 c0nt1·aire;
769 1944 794 1977 si
821 1946 891 1988 quis
923 1954 1029 1982 autem
1054 1950 1117 1984 hoc

379 1999 539 2027 attentare
562 1999 830 2041 praesumpserit,
857 2000 1115 2044 indignationem

380 2047 616 2090 omnipotentis
640 2050 695 2083 Dei
723 2056 754 2083 et
778 2052 947 2087 beatorum
979 2056 1063 2089 Petri
1085 2064 1117 2091 et

379 2099 467 2133 Pauli
492 2103 716 2144 apostolorum
749 2105 818 2138 eius
851 2117 885 2140 se
916 2109 1044 2142 noverit
1066 2110 1116 2143 in-

379 2163 563 2188 cursurum.
599 2156 713 2189 Datum
740 2159 905 2202 Anagniae
938 2172 983 2195 ΧΗ
1008 2163 1115 2197 kalen-

379 2206 435 2239 das
453 2207 533 2247 iulii,
556 2209 760 2250 pontificatus
782 2214 884 2246 nostri
906 2225 990 2248 anno
1010 2216 1056 2250 11²
1080 2230 1110 2251 ».

183 2264 365 2313 nenegpcrffutfflilio
427 2271 439 2290 ci
468 2259 657 2294 Benedictus
681 2265 856 2307 episcopus,
881 2277 989 2300 servus
1013 2279 1114 2303 servo-

183 2306 364 2368 fflranfffisilrffid
375 2321 450 2343 rum
466 2311 534 2354 Dei,
556 2313 681 2347 dilectis
700 2316 771 2349 liliis
790 2319 943 2360 magistro
962 2321 1062 2362 priori
1082 2329 1112 2355 et

181 2369 305 2416 {J.','‚‘„s,',²¹¹.{{·
319 2352 525 2417 titu-'fratribus
543 2366 714 2409 hospitalis
732 2369 763 2402 S.
783 2370 942 2405 Francisci
962 2373 993 2405 in
1011 2374 1111 2409 Pede-

196 2409 199 2413 ’
249 2404 260 2415 ‘¹
285 2412 288 2415 ³
305 2403 314 2417 Β
334 2404 481 2461 ¹⁰'p0ntis
495 2418 674 2461 pragensis,
690 2422 727 2454 ad
744 2421 920 2456 Romanam
934 2425 1109 2461 Ecclesiam

988 205 1167 230 BULLARIUM
1189 206 1341 231 nom-ANUM

180 2420 309 2447 dulgentiam

374 2473 465 2505 nullo
490 2473 597 2508 medio
622 2474 825 2516 pertinentis,
840 2488 897 2519 per
922 2480 1107 2522 magistrum

409 2543 420 2569 1
445 2541 544 2578 Nempe
565 2543 597 2570 10
616 2544 732 2572 octobris
756 2546 821 2572 1250
840 2548 878 2581 (a.
899 2548 948 2585 τ.).

408 2585 424 2612 2
443 2586 545 2622 Nempe
564 2587 599 2616 20
618 2588 682 2616 iunii
705 2590 771 2617 1250
790 2594 827 2626 (n.
848 2593 896 2627 T.).

1924 207 1972 236 An.
1994 208 2023 237 C.
2041 210 2108 238 2695

1184 259 1216 287 et
1232 255 1375 297 priorem
1389 255 1474 288 soliti
1493 255 1681 297 gubernari,
1696 255 1823 289 Ordinis
1840 255 1918 290 Cru-

1183 307 1357 341 ciserorum
1382 319 1454 342 cum
1479 309 1582 349 stella,
1610 310 1745 343 salutem
1777 314 1808 343 et
1832 320 1913 353 apo-

1183 361 1328 394 stolicam
1358 362 1632 398 benedictionem.
1667 363 1742 397 Cum
1773 374 1791 396 a
1820 362 1915 396 nobis

1181 412 1302 455 petitur
1327 414 1410 457 quod
1437 414 1557 447 iustum
1581 420 1629 447 est
1661 421 1692 448 et
1716 416 1888 449 honestum
1904 441 1912 456 ,

1183 470 1244 498 tam
1270 466 1360 508 vigor
1390 467 1559 510 aequitatis
1588 478 1684 511 quam
1709 469 1791 502 ordo
1817 468 1915 511 exigit

1181 517 1316 551 rationis
1342 524 1377 552 ut
1401 520 1432 552 id
1457 531 1516 563 per
1541 521 1790 554 sollicitudinem
1817 522 1914 555 officii

1181 571 1283 603 nostri
1303 572 1342 604 ad
1360 573 1504 605 debitum
1529 574 1725 616 perducatur
1750 574 1911 607 effectum.

1180 622 1367 666 Eupropter,
1387 625 1496 658 dilecti
1514 625 1546 658 in
1560 626 1696 660 Domino
1714 626 1782 667 filii,
1799 627 1914 660 vestris

1180 674 1270 708 iustis
1294 678 1568 719 postulationibus
1594 684 1685 721 grato
1718 690 1915 713 concurren-

1180 732 1228 761 tes
1252 739 1396 770 assensu,
1415 742 1529 764 omnes
1554 731 1722 766 libertates
1748 738 1780 766 et
1797 734 1914 766 immu-

1179 780 1297 815 nitates
1323 793 1340 815 a
1365 784 1672 826 praedecessoribus
1704 786 1822 819 nostris
1849 786 1914 820 Ro-

1178 833 1281 866 manis
1307 834 1530 877 Pontificibus,
1558 837 1623 870 sive
1648 848 1707 881 per
1731 839 1912 882 privilegia,

1178 885 1241 919 sive
1266 887 1344 919 alias
1377 888 1594 931 indulgentias
1626 891 1715 924 vobis
1747 897 1777 924 et
1801 891 1912 935 hospi-

1178 939 1232 972 tali
1256 945 1365 973 vestro
1392 952 1570 984 concessas,
1589 954 1717 977 necnon
1741 945 1910 978 libertates

1177 997 1208 1024 et
1224 993 1446 1036 exemptiones
1470 996 1685 1028 saecularium
1707 997 1910 1030 exactionum

1175 1056 1193 1078 a
1211 1046 1344 1088 regibus
1364 1052 1395 1080 et
1413 1047 1617 1091 principibus
1639 1054 1671 1082 et
1689 1049 1760 1082 aliis
1780 1050 1912 1083 christi-

1174 1097 1324 1132 fidelibus
1350 1100 1590 1135 rationabiliter
1620 1103 1710 1136 vobis
1742 1103 1907 1146 indultas,

1174 1153 1257 1185 sicut
1281 1163 1334 1186 eas
1359 1153 1442 1187 iuste
1464 1160 1495 1188 et
1511 1155 1644 1198 pacifice
1669 1156 1831 1198 obtinetis,
1855 1168 1909 1191 vo-

1173 1205 1221 1237 bis
1247 1210 1279 1238 et
1309 1216 1368 1249 per
1398 1217 1454 1240 vos
1489 1207 1594 1241 eidem
1620 1209 1774 1252 hospitali
1799 1216 1909 1244 aucto-

1172 1258 1264 1291 ritate
1286 1260 1464 1302 apostolica
1492 1261 1730 1302 confirmamus,
1753 1268 1785 1295 et
1814 1274 1908 1306 prae-

1172 1313 1272 1345 sentis
1296 1313 1407 1356 scripti
1443 1315 1623 1357 patrocinio
1657 1317 1903 1350 communimus.

1170 1365 1256 1398 Nulli
1274 1376 1353 1409 ergo
1378 1367 1510 1400 omnino
1528 1368 1691 1401 hominum
1710 1369 1806 1402 liceat
1823 1370 1906 1403 hanc

1171 1418 1320 1461 paginam
1350 1425 1481 1453 nostrae
1515 1421 1767 1454 confirmationis
1793 1422 1906 1455 infrin-

1170 1482 1254 1514 gere,
1280 1473 1330 1505 vel
1355 1472 1383 1505 ei
1409 1484 1489 1506 ausu
1515 1475 1687 1508 temerario
1715 1475 1900 1516 contraire;

1169 1525 1192 1557 si
1219 1524 1289 1568 quis
1321 1531 1427 1559 autem
1459 1527 1521 1559 hoc
1549 1533 1707 1561 attentare
1736 1539 1902 1572 praesum-

1168 1578 1277 1620 pserit,
1304 1578 1562 1621 indignationem
1588 1581 1819 1624 omnipotentis
1845 1581 1901 1614 Dei

1167 1636 1198 1663 et
1222 1631 1392 1664 beatorum
1413 1632 1497 1665 Petri
1519 1638 1550 1666 et
1566 1633 1653 1666 Pauli
1679 1635 1899 1677 apostolorum

1166 1683 1234 1716 eius
1259 1694 1292 1717 se
1317 1685 1442 1717 noverit
1459 1685 1675 1719 incursurum.
1695 1687 1807 1720 Datum
1825 1688 1900 1720 Ave-

1164 1737 1283 1777 nione,
1308 1747 1351 1770 xit
1384 1737 1537 1771 kalendas
1568 1738 1662 1781 iulii,
1687 1740 1898 1784 pontificatus

1163 1790 1264 1823 nostri
1291 1801 1374 1823 anno
1400 1790 1449 1824 1v¹
1469 1803 1500 1824 i».

1205 1846 1220 1888 g
1246 1844 1274 1876 2.
1300 1845 1377 1877 Cum
1402 1851 1520 1886 autem,
1549 1845 1630 1879 sicut
1661 1847 1774 1880 eadem
1798 1855 2091 1902 expo-lcunfirmatiore-

1915 1885 1994 1903 ἃῑᾺΓΙΠΠ
2014 1887 2090 1903 confli-

1161 1898 1234 1931 sitio
1260 1898 1482 1940 subiungebat,
1509 1910 1624 1932 census
1644 1901 1740 1934 unius
1758 1901 2021 1939 bizantistutwmsm.
2042 1916 2088 1930 vum

1907 1941 2030 1956 renti-«stone
2040 1942 2088 1956 (Ψη-

1160 1962 1215 1984 seu
1239 1951 1334 1984 unius
1355 1952 1469 1985 ssoreni
1488 1953 1557 1985 anri
1577 1954 1746 1996 hungarici
1761 1955 1896 1998 Aposto-
1906 1963 1940 1982 ⁵1⁴1»-
1956 1968 1994 1983 000
2011 1963 2089 1985 somu-

1906 1989 2018 2009 iiumnwdo
2034 1991 2049 2009 is
2069 1996 2087 2010 in

1159 2004 1240 2037 licae
1265 2004 1338 2037 Sedi
1365 2005 1547 2047 praedictae
1573 2006 1660 2038 iuxta
1676 2006 1801 2049 priores
1817 2006 1995 2062 Gre-[ffffjlrrum
2009 2017 2088 2042 persul-

1159 2058 1239 2099 gorii
1258 2058 1517 2100 praedecessoris
1536 2059 1655 2091 litteras
1674 2059 1892 2102 praeinsertas
1935 2059 1937 2061 ’
1968 2057 1972 2062 ’

1158 2111 1197 2144 ad
1223 2111 1377 2143 indicium
1399 2117 1574 2155 perceptae
1600 2123 1616 2145 a
1642 2113 1727 2145 dicta
1753 2112 1835 2146 Sede
1857 2113 1894 2146 11-

1158 2163 1292 2196 bertatis
1317 2163 1409 2196 annis
1434 2163 1584 2207 singulis,
1612 2165 1695 2197 sicut
1719 2165 1894 2208 praemitti-

1159 2223 1218 2256 tur,
1234 2218 1476 2260 persolvendus,
1491 2218 1530 2251 ab
1543 2229 1628 2250 auno
1645 2228 1740 2257 Mva‚
1759 2224 1893 2262 propter

1158 2270 1329 2302 haeresum
1366 2271 1565 2305 calamitates
1597 2271 1724 2314 aliaque
1757 2272 1891 2305 adversa

1156 2333 1237 2367 quae
1262 2323 1294 2355 in
1315 2323 1379 2356 illis
1401 2324 1547 2366 partibus
1568 2325 1786 2366 contigerunt,
1803 2326 1891 2358 solu—

1155 2382 1205 2408 tus
1231 2386 1297 2409 non
1316 2376 1424 2417 suerit3
1448 2377 1507 2420 ipsi
1526 2388 1600 2411 vero
1619 2384 1819 2421 exponentes
1835 2388 1890 2413 ve·

1153 2435 1294 2469 reantur,
1320 2440 1361 2462 ne
1387 2430 1423 2462 ea
1449 2431 1487 2463 de
1512 2432 1605 2463 causa
1638 2441 1805 2468 concessas
1826 2432 1887 2465 sibi

1152 2482 1191 2515 ab
1217 2482 1329 2516 eadem
1354 2482 1435 2516 Sede
1459 2483 1577 2526 gratias
1594 2485 1795 2528 supradictas
1810 2485 1888 2519 ami-

1185 2597 1197 2624 1
1221 2597 1321 2635 Nempe
1341 2598 1375 2627 20
1394 2598 1460 2627 iunii
1482 2599 1548 2627 4338
1567 2601 1605 2635 (n.
1625 2599 1674 2635 T.).
