2254 3225
207 264 243 289 An
275 263 304 290 c.
324 263 385 290 totu
437 253 499 287 ΞΜ

397 312 446 344 nis
472 312 585 344 merita
609 315 759 354 precatus
787 311 860 351 suit,
887 314 984 353 atque
1014 309 1130 342 missae

397 365 435 398 ad
462 366 562 398 altare
586 365 670 398 beati
697 365 781 397 Petri
802 363 940 407 apostoli
960 373 1030 395 cum
1048 362 1132 394 eius-

397 417 471 450 dem
502 417 588 450 beati
619 417 748 450 loannis
779 414 1088 450 commemoratione
1115 423 1130 444 a

396 470 574 503 venerabili
586 471 681 503 fratre
699 475 820 509 nostro,
835 475 909 501 tunc
927 478 995 506 suo,
1007 465 1130 498 Palutio

397 523 550 566 episcopo
568 523 735 556 Sabinensi
760 522 791 555 S.
811 523 848 554 P..
866 522 900 554 Ε.
917 518 1074 553 cardinali
1093 518 1130 549 de

398 576 529 608 Alteriis
554 581 741 618 nuncupato
778 574 914 608 solemni
951 573 1013 605 ritu
1049 572 1133 603 cele-

397 628 507 662 bratae
533 628 692 668 interfuit,
711 628 922 669 omnibusque
939 623 1133 658 christifide—

399 682 484 714 libus
520 687 597 714 tunc
632 681 860 724 praesentibus
895 678 1074 722 plenariam
1099 686 1133 708 o-

398 735 521 766 mnium
532 739 737 776 peccatorum
752 742 881 766 suorum
896 730 1131 773 indulgentiam

400 793 432 819 et
447 787 671 819 remissionem
689 785 860 818 concessit.

248 879 250 882 Ι
270 850 392 882 Declaratur
448 839 462 881 ἓ
478 838 532 871 ⁶23.
548 839 591 871 Ne
605 843 708 871 autem
723 838 760 869 de
775 837 917 875 decreto,
932 835 1131 872 delinitione,

208 884 323 930 {2¹:533ss
346 884 628 934 e⁵³2⁶-adsci‘iptione,
655 894 772 922 statuto
789 916 796 929 ,
823 889 1031 928 relaxatione,
1057 899 1134 922 con-

208 938 271 951 ΨΜ·
403 944 574 983 cessione,
607 943 742 985 aliisque
784 941 994 985 praemissis,
1026 952 1063 974 ex
1096 952 1133 974 eo

403 997 486 1039 quod
514 1006 609 1039 super
633 995 696 1028 illis
721 995 820 1038 ipsius
842 994 1013 1027 Alexandri
1039 1005 1133 1037 prae-

402 1048 582 1082 decessoris
619 1048 756 1086 litterae,
781 1048 850 1080 eius
884 1048 1132 1090 superveniente

402 1102 498 1139 obitu,
515 1101 677 1133 consectae
695 1111 758 1132 non
777 1101 916 1139 fuerant,
933 1102 1037 1133 valeat
1054 1112 1134 1143 quo-

402 1154 579 1187 modolibet
604 1154 767 1186 liaesitari:
790 1154 935 1186 volumus
961 1159 993 1186 et
1010 1159 1133 1197 aposto-

401 1208 463 1240 lica
486 1208 673 1240 auctoritate
709 1207 934 1247 decernimus,
962 1209 1047 1250 quod
1081 1209 1133 1241 dc-

401 1265 536 1297 cretum,
561 1259 716 1298 delinitio,
745 1260 942 1302 adscriptio,
967 1265 1131 1297 statutum,

401 1312 566 1349 relaxatio,
590 1312 779 1350 concessio,
804 1312 931 1356 aliaque
956 1312 1133 1355 praemissa

400 1376 417 1397 a
443 1365 524 1397 dicta
557 1365 607 1397 die
633 1375 684 1397 xm
711 1365 853 1397 octobris
887 1375 980 1397 suum
1013 1376 1130 1398 conse-

401 1423 538 1460 quantur
558 1417 718 1457 etl'cctum,
736 1428 772 1450 ac
791 1418 815 1450 si
835 1428 934 1461 super
950 1418 1013 1451 illis
1031 1418 1131 1461 ipsius

401 1470 573 1503 Alexandri
610 1470 873 1513 praedecessoris
913 1471 1039 1503 litterae
1074 1471 1132 1502 sub

401 1524 507 1556 datum
533 1523 678 1555 eiusdem
708 1523 772 1555 diei
798 1523 961 1555 consectae
987 1523 1131 1560 fuissent,

399 1581 497 1618 prout
510 1575 657 1618 superius
672 1581 852 1615 enarratur,
873 1576 1024 1619 quodque
1042 1586 1133 1619 prae-

400 1633 509 1662 sentes
526 1629 662 1667 litterae,
682 1629 718 1661 ad
743 1628 946 1671 probandum
965 1629 1061 1672 plene
1080 1629 1131 1661 dc-

399 1683 553 1721 cretum¹,
583 1681 829 1721 definitionem,
866 1681 1131 1724 adscriptionem,

399 1740 560 1773 statutum,
590 1734 844 1773 relaxationem,
874 1734 1130 1773 concessionem,

399 1787 524 1830 aliaque
542 1787 730 1830 praemissa,
750 1787 870 1829 ubique
888 1786 1054 1826 sufficiant,
1073 1797 1132 1819 nee

400 1841 439 1873 ad
457 1840 488 1873 id
512 1840 712 1883 probationis
739 1840 872 1873 alterius
897 1839 1130 1872 adminiculum

399 1893 595 1935 requiratur.

208 1952 389 2006 .u„5{‚l2¹.‘}f.m¹‘³⁰'
443 1947 457 1989 ἓ
472 1946 524 1978 24.
542 1946 701 1986 Ceterum,
719 1946 795 1990 quia
809 1946 938 1980 difficile
952 1946 1133 1988 foretprae-

337 1995 342 2001 ”
399 2005 507 2032 sentes
534 2005 659 2032 nostras
685 2000 809 2032 litteras
834 2000 871 2032 ad
899 2000 1026 2042 singula
1050 2001 1130 2038 loca,

398 2052 452 2084 ubi
479 2063 558 2094 opus
584 2058 679 2092 esset,
702 2052 831 2091 deferri,
855 2053 1000 2085 volumus
1027 2057 1063 2084 ut
1081 2063 1133 2085 ea·

399 2114 470 2137 rum
509 2105 675 2148 exemplis,
697 2106 792 2138 etiam
822 2105 1008 2148 impressis,
1033 2116 1130 2137 manu

398 2157 521 2200 publici
537 2159 651 2190 notarii
673 2158 878 2201 subscriptis,
896 2163 928 2191 et
952 2158 1060 2201 sigillo
1078 2159 1133 2191 ali-

400 2209 489 2242 cuius
511 2220 667 2252 personae
692 2211 722 2242 in
751 2211 908 2253 dignitate
938 2211 1131 2244 constitutae

400 2262 538 2300 munitis,
552 2264 663 2295 eadem
682 2264 802 2306 ubique
821 2263 900 2296 tides
918 2263 1131 2302 adhibeatur,

401 2325 483 2357 quae
509 2315 631 2348 eisdem
662 2316 885 2358 praesentibus
919 2317 1133 2349 adhiberetur

401 2368 425 2400 si
444 2374 551 2400 essent
576 2369 737 2401 exhibitae
764 2370 811 2402 vel
838 2376 998 2402 ostensae.

209 2423 322 2472 „,{}?⁰²¹⁰
340 2430 389 2452 1³00-
445 2421 459 2462 ἓ
484 2419 537 2452 25.
557 2420 639 2453 Nulli
661 2432 738 2464 ergo
759 2422 892 2455 omnino
911 2422 1078 2455 hominum
1096 2422 1133 2456 li-

401 2477 471 2505 ceat
485 2472 632 2514 paginam
647 2474 730 2506 lianc
747 2474 945 2508 nostrorum²
961 2476 1132 2508 voluntatis

962 248 1149 285 'numantini
1173 258 1326 283 conixum

1174 307 1258 339 rario
1273 305 1447 345 contraire,
1467 304 1492 337 si
1512 304 1582 347 quis
1601 309 1705 338 autem
1725 305 1789 338 hoc
1808 309 1908 338 atten-

1175 363 1242 390 tare
1256 357 1522 401 praesumpserit,
1541 357 1795 400 indignationem
1810 357 1908 391 omni-

1174 410 1315 453 potentis
1333 410 1388 442 Dei
1415 420 1451 442 ac
1467 409 1636 442 beatorum
1657 410 1740 443 Petri
1764 416 1796 443 et
1818 410 1906 443 Pauli

1175 464 1397 505 apostolorum
1416 462 1485 495 eius
1503 473 1536 495 se
1554 462 1678 495 noverit
1694 462 1905 495 incursurum.

1217 515 1333 548 Datum
1356 515 1486 555 Romae,
1505 516 1589 559 apud
1613 515 1644 548 S.
1663 516 1802 556 Petrum,
1821 526 1905 548 anno

1174 567 1405 601 lncarnationis
1429 568 1614 601 Dominicae
1631 577 1773 609 mncxffl,
1798 567 1905 601 idibus

1175 619 1251 658 iulii,
1278 620 1482 662 pontificatus
1505 620 1604 653 nostri
1630 630 1715 653 anno
1741 630 1762 653 1.

1209 679 1271 706 Dat.
1290 679 1334 707 die
1355 680 1388 707 15
1406 680 1464 707 iulii
1482 680 1544 707 1691
1569 680 1666 716 pontif,
1681 688 1752 707 anno
1773 686 1792 707 1.

1300 776 1350 827 ᾖ
1375 777 1460 814 EGO
1488 777 1779 814 INNOCENTIUS

1238 851 1436 877 :ATHOLICAE
1465 853 1638 877 ECCLESIAE
1664 853 1842 877 EPISCOPUS.

1510 1072 1575 1149 a&

1361 1140 1490 1207 siffus
1519 1153 1567 1208 ἐξ,

1342 1196 1492 1230 paiens
1525 1221 1563 1254 J„

1174 1714 1191 1750 †
1214 1713 1271 1751 Ego
1293 1713 1454 1742 Alderanus
1476 1713 1631 1752 episcopus
1655 1711 1797 1742 Ostiensis
1819 1712 1912 1743 cardi-

1253 1762 1328 1791 nalis
1349 1761 1435 1799 Cybo.

1174 1812 1191 1847 †
1214 1810 1271 1848 Ego
1293 1810 1410 1839 Flavius
1442 1809 1597 1848 episcopus
1619 1809 1789 1839 Portuensis
1818 1810 1910 1840 cardi-

1253 1859 1328 1888 nalis
1349 1858 1476 1889 Cliisius.

1173 1909 1191 1945 †
1212 1908 1270 1946 Ego
1293 1907 1413 1937 Iacobus
1440 1907 1594 1946 episcopus
1615 1906 1797 1937 Tusculanus
1817 1907 1911 1937 cardi-

1253 1956 1326 1986 nalis
1348 1956 1526 1985 Franzouus.

1173 2007 1191 2043 †
1213 2005 1273 2043 Ego
1295 2005 1398 2034 Petrus
1413 2005 1568 2043 episcopus
1590 2003 1760 2033 Sabinensis
1779 2004 1911 2034 cardina-

1254 2054 1289 2083 lis
1311 2054 1345 2083 de
1365 2053 1483 2083 Alteriis
1504 2053 1533 2083 S.
1552 2053 1585 2083 R.
1604 2053 1635 2082 E.
1660 2053 1849 2083 camerarius.

1174 2105 1191 2140 †

1174 2154 1192 2238 ζ
1215 2200 1273 2238 Ego
1296 2200 1327 2229 F.
1351 2199 1429 2229 tituli
1451 2199 1480 2229 S.
1504 2198 1609 2228 Mariae
1632 2197 1661 2227 in
1684 2197 1735 2227 Via
1760 2198 1911 2237 presbyter

1253 2248 1393 2277 cardinali
1417 2247 1638 2277 Maidalchinus.

1174 2300 1192 2336 †
1212 2298 1270 2336 Ego
1292 2297 1409 2327 Carolus
1432 2296 1510 2325 tituli
1532 2295 1561 2325 S.
1580 2294 1727 2325 Laurentii
1750 2295 1780 2325 in
1802 2295 1910 2325 Lucina

1254 2346 1404 2386 presbyter
1426 2345 1584 2375 cardinalis
1602 2344 1790 2374 Barberinus.

1174 2399 1193 2434 -ἶ-

1175 2447 1194 2482 †

1175 2495 1193 2529 †

402 2530 434 2558 et
452 2525 573 2557 decreti
599 2526 787 2569 infringere,
804 2528 852 2560 vel
878 2528 907 2560 ei
933 2539 1012 2560 ausu
1035 2534 1133 2561 teme·
1175 2542 1194 2579 †

437 2597 446 2621 1
471 2594 539 2621 Edit.
560 2595 638 2622 Μαίη.
660 2596 721 2630 legit
741 2598 850 2626 decreto
871 2598 909 2631 (R.
929 2598 978 2631 r).

435 2638 452 2664 2
471 2638 581 2673 Semper
600 2639 642 2666 ed,
667 2640 743 2667 Μαίη.
760 2642 823 2677 legit
843 2645 1003 2669 noslrorttm
1025 2642 1063 2676 (a.
1083 2644 1132 2676 Τ.).

1176 2591 1193 2627 †
1216 2589 1275 2626 Ego
1306 2587 1442 2618 Nicolaus
1473 2587 1549 2617 tituli
1571 2586 1600 2617 S.
1623 2586 1726 2617 Calixti
1758 2586 1911 2627 presbyter

1255 2637 1411 2666 cardinalis
1434 2635 1608 2665 Acciaiolus.

1911 256 1960 283 Λη.
1982 256 2092 285 (2.1691
