2254 3225
195 206 240 229 An.
260 204 285 228 (ἱ4
311 206 374 230 taut
423 198 438 224 s
454 198 486 229 {a}
959 210 1133 234 arimanni

387 260 420 286 ut
452 255 625 298 plurimum
651 257 872 297 conveniunt,
911 270 945 290 ex
981 264 1118 300 utroque

387 307 545 349 eruendo,
575 308 797 343 confirmando
828 316 859 344 et
891 310 1118 351 defendendo,

385 360 439 394 ubi
471 372 548 395 vero
580 363 732 395 contrarii
763 368 836 395 sunt
868 370 899 396 et
930 363 1118 396 concordari

385 420 573 458 nequeunt,
601 426 654 448 eas
679 416 914 459 problematice
940 416 1118 449 tradendo:

385 468 430 501 sie
451 468 536 501 enim
560 468 649 502 brevi
676 469 740 509 siet,
767 474 799 501 ut
825 480 841 501 a
865 469 1032 512 provincia
1057 468 1118 501 divi

384 521 491 554 laeobi
518 521 681 554 derivetur
699 521 730 553 in
753 521 830 554 alias
848 521 1020 564 Hispaniae
1045 532 1120 564 pro-

383 573 504 607 vincias
531 574 677 607 doctrina
695 574 864 617 seraphica
885 585 956 607 cum
981 573 1118 607 maximo

384 627 517 660 scholae
543 632 673 660 nostrae
699 628 888 670 splendore,
907 627 990 660 sicut
1015 627 1054 659 ab
1072 628 1120 659 ea-

384 680 457 712 dem
477 685 655 723 propagata
674 685 721 712 est
743 680 890 713 doctrina
908 679 1011 712 Scoti:
1033 684 1064 712 et
1081 679 1118 711 ad

381 732 551 776 utriusque
568 732 722 766 maiorem
743 733 1011 766 dilucidationem
1030 731 1119 765 Ordi-

382 786 497 828 nisque
523 785 696 825 decorem,
725 785 755 817 in
781 785 1043 818 universitatibus
1068 784 1120 817 Sa-

382 838 572 878 lamantina,
596 837 769 876 Ovetensi,
804 841 834 871 et
858 837 1118 880 Compostellana

382 891 502 934 poterit
526 891 674 924 minister
688 890 903 934 provincialis,
924 891 963 923 de
983 890 1117 923 consilio

383 949 415 977 et
444 955 580 977 assensu
617 950 744 987 patrum
783 943 999 984 definitorum,
1026 945 1117 977 nullo

383 997 446 1030 alio
466 1002 645 1040 expectato,
662 997 746 1030 risos
762 997 896 1030 idoneos
912 997 1034 1030 eisdem
1052 997 1118 1029 uni-

381 1050 586 1083 versitatibus
621 1056 826 1093 praesentare
842 1077 849 1090 ,
874 1051 911 1083 ad
939 1051 1001 1083 hoe
1027 1056 1061 1082 ut
1086 1050 1116 1083 in

382 1103 428 1136 eis
456 1103 572 1145 gradus
588 1130 596 1144 ,
619 1103 705 1135 iuxta
730 1108 847 1136 statuta
872 1104 1025 1136 'l'oletana
1055 1108 1117 1136 tam

381 1156 647 1199 congregationis
674 1156 838 1199 generalis
858 1157 932 1189 anni
950 1166 1117 1190 MDCLxxttt

381 1220 477 1253 quam
500 1210 634 1253 capituli
661 1210 821 1253 generalis
846 1210 919 1242 anni
945 1220 1117 1243 MDCLxxxn

381 1268 412 1294 et
436 1263 581 1306 ipsorum
608 1263 860 1295 declarationem
887 1273 904 1295 a
925 1265 1014 1295 sacra
1039 1262 1118 1295 Con-

380 1315 570 1358 gregatione
604 1316 831 1359 episcoporum
866 1321 897 1349 et
922 1316 1117 1358 regularium

381 1369 433 1401 die
458 1379 528 1402 xxix
552 1369 733 1401 decembris
751 1379 942 1403 iinchxxvn
961 1370 1116 1412 approba-

380 1427 451 1461 tam,
470 1422 530 1455 rite
551 1422 726 1465 recipiant,
746 1423 777 1455 in
796 1421 992 1466 undquaque
1010 1429 1116 1455 tamen

378 1475 642 1518 praesentatione
660 1485 719 1518 pro
745 1475 889 1518 qualibet
907 1475 1115 1508 universitate
1137 1503 1139 1506 ι

379 1527 442 1560 duo
467 1532 589 1560 tantum
622 1533 828 1560 assumentur
852 1528 996 1570 reilgiosi
1022 1538 1116 1571 prae-

379 1580 540 1620 sentandi,
557 1591 639 1613 unus
657 1592 672 1614 e
690 1586 779 1625 parte
797 1580 1019 1614 Gallaecorum
1045 1592 1115 1614 cum

380 1634 445 1666 suis·
471 1634 710 1677 incorporatis,
738 1640 769 1667 et
799 1635 880 1667 alter
905 1646 920 1668 e
946 1640 1035 1678 parte
1060 1634 1117 1668 Ca-

381 1688 597 1721 stellanorum
626 1699 696 1721 curn
715 1688 785 1721 aliis
805 1688 908 1721 eidem
935 1689 1115 1721 adhaeren-

378 1740 483 1782 tibus,
503 1747 544 1782 et,
566 1741 672 1785 aliquo
691 1752 726 1774 ex
744 1741 793 1774 his
815 1742 1002 1781 decedente,
1024 1747 1115 1785 pote-

376 1794 419 1827 rit
443 1795 525 1827 alter
550 1805 584 1827 ex
612 1795 725 1827 eadem
759 1800 849 1838 parte
885 1794 1054 1834 substitui,
1081 1800 1116 1826 ut

377 1857 543 1890 nunquam
578 1847 687 1890 aliqua
716 1857 731 1880 e
758 1847 934 1890 praedietis
965 1847 1113 1891 partibus

377 1900 474 1933 simili
500 1900 626 1933 honore
651 1900 798 1933 fraudata
826 1901 875 1934 vel
901 1900 1115 1944 inaequaliter

378 1955 590 1987 cohonestata
621 1965 657 1987 ac
689 1954 834 1997 praedita
858 1955 1051 1998 reperiatur.
1077 1954 1115 1988 Et

377 2007 409 2039 in
424 2007 583 2048 omnibus,
598 2017 679 2050 quae
698 2007 736 2039 ad
759 2007 840 2040 banc
861 2007 1028 2040 materiam
1052 2012 1112 2040 tam

378 2060 462 2092 intra
477 2071 571 2103 quam
587 2066 675 2093 extra
701 2061 841 2094 claustra
863 2066 1020 2104 spectant,
1037 2071 1113 2094 con-

377 2118 490 2145 ventus
520 2118 551 2145 et
582 2113 697 2146 fratres
729 2119 1003 2156 praememoratae
1029 2125 1108 2158 pro-

376 2165 498 2198 vinciae
517 2165 569 2198 ea*
588 2166 830 2208 privilegiorum
857 2172 887 2199 et
911 2167 1111 2200 indultorum

378 2218 673 2251 communicatione
692 2219 879 2261 gaudebunt
896 2230 979 2264 quae
1000 2219 1113 2253 contir-

376 2276 460 2304 mata
486 2271 647 2304 invenitur
675 2271 705 2303 in
732 2272 964 2306 constitutione
984 2278 1111 2306 sanctae

376 2323 553 2357 memoriae
578 2323 757 2357 Innocentii
786 2325 824 2357 XI
852 2325 982 2369 Efpom'
1005 2326 1109 2367 nobis,

1160 210 1312 233 Rsvatitxt'rtt
1903 209 1937 233 An
1966 209 1993 233 (ἶ.
2016 208 2083 234 tamt

1164 257 1380 290 studiosorum
1415 262 1601 300 augeantur,
1624 258 1836 290 aestimarunt
1865 267 1898 290 0-

1162 310 1273 343 mnino
1291 321 1372 354 opus
1397 321 1469 344 esse
1497 316 1530 343 ut
1555 316 1672 344 statuta
1697 310 1827 354 capituli
1847 320 1898 352 ge·

1162 363 1282 397 neralis
1304 374 1466 397 ‚nncxxxui
1493 375 1509 396 a
1535 364 1637 397 felicis
1663 363 1896 397 recordationis

1162 415 1290 449 Urbano
1314 416 1376 449 ΠΙ]
1403 418 1441 450 de
1462 417 1556 449 huius
1582 427 1691 449 sacrae
1716 416 1898 459 Congrega-

1164 467 1259 501 tionis
1273 469 1410 502 consilio
1424 469 1614 512 approbata,
1634 474 1665 502 et
1679 469 1865 512 nuperrime
1879 479 1897 501 a

1162 526 1289 554 sanctae
1307 522 1481 554 memoriae
1508 522 1697 555 Innocentio
1714 522 1753 554 xl
1767 522 1834 554 suis
1851 522 1898 555 tit-

1162 573 1236 606 teris
1250 574 1379 616 Erpom’
1396 574 1506 614 nobis,
1527 575 1586 607 sub
1605 575 1713 607 datum
1734 584 1899 609 MDCLxxxv

1161 626 1312 669 specifice
1338 627 1489 659 innovata
1514 633 1546 659 et
1570 626 1766 666 confirmata,
1785 637 1842 659 usu
1867 632 1899 660 et

1161 679 1358 712 inalterabili
1388 681 1479 723 praxi
1517 681 1725 714 roborentur.
1750 680 1899 720 Ulterius,

1161 742 1232 764 eum
1259 732 1321 765 iam
1348 744 1406 776 per
1432 733 1555 766 litteras
1580 733 1681 767 felicis
1709 733 1899 767 recordatio-

1161 785 1210 817 nis
1236 785 1362 818 Martini
1388 785 1419 825 V,
1439 786 1631 830 incipientes
1652 786 1703 820 Ad
1729 787 1786 819 lenc
1805 797 1896 827 cura,

1161 847 1219 880 pro
1245 838 1305 871 hac
1332 840 1513 872 eadennnet
1529 839 1694 882 provincia
1714 839 1900 882 specialiter

1162 891 1262 924 editas
1275 890 1297 932 ¹,
1317 893 1569 935 praescribatur,
1587 893 1675 936 quod
1692 893 1764 926 libri
1778 891 1789 909 ἵ
1806 893 1899 926 dece-

1161 943 1306 976 dentium
1340 945 1473 977 fratrum
1498 945 1717 979 bibliothecae
1743 945 1840 985 illius,
1865 945 1898 978 in

1161 1008 1225 1040 quo
1251 998 1464 1038 decesserint,
1490 1001 1668 1032 conventus
1695 999 1820 1041 integre
1843 1009 1899 1042 ap-

1161 1050 1333 1092 plicentur,
1353 1052 1508 1094 praedicti
1527 1059 1646 1095 patres,
1661 1052 1829 1095 cupientes
1847 1063 1898 1085 ea-

1161 1114 1229 1136 rum
1256 1110 1475 1146 augmentum,
1495 1105 1645 1138 dixerunt
1673 1105 1759 1148 quod
1787 1105 1898 1137 huius-

1161 1156 1247 1189 modi
1274 1157 1346 1190 libri
1377 1158 1447 1201 ipso
1482 1157 1549 1191 iure
1580 1158 1753 1202 praedictis
1778 1158 1897 1192 biblio-

1162 1209 1263 1242 thecis
1281 1211 1459 1253 respective
1484 1216 1705 1252 conventuum,
1728 1211 1759 1244 in
1781 1211 1897 1255 quibus

1161 1262 1274 1295 fratres
1301 1274 1357 1296 eos
1384 1263 1542 1297 habentes
1562 1275 1577 1297 e
1594 1264 1657 1297 rita
1675 1265 1895 1306 migraverint,

1160 1316 1224 1348 sint
1248 1316 1411 1359 applicati,
1438 1317 1515 1360 quin
1540 1319 1588 1351 rel
1615 1318 1820 1361 gmrdianus,
1845 1318 1896 1351 vel

1160 1368 1241 1401 alius
1267 1369 1382 1409 frater,
1416 1375 1466 1402 aut
1500 1370 1650 1413 superior
1675 1371 1868 1413 quicumque
1886 1397 1894 1411 ,

1161 1420 1255 1454 etiam
1282 1422 1451 1464 generalis,
1470 1423 1549 1455 alias
1567 1424 1616 1456 vel
1646 1423 1709 1456 alio
1736 1423 1832 1455 modo
1855 1423 1895 1456 de

1160 1474 1205 1506 eis
1227 1474 1400 1517 disponere
1423 1476 1534 1515 valeat,
1554 1476 1612 1508 sub
1626 1476 1741 1519 poenis
1756 1476 1786 1508 in
1805 1486 1896 1519 prae-

1159 1527 1250 1560 dictis
1276 1528 1405 1561 statutis
1426 1535 1457 1562 et
1477 1529 1593 1562 litteris
1618 1529 1806 1573 apostolicis
1836 1529 1894 1562 im-

1159 1581 1273 1623 positis
1310 1586 1421 1614 contra
1458 1582 1666 1615 extrahentes
1704 1582 1806 1616 libros
1843 1584 1893 1616 vel

1159 1634 1236 1667 alias
1260 1634 1435 1678 scripturas
1454 1646 1489 1668 ex
1509 1636 1735 1669 communibus
1753 1647 1895 1669 conven-

1135 1692 1247 1719 -tuum
1272 1687 1491 1722 bibliothecis.
1518 1689 1639 1722 Pariter
1671 1699 1893 1733 quaecumque

1159 1740 1219 1773 alia
1244 1752 1261 1773 a
1286 1741 1462 1774 decedente
1482 1742 1634 1784 religioso
1660 1743 1891 1785 superfuerint,

1159 1793 1295 1825 cuiusvis
1321 1794 1384 1826 sint
1408 1795 1616 1836 conditionis,
1642 1795 1754 1828 eodem
1778 1796 1892 1837 modo,

1158 1846 1230 1889 ipso
1255 1847 1344 1888 iure,
1373 1847 1478 1880 eidem
1505 1848 1672 1882 conventui
1699 1855 1894 1882 censeantur

1157 1899 1373 1943 incorporata,
1396 1907 1424 1933 et
1451 1901 1586 1934 officinis
1612 1901 1756 1935 eiusdem
1783 1913 1893 1946 respe-

1157 1953 1238 1986 ctive
1264 1954 1487 1998 applicentur,
1513 1954 1630 1998 quibus
1655 1955 1784 1999 publico
1810 1965 1893 1988 com-

1157 2008 1252 2040 modo
1278 2009 1492 2051 opportunius
1516 2009 1643 2042 valeant
1668 2008 1890 2049 accomodari,

1157 2065 1253 2104 prout
1288 2061 1326 2093 de
1364 2061 1550 2094 corumdem
1576 2061 1808 2104 religiosorum
1841 2072 1892 2094 su-

1156 2113 1344 2157 perstitibus
1384 2113 1474 2146 libris
1516 2120 1547 2146 et
1579 2114 1808 2147 ecclesiasticis
1838 2125 1890 2147 or-

1156 2166 1315 2199 namentis
1348 2166 1534 2199 memoratis
1566 2166 1684 2199 litteris
1717 2167 1842 2200 Martini
1867 2167 1890 2198 t·

1156 2219 1346 2263 dispositum
1368 2219 1538 2259 invenitur,
1555 2219 1630 2263 quin
1653 2219 1820 2262 guardiani
1839 2221 1889 2253 vel

1155 2272 1341 2316 superiores
1375 2272 1427 2305 alii
1464 2273 1527 2305 alio
1563 2273 1658 2306 modo
1694 2273 1887 2316 disponendi

1155 2327 1202 2360 satit
1205 2327 1337 2359 uitatem
1364 2326 1517 2359 habeant

379 2377 430 2410 die
455 2386 474 2409 v
500 2377 694 2420 septembris
720 2387 898 2411 ,ηυειΧΧΧιι
924 2379 1087 2422 expedita.
1198 2389 1247 2412 ΧΧ.
1274 2380 1435 2419 Attamen,
1453 2378 1488 2420 si,
1507 2378 1633 2412 ratione
1655 2378 1807 2412 editionis
1832 2379 1888 2412 ali·
1899 2387 2081 2440 petggffizuussrg

199 2465 209 2476 ,,
236 2438 367 2485 [¹1¹¹b1102
421 2441 483 2464 xix.
511 2430 550 2463 Ut
574 2437 770 2463 memoratae
802 2432 987 2473 proxincite
1019 2443 1108 2465 com-
1155 2432 1244 2465 cuius
1271 2432 1344 2466 libri
1371 2433 1418 2465 vel
1451 2432 1584 2465 ilterius
1609 2432 1721 2465 similis
1746 2442 2082 2497 ”000551·.⁰§,¹¹¹s,¹¹‘³1,‘¹,2¹,?„1

184 2470 251 2536 issi}-
258 2492 366 2516 1¹·cw0
377 2494 491 2517 munes
522 2484 739 2516 bibliothecae
772 2484 909 2526 pristino
946 2486 1111 2528 splendori
1156 2486 1240 2526 tatis,
1270 2496 1460 2518 concessum
1486 2485 1579 2517 suerit
1614 2485 1707 2518 alicui
1734 2486 1865 2530 icli‹i0s
1853 2498 1901 2521 o
1900 2499 1952 2515 ¹³0-

289 2524 311 2537 cc
316 2518 367 2538 lan-

185 2546 217 2563 tu
224 2523 292 2564 *Ugn
294 2545 341 2564 ιιι-υ
378 2537 510 2570 restitue
507 2543 610 2577 ntur,
649 2542 680 2569 et
709 2536 739 2568 in
770 2537 836 2569 dies
865 2547 935 2569 cum
964 2538 1200 2582 piosectu'1
1226 2556 1295 2583 Edit
1317 2556 1395 2583 ttain
1419 2555 1485 2590 tegit
1504 2556 1599 2583 editae
1619 2556 1658 2590 (n
1680 2559 1728 2591 Τὁ,

414 2601 424 2626 1
449 2598 519 2626 Edit.
538 2598 616 2625 Main
635 2598 699 2634 legit
713 2607 748 2625 ex
763 2607 810 2635 pro
827 2607 857 2625 ια
874 2603 911 2634 (a.
929 2599 976 2634 T.).
1191 2600 1206 2627 2
1227 2600 1297 2628 Edit.
1315 2600 1396 2628 Main.
1414 2599 1478 2635 tegit
1499 2599 1572 2629 libro
1592 2602 1631 2637 (n.
1649 2601 1697 2637 T.).
