2227 3225
109 243 158 269 An.
179 241 206 270 C.
225 242 288 270 1691

139 1891 231 1911 indictae
247 1890 298 1919 Vinc-

112 1920 159 1938 rant
190 1920 297 1944 poeniten-

112 1945 163 1965 nae.

898 242 1103 266 INNOCENTIUS
1129 243 1170 266 xn
1197 243 1242 266 rr.
1718 238 1777 271 103
1824 248 1871 274 An.
1894 248 1921 274 C.
1942 248 2002 275 1691

303 292 403 325 storio
428 297 615 335 praesentes
640 292 818 325 cardinales
844 291 872 324 ei
893 291 1037 323 unanimi

303 345 455 387 suffragio
474 345 716 385 adhaesissent;
740 350 771 378 et
794 348 907 388 postea
926 343 955 376 in
976 343 1038 376 alio

304 399 435 441 publico
459 398 660 439 consistorio,
683 408 757 441 quo,
783 402 913 441 praeter
936 397 1039 429 cardi-

303 453 392 484 nales
409 453 581 495 praefatos,
600 452 695 485 etiam
713 451 885 494 supradicti
905 451 1038 493 patriar-

303 505 397 545 chae,
417 504 652 548 archiepiscopi
679 510 718 537 et*
733 504 877 548 episcopi
903 503 935 536 in
952 504 1036 536 Urbe

303 563 551 597 commorantes,
575 568 611 590 ac
647 557 754 590 dilecti
791 557 847 590 tilii
873 557 1036 590 Romanae

303 611 413 645 Curiae
426 612 571 654 praelati,
584 611 751 654 ipsiusque
765 610 936 643 Alexandri
949 621 1038 653 prae-

304 663 485 696 decessoris
511 663 683 696 familiares
707 668 936 701 convenerant,
960 663 1037 695 dilc-

303 722 372 748 ctus
411 716 506 749 etiam
544 715 628 748 filius
666 715 817 758 magister
851 715 1036 748 Dominicus

303 769 490 807 Taurusius,
517 774 658 809 nostrae,
676 773 750 801 tunc
776 779 861 807 suac,
877 768 1037 800 consisto-

303 822 391 855 rialis
407 824 497 855 aulae
514 822 694 860 advocatus,
714 822 752 853 dc
772 821 843 860 vita,
868 820 1037 853 virtutihus

303 881 334 908 et
359 875 521 908 miraculis
546 875 621 908 dicti
646 875 732 907 beati
757 874 884 907 Ioannis
911 874 950 906 dc
972 874 1036 906 Deo

303 928 445 968 dixisset,
471 934 565 971 atque
591 927 719 960 nomine
742 928 924 971 principum
945 932 973 958 ct
991 938 1038 959 rc-

302 981 487 1024 ligiosorum
506 981 725 1024 praefatorum
742 980 904 1023 supplices
923 980 1038 1023 depre-

303 1034 448 1067 cationes
474 1044 532 1076 pro
559 1034 704 1067 eiusdem
724 1033 965 1067 canonizatione
983 1034 1037 1066 dc-

304 1087 447 1120 tulisset:
475 1088 578 1120 dictus
598 1087 778 1120 Alexander
803 1097 856 1119 eas
882 1087 1036 1129 depreca-

304 1140 409 1173 tiones
427 1139 529 1173 effuso
551 1150 621 1172 cum
640 1140 809 1173 exultantis
828 1140 924 1172 animi
943 1150 1036 1172 sensu

305 1193 448 1236 excepit;
480 1198 511 1225 ct
548 1193 716 1225 attendens
752 1193 838 1235 quod
873 1193 1035 1226 Ecclesiae

304 1247 482 1279 catholicae
518 1247 619 1289 gloria
655 1247 748 1279 etiam
781 1247 813 1279 in
846 1257 981 1279 numero
1006 1253 1038 1280 et

304 1299 495 1332 excellentia
524 1299 734 1339 Sanctorum,
761 1300 813 1342 qui
840 1300 926 1332 illam
958 1300 1033 1332 illu-

304 1356 454 1391 strarunt,
469 1353 509 1384 sit
525 1353 679 1394 reposita,
692 1353 817 1394 gavisus
831 1363 1035 1394 summopere

304 1403 363 1436 fuit
398 1404 436 1436 ab
480 1404 604 1437 eximiis
644 1405 799 1448 praedicti
835 1411 866 1438 et
901 1406 1036 1437 aliorum

302 1457 471 1489 beatorum
486 1457 654 1490 virtutibus
669 1458 857 1501 meritisque
873 1458 903 1490 in
922 1459 1037 1491 collem

304 1510 497 1543 consistorio
522 1511 631 1544 relatis
648 1512 959 1555 praestantissimum
979 1512 1038 1545 sihi

304 1563 455 1606 praeberi
477 1570 701 1606 argumentum
719 1565 864 1597 eiusdem
880 1565 1039 1597 Ecclesiae

305 1616 439 1657 gloriam
458 1616 689 1659 amplificandi,
708 1617 831 1649 firmam
849 1618 1038 1659 praesertim

304 1668 337 1701 in
362 1679 450 1712 spem
476 1669 632 1702 adductus
659 1670 726 1702 fore
760 1674 795 1702 ut
827 1669 938 1703 tidcles
965 1676 1041 1703 tunc

305 1722 375 1756 eius
408 1733 576 1766 supremae
612 1724 777 1756 custodiae
814 1724 977 1756 commissi
1003 1725 1040 1758 ad

306 1781 368 1808 tam
394 1777 561 1818 praeclara
584 1776 748 1818 sequenda
778 1776 914 1819 vestigia
945 1778 1042 1810 vehe-

306 1833 434 1861 menter
458 1829 687 1861 excitarentur.

352 1882 366 1924 ξ
391 1881 443 1914 16.
464 1881 503 1914 Ut
519 1886 626 1914 autem
645 1881 865 1915 difficillimum
886 1893 965 1926 opus
982 1884 1042 1916 rite

308 1934 467 1967 conticere
485 1935 615 1974 valeret,
639 1945 656 1966 a
673 1935 859 1968 memoratis
876 1936 1039 1975 fidelihus,

307 1987 393 2019 iuxta
417 1986 634 2030 praescriptas
670 1986 731 2018 iam
767 1998 784 2019 a
815 1997 847 2019 se
884 1989 1041 2021 salutares

307 2040 533 2084 poenitentias,
555 2039 607 2082 pia
625 2040 845 2083 ferventiaque
862 2043 1041 2084 nuncupari

307 2098 380 2126 vota
415 2093 560 2136 impense
597 2092 628 2125 in
661 2093 795 2126 Domino
821 2094 984 2136 flagitavit,
1010 2100 1043 2126 ut

308 2156 525 2189 supernorum
550 2145 709 2178 luminum
735 2146 848 2186 Pater,
875 2147 1041 2188 caligantis

308 2198 517 2231 humanitatis
542 2199 613 2230 velo
639 2199 786 2237 rescisso,
822 2200 962 2232 divinum
988 2200 1043 2233 he-

308 2252 519 2294 neplacitum,
553 2252 623 2284 sine
656 2253 784 2295 praevia
809 2253 898 2285 cuius
925 2253 1043 2286 intelli-

309 2305 418 2348 gentia
441 2304 566 2337 infirma
590 2305 704 2338 suisset
728 2306 894 2348 quaelibet
922 2307 1043 2339 delibe-

308 2358 399 2397 ratio,
418 2363 529 2391 notum
547 2358 607 2390 sibi
626 2363 735 2401 aperte
761 2359 879 2391 faceret
896 2364 927 2392 et
944 2359 1043 2391 mani-

308 2411 436 2444 festum.
453 2410 533 2449 Quin
551 2411 655 2451 etiam,
671 2411 708 2443 ad
734 2422 846 2444 omnes
871 2413 1044 2444 accuratis-

309 2464 378 2496 simi
404 2463 519 2497 iudicis
540 2469 646 2507 partes
663 2464 853 2507 implendas,
873 2470 1043 2507 antequam

310 2527 408 2560 super
433 2527 466 2550 re
493 2522 555 2549 tam
580 2517 687 2559 magni
713 2518 866 2550 momenti
893 2519 1045 2550 decerne-

311 2574 373 2609 ret,
410 2569 576 2602 advocavit
613 2570 644 2602 in
681 2571 850 2603 consilium
885 2572 1046 2614 praefatos

312 2622 514 2655 venerabiles
550 2623 662 2655 fratres
688 2630 830 2665 nostros,
860 2629 932 2656 tunc
958 2635 1044 2665 suos,

382 2683 462 2711 Buta.
477 2685 558 2712 Rom.
575 2699 606 2705 —
628 2686 687 2713 Vol.
702 2687 762 2713 XX.
906 2687 940 2713 25

1080 290 1110 323 S.
1135 291 1171 323 R.
1192 292 1224 324 E.
1243 292 1433 331 cardinales,
1454 303 1580 326 necnon
1598 296 1812 337 patriarchas,

1080 344 1340 388 archiepiscopos
1359 350 1389 377 et
1407 346 1575 389 episcopos
1593 352 1668 379 tunc
1686 348 1716 379 in
1730 349 1814 382 Urbe

1080 402 1329 437 commorantes,
1347 398 1399 440 qui
1426 400 1628 441 postmodum
1655 400 1684 431 in
1711 402 1816 433 consi-

1080 451 1181 483 storio
1217 451 1430 494 scmipublieo
1467 452 1506 484 ad
1544 453 1631 484 huuc
1666 453 1813 487 effectum

1079 503 1209 543 indicto,
1230 504 1453 546 praesentibus
1479 505 1574 537 etiam
1594 506 1723 545 nostris,
1743 511 1816 539 tunc

1079 555 1167 594 suis,
1206 561 1234 588 ct
1272 556 1362 589 Sedis
1394 558 1599 599 Apostolicae
1625 558 1758 590 notariis
1784 565 1816 591 et

1078 619 1244 642 causarum
1269 610 1379 652 palatii
1406 611 1573 653 apostolici
1599 611 1812 651 auditoribus,

1080 672 1115 694 ex*
1142 662 1180 694 iis
1207 673 1288 705 quae
1314 663 1352 695 ab
1379 674 1416 695 co
1435 664 1599 706 proposita
1629 669 1660 697 et
1686 675 1721 697 ex
1740 675 1816 708 pro-

1079 725 1170 747 cessu
1185 716 1286 747 relata
1304 716 1439 754 fuerant,
1459 717 1586 749 hcatum
1608 717 1758 750 loannem
1777 718 1816 751 de

1080 768 1143 800 Dco
1168 768 1423 801 canonizandum
1449 780 1519 802 esse
1553 771 1671 813 apertis
1704 770 1816 803 sutfra-

1080 822 1138 864 giis
1163 822 1359 855 unanimiter
1383 829 1591 856 censuerunt.

1123 875 1137 917 ξ
1162 875 1215 907 17.
1242 875 1360 913 Ouihus
1385 876 1431 908 sic
1457 876 1606 919 peractis,
1634 887 1705 908 curn
1731 877 1812 909 nihil
1874 887 2009 907 ‹ta-mmai..)

1080 928 1166 960 aliud
1206 928 1448 961 desideraretur
1493 939 1605 961 corum
1650 940 1732 972 quae
1776 941 1811 963 ex
1825 915 2009 966 33122211113¹¹”?.¹.331

1079 987 1261 1014 sanctorum
1285 986 1411 1025 patrum
1438 983 1635 1022 auctoritate,
1653 967 2009 1023 sacrorumiii'or⁸x¹'ttil'⁵gss⁴122

1079 1045 1239 1067 canonum
1277 1035 1426 1076 decretis,
1458 1036 1623 1078 praefatae
1659 1035 1689 1068 S.
1718 1036 1751 1068 P..
1778 1020 1948 1070 E.b¹³¹³¹”⁸'

1080 1089 1210 1132 antiqua
1239 1089 1488 1129 consuetudine,
1515 1099 1551 1121 ac
1583 1099 1736 1122 novorum
1762 1090 1816 1122 de-

1080 1147 1238 1173 cretorum
1264 1141 1466 1184 praescripto
1492 1142 1618 1183 agenda
1651 1147 1682 1174 et
1706 1143 1817 1175 ohser-

1079 1194 1180 1226 vanda
1200 1200 1300 1233 erant,
1324 1194 1408 1226 idem
1426 1195 1608 1226 Alexander
1624 1195 1817 1237 praedeces-

1079 1256 1140 1286 sor,
1154 1257 1218 1279 xvu
1244 1247 1399 1279 kalendas
1417 1247 1601 1279 novembris
1620 1258 1703 1279 anno
1729 1257 1817 1291 prae.

1081 1300 1175 1332 terito
1200 1310 1316 1339 ammte,
1344 1299 1550 1343 pontificatus
1576 1301 1624 1333 sui
1650 1311 1682 1342 lt,
1704 1302 1737 1334 in
1768 1312 1817 1334 sa-

1080 1355 1249 1386 crosancta
1274 1353 1359 1385 beati
1386 1353 1470 1386 Petri
1495 1355 1713 1396 apostolorum
1732 1355 1817 1398 prin-

1081 1406 1161 1449 cipis
1198 1405 1344 1445 basilica,
1382 1406 1445 1448 quo
1476 1407 1612 1439 solemni
1648 1408 1709 1440 ritu
1746 1419 1817 1441 cuin

1081 1459 1318 1492 venerabilibus
1335 1458 1485 1491 fratribus
1504 1460 1631 1501 nostris,
1650 1465 1725 1492 tunc
1742 1462 1816 1501 suis,

1083 1512 1113 1546 S.
1140 1513 1178 1544 R.
1206 1512 1240 1544 Ε.
1273 1511 1498 1552 cardinalibus,
1532 1513 1738 1556 patriarchis,
1770 1525 1820 1547 ar-

1083 1565 1313 1609 chiepiscopis,
1341 1566 1500 1609 episcopis
1526 1573 1558 1599 et
1582 1567 1709 1600 dilectis
1743 1567 1817 1601 siliis

1085 1619 1186 1652 dictae
1221 1619 1382 1652 Romanae
1416 1619 1527 1651 Curiae
1562 1620 1725 1662 praelatis,
1752 1621 1820 1653 offi-

1085 1672 1219 1704 cialibus
1244 1678 1275 1704 et
1301 1671 1511 1704 familiaribus
1537 1672 1613 1712 suis,
1640 1674 1726 1705 clcro
1752 1684 1819 1706 sae-

1085 1724 1183 1758 culari
1216 1729 1248 1757 et
1280 1724 1440 1766 regulari,
1467 1735 1501 1757 ac
1537 1725 1673 1757 maxima
1708 1726 1819 1769 populi

1086 1777 1267 1820 frequentia
1285 1787 1378 1810 mane
1399 1782 1602 1817 convenerat,
1619 1777 1741 1810 iteratis
1759 1779 1821 1821 pri-

1086 1842 1150 1871 mo,
1170 1831 1310 1863 secundo
1331 1835 1361 1863 et
1383 1830 1491 1863 tertio¹
1518 1841 1578 1874 pro
1604 1832 1820 1865 canonizatio-

1086 1884 1133 1916 nis
1151 1884 1281 1916 decreto
1300 1883 1510 1926 petitionibus
1535 1894 1595 1926 per
1621 1884 1771 1916 dilectum
1790 1884 1820 1915 fi-

1087 1937 1162 1969 lium
1176 1942 1330 1975 nostrum,
1346 1941 1421 1968 tunc
1433 1947 1537 1975 suum,
1551 1936 1681 1968 Petrum
1696 1936 1726 1969 S.
1743 1937 1821 1969 Lau-

1087 1990 1179 2022 rentii
1205 1989 1237 2021 in
1255 1990 1389 2021 Damaso
1406 1989 1602 2021 cardinalem
1623 1989 1819 2022 Ottobonum
1832 1990 1841 1997 “

1086 2048 1313 2085 nuncupatum,
1339 2042 1468 2074 nominc
1501 2042 1719 2085 praefatorum
1743 2042 1821 2075 Leo-

1085 2096 1174 2139 poldi
1199 2095 1416 2129 Romanorum
1438 2096 1523 2138 regis
1544 2096 1575 2127 in
1593 2095 1821 2138 imperatorem

1086 2149 1180 2181 electi
1200 2153 1230 2181 et
1247 2148 1351 2181 Caroli
1370 2149 1594 2191 Hispaniarum
1612 2149 1698 2191 regis
1715 2150 1821 2182 catho-

1086 2203 1148 2241 lici,
1162 2207 1234 2245 post
1245 2212 1353 2235 sacros
1366 2202 1515 2245 hymnos,
1526 2202 1662 2242 litanias,
1675 2202 1820 2246 aliasque

1086 2265 1210 2297 preces,
1221 2260 1252 2287 et
1263 2260 1335 2298 post
1344 2254 1482 2298 Spiritus
1494 2253 1599 2288 Sancti
1615 2255 1749 2297 gratiam
1762 2255 1821 2288 rite

1086 2307 1301 2350 imploratam,
1335 2308 1373 2340 ad
1410 2307 1568 2339 honorem
1600 2307 1821 2340 sanctissimae

1086 2365 1117 2392 et
1141 2360 1322 2392 individuae
1340 2359 1510 2399 Trinitatis,
1538 2360 1575 2392 ad
1595 2361 1821 2393 exaltationem

1087 2412 1160 2445 fidei
1187 2413 1367 2445 catholicae
1389 2418 1421 2445 ct
1442 2413 1637 2445 christianae
1657 2413 1822 2455 religionis

1087 2470 1301 2507 augmentum,
1335 2466 1524 2498 auctoritate
1557 2466 1682 2498 Domini
1717 2465 1821 2498 nostri

1088 2518 1156 2550 lesu
1181 2517 1309 2557 Christi,
1336 2519 1502 2551 beatorum
1529 2519 1747 2561 apostolorum
1769 2518 1822 2549 Pe-

1125 2589 1134 2614 1
1158 2587 1253 2614 Vocem
1275 2588 1357 2615 tertio
1378 2588 1515 2622 addimus,
1537 2595 1567 2615 ex
1587 2588 1638 2615 loc.
1661 2587 1754 2622 parall.
1775 2594 1822 2614 su-

1090 2641 1136 2668 pra
1156 2641 1216 2668 pag.
1239 2632 1289 2659 184
1309 2633 1323 2659 b
1344 2634 1382 2667 (n.
1400 2633 1449 2667 T.).
