2254 3225
223 248 273 274 An.
290 248 317 273 (J.
343 246 409 275 1698

251 1053 342 1079 Reliqua
360 1057 409 1072 vero

226 1080 367 1100 emolumenta
379 1085 410 1099 1-0-

229 1109 343 1126 ι1111111111111
373 1105 409 1126 Ca·

225 1139 296 1154 metae,
306 1138 351 1152 t'ttm
361 1138 410 1158 qua·

246 1166 274 1179 111
313 1160 409 1179 1115111οω-

226 1187 324 1206 bratione
347 1192 358 1205 a
375 1189 409 1205 11-1-

227 1214 298 1235 bunut}
315 1212 401 1234 mrum.

457 237 521 272 8:2⁶2

417 302 562 340 tempore
588 298 819 340 obveniebant‚
846 303 877 331 et
903 299 942 332 ab
969 309 1007 332 eo
1032 298 1156 342 percipi

416 356 653 385 consueverant
678 351 722 395 (in
760 363 798 386 eo
836 357 942 386 tamen
980 357 1062 385 statu
1095 363 1157 395 quo

417 406 456 439 de
481 406 643 450 praesenti
671 411 746 439 sunt
770 411 866 450 atque
893 412 987 439 erunt
1019 406 1050 438 in
1077 406 1158 438 sutu-

417 470 497 499 rum,
519 458 608 500 itaut,
629 459 670 492 01)
689 470 925 503 quamcumque
941 469 1051 492 eorum
1071 458 1158 491 dimi-

417 511 585 546 nutionem
621 512 824 556 quantumvis
854 512 1027 545 maximam
1062 516 1157 554 atque

418 565 514 599 etiam
533 566 664 599 totalem
683 571 714 598 et
732 565 890 608 integram
911 563 1158 603 deficientiam',

419 619 457 651 ad
483 618 615 662 aliquod
636 618 898 661 supplementum
916 617 1050 651 Camera
1067 627 1158 659 prae-

420 671 504 704 dicta
529 671 620 703 nullo
647 681 788 713 unquam
822 675 968 713 tempore
1000 670 1158 712 teneatur)

419 724 524 757 eidem
562 723 774 756 aromatariae
808 733 863 755 seu
899 722 1072 761 officinae,
1100 722 1159 754 sub

419 778 581 823 praefatae
620 777 987 810 archiconsraternitatis
1025 777 1159 819 eiusque

420 832 536 876 prioris
574 842 610 864 ac
647 831 875 875 deputatorum
913 841 972 874 pro
1012 835 1159 872 tempore

422 885 629 918 existentium
656 884 946 924 administratione,
973 883 1160 916 earumdem

420 943 533 971 tenore
555 935 775 981 praesentium
802 942 960 981 perpetuo
993 937 1160 977 donamus,

422 991 629 1025 concedimus
655 995 686 1023 et
711 990 920 1033 assignamus.

465 1045 479 1088 g
505 1044 537 1077 6.
568 1044 724 1087 Reliquos
750 1049 858 1076 autem
884 1053 996 1076 omnes
1022 1052 1160 1075 camera-

421 1097 521 1130 riatus
559 1096 653 1130 officii
681 1096 815 1140 praefati
842 1096 987 1136 fruetus,
1014 1095 1162 1129 redditus

420 1161 457 1183 ac
470 1156 657 1194 proventus,
671 1155 705 1182 ut
722 1161 817 1194 supra
836 1150 1095 1189 dismembratos‚
1108 1149 1164 1182 Ca-

420 1215 527 1237 merae
553 1203 765 1247 supradictae,
786 1203 903 1236 debitis
922 1208 1026 1236 tamen
1049 1201 1163 1235 iisdem

422 1258 563 1297 annexis,
576 1262 673 1301 atque
692 1263 785 1290 antea
801 1257 981 1290 camerario
997 1256 1162 1300 praedicto

422 1312 549 1345 ratione
576 1312 749 1351 fruetuum,
776 1311 961 1344 reddituum
984 1317 1165 1354 0111101011-

423 1370 513 1398 tuum
529 1365 712 1398 huiusmodi
729 1365 993 1398 incumbentitms
1011 1365 1163 1398 oneribus

424 1429 482 1462 per
517 1429 585 1451 eam
622 1429 762 1460 congrue
799 1418 1019 1461 supportatis,
1056 1423 1162 1458 motu,

424 1471 570 1511 scientia,
588 1472 823 1504 deliberatione
849 1482 884 1504 ac
911 1472 1078 1515 potestatis
1100 1472 1165 1514 ple-

424 1525 572 1558 nitudine
598 1525 775 1565 similibus,
802 1525 916 1558 harum
941 1525 1023 1558 serie
1049 1536 1165 1569 perpe-

427 1585 482 1611 tuo
519 1579 630 1611 itidem
669 1579 879 1619 restituimus,
905 1579 1083 1618 renuimus,
1111 1590 1165 1622 ap-

425 1631 582 1675 plicamus
607 1637 638 1664 et
658 1631 915 1675 incorporamus.
937 1633 980 1664 Ae
997 1632 1165 1675 signanter

426 1684 535 1718 omnia
561 1690 592 1718 et
616 1685 743 1728 singula
762 1686 978 1719 emolumenta
999 1696 1052 1718 seu
1072 1696 1166 1728 prae-

426 1739 580 1772 stationes
606 1738 772 1782 pracdicto
799 1739 979 1772 camerario
1001 1750 1059 1782 pro
1087 1744 1166 1771 tem-

426 1802 504 1836 pore
530 1792 679 1825 existenti
715 1803 750 1824 ex'
778 1793 877 1825 rebus
910 1792 1076 1825 venalibus
1109 1803 1163 1825 seu

427 1845 601 1878 stationum
616 1856 676 1888 pro
688 1845 911 1878 venditoribus
924 1844 1100 1884 locatione,
1113 1850 1166 1877 aut

426 1898 522 1938 alias,
549 1898 582 1930 in
609 1898 678 1930 soro
704 1898 853 1940 agouali⁷
886 1898 990 1931 solitis
1016 1898 1165 1930 detractis

427 1951 593 1991 oneribus,
622 1951 871 1994 quomodolibet
889 1952 1117 1995 competentia,
1135 1956 1166 1984 et

425 2005 465 2037 ab
492 2015 529 2038 eo
555 2005 680 2049 percipi
708 2005 864 2038 haetenus
889 2011 1051 2045 consueta,
1083 2016 1164 2048 quae

426 2060 505 2092 alias
523 2069 657 2102 pernes
676 2058 795 2091 dudum
818 2058 904 2091 edita
931 2058 1165 2091 constitutione

427 2112 579 2145 tribunali
599 2117 630 2145 et
646 2112 848 2154 magistratui
867 2112 990 2144 riarum
1011 2113 1070 2144 sub
1092 2114 1166 2145 cura

428 2176 490 2209 pro
509 2169 656 2209 tempore
676 2165 841 2197 existentis
862 2166 989 2198 illarum
1008 2165 1167 2209 praesidis

427 2220 595 2259 restituta,
623 2218 713 2250 unita
739 2224 769 2251 et
796 2219 1003 2263 incorporata
1040 2220 1166 2252 fuerant

427 2273 512 2316 (011111
528 2272 730 2316 experientia
748 2278 950 2315 compertum
968 2273 1020 2314 sit,
1040 2283 1075 2306 ex·
1095 2284 1167 2315 gra—

428 2325 479 2358 tiis
505 2331 537 2358 et
561 2324 825 2358 concessionibus
851 2325 882 2357 in
908 2326 1021 2358 eadem
1047 2327 1167 2359 consti-

428 2378 552 2411 tutione
579 2377 753 2418 contentis‚
774 2382 805 2410 et
826 2378 1006 2411 successive
1029 2379 1168 2422 diligen-

428 2431 502 2464 tiori
528 2429 663 2475 praefati
698 2430 868 2463 tribunalis
894 2431 1063 2473 regimine,
1090 2433 1165 2465 satis

428 2484 573 2518 eiusdem
599 2483 849 2516 necessitatibus
870 2494 939 2516 csse
955 2486 1164 2529 consultum),

427 2538 557 2583 praevia
589 2538 779 2571 eorumdem
805 2539 1102 2572 emolumentorum
1128 2540 1166 2572 ab

428 2592 544 2625 eodem
570 2590 724 2624 tribunali
750 2601 787 2624 ac
812 2591 1012 2633 magistratu,
1036 2597 1077 2632 et,
1091 2603 1168 2636 qua-

465 2655 476 2687 1
499 2653 568 2687 Edit.
591 2653 673 2680 Main.
695 2652 761 2687 legit
779 2653 959 2691 deficientem
982 2654 1021 2688 (11.
1043 2654 1092 2689 1,).

1021 249 1199 273 BELLARH'M
1224 249 1377 273 notulam!

1203 303 1295 331 tenus
1321 309 1403 342 opus
1436 298 1484 339 sit,
1518 299 1601 331 nova
1633 298 1730 331 etiarn
1755 307 1772 330 a
1796 296 1941 342 praefato

1200 352 1428 385 camerariatus
1446 352 1550 385 officio
1569 351 1868 392 dismembratione,
1884 361 1943 384 nec

1201 416 1265 438 non
1291 406 1472 438 antedictae
1510 405 1751 438 constitutionis
1788 410 1940 446 nostrae,

1203 459 1262 490 liae
1279 458 1311 491 in
1330 463 1421 502 parte
1444 459 1616 499 dumtaxat,
1642 458 1854 500 derogatione
1880 457 1945 500 <ce-

1203 511 1280 544 teris
1292 512 1445 544 'omnibus
1461 511 1492 543 in
1508 512 1619 544 eadem
1635 511 1865 544 constitutione
1880 510 1943 543 dis-

1202 564 1327 607 positis,
1345 574 1381 596 ac
1395 565 1589 607 praesertim
1605 563 1829 596 iurisdictione
1850 564 1944 596 tribu-

1203 617 1284 650 nalis
1310 617 1463 657 eiusdem,
1483 627 1611 649 necnon
1632 617 1783 650 facultate
1800 617 1942 657 locandi,

1204 670 1242 703 dc
1271 680 1429 703 consensu
1464 675 1572 702 tamen
1609 669 1820 702 commissarii
1847 680 1945 711 gene-

1204 724 1280 756 ralis
1306 727 1505 755 memoratae
1531 722 1682 756 Gamerae
1711 733 1770 766 pro
1797 728 1945 766 tempore

1204 776 1380 816 existentis,
1406 776 1438 809 in
1461 787 1519 809 suo
1553 777 1672 809 robore
1699 775 1945 819 permansuris),

1205 831 1311 864 eidem
1326 830 1480 863 Gamerae
1498 835 1630 863 nostrae
1649 834 1808 873 perpetuo
1823 829 1946 872 pariter

1204 882 1346 922 unimus,
1368 882 1569 916 annectimus
1595 889 1625 916 et
1650 883 1910 926 incorporamus.

1250 938 1264 980 g
1290 937 1320 970 7.
1341 937 1576 976 Decernentes,
1598 935 1730 969 easdem
1755 940 1946 979 praesentes

1206 991 1330 1024 litteras
1352 995 1382 1022 et
1400 989 1432 1022 in
1451 988 1514 1022 eis¹
1530 995 1684 1023 contenta
1706 1000 1944 1033 quaecumque,

1207 1043 1302 1075 etiam
1318 1053 1353 1075 ex
1370 1053 1409 1075 eo
1423 1042 1509 1086 quod
1527 1041 1664 1086 praefati
1683 1051 1817 1085 praeses
1836 1046 1868 1074 et
1885 1053 1948 1074 ma-

1208 1097 1298 1139 gistri
1316 1095 1450 1133 viarum,
1464 1106 1519 1128 seu
1537 1095 1590 1128 alii
1607 1095 1751 1128 eiusdem
1774 1094 1946 1128 tribunalis

1208 1149 1459 1193 acmagistratus
1473 1149 1674 1188 officiales‚et
1684 1148 1738 1181 alii
1749 1148 1947 1192 quicumque

1209 1203 1240 1236 in
1274 1202 1462 1246 praemissis
1507 1202 1753 1246 quomodolibet
1789 1203 1947 1237 interesse

1208 1258 1368 1290 habentes
1383 1267 1439 1289 seu
1455 1256 1574 1289 hahere
1596 1256 1866 1300 praetendentes,
1886 1257 1948 1290 eis-

1209 1312 1281 1345 dem
1307 1310 1494 1354 praemissis
1519 1320 1583 1342 non
1609 1310 1858 1352 consenserint,
1893 1317 1948 1344 aut

1208 1365 1311 1398 vocati
1339 1375 1394 1397 seu
1422 1364 1522 1397 auditi
1547 1374 1613 1397 non
1639 1363 1784 1404 suerint,
1819 1365 1946 1398 tametsi

1208 1428 1342 1451 suorum
1374 1417 1576 1450 indultorum
1609 1427 1665 1450 seu
1702 1417 1947 1460 privilegiorum

1210 1472 1316 1515 vigore
1353 1471 1539 1504 consentire
1560 1497 1566 1511 ,
1604 1470 1712 1503 vocari
1750 1481 1807 1503 seu
1844 1471 1948 1504 audiri

1209 1526 1306 1558 semel
1333 1526 1381 1558 vel
1407 1525 1529 1568 pluries
1558 1525 1790 1567 quoquomodo
1817 1525 1947 1558 debuis-

1209 1583 1299 1617 sent,
1317 1584 1370 1611 aut
1385 1589 1421 1611 ex
1444 1578 1505 1611 alia
1520 1589 1723 1621 quacumque
1742 1578 1946 1621 quantumvis

1210 1632 1360 1673 iuridiea,
1378 1632 1580 1676 privilegiata
1599 1633 1715 1672 causa,
1737 1633 1776 1665 de
1794 1633 1861 1666 ullo
1877 1633 1948 1666 sub-

1210 1686 1368 1729 reptionis
1394 1687 1444 1719 vel
1470 1685 1677 1729 obreptionis
1702 1697 1759 1719 seu
1787 1686 1947 1719 nullitatis

1209 1739 1286 1772 vitio
1305 1766 1312 1780 ,
1341 1743 1395 1771 aut
1420 1738 1608 1771 intentionis
1634 1743 1763 1771 nostrae
1782 1765 1789 1779 ,
1814 1740 1865 1772 vel
1898 1739 1948 1772 in-

1211 1798 1333 1825 teresse
1370 1792 1563 1824 habentium
1589 1793 1794 1832 consensus,
1820 1791 1948 1835 alioque

1210 1855 1415 1889 quocumque
1442 1845 1537 1877 etiam
1571 1845 1775 1888 quantumvis
1804 1856 1922 1888 magno
1940 1871 1948 1885 ,

1210 1899 1336 1931 formali
1362 1904 1393 1931 et.
1418 1897 1622 1931 substantiali
1656 1898 1782 1931 defectu
1815 1898 1946 1940 notari,

1210 1951 1409 1996 impugnari,
1435 1951 1607 1994 redargui,
1635 1952 1822 1992 retractari,
1847 1952 1879 1984 in
1898 1952 1948 1986 ius

1208 2007 1258 2039 vel
1274 2005 1528 2039 controversiam
1548 2005 1711 2045 revocari,
1734 2006 1771 2038 ad
1791 2005 1949 2039 terminos

1209 2058 1290 2091 iuris
1316 2058 1446 2097 reduci,
1479 2068 1534 2091 seu
1570 2058 1724 2091 adversus
1758 2057 1813 2092 illa
1845 2059 1950 2102 aperi-

1211 2112 1306 2145 tionis
1332 2112 1419 2151 oris,
1453 2111 1668 2144 restitutionis
1700 2111 1731 2144 in
1762 2112 1948 2155 integrum,

1210 2166 1336 2200 aliudve
1352 2165 1581 2209 quodcumque
1601 2165 1690 2205 iuris,
1711 2165 1784 2198 sacti
1806 2167 1855 2199 vel
1878 2177 1950 2209 gra-

1210 2219 1271 2252 tiae
1298 2218 1478 2251 remedium
1503 2217 1657 2250 intentari
1683 2220 1732 2251 vel
1758 2219 1947 2262 impetrari,

1210 2272 1397 2304 nullatenus
1423 2281 1542 2314 posse,
1568 2271 1624 2303 sed
1649 2281 1780 2313 semper
1805 2277 1837 2304 et
1869 2281 1946 2314 per-

1210 2331 1310 2368 petuo
1336 2325 1458 2363 valida,
1484 2323 1575 2356 firma
1600 2329 1630 2357 et
1648 2324 1790 2356 efficacia
1809 2324 1949 2357 existere

1210 2384 1242 2411 et
1267 2378 1359 2417 sore,
1387 2387 1528 2420 suosque
1554 2376 1719 2420 plenarios
1745 2382 1776 2409 ct
1805 2377 1949 2420 integros

1211 2431 1346 2465 effectus
1372 2431 1481 2464 sortiri
1509 2435 1540 2463 et
1565 2429 1714 2463 obtinere
1741 2431 1859 2463 debere
1876 2458 1884 2471 ,
1918 2436 1950 2464 et

1210 2485 1248 2518 ab
1260 2484 1421 2525 omnibus,
1440 2484 1477 2517 ad
1497 2494 1578 2526 quos
1596 2488 1721 2526 spectat
1742 2489 1773 2515 et
1791 2494 1849 2527 pro
1870 2489 1949 2517 tem-

1210 2549 1289 2582 pore
1311 2538 1584 2581 quandocumque
1597 2542 1629 2569 et
1643 2537 1949 2581 quomodocumque

1209 2591 1378 2635 spectabit,
1394 2589 1629 2623 inviolabiliter
1646 2590 1823 2632 observari,
1836 2590 1949 2634 sicque

1246 2655 1257 2680 1
1280 2653 1351 2680 Edit.
1372 2652 1450 2679 illain.
1471 2651 1537 2688 legit
1556 2661 1589 2678 ca
1610 2660 1659 2688 pro
1677 2651 1717 2680 eis
1735 2653 1774 2686 (n.
1794 2652 1842 2690 T.).

1948 247 1997 274 An.
2020 248 2049 276 C.
2069 249 2134 276 ¹098

1983 893 2104 914 Clausulam.
