2254 3225
208 278 257 307 An.
276 277 305 305 C.
328 276 397 304 4699
444 266 507 301 896

398 330 527 366 tuerunt,
551 330 682 358 statuunt
701 331 729 358 et
750 328 881 359 condunt
903 328 946 368 (in
970 329 1028 359 vim
1050 330 1138 360 sacul-

399 380 489 407 tatum
513 386 545 406 ac
568 376 791 416 privilegiorum
817 378 988 408 eisdemmet
1013 379 1140 409 cantori-

398 425 453 456 bus
475 425 569 455 dictae
591 426 719 465 capellae
749 435 800 465 pro
829 431 961 466 tempore
993 428 1140 458 concessis

399 478 427 504 et
443 474 579 504 tributis¹
592 484 606 504 a
619 475 714 505 selicis
730 476 887 505 memoriae
905 475 984 505 Sixto
1000 476 1140 506 Pontifice

399 523 524 554 Maximo
547 524 602 554 PP.
634 524 672 561 V,
707 524 817 554 tenoris
850 524 987 554 videlicet
1019 525 1054 554 ad
1076 525 1089 563 g
1111 534 1139 561 v,

404 584 418 602 «
434 572 553 603 Necnon
571 573 645 603 felici
663 582 714 612 pro
730 577 820 611 statu,
837 574 980 612 regimine
997 573 1142 612 etguber-

400 622 449 652 nio
471 622 541 652 dicti
564 622 679 660 collegii
703 631 906 661 quaecumque
929 627 1047 660 statuta,
1064 623 1143 652 ordi-

399 671 533 701 nationes
555 675 583 701 et
606 671 720 700 decreta
737 671 828 701 sacris
844 671 1006 701 canonibus
1028 675 1056 701 et
1072 671 1142 702 Con-

400 719 460 749 cilii
483 718 648 748 Tridentini
673 719 800 749 decretis
822 729 881 749 non
903 720 1051 749 contraria
1074 729 1143 750 con-

400 767 500 803 dendi,
525 771 552 796 et
574 767 703 805 condita,
737 768 852 807 quoties
885 777 937 807 pro
968 768 1086 798 illorum
1109 777 1142 798 ac

400 825 500 845 rerum
523 819 551 845 et
573 819 738 855 temporum
767 816 907 856 qualitate
931 816 977 846 vel
998 816 1071 846 alias
1093 826 1141 846 ex-

401 863 523 904 pediens
547 864 702 899 videbitur,
720 865 864 901 mutandi,
894 865 1073 903 corrigendi,
1097 875 1143 895 re-

400 912 558 951 formandi,
584 913 739 952 alterandi,
762 914 945 952 moderandi,
969 914 999 944 in
1021 918 1080 944 toto
1097 915 1143 944 vel

400 962 432 992 in
455 966 536 1002 parte
558 962 728 1000 revocandi,
743 967 772 992 et
789 963 845 992 alia
868 963 903 993 de
921 973 995 993 novo
1017 963 1144 993 conden-

401 1011 443 1048 di,
468 1021 560 1051 eaque
583 1012 691 1051 omnia,
716 1012 873 1042 dummodo
896 1012 1067 1052 apostolica,
1098 1012 1143 1042 vel

401 1060 503 1090 saltem
538 1060 618 1090 illius
651 1061 825 1100 protectoris
848 1070 900 1101 pro
924 1065 1055 1101 tempore
1083 1061 1143 1092 exi-

401 1110 505 1140 stentis
537 1110 709 1140 auctoritate
732 1109 891 1150 approbata
913 1110 1042 1149 suerint,
1063 1114 1119 1140 etc.
1134 1135 1141 1149 ‚

401 1158 550 1189 observari
566 1159 702 1198 faciendi,
720 1160 906 1189 concedimus
919 1164 947 1190 et
958 1160 1100 1198 largimur
1113 1160 1143 1199 )))

401 1216 454 1247 pro
477 1208 697 1238 conservatione
725 1208 838 1238 servitii
867 1208 1073 1248 omnipotentis
1094 1208 1144 1238 Dei

400 1266 433 1286 ac
443 1256 624 1287 Sanctissimi
637 1266 877 1297 summorumque
892 1258 1064 1297 pontificum
1081 1268 1145 1288 sue-

401 1318 560 1342 cessorum,
579 1318 612 1338 ac
628 1317 680 1348 pro
696 1308 930 1345 honorificentia,
955 1308 1071 1346 decore,
1095 1308 1145 1338 bo-

401 1366 499 1397 noque
516 1357 646 1387 eiusdem
668 1357 796 1396 capellae
812 1361 840 1386 et
855 1357 970 1396 collegii
986 1357 1142 1396 regimine,

402 1417 460 1438 non
485 1417 580 1447 posse,
605 1416 700 1446 neque
722 1406 822 1436 deberi
838 1407 897 1436 ullo
914 1407 999 1436 modo
1016 1416 1144 1446 unquam

402 1457 511 1488 suturis
534 1456 728 1495 temporibus,
747 1460 774 1486 et
791 1460 876 1495 prout
892 1456 927 1485 ab
943 1465 1042 1486 eorum
1062 1465 1143 1495 prae-

403 1506 610 1536 decessoribus
632 1506 800 1536 cantoribus
824 1506 975 1545 hucusque
997 1511 1144 1536 servatum

402 1556 458 1585 fuit
481 1560 508 1585 et
532 1559 677 1593 servatur,
690 1554 891 1585 annuentibus
914 1555 1001 1584 etiam
1025 1555 1146 1585 sanctis-

404 1606 486 1636 simis
501 1605 628 1636 dominis
643 1605 751 1635 nostris
764 1605 890 1634 dominis
903 1605 1072 1635 Alexandro
1084 1605 1143 1641 vll,

405 1655 557 1686 Clemente
580 1654 616 1684 lx
639 1657 667 1684 et
689 1654 835 1684 Clemente
858 1653 880 1683 X
900 1658 1017 1684 sanctae
1039 1663 1146 1684 memo-

404 1705 487 1742 riae,
511 1703 564 1733 sub
593 1703 696 1742 quovis
723 1706 874 1742 praetextu
906 1707 955 1732 aut
977 1703 1075 1733 colore
1097 1703 1147 1732 ad-

404 1753 533 1791 mittere,
567 1753 698 1791 recipere
722 1756 756 1781 et.
771 1752 801 1781 in
825 1761 926 1782 eorum
954 1761 1075 1782 numero
1097 1752 1147 1782 ad-

404 1802 544 1839 scribere,
569 1811 621 1831 nec
644 1810 659 1830 a
682 1810 827 1840 quoquam
851 1801 953 1840 quavis
975 1802 1147 1832 auctoritate

404 1851 530 1890 fulgente
553 1850 677 1884 admitti,
695 1850 822 1880 adscribi
845 1850 1030 1889 adscrihique
1051 1852 1146 1881 facere

404 1910 456 1930 seu
475 1900 643 1940 permittere
666 1900 781 1929 valeant
797 1903 846 1929 aut
863 1904 1062 1938 praesumant,
1079 1900 1148 1930 irri-

404 1954 525 1989 tumque
548 1950 585 1979 sit
607 1949 631 1978 si
654 1958 738 1979 secus
761 1949 903 1985 fecerint,
923 1953 1071 1978 cantorem
1094 1949 1147 1979 ali-

404 2008 490 2039 quem
524 1999 667 2028 eviratum
699 1998 730 2028 in
762 1998 870 2036 locum,
893 2002 925 2027 ut
954 1998 1074 2036 dicitur,
1095 2008 1147 2037 per

404 2048 537 2078 contralto
559 2048 685 2078 naturale
707 2048 736 2077 di*
758 2049 829 2077 detta
851 2048 999 2087 cappella:
1033 2051 1061 2077 et
1092 2048 1147 2077 hoc

405 2097 459 2129 sub
482 2097 584 2137 poenis
606 2097 701 2137 quoad
729 2100 863 2126 cantores
890 2096 1023 2135 periurii,
1051 2096 1148 2135 priva-

405 2146 494 2177 tionis
517 2146 605 2177 officii
633 2150 660 2176 et
682 2146 739 2175 loci
762 2145 832 2175 dicti
855 2145 970 2183 collegii
993 2145 1056 2184 ipso
1071 2145 1146 2175 facto

404 2195 602 2225 incurrendis.
623 2194 689 2224 Ideo
713 2194 854 2233 praedicti
877 2198 1011 2224 cantores
1022 2194 1145 2232 instant,

405 2255 463 2276 non
488 2245 582 2275 solum
616 2254 667 2284 pro
700 2244 922 2274 confirmatione
948 2248 976 2274 et
998 2244 1148 2274 validitate

405 2294 569 2334 praesentis
602 2293 712 2323 decreti
735 2293 770 2323 ad
794 2293 917 2323 sormam
950 2293 1148 2333 supradictam

406 2343 630 2383 privilegiorum
662 2342 726 2379 ibi,
750 2351 852 2372 verum
883 2342 969 2372 etiam
1002 2352 1054 2382 pro
1086 2342 1149 2372 eius

406 2393 596 2424 observantia
619 2396 760 2432 perpetuo
776 2392 912 2431 valitura,
937 2392 1026 2422 scribi
1049 2393 1080 2422 in
1102 2402 1150 2422 or-

406 2442 608 2474 dinationibus
638 2442 731 2472 dietae
760 2441 888 2481 capellae
917 2442 1098 2472 committere
1122 2446 1150 2472 et

406 2493 559 2523 mandare.
593 2492 650 2523 Nos
683 2491 772 2530 igitur
804 2491 943 2529 magister
965 2495 992 2521 et
1016 2495 1150 2522 cantores

407 2541 578 2582 praedictae
601 2540 730 2580 capellae
753 2540 946 2580 praemissum
969 2539 1149 2570 decrevimus

407 2592 570 2629 decretum,
584 2593 612 2620 et
630 2589 857 2629 acceptavimus,
875 2597 908 2618 ac
924 2587 1079 2619 observare
1101 2589 1152 2618 ol)-

407 2640 581 2679 servarique
614 2639 720 2677 facere,
744 2642 820 2668 tacto
850 2642 965 2678 pectore
998 2647 1079 2668 more
1106 2647 1151 2667 sa·

444 2697 455 2723 1
478 2695 570 2724 Potius
589 2703 789 2723 concessorum
805 2696 831 2723 et
851 2693 1028 2722 tributorum
1044 2696 1081 2728 (n.
1099 2695 1148 2728 Τ.).

984 281 1163 305 BULLARIEM
1187 281 1342 306 ROMANUM

1185 331 1337 370 cerdotali,
1361 334 1389 361 et
1411 330 1445 361 ad
1467 336 1568 362 sancta
1584 331 1634 362 Dei
1650 331 1806 370 Evangelia
1828 340 1927 371 respe-

1183 380 1259 410 ctive
1282 381 1446 411 iuravimus
1468 385 1496 411 et
1517 381 1668 418 iuramus,
1693 390 1738 411 xiv
1763 381 1926 411 decembris

1184 430 1254 460 anni
1277 430 1439 470 supradicti
1461 439 1650 460 MDCLxxxvn.

1225 479 1297 509 Addi
1320 480 1358 509 25
1378 489 1500 517 yennaro
1527 479 1614 509 1689.
1650 480 1671 509 ll
1705 479 1760 518 sig.
1784 479 1927 510 Giovanni

1184 527 1289 557 Matteo
1312 528 1452 567 Leopardi
1475 532 1600 558 maestro
1623 528 1651 558 di
1674 529 1814 568 cappella.
1844 529 1867 559 Il
1889 528 1928 558 si-

1185 585 1260 614 gnor
1282 576 1364 606 Carlo
1386 577 1528 606 Antonini
1550 581 1716 616 puntatore.
1746 596 1785 601 —
1807 578 1928 608 Decreto

1185 625 1238 655 che
1261 626 1329 663 ogni
1352 636 1428 655 anno
1443 626 1521 665 dagli
1537 627 1655 656 officiali
1672 627 1780 666 passati
1796 628 1819 657 si
1835 627 1928 657 debba

1185 674 1254 704 dare
1287 674 1313 703 la
1346 674 1452 704 dovuta
1486 684 1631 714 consegna
1659 676 1686 705 ai
1708 676 1882 714 successori,
1914 685 1929 705 e

1186 726 1358 752 mantenere
1372 723 1403 753 in
1420 727 1562 763 perpetuo
1577 723 1830 754 inviolabilmente
1851 724 1929 754 detto

1186 771 1316 802 decreto.

1225 820 1298 850 Addi
1322 820 1359 850 19
1380 831 1473 850 marzo
1496 821 1586 851 1690.
1609 821 1632 852 ΙΙ
1654 831 1715 852 rev.
1736 822 1791 861 sig.
1808 822 1840 852 D.
1858 822 1929 853 Gre-

1185 869 1268 908 gorio
1297 869 1336 899 De
1369 869 1484 900 Giudici
1517 875 1643 902 maestro
1675 871 1704 901 di
1737 872 1877 911 cappella.
1906 872 1928 902 ll

1185 928 1247 948 rev.
1272 919 1327 957 sig.
1350 919 1382 949 D.
1407 920 1521 950 Andrea
1544 920 1670 951 Mazzoni
1700 925 1867 960 puntatore.
1890 938 1929 943 —

1185 968 1339 998 Domenica
1362 968 1437 998 delle
1458 969 1567 999 Palme.
1584 969 1616 999 In
1639 974 1739 1009 questa
1762 969 1882 999 mattina
1898 969 1928 999 su

1186 1015 1313 1047 stabilito
1328 1016 1363 1046 da
1379 1018 1446 1047 tutti
1462 1017 1482 1046 li
1499 1017 1609 1056 signori
1631 1018 1797 1056 compagni,
1821 1018 1929 1047 nemine

1186 1066 1369 1105 discrepante,
1390 1067 1443 1096 che
1465 1066 1495 1096 in
1519 1067 1657 1096 avvenire
1679 1067 1727 1097 nel
1749 1066 1930 1097 cominciare

1187 1114 1213 1144 le
1236 1114 1392 1154 cantilene,
1416 1115 1583 1146 comincino
1605 1125 1721 1155 sempre
1744 1116 1764 1146 li
1786 1114 1928 1152 serventi,

1188 1164 1294 1203 perche
1327 1164 1530 1194 cominciando
1561 1164 1571 1194 i
1603 1163 1751 1203 giuhilati,
1782 1173 1797 1194 e
1820 1163 1931 1194 comin-

1187 1212 1291 1243 ciando
1313 1213 1368 1243 alle
1391 1213 1468 1243 volte
1491 1213 1576 1251 male,
1601 1223 1672 1243 sono
1700 1213 1814 1252 puritati
1836 1213 1845 1242 i
1868 1221 1931 1242 ser-

1187 1263 1285 1301 venti3
1311 1273 1326 1294 e
1349 1273 1399 1304 per
1421 1264 1529 1295 evitare
1552 1264 1590 1295 tal
1614 1264 1794 1304 pregiudizio
1816 1264 1831 1293 ὲ
1853 1266 1929 1294 stato

1187 1313 1319 1344 stabilito
1342 1315 1413 1344 cosi.

1227 1362 1299 1392 Addt
1328 1363 1367 1392 24
1390 1362 1622 1401 yennar01693.
1656 1362 1678 1392 Il
1711 1362 1767 1401 sig.
1802 1362 1931 1394 Raffaele

1938 520 1949 534 C

1934 282 1984 310 An.
2001 282 2029 310 C.
2050 282 2120 310 1699

1964 487 2053 508 XXXIX.
2063 488 2121 509 Dello

1952 521 2052 540 ouwgnc.

1951 829 1993 850 XI„
2006 828 2064 849 Delie
2073 834 2122 849 can-

1940 858 2011 877 illene.

1968 1372 2020 1394 th.
2031 1372 2085 1394 Vedi
2096 1371 2126 1397 1³,

1189 1412 1309 1443 Rasfaeli
1334 1416 1458 1442 maestro
1481 1412 1509 1441 di
1532 1411 1674 1451 cappella.
1692 1411 1714 1441 Il
1733 1421 1794 1441 rev.
1813 1412 1931 1450 signore
1941 1401 1961 1421 ⁶²

1188 1462 1220 1491 D.
1245 1461 1403 1491 Benedetto
1426 1460 1583 1491 Ceccarelli
1612 1464 1777 1499 puntatore.
1813 1479 1847 1482 —
1877 1461 1933 1491 Do-

1190 1510 1284 1539 vendo
1306 1519 1320 1539 a
1344 1509 1392 1539 noi
1426 1518 1560 1549 premere
1592 1509 1668 1538 della
1700 1509 1806 1539 dovuta
1838 1519 1934 1540 osser-

1190 1568 1279 1588 vanza
1312 1558 1386 1588 delle
1419 1558 1604 1588 costituzioni
1638 1558 1819 1597 apostoliche
1856 1558 1932 1589 della

1189 1607 1320 1647 cappella
1338 1607 1499 1647 pontificia,
1516 1607 1593 1636 nella
1609 1607 1694 1646 quale
1713 1607 1798 1636 viene
1821 1616 1934 1646 espres-

1190 1660 1321 1686 samentc
1349 1655 1483 1686 ordinato
1511 1655 1564 1685 che
1593 1655 1602 1685 i
1625 1655 1738 1685 cantori
1771 1655 1847 1685 della
1875 1664 1934 1686 me·

1189 1706 1299 1736 desima
1333 1704 1464 1744 cappella
1498 1704 1631 1734 debhano
1664 1704 1774 1733 andare
1800 1704 1830 1734 in
1854 1703 1933 1734 abito

1190 1759 1290 1787 onesto
1314 1763 1329 1783 e
1351 1754 1485 1791 decente,
1509 1753 1650 1782 inerendo
1673 1752 1699 1782 al
1722 1753 1840 1782 decreto
1863 1753 1933 1783 fatto

1190 1805 1265 1835 dalla
1288 1803 1362 1833 bona
1388 1802 1528 1831 memoria
1556 1801 1601 1831 del
1631 1802 1685 1840 sig.
1709 1801 1839 1831 cardinal
1861 1801 1935 1831 Mas-

1190 1853 1267 1889 simi,
1293 1855 1453 1891 protettore
1486 1851 1561 1880 della
1596 1850 1754 1880 medesima
1788 1850 1931 1890 cappella,

1189 1907 1263 1933 sotto
1282 1902 1303 1931 li
1326 1901 1362 1930 19
1385 1899 1544 1930 novembre
1562 1900 1649 1937 1676,
1665 1899 1693 1929 lo
1711 1900 1930 1937 confermiamo,

1190 1963 1204 1983 e
1227 1952 1257 1982 di
1280 1960 1376 1981 nuovo
1400 1949 1567 1979 ordiniamo
1589 1949 1642 1978 che
1665 1948 1757 1978 debba
1787 1948 1818 1978 in
1847 1958 1933 1979 avve-

1189 2003 1254 2032 nire
1277 1999 1438 2031 osservarsi
1460 2003 1535 2029 sotto
1556 1998 1583 2028 la
1607 2007 1680 2037 pena
1709 1998 1736 2027 di
1765 2007 1805 2027 un
1827 1997 1931 2037 giulio,

1190 2052 1224 2082 da
1248 2049 1362 2090 pagarsi
1388 2049 1422 2078 da
1445 2048 1492 2078 chi
1514 2048 1713 2085 contraverr'a,
1744 2047 1933 2078 dichiarando

1190 2101 1242 2131 che
1266 2100 1292 2129 la
1326 2097 1485 2128 medesima
1518 2105 1593 2135 pena
1625 2095 1720 2126 debba
1753 2096 1869 2136 pagarsi
1899 2096 1934 2126 da

1190 2151 1338 2188 chiunque
1360 2147 1388 2177 di
1411 2145 1484 2176 detti
1516 2146 1628 2175 cantori
1662 2146 1715 2175 che
1743 2146 1773 2175 in
1796 2145 1934 2175 avvenire

1190 2199 1281 2229 andra
1305 2206 1356 2237 per
1371 2196 1462 2226 Roma
1485 2204 1500 2224 e
1522 2194 1550 2224 di
1574 2194 1676 2232 giorno
1699 2204 1753 2224 con
1776 2194 1934 2224 serraiuolo

1190 2251 1271 2278 corto
1294 2254 1467 2286 pavouazzo,
1491 2252 1572 2273 come
1590 2243 1744 2272 indecente
1767 2242 1802 2271 ed
1824 2242 1935 2281 impro-

1191 2297 1256 2337 prio
1279 2305 1294 2325 a
1317 2294 1432 2325 cantori
1454 2292 1528 2323 della
1558 2291 1688 2331 cappella
1711 2290 1875 2330 pontificia;
1903 2291 1934 2321 in

1192 2345 1346 2376 occasione
1367 2343 1396 2373 di
1418 2342 1532 2380 viaggio
1555 2351 1570 2371 e
1592 2341 1621 2371 di
1643 2344 1723 2370 notte
1745 2340 1769 2369 si
1792 2340 1932 2370 concede:

1192 2393 1354 2426 ordinando
1377 2392 1431 2422 chc
1453 2395 1556 2430 questo
1571 2393 1671 2419 nostro
1686 2389 1802 2419 decreto
1824 2389 1866 2419 sia
1889 2398 1935 2419 re-

1191 2446 1313 2485 gisti-ato
1330 2447 1373 2473 tra
1390 2442 1428 2481 gli
1445 2441 1511 2471 altri
1527 2440 1601 2470 della
1618 2438 1776 2469 medesima
1792 2439 1934 2478 cappella,

1192 2504 1207 2525 e
1230 2494 1272 2523 sia
1294 2493 1324 2523 in
1347 2491 1486 2521 avvenire
1508 2488 1761 2519 inviolabilmente
1785 2492 1935 2518 osservato

1193 2547 1267 2573 sotto
1291 2541 1317 2571 la
1342 2549 1414 2580 pena
1437 2539 1466 2569 di
1489 2547 1574 2577 sopra
1599 2545 1742 2576 espressa.
1766 2536 1798 2566 In
1821 2536 1884 2566 fede
1906 2536 1935 2566 di

1193 2592 1247 2621 che
1264 2589 1399 2620 abbiamo
1422 2586 1602 2617 sottoscritta
1624 2585 1650 2614 la
1674 2589 1811 2624 presente
1833 2584 1862 2614 di
1884 2593 1937 2615 no-

1193 2644 1253 2670 stra
1276 2638 1394 2679 propria
1418 2645 1514 2674 mano,
1532 2644 1547 2665 e
1571 2634 1684 2664 firmata
1707 2634 1751 2664 col
1774 2638 1874 2664 nostro
1889 2643 1936 2664 so-

1193 2689 1245 2720 lito
1267 2687 1374 2728 sigillo.
1391 2685 1498 2723 Questo
1519 2683 1548 2715 di
1563 2683 1603 2715 24
1617 2683 1743 2724 gennaio
1766 2683 1853 2714 1693.

1970 1956 2024 1978 Vedi
2040 1956 2058 1982 4,
2073 1956 2104 1977 63.
