2254 3225
214 196 262 224 An.
278 195 295 222 s·
331 196 397 224 1689
447 187 484 221 16

405 246 464 278 bus
482 256 539 289 per
556 256 777 290 quoscumque
794 246 954 279 Romanos
970 245 1140 278 Pontifices

405 301 675 342 praedecessores
700 304 828 332 nostros
854 309 1018 338 concessa,
1043 298 1081 330 ad
1104 297 1140 330 li-

405 352 499 385 mites
517 352 596 385 iuris
609 352 800 391 communis,
814 357 911 391 motu,
925 350 1070 390 scientia,
1089 349 1140 382 de-

406 405 606 444 liberatione,
624 404 790 448 potestatis
814 403 1018 447 plenitudine
1042 407 1075 435 ct
1099 407 1141 434 te-

408 469 488 491 nore
513 458 696 502 praedictis,
720 457 921 490 reducimus.

214 551 217 554 Α
452 511 517 554 {3-
544 511 602 544 llla
625 521 711 549 vero,
738 520 820 553 quae
845 508 1010 541 nonnullis
1035 507 1138 539 colle-

214 550 468 607 'rii-¹1?q·1⁰n''.1'ii⁸'v‘·'Jgiis
494 563 525 597 in
551 565 635 597 alma
658 563 742 596 L'rbe
774 563 883 595 nostra
907 559 1140 598 existentibus,

214 607 268 651 iffi
291 605 312 622 ει
336 605 466 660 ved''per
485 616 619 650 dilectos
636 615 719 648 filios
744 614 879 647 clericos
905 613 1071 655 regulares
1097 611 1143 644 di-

407 676 476 704 ctae
493 669 661 703 Societatis
690 668 758 701 Iesu
781 667 846 700 sive
871 666 951 699 alios
977 675 1144 708 quoscum·

406 733 469 766 que
503 720 717 755 administrari
743 719 904 752 consuetis
921 745 928 758 ,
954 717 1102 750 similiter
1126 728 1143 750 a

407 775 561 808 Romanis
592 772 799 806 Pontificibus
836 769 1144 814 praedecessoribus

407 827 525 860 nostris
550 836 702 859 concessa
727 825 868 864 suerunt,
896 823 1000 866 quoad
1025 823 1141 855 vicium

408 886 440 913 et
465 879 613 913 vestitum
638 878 822 916 dumtaxat,
853 886 919 909 non
955 881 1081 915 autem,
1108 882 1143 908 ut

410 933 505 975 vulgo
531 931 658 971 dicitur,
686 941 703 963 a
725 929 861 972 fondaco
887 934 918 962 et
944 939 1141 972 moyameno,

407 989 503 1028 prout
527 983 664 1016 antehac
687 983 891 1015 observatum
926 981 1006 1022 suit,
1033 980 1143 1014 sull‘ra-

407 1037 474 1081 gari
499 1037 647 1070 volumus
673 1040 704 1068 et
728 1034 950 1068 decernimus.

228 1105 397 1125 Ahoieninrcon-
450 1090 516 1133 gli.
553 1090 597 1122 Ac
621 1089 749 1121 demum
775 1087 892 1120 similia
916 1087 1088 1131 privilegia
1113 1093 1141 1121 et

214 1130 539 1182 {5513”⁹„2¹1253·¹².l132indu1ta,
557 1142 728 1186 nepotibus
753 1146 786 1174 et
809 1141 880 1174 aliis
896 1141 1144 1184 consanguineis

215 1187 397 1231 521⁵.⁰⁰⁰⁵‘¹“⁸¹¹¹'
407 1197 457 1228 vel
472 1195 619 1228 affinibus
633 1204 910 1237 quorumcumque
924 1194 1143 1227 Romanorum

407 1248 598 1281 Pontificum
634 1247 925 1290 praedecessorum
957 1253 1143 1280 nostrorum

406 1311 464 1344 pro
490 1306 638 1343 tempore
662 1299 836 1333 viventium
868 1301 907 1333 ab
938 1300 1002 1333 illis
1034 1311 1143 1343 respe-

408 1355 490 1387 ctive
507 1364 667 1393 concessa,
686 1353 798 1386 itidem
816 1360 1002 1386 revocamus
1021 1359 1052 1386 et
1070 1354 1144 1386 abo-

407 1407 530 1446 lemus,
563 1418 600 1439 ac
630 1411 778 1439 revocata
815 1411 847 1439 et
871 1406 990 1439 abolita
1015 1417 1083 1439 csse
1110 1417 1145 1439 ac

407 1460 531 1492 censeri
568 1460 687 1492 debere
722 1460 872 1492 volumus
896 1465 928 1492 et
954 1460 1143 1500 statuimus;

408 1512 610 1546 declarantes
639 1512 695 1545 illa
722 1511 843 1545 nemini
870 1512 1061 1545 eorumdem
1090 1523 1145 1544 ne-

407 1569 518 1608 potum
547 1565 613 1598 sive
645 1565 962 1607 consanguineorum
996 1566 1046 1598 vel
1080 1565 1144 1597 affi-

408 1617 496 1650 nium
514 1628 531 1650 a
550 1617 601 1650 die
626 1622 754 1650 nostrae
781 1617 820 1650 ad
845 1617 958 1650 summi
984 1619 1144 1661 apostola-

260 522 397 546 Exn-ipiumur

408 1675 459 1703 tus
474 1671 597 1713 apicem
615 1670 845 1714 assumptionis
864 1670 1030 1714 suffragari
1049 1680 1145 1714 posse
1161 1675 1167 1736 ⁴

409 1728 441 1756 et
465 1723 604 1764 debere,
630 1733 685 1756 seu
711 1723 857 1768 potuisse
882 1729 914 1757 et
940 1723 1101 1757 debuisse.

219 1790 399 1821 memnones&
455 1777 469 1820 ξ
495 1777 525 1810 5.
554 1777 613 1809 Per
637 1777 818 1820 praemissa
835 1781 940 1810 autem
958 1787 1023 1810 non
1041 1777 1146 1809 inten-

220 1817 316 1862 ἑῗῖἶωζῖι
337 1822 401 1863 ᾏῖῗὲἒ
413 1829 516 1863 dimus
541 1840 693 1863 revocare
711 1831 932 1874 exemptiones
951 1837 982 1864 et
999 1831 1146 1864 immuni-

220 1872 335 1890 ⁵²“⁸¹¹¹⁰‘'
411 1887 493 1915 tates
517 1882 773 1927 quibuscumque
790 1884 939 1927 personis
957 1885 1132 1918 ecclesiasti

412 1935 456 1968 cis
480 1941 543 1969 tarn
569 1936 790 1969 saecularibus
816 1947 913 1980 quam
944 1938 1147 1980 regularibus

412 1989 451 2022 de
468 1989 537 2023 iure
552 1996 784 2033 competentes,
802 2001 908 2034 neque
926 1992 1145 2032 thesaurariis,

411 2043 668 2086 appaltatoribus
699 2049 731 2075 et
762 2044 1015 2077 conductoribus
1047 2046 1148 2078 bono-

412 2106 491 2137 rum,
508 2096 696 2129 introituum
721 2102 753 2129 et
776 2098 894 2130 iurium
920 2098 1024 2132 dictae
1042 2098 1148 2133 Came-

412 2159 466 2182 rae
490 2154 618 2182 nostrae
644 2150 682 2182 ab
708 2150 776 2193 ipsa
796 2150 927 2184 Camera
947 2162 1004 2184 seu
1023 2153 1093 2185 aliis
1111 2153 1148 2186 il-

413 2203 477 2236 lius
502 2203 633 2236 nomine
649 2204 681 2236 in
700 2206 886 2248 appaltuum
905 2211 936 2239 et
952 2206 1147 2240 locationum

416 2257 641 2291 instrumentis
666 2264 697 2291 et
721 2258 850 2292 illorum
875 2259 1000 2293 ratione
1022 2270 1057 2293 ex
1076 2271 1151 2293 con-

416 2315 518 2343 tractu
545 2311 702 2354 tituloque
719 2323 794 2345 vero
810 2323 947 2346 oneroso
964 2324 1147 2346 concessas.

460 2364 474 2407 g
498 2364 529 2397 6.
556 2365 600 2397 Ac
625 2365 760 2409 insuper
789 2376 806 2398 a
836 2366 1095 2400 revocationibus
1120 2372 1151 2400 et

224 2416 486 2472 ngffsggcuequssliis
510 2418 703 2460 supradictis
728 2419 905 2462 excipimus
942 2425 974 2452 et
999 2426 1150 2463 exceptas

225 2474 392 2494 rumvfflfioms·
416 2480 486 2502 esse
512 2471 653 2503 volumus
685 2476 716 2504 et
741 2472 942 2505 declaramus
974 2473 1152 2506 immunita-

418 2527 464 2554 tes
485 2528 516 2554 et
540 2523 760 2566 exemptiones
778 2524 940 2567 quibusvis
965 2526 1152 2559 universita-

418 2575 503 2608 tibus
527 2581 559 2608 et
582 2576 729 2619 personis
754 2577 843 2610 datas
869 2582 900 2611 et
925 2588 1094 2612 concessas
1119 2579 1151 2612 in

250 2367 273 2388 Ε»
290 2370 352 2389 etiam
370 2367 397 2388 da

224 2396 257 2414 tae
267 2398 347 2415 ratione
357 2401 406 2415 cuu-

983 197 1161 222 Bt‘LtAmt‘M
1188 195 1339 218 ROMANt‘M

1670 227 1673 231 Δ
1927 195 1977 221 Aa.
1995 195 2025 223 c.
2049 196 2114 224 1689

1181 242 1242 274 vim
1269 245 1452 275 contractus
1477 251 1514 274 ex
1539 242 1637 274 causa
1665 235 1741 275 vere
1772 244 1921 289 onerosa,

1182 294 1330 327 videlicet
1347 303 1509 336 congruae
1527 298 1558 326 et
1575 293 1751 327 effectualis
1771 297 1923 338 pecunia-

1183 357 1254 378 rum
1279 346 1459 386 solutionis,
1480 350 1512 379 et
1531 356 1597 380 non
1623 346 1711 387 alias,
1737 347 1844 380 eidem
1868 348 1924 382 Ca-

1182 409 1288 431 merae
1313 398 1517 442 Apostolicae
1550 400 1598 433 vel
1633 399 1712 443 ipsis
1736 401 1922 434 communi-

1185 451 1301 485 tatibus
1326 451 1490 494 legitimae
1509 452 1622 494 factae‚
1641 453 1689 486 vel
1715 463 1751 486 ex
1777 453 1848 486 aliis
1874 465 1924 488 ra-

1185 503 1395 537 tionabilibus
1412 504 1518 537 causis
1536 515 1596 548 per
1612 516 1670 538 nos
1687 507 1924 548 cognoscendis

1185 561 1217 589 et
1240 556 1472 599 approbandis,
1497 562 1533 590 ut
1557 557 1650 597 infra,
1677 569 1713 591 ac
1747 559 1843 591 etiam
1869 560 1925 592 de-

1185 608 1364 649 clarandis,
1389 620 1469 652 quas
1494 620 1608 643 omnes
1634 620 1745 644 causas
1770 621 1924 645 onerosas

1185 671 1250 693 non
1268 660 1329 694 nisi
1346 661 1515 704 legitimas,
1534 673 1570 696 ac
1585 662 1690 696 licitas
1709 669 1741 697 et
1757 663 1924 706 honestas,

1185 719 1281 756 prout
1301 714 1340 747 de
1365 714 1445 755 iure,
1470 715 1681 749 intendimus.

1229 767 1244 810 ξ
1262 767 1293 800 7.
1309 767 1346 800 Et
1363 773 1547 811 propterea,
1566 769 1763 813 quicumque
1780 770 1852 803 illas
1870 771 1925 803 ob·
1960 788 2042 809 Caum
2065 794 2119 809 ουρ.

1187 819 1301 860 tinent,
1325 831 1379 854 eas
1402 820 1435 853 in
1457 821 1541 854 dicta
1564 821 1708 861 Camera,
1742 823 1846 855 citato.
1877 823 1923 856 di·
1933 816 2119 867 {ffiemfflffig}

1185 873 1270 905 lecto
1295 872 1361 906 filio
1385 873 1485 916 ipsius
1517 874 1667 908 Gamerae
1703 868 2117 916 commissario52{?¹‡12h22{³‘3',;

1185 926 1349 966 generali,
1382 926 1560 967 verificare,
1585 933 1617 960 et
1647 928 1680 960 in
1700 927 1769 971 ipsa
1793 920 2031 961 Came1·a⁰³¹¹¹“²·

1185 978 1361 1011 examinari
1391 984 1423 1012 et
1447 979 1570 1012 admitti
1596 981 1703 1014 facere
1732 986 1921 1022 teneantur,

1185 1031 1311 1064 etiamsi
1325 1033 1554 1066 concessiones
1573 1034 1759 1067 earumdem
1775 1034 1925 1067 immuni-

1185 1088 1285 1116 tatum
1310 1089 1342 1117 et
1366 1085 1616 1127 exemptionum,
1642 1096 1678 1118 ac
1701 1086 1838 1126 litterae,
1874 1096 1910 1119 ce

1186 1137 1280 1169 dulae
1297 1137 1538 1180 motusproprii,
1551 1137 1772 1181 chirographa
1792 1143 1824 1171 et
1843 1138 1925 1171 aliae

1185 1188 1365 1232 scripturae
1391 1189 1532 1233 desuper
1557 1195 1704 1223 emanata
1725 1190 1803 1223 alias
1820 1190 1852 1222 in
1871 1190 1928 1223 Ca-

1164 1246 1166 1251 ·
1186 1243 1275 1274 mera
1298 1242 1463 1284 praedicta
1486 1242 1645 1275 admissae
1664 1247 1697 1275 et
1713 1243 1867 1283 admissa,
1890 1253 1927 1275 ac

1186 1295 1218 1326 in
1243 1295 1298 1327 illa
1324 1294 1458 1337 eiusque
1483 1295 1574 1328 libris
1607 1295 1799 1337 registratae
1824 1301 1855 1328 et
1880 1306 1927 1328 re-

1164 1366 1166 1381 l
1186 1347 1319 1389 gistrata
1342 1347 1464 1379 suerint
1483 1352 1514 1380 et
1538 1347 1618 1380 sint:
1636 1353 1793 1391 quatenus
1817 1353 1925 1380 tamen

1163 1390 1166 1417 ¹
1186 1411 1302 1433 causae
1338 1410 1496 1433 onerosae
1532 1400 1718 1433 huiusmodi
1754 1411 1815 1444 pro
1850 1412 1925 1435 vere

1163 1432 1335 1487 [onerosis
1355 1459 1387 1487 et
1409 1454 1572 1496 legitimis,
1597 1460 1631 1486 ut
1655 1464 1762 1498 supra,
1784 1455 1863 1487 alias
1892 1455 1925 1487 in

1164 1526 1166 1533 ·
1187 1507 1299 1539 eadem
1317 1506 1449 1540 Camera
1465 1507 1647 1540 verificatae
1664 1512 1697 1540 et
1714 1508 1926 1551 approbatae,

1165 1594 1167 1601 4
1187 1572 1223 1594 ac
1246 1561 1375 1604 praevia
1395 1560 1535 1594 iudiciali
1552 1560 1757 1594 discussione
1774 1571 1841 1594 non
1861 1560 1926 1593 sint

1165 1607 1350 1658 {legitimae
1375 1614 1522 1654 habitae;
1548 1624 1612 1657 quo
1638 1623 1713 1646 casu
1738 1614 1777 1647 ad
1802 1613 1926 1646 indica-

1190 1668 1309 1700 tionem
1334 1672 1468 1707 tantum,
1486 1676 1553 1699 non
1572 1671 1677 1699 autem
1695 1666 1734 1699 ad
1753 1667 1849 1699 aliam
1874 1676 1927 1699 ve-

1189 1721 1420 1761 rilicationem,
1446 1721 1578 1753 eosdem
1604 1720 1789 1753 obtinentes
1820 1719 1925 1753 teneri

1188 1776 1343 1815 volumus3
1362 1774 1492 1808 interim
1508 1784 1594 1815 vero,
1614 1774 1768 1818 quamdiu
1782 1784 1848 1806 non
1862 1774 1927 1807 sue-

1187 1830 1252 1862 rint
1274 1828 1458 1862 verisicatae
1475 1855 1483 1869 ,
1510 1827 1641 1860 minime
1667 1826 1858 1869 suffragari,
1895 1831 1928 1859 et

1165 1884 1167 1909 ¹
1187 1884 1366 1928 praesentis
1389 1881 1603 1915 revocationis
1621 1881 1770 1915 effectum
1786 1881 1928 1914 retarda-

1165 1931 1168 1961 ἶ
1187 1949 1222 1971 re
1240 1948 1304 1970 non
1321 1945 1420 1980 posse
1439 1936 1652 1968 declaramus.

1164 1993 1169 2033 ξ
1232 1991 1247 2034 ἓ
1270 1990 1301 2024 8.
1319 1991 1491 2023 Praeterea
1508 1994 1636 2021 nostrae
1654 1988 1842 2021 intentionis
1859 1999 1923 2022 non
1980 2001 2121 2032 Praemium

1189 2051 1237 2079 est
1261 2045 1320 2077 sub
1344 2041 1605 2076 revocationibus
1630 2046 1662 2074 et
1684 2041 1755 2074 aliis
1779 2030 2119 2085 sup1·adi-²'}3{J{³„Z¹l2l‚'3¹s¹ff⁸

1167 2123 1170 2136 ,
1190 2100 1249 2132 ctis
1276 2097 1558 2140 comprehendere
1576 2096 1797 2129 immunitates
1816 2103 1849 2130 et
1873 2108 1925 2130 ex·
1936 2081 2120 2134 issffffiiisfft‘iff‘

1166 2142 1169 2183 'i
1190 2153 1372 2196 emptiones
1399 2150 1522 2183 eisdem
1540 2150 1570 2182 S.
1590 2151 1628 2183 R.
1647 2151 1681 2184 E.
1706 2151 1924 2185 cardinalibus

1190 2207 1314 2239 ratione
1347 2204 1511 2248 dignitatis
1547 2204 1773 2244 cardinalatus,
1798 2216 1925 2239 necnon

1191 2259 1341 2293 Gamerae
1374 2257 1557 2301 praedictae
1584 2257 1711 2290 clericis
1736 2259 1927 2301 praesiden-

1192 2313 1286 2352 tibus,
1299 2312 1435 2355 aliisque
1453 2310 1676 2350 cameralibus,
1691 2312 1746 2354 qui
1762 2311 1794 2344 in
1812 2312 1925 2344 eadem

1191 2367 1323 2399 Camera
1347 2365 1499 2399 sederunt
1523 2369 1554 2396 et
1577 2364 1700 2405 sedent,
1719 2365 1851 2398 concedi
1870 2375 1925 2398 seu

1193 2419 1316 2453 admitti
1342 2418 1461 2457 solitas,
1478 2427 1537 2450 nec
1554 2417 1633 2457 illas,
1653 2417 1769 2460 quibus
1790 2417 1926 2461 praelati

1193 2477 1225 2506 et
1243 2471 1394 2505 officiales
1412 2471 1574 2503 Romanae
1590 2469 1715 2509 Curiae,
1735 2481 1771 2502 ac
1790 2471 1927 2513 praelati

1194 2524 1376 2564 domestici,
1398 2523 1586 2556 cubicularii
1612 2523 1742 2562 secreti,
1769 2534 1803 2555 ac
1828 2534 1927 2556 secre-

1195 2578 1266 2611 tarii
1288 2583 1319 2612 et
1342 2577 1396 2611 alii
1422 2576 1595 2610 familiares
1621 2581 1652 2609 et
1676 2577 1820 2609 continui
1845 2587 1929 2610 corn-
