2254 3225
197 199 245 226 An.
262 198 291 226 c,
314 198 382 227 1692
429 189 494 222 453ss
733 232 735 234 q
858 227 862 229 ‚

390 256 459 276 cura
485 247 513 277 di
531 247 587 277 ben
609 247 740 286 regolare
762 247 788 277 la
812 247 1041 287 congregazione
1064 257 1078 277 e
1100 247 1128 276 di

389 296 433 326 sar
455 305 607 326 osservare
628 297 654 326 le
677 296 807 336 presenti
834 296 1029 335 costituzioni,
1052 305 1126 333 ecc.,

390 354 405 375 e
427 345 493 385 tutti
516 355 642 375 saranno
664 346 752 376 molto
775 346 908 385 puntuali
930 346 960 375 in
982 354 1129 376 osservar-

389 394 433 431 le3
457 394 493 424 ed
514 394 637 424 essendo
659 394 726 424 stati
748 395 833 425 fedeli
855 395 885 424 in
913 398 1014 434 queste
1036 394 1128 433 poche

390 451 469 479 cose,
499 452 625 474 saranno
657 443 799 474 costituiti
821 443 868 473 dal
898 443 1020 481 Signore
1042 451 1128 482 sopra

390 492 471 522 molti
493 491 573 522 beni.

429 559 457 579 v.
481 550 513 580 In
536 550 707 580 conformita
725 549 749 579 si
764 549 828 579 dice
846 549 893 578 nel
908 557 972 588 cap.
989 557 999 578 1
1014 547 1044 578 di
1059 556 1129 586 que-

389 604 432 629 ste
454 598 651 635 costituzioni‚
668 598 689 627 li
705 598 831 628 suddetti
853 597 996 627 sacerdoti
1017 597 1128 626 restino

390 652 470 678 tanto
492 648 541 687 piu
563 647 674 677 astretti
696 647 732 676 ad
753 656 821 676 aver
843 646 911 684 ogni
926 645 1022 676 debita
1040 645 1129 675 obbe-

390 697 492 726 dienza
514 705 529 726 e
550 695 721 734 soggezione
750 695 1036 725 all'eminentissimo
1063 704 1128 733 pro-

390 749 494 775 tettore
514 754 530 774 0
551 744 721 782 monsignor
735 744 934 774 illustrissimo
950 743 1126 783 primicerio,

390 803 405 823 e
438 793 560 833 rispetto
593 793 698 822 dovuto
730 792 987 831 agl’illustrissimi
1018 791 1126 830 signori

389 842 553 881 guardiam,
571 852 625 872 con
646 851 797 872 osservare
813 846 922 881 quanto
938 842 961 871 si
978 840 1127 880 prescrive

389 900 442 930 per
462 890 525 921 loro
547 890 701 930 disciplina
723 890 800 920 nello
822 894 896 919 stato
924 888 1126 919 dell'arcicon-

388 939 553 978 fraternita,
577 943 734 978 approvato
755 939 790 969 da
813 939 982 976 monsignor
1012 937 1126 976 Filippo

388 988 540 1024 Archinto,
570 988 614 1026 gia
648 988 756 1017 vicario
788 988 833 1017 del
856 988 945 1026 Papa,
968 987 998 1016 in
1030 986 1127 1025 quello

389 1037 442 1067 che
464 1046 523 1066 non
546 1037 609 1066 sara
639 1036 785 1066 contrario
811 1036 866 1065 alle
894 1034 1021 1074 presenti
1043 1034 1128 1064 costi-

389 1085 508 1123 tuzioni,
532 1085 585 1115 che
612 1085 779 1115 doveranno
807 1084 1056 1114 inviolabilmente
1082 1092 1127 1112 05-

390 1144 526 1164 501ν3151.

245 1211 379 1232 Confirmatio

434 1206 448 1249 ἓ
473 1205 492 1238 02
517 1205 593 1239 Cum
618 1210 735 1245 autem,
763 1205 846 1237 sicut
882 1204 994 1237 eadem
1032 1214 1126 1247 expo-

196 1239 464 1292 {51¹31‘3523'13¹m.⁶⁰“'sj[i0
489 1258 714 1301 subiungebat,
741 1258 816 1292 dicti
833 1263 1033 1301 exponentes
1052 1268 1127 1289 con—

389 1313 574 1345 stitutiones
594 1312 792 1351 huiusmodi,
817 1322 881 1354 quo
907 1310 1029 1343 firmius
1054 1311 1126 1343 sub-

389 1366 508 1398 sistant
527 1371 557 1398 et
573 1370 743 1398 serventur
763 1364 914 1403 exactius,
927 1363 1125 1407 apostolicae

390 1418 643 1452 confirmationis
670 1422 800 1450 nostrae
834 1417 1015 1459 patrocinio
1040 1427 1126 1449 com-

389 1472 509 1504 muniri
523 1481 728 1514 summopere
744 1470 946 1509 desiderent,
966 1480 1037 1509 nos,
1057 1480 1126 1513 spe-

389 1525 503 1558 cialem
518 1524 596 1567 ipsis
611 1523 849 1566 exponentibus
869 1522 1002 1564 gratiam
1022 1522 1125 1554 facere

389 1579 543 1617 volentes,
569 1582 601 1609 et
625 1586 738 1609 eorum
763 1576 943 1615 singulares
968 1586 1126 1617 personas

390 1641 407 1663 a
431 1629 597 1674 quibusvis
624 1627 978 1665 excommunicationis,
997 1638 1126 1671 suspen·

389 1683 488 1716 sionis
504 1688 535 1715 et
548 1681 721 1721 interdicti,
739 1681 876 1724 aliisque
895 1680 1125 1713 ecclesiasticis

389 1735 574 1776 sententiis,
606 1734 751 1768 censuris
788 1739 818 1766 et
843 1733 970 1777 poenis,
1008 1743 1024 1765 a
1056 1733 1124 1767 iure

389 1791 440 1823 vel
476 1789 515 1821 ab
540 1788 680 1827 1101111110,
724 1787 834 1830 quavis
869 1786 1038 1819 occasione
1075 1788 1124 1820 vel

390 1844 486 1876 causa
509 1842 589 1881 latis,
616 1841 641 1873 si
668 1840 782 1884 quibus
804 1839 1050 1883 quomodolibet
1078 1840 1126 1872 in-

388 1897 527 1929 nodatae
554 1894 704 1934 existunt,
732 1894 770 1926 ad
796 1892 942 1926 ellectum
969 1903 1124 1935 praesen-

390 1949 468 1981 tium
494 1948 659 1980 dumtaxat
693 1945 972 1988 consequendum,
1008 1945 1124 1977 bariun

389 2002 472 2035 serie
497 2001 699 2034 absolventes
725 2004 757 2031 01
781 1999 945 2031 absolutas
964 1998 1030 2030 fore
1052 2009 1126 2030 een-

389 2060 509 2093 500105,
536 2051 830 2096 supplicationibus
856 2061 968 2083 eorum
994 2051 1123 2083 nomine

390 2117 490 2150 super
512 2106 576 2139 1100
600 2105 692 2138 nobis
717 2104 884 2136 humiliter
900 2103 1061 2146 porrectis
1078 2103 1123 2135 in-

390 2160 513 2201 clinati,
551 2160 591 2192 de
622 2159 853 2191 nonnullorum
887 2156 1122 2189 venerabilium

388 2214 523 2246 fratrum
548 2217 729 2245 nostrorum
747 2210 778 2243 S.
797 2210 833 2242 R.
853 2210 887 2243 E.
908 2210 1122 2243 cardinalium

390 2266 430 2299 ad
455 2265 540 2309 ipsas
572 2263 817 2297 constitutiones
851 2262 1083 2295 examinandas
1108 2273 1125 2295 a

389 2317 485 2351 nobis
510 2316 694 2361 specialiter
719 2316 947 2358 deputatorum
973 2315 1122 2354 consilio,

390 2382 504 2406 omnes
525 2375 557 2403 et
573 2370 718 2411 singulas
736 2368 984 2401 constitutiones
1002 2367 1126 2410 praein-

390 2430 515 2465 sertas,
554 2423 744 2456 auctoritate
777 2421 980 2464 apostolica,
1009 2425 1123 2453 tenore

390 2477 633 2523 praesentium,
658 2475 887 2509 confirmamus
914 2479 945 2506 et
970 2474 1125 2516 approba-

389 2542 471 2570 mus,
498 2531 626 2573 illisque
648 2527 841 2561 inviolabilis
858 2526 1054 2570 apostolicae
1073 2526 1125 2558 tir-

391 2583 509 2620 mitaris
534 2583 635 2619 robur
668 2581 858 2623 adiicimus,
890 2591 925 2613 ac
957 2590 1069 2614 omnes
1094 2584 1124 2612 01

970 197 1150 223 nummum
1177 197 1193 220 Π
1201 197 1331 221 (ἉῘᾹΧῘἯ

1662 232 1665 233 ⁷
1737 223 1743 228 ⁸
1909 195 2006 224 1110.
2027 197 2095 224 1092

1171 247 1317 290 singulos
1335 246 1415 279 iuris
1431 250 1462 279 et
1479 245 1549 278 sacti
1569 245 1722 286 defectus,
1741 245 1765 278 si
1783 244 1837 289 qui
1855 244 1905 278 de-

1171 310 1269 342 super
1292 299 1542 342 quomodolibet
1565 298 1812 340 intervenerint,
1831 309 1903 342 sup-

1169 351 1307 394 plenius.

1213 404 1228 447 §
1250 404 1281 437 3.
1308 404 1528 438 Decernentes
1553 405 1683 438 easdem
1711 409 1903 448 praesentes
1939 415 2058 442 eumuna,

1170 456 1307 497 litteras,
1333 468 1370 491 ac
1394 458 1641 490 constitutiones
1666 457 1902 500 praeinsertaS,

1170 519 1301 552 semper
1323 510 1441 545 firmas.
1466 511 1587 543 validas
1612 515 1644 543 et
1667 510 1813 543 efficaces
1839 511 1906 544 exi-

1170 568 1256 596 stere
1282 568 1313 596 et
1338 563 1418 604 fore,
1444 574 1586 607 suosque
1610 564 1775 607 plenarios
1801 569 1833 597 et
1857 565 1905 597 in-

1171 621 1279 659 tegros
1309 616 1442 650 effectus
1475 616 1583 650 sortiri
1613 622 1645 650 et.
1673 617 1842 658 obtinere,
1868 628 1904 650 ac

1169 670 1256 711 illis,
1283 670 1321 703 ad
1348 680 1429 714 quos
1462 675 1587 714 spectat
1616 675 1648 704 et
1673 682 1733 714 pro
1760 676 1905 714 tempore

1169 723 1348 767 spectabit,
1383 723 1415 756 in
1451 724 1603 757 omnibus
1638 728 1669 756 et
1704 734 1763 767 per
1796 724 1905 757 omnia

1169 776 1359 819 plenissime
1384 776 1570 819 suffragari,
1598 781 1628 809 et
1649 777 1687 809 ab
1708 776 1772 809 illis
1793 787 1906 820 respe-

1170 829 1252 862 ctive
1278 829 1511 863 inviolabiliter
1529 829 1711 869 observari,
1738 830 1850 872 sicque
1872 829 1904 862 in

1168 882 1357 925 praemissis
1382 893 1441 925 per
1465 893 1686 925 quoscumque
1712 882 1836 915 iudices
1855 893 1905 915 or-

1169 934 1311 969 dinarios
1337 940 1370 968 et
1398 935 1580 978 delegatos,
1614 936 1709 968 etiam
1734 946 1902 968 causarum

1168 987 1280 1030 palatii
1305 987 1476 1030 apostolici
1502 988 1686 1027 auditores,
1712 987 1849 1020 iudicari
1871 994 1902 1021 et

1170 1039 1297 1072 definiri
1323 1040 1460 1078 debere,
1486 1051 1521 1072 ac
1546 1039 1670 1072 irritum
1696 1046 1726 1072 et
1751 1041 1858 1081 inane,
1876 1042 1902 1073 si

1169 1102 1263 1125 secus
1288 1104 1388 1136 super
1412 1094 1464 1126 1115
1490 1105 1507 1125 a
1524 1104 1697 1137 quoquam,
1714 1095 1826 1137 quavis
1848 1105 1904 1127 au-

1168 1146 1337 1186 ctoritate,
1358 1146 1501 1179 scienter
1525 1147 1574 1179 vel
1600 1146 1801 1189 ignoranter,
1828 1157 1904 1180 con-

1168 1198 1278 1240 tigerit
1302 1199 1467 1231 attentari.

1212 1251 1226 1294 §
1252 1251 1283 1283 lt.
1306 1251 1373 1283 Non
1393 1251 1596 1285 obstantibus
1615 1252 1902 1286 constitutionibus
1926 1263 2094 1287 norwit-icon-

1169 1305 1200 1336 e't
1235 1304 1494 1337 ordinationibus
1531 1306 1737 1348 apostolicis,
1764 1316 1900 1345 110011011,
1913 1293 2032 1312 “²¹¹⁰mm'

1168 1362 1328 1400 quatenus
1353 1368 1433 1400 opus
1458 1358 1508 1397 sit,
1527 1358 1705 1401 quibusvis,
1734 1359 1830 1391 etiam
1855 1359 1902 1390 iu-

1168 1415 1323 1449 ramento,
1350 1410 1596 1443 confirmatione
1621 1411 1809 1454 apostolica,
1846 1421 1901 1443 seu

1168 1463 1278 1506 quavis
1303 1463 1454 1496 firmitate
1480 1464 1540 1496 alia
1567 1464 1728 1497 roboratis
1744 1491 1751 1504 ,
1776 1465 1903 1496 statutis

1168 1522 1198 1550 et
1222 1516 1518 1556 consuetudinilnis,
1545 1517 1725 1560 privilegiis
1758 1527 1900 1560 quoque,

1168 1570 1301 1603 indultis
1327 1575 1358 1602 01
1382 1569 1497 1603 11110115
1522 1570 1709 1612 apostolicis
1727 1570 1759 1602 in
1777 1575 1904 1602 contra-

1168 1622 1251 1654 rium
1280 1622 1532 1664 praemissorum
1558 1622 1804 1665 quomodolibet
1827 1633 1904 1655 con-

1168 1675 1277 1714 cessis,
1304 1675 1502 1708 confirmatis
1529 1681 1560 1708 ct
1584 1675 1762 1715 innovatis;
1786 1675 1904 1718 quibus

1168 1728 1316 1761 omnibus
1355 1733 1385 1759 et
1427 1728 1563 1770 siugulis
1583 1755 1590 1767 ,
1617 1729 1747 1762 illorum
1774 1734 1903 1763 tenores

1167 1781 1395 1825 praesentibus
1429 1791 1488 1823 pro
1522 1783 1618 1824 plene
1645 1787 1675 1814 et
1707 1783 1905 1817 sufficienter

1168 1833 1330 1877 expressis
1356 1838 1388 1866 et
1407 1834 1538 1866 insertis
1556 1835 1725 1875 habentes,
1743 1835 1807 1869 illis
1824 1833 1902 1869 alias

1167 1889 1199 1920 in
1225 1898 1283 1920 suo
1319 1886 1436 1919 robore
1473 1889 1708 1929 permansuris,
1736 1889 1775 1921 ad
1808 1900 1904 1932 prae-

1167 1941 1339 1973 missorum
1365 1939 1525 1978 01100111111,
1552 1941 1611 1972 bae
1634 1941 1702 1974 vice
1725 1942 1900 1983 dumtaxat,

1167 1993 1351 2037 specialiter
1376 1998 1406 2025 et
1431 2003 1581 2036 expresse
1607 1993 1822 2037 derogamus;
1849 2006 1902 2029 ce-

1167 2049 1307 2090 terisque
1333 2047 1503 2080 contrariis
1529 2047 1803 2092 quibuscumque.

1208 2102 1223 2145 §
1258 2099 1290 2133 G.
1323 2100 1476 2132 Volumus
1505 2106 1611 2133 autem
1642 2106 1676 2133 ut
1712 2102 1897 2135 earumdem

1165 2153 1385 2198 praesentium
1405 2153 1586 2186 litterarum
1609 2155 1826 2197 transumptis,
1842 2165 1899 2188 seu

1167 2207 1331 2250 exemplis,
1361 2206 1456 2239 etiam
1482 2206 1660 2249 impressiS,
1687 2217 1784 2239 manu
1805 2207 1902 2240 alicu·

1166 2261 1216 2293 ius
1241 2259 1358 2293 notarii
1391 2258 1515 2302 publici
1550 2259 1697 2302 scriptis,
1731 2265 1763 2293 et
1793 2260 1902 2303 sigillo

1166 2323 1326 2358 personae
1351 2313 1384 2345 in
1404 2312 1622 2345 ecclesiastica
1647 2313 1802 2355 dignitate
1826 2325 1903 2347 con-

1166 2367 1295 2400 stitutae
1318 2365 1452 2398 munitis
1468 2392 1475 2405 ,
1500 2365 1613 2398 eadem
1648 2376 1783 2408 prorsus
1819 2366 1901 2400 fides

1169 2425 1231 2453 tam
1262 2419 1296 2451 in
1326 2417 1447 2451 iudicio
1473 2428 1569 2461 quam
1601 2423 1690 2451 extra
1721 2417 1801 2452 illud
1831 2419 1903 2451 ubi—

1168 2483 1230 2516 que
1259 2473 1406 2505 locorum
1431 2471 1596 2511 habeatur,
1622 2481 1703 2515 quae
1724 2471 1902 2505 haberetur

1167 2525 1244 2569 ipsis
1262 2524 1487 2568 praesentibus
1505 2523 1529 2557 si
1545 2523 1651 2557 forent
1668 2523 1831 2559 exhibitae
1847 2525 1900 2558 vel

1169 2583 1332 2612 ostensae.

1960 2105 2022 2127 Fides
2036 2107 2092 2128 tran-

1907 2135 2043 2159 sumptorum.
