2254 3225
184 200 231 226 ilc.
249 201 277 227 εἴ.
301 204 366 226 tone

207 1210 306 1232 Eanslo
317 1214 377 1237 pra·-

194 1239 259 1258 dieta.

229 2373 338 2392 stansutu

413 195 476 223 mh

374 249 471 282 terris
512 247 638 289 diffusa,
665 257 766 291 usque
803 246 840 279 ad
878 245 1113 279 duodenarium

376 302 616 335 extendendum
649 311 720 333 esse
747 298 920 337 censuerit,
954 298 978 330 si
1004 302 1113 330 nostra

375 360 408 388 et
432 354 526 388 huius
542 354 676 387 Sanctae
699 353 791 386 Sedis
817 353 948 385 facultas
975 351 1114 393 desuper

376 407 558 447 accederet,
582 406 694 440 similis
719 416 796 439 vero
818 403 962 437 extensio
986 401 1113 435 numeri

376 461 604 503 magistrorum
645 470 705 503 pro
739 458 884 492 Peruana
923 462 953 489 et
985 454 1115 488 Baetica

376 514 553 561 provinciis
579 513 726 547 eiusdem
752 510 894 547 Ordinis,
914 510 945 541 in
964 508 1051 541 dicto
1068 517 1115 539 ca-

377 568 483 614 pitulo
518 565 662 608 generali
691 565 782 601 sacta,
803 573 819 595 a
837 562 940 595 felicis
966 559 1116 593 recorda-

378 620 476 654 tionis
499 617 712 652 lnnnocentio
736 615 776 650 XI
799 620 831 648 et
853 613 1033 647 Alexandro
1049 611 1115 645 VIII

378 672 531 708 Romanis
566 669 775 704 Pontificibus
806 665 1115 712 praedecessoribus

379 725 522 761 nostris.
547 733 607 767 per
631 722 785 766 quasdam
823 729 934 753 eorum
960 719 993 751 in
1018 717 1115 750 simili

379 779 485 813 forma
508 776 616 810 Brevis
640 776 765 809 litteras
800 773 851 807 die
882 782 946 807 xxii
979 770 1116 804 ianuarii

378 838 586 866 moctxxxvm
612 833 645 861 et
669 828 722 861 die
754 837 805 861 xxi
838 825 975 859 ianuarii
1010 833 1116 858 nncxc

380 881 561 924 respective
586 881 764 924 expeditas.
780 878 960 923 approbata
986 882 1017 910 et
1041 886 1118 908 con-

381 935 508 969 firmata
526 934 636 967 suerit:
657 932 751 966 nobis
764 939 939 976 propterea
956 939 1119 973 erponem-

381 995 431 1023 tes
447 987 583 1033 praefati
601 987 769 1020 humiliter
782 984 956 1028 supplicari
976 984 1120 1016 screrunt

382 1047 419 1074 ut
442 1040 502 1073 sibi
528 1040 650 1084 pariter
670 1039 701 1072 in
722 1037 910 1082 praemissis
933 1040 1119 1079 opportune

383 1093 554 1139 providere
579 1097 611 1125 et
633 1097 669 1123 ut
693 1091 776 1124 infra
802 1090 975 1131 indulgere
1001 1088 1039 1120 de
1064 1086 1120 1119 be-

385 1145 544 1188 nignitate
569 1144 748 1188 apostolica
774 1143 993 1186 dignaremur.

431 1198 446 1242 ἓ
470 1196 501 1230 2.
534 1197 596 1230 Nos
627 1196 736 1239 igitur,
763 1195 894 1228 eosdem
922 1197 1121 1237 exponentes

387 1250 582 1295 specialibus
603 1249 764 1282 favoribus
786 1253 817 1281 et
836 1247 946 1290 gratiis
966 1247 1120 1290 prosequi

385 1305 543 1342 volentes,
565 1307 597 1335 et
621 1312 732 1335 eorum
758 1301 939 1343 singulares
966 1310 1122 1343 personas

388 1367 404 1389 a
429 1355 593 1400 quibusvis
617 1353 969 1391 excommunicationis,
993 1363 1123 1395 suspen-

387 1408 488 1442 sionis
505 1415 536 1442 et
552 1407 724 1443 interdicti.
742 1406 878 1450 aliisque
896 1405 1122 1438 ecclesiasticis

389 1461 571 1499 sententiis,
606 1459 750 1493 censuris
786 1465 818 1492 et
851 1458 980 1502 poenis,
1010 1468 1027 1490 a
1051 1457 1122 1489 iure

388 1515 438 1547 vel
463 1514 503 1546 ab
544 1512 687 1549 homine,
723 1511 834 1556 quavis
872 1511 1042 1544 occasione
1074 1511 1123 1542 vcl

390 1569 486 1601 causa
508 1566 592 1604 latis,
617 1566 641 1598 si
668 1566 784 1609 quibus
810 1564 1053 1608 quomodolibet
1078 1563 1124 1595 in-

389 1620 528 1654 nodatae
554 1619 710 1658 existunt,
732 1618 771 1651 ad
797 1617 944 1650 effectum
971 1627 1124 1660 praesen-

389 1674 469 1706 tium
505 1673 668 1705 dumtaxat
701 1670 979 1714 consequendum,
1008 1670 1122 1702 harum

389 1726 473 1760 serie
495 1726 702 1758 absolventes
724 1729 755 1757 et
775 1725 940 1756 absolutas
966 1723 1033 1755 sore
1050 1733 1124 1755 cen—

389 1784 518 1818 sentes,
544 1777 728 1811 huiusmodi
760 1776 1052 1820 supplicationibus
1078 1776 1124 1807 in-

390 1831 521 1871 clinati,
558 1836 593 1863 ut
631 1831 669 1863 de
700 1835 809 1862 cetero
842 1828 988 1862 senarius
1019 1828 1121 1860 dictae

389 1883 576 1929 provinciae
602 1882 785 1915 Mexicanae
810 1881 1038 1923 magistrorum
1065 1891 1122 1912 nu·

389 1948 498 1971 merus
524 1937 562 1969 ad
589 1935 841 1973 duodenarium,
867 1936 990 1966 servata
1015 1939 1120 1966 tamen

390 1990 422 2024 in
448 1989 583 2032 reliquis
608 1988 712 2032 quoad
732 1987 972 2030 promovendos
993 1986 1030 2018 ad
1056 1997 1122 2019 nia—

391 2042 513 2086 gisterii
538 2041 671 2084 gradum
702 2039 818 2072 sorma¹
845 2049 903 2082 per
928 2035 1143 2082 apostolicas

392 2101 422 2128 et
447 2094 524 2128 dicti
549 2093 677 2126 Ordinis
709 2091 960 2125 constitutiones
992 2101 1121 2123 necnon

391 2147 543 2191 specialia
557 2146 657 2189 ipsius
669 2143 855 2188 provinciae
873 2143 1054 2176 Mevicanae
1073 2144 1122 2176 dc-

391 2206 479 2234 creta
507 2205 540 2233 et
563 2198 816 2232 consuetudines
841 2197 1051 2241 praescripta,
1071 2207 1124 2229 au-

393 2258 518 2297 geatur,
542 2252 733 2285 auctoritate
773 2250 977 2293 apostolica,
1010 2255 1123 2282 tenore

391 2305 625 2351 praesentium,
640 2303 847 2336 concedimus
862 2308 892 2335 et
905 2302 1122 2345 indulgemus.

437 2358 502 2403 53.
529 2358 760 2395 Decernentes,
779 2356 910 2388 easdem
936 2361 1125 2398 praesentes

393 2413 518 2446 litteras
543 2419 672 2453 semper
696 2408 825 2447 firmas,
850 2407 972 2440 validas
1002 2413 1031 2439 et
1058 2407 1124 2439 esti-

395 2474 487 2498 caces
508 2463 643 2496 existere
660 2467 692 2494 et
709 2461 786 2500 fore,
802 2470 941 2503 suosque
961 2459 1125 2502 plenarios

395 2523 428 2551 et
450 2517 597 2559 integros
621 2514 752 2547 effectus
774 2512 883 2546 sortiri
909 2518 940 2545 et
966 2512 1125 2555 obtinere,

429 2580 443 2608 1
465 2578 534 2607 Edit.
556 2577 636 2605 Main.
652 2576 717 2617 legit
729 2578 857 2615 form-am
879 2575 916 2612 (a.
933 2575 980 2612 τ.).

950 196 1126 222 ΕΠΙᾸΛῘΠΗΜ
1151 195 1191 218 RO
1197 194 1303 219 MANUM

1886 194 1940 220 An.
1958 194 1985 219 C.
2017 195 2082 221 1652

1156 253 1193 276 ac
1217 242 1295 282 illis,
1315 241 1354 275 ad
1376 251 1455 285 quos
1480 246 1606 285 spectat
1630 247 1661 275 et
1684 241 1845 284 spectabit
1858 242 1889 274 iu

1157 295 1309 335 futurum,
1324 294 1355 327 in
1370 294 1518 327 omnibus
1533 299 1565 328 et
1579 304 1636 337 per
1649 294 1757 328 omnia
1770 294 1891 338 plenis-

1157 348 1238 380 sime
1255 346 1435 388 suss'ragari,
1451 346 1561 390 sicque
1579 346 1611 379 in
1625 346 1814 390 praemissis
1832 357 1892 389 per

1157 410 1378 443 quoscumque
1404 400 1526 432 iudices
1551 399 1737 433 ordinarios
1756 405 1787 433 et
1804 400 1893 433 dele-

1157 457 1258 494 gatos,
1278 452 1374 484 etiam
1401 462 1568 484 causarum
1585 452 1696 495 palatii
1723 453 1890 496 apostolici

1157 505 1342 544 auditores,
1369 504 1506 537 iudicari
1532 510 1562 537 et
1594 504 1720 538 deliniri
1746 506 1887 548 debere,

1158 568 1194 590 ac
1218 557 1346 590 irritum
1371 561 1403 590 et
1428 557 1534 597 inane,
1555 557 1579 590 si
1606 568 1698 591 secus
1722 568 1818 601 super
1841 558 1891 592 his

1158 622 1175 643 a
1199 620 1372 654 quoquam,
1395 609 1506 653 quavis
1533 610 1735 651 auctoritate,
1752 611 1893 645 scienter

1159 664 1208 696 rel
1231 663 1434 705 ignoranter,
1460 663 1632 705 contigerit
1653 663 1814 697 attentari.

1202 715 1217 759 ἓ,
1239 714 1272 748 4.
1295 715 1365 749 Νοη
1384 715 1588 749 obstantibus
1611 716 1810 750 recolendae
1831 726 1893 750 me·
1929 727 2084 749 mmmmm

1160 769 1283 802 moriae
1308 768 1384 802 Sixti
1403 769 1427 800 V
1443 774 1475 802 et
1498 768 1671 803 Clementis
1694 768 1758 802 viil
1782 754 2020 804 Roma-⁰⁰‘''⁵⁷'⁴¹’⁰'

1160 832 1276 855 norum
1300 821 1491 854 Pontificum
1530 821 1626 855 etiam
1660 823 1892 866 praedecesso-

1162 886 1231 908 rum
1251 881 1436 909 nostrorum
1454 875 1493 908 de
1513 875 1642 908 senario
1662 875 1891 918 magistrorum

1161 939 1308 967 numero,
1326 929 1460 972 aliisque
1485 928 1772 962 constitutionibus
1796 934 1825 963 et
1847 939 1894 962 or-

1162 981 1381 1014 dinationibus
1406 980 1601 1024 apostolicis,
1620 992 1747 1014 necnon
1766 982 1894 1024 provin-

1162 1035 1230 1067 ciae
1248 1034 1431 1067 Mcxicanae
1451 1039 1482 1067 et
1498 1033 1626 1067 Ordinis
1645 1034 1893 1077 praedictorum,

1164 1087 1259 1120 etiam
1286 1087 1478 1124 iuramento,
1500 1087 1742 1120 confirmatione
1767 1093 1897 1132 aposto·

1165 1141 1234 1180 lica,
1253 1141 1303 1172 vel
1321 1139 1430 1183 quavis
1455 1139 1605 1172 firmitate
1631 1140 1693 1172 alia
1718 1141 1895 1182 roboratis,

1164 1192 1289 1226 statutis
1321 1198 1352 1225 et
1377 1192 1692 1232 consuetudinibus,
1717 1193 1898 1236 privilegiis

1165 1256 1315 1289 quoque,
1342 1243 1476 1277 indultis
1507 1249 1538 1277 et
1562 1244 1679 1277 litteris
1710 1246 1898 1289 apostolicis

1165 1298 1196 1330 in
1222 1298 1419 1331 contrarium
1443 1297 1696 1340 praemissorum
1722 1299 1897 1341 quomodo·

1166 1351 1245 1384 libet
1261 1350 1436 1389 concessis,
1457 1350 1653 1383 confirmatis
1671 1356 1702 1383 et
1722 1351 1896 1392 innovatis;

1166 1404 1281 1447 quibus
1307 1403 1456 1436 omnibus
1477 1408 1508 1435 et
1533 1403 1681 1446 singulis,
1705 1404 1835 1436 illorum
1855 1410 1900 1437 te-

1167 1467 1262 1489 nores
1287 1456 1514 1499 praescntibus
1540 1466 1597 1498 pro
1623 1457 1718 1499 plene
1752 1461 1784 1489 et
1811 1456 1899 1489 suffi-

1165 1509 1287 1541 cienter
1312 1508 1471 1551 expressis
1497 1518 1531 1541 ac
1556 1508 1593 1540 ad
1620 1509 1752 1541 verbum
1770 1509 1898 1544 insertis

1167 1562 1335 1601 habentes,
1359 1560 1423 1593 illis
1449 1561 1528 1593 alias
1555 1561 1586 1593 in
1613 1572 1669 1594 suo
1694 1562 1811 1594 robore
1829 1572 1900 1605 per-

1166 1614 1347 1653 mansuris,
1374 1613 1412 1645 ad
1445 1613 1696 1656 praemissorum
1728 1614 1899 1656 effectum,

1167 1668 1225 1699 'nac
1245 1666 1314 1698 vice
1334 1666 1506 1705 dumtaxat,
1527 1666 1713 1708 specialiter
1729 1672 1759 1699 et
1776 1677 1900 1710 expres-

1166 1731 1199 1752 se
1217 1721 1430 1762 derogamus3
1448 1719 1627 1762 ceterisque
1645 1720 1814 1753 contrariis
1832 1720 1901 1764 qui-

1166 1774 1378 1815 buscumque.

1209 1828 1222 1867 ς
1258 1825 1288 1858 5.
1316 1825 1472 1858 Volumus
1508 1830 1616 1858 autem
1646 1830 1680 1858 ut
1713 1826 1896 1859 earumdem
1948 1834 2011 1855 fote<
2035 1837 2091 1855 mn-

1165 1878 1387 1922 praesentium
1408 1878 1588 1912 litterarum
1607 1879 1826 1923 transumptis,
1841 1864 2045 1913 seum'n‘wm'

1164 1932 1330 1974 exemplis,
1348 1931 1444 1964 etiam
1462 1932 1640 1974 impressis,
1653 1943 1749 1965 manu
1766 1932 1900 1966 alicuius

1164 1984 1281 2017 notarii
1318 1984 1442 2027 publici
1478 1984 1689 2028 subscriptis,
1728 1990 1759 2017 et
1794 1985 1900 2027 sigillo

1164 2047 1320 2080 personae
1345 2037 1377 2069 in
1404 2036 1625 2070 ecclesiastica
1650 2037 1806 2080 dignitate
1827 2048 1901 2071 con-

1163 2092 1294 2124 stitutae
1330 2089 1472 2129 munitis,
1499 2090 1612 2122 eadem
1648 2100 1782 2132 prorsus
1818 2090 1899 2124 fides

1164 2144 1284 2186 ubique
1309 2144 1455 2176 locorum
1486 2148 1550 2174 tam
1585 2142 1618 2174 in
1649 2142 1772 2175 iudicio
1804 2154 1899 2186 quam

1166 2202 1254 2230 extra
1285 2196 1366 2229 illud
1403 2195 1571 2236 habeatur,
1608 2206 1690 2239 quae
1722 2196 1901 2230 haberetur

1167 2250 1246 2293 ipsis
1271 2248 1499 2292 praesentibus
1533 2248 1557 2280 si
1593 2248 1701 2281 forent
1737 2249 1899 2283 exhibitae

1167 2304 1214 2335 vel
1238 2307 1401 2334 ostensae.

1210 2355 1323 2388 Datum
1348 2354 1479 2395 Romae,
1502 2354 1586 2397 apud
1607 2353 1637 2388 S.
1660 2353 1785 2387 Mariam
1803 2355 1901 2388 Maio-

1168 2419 1252 2447 rem,
1282 2407 1340 2440 sub
1367 2408 1488 2440 annulo
1518 2407 1707 2447 piscatoris,
1727 2408 1778 2440 die
1802 2419 1901 2442 xxvui

1168 2461 1364 2504 septembris
1392 2469 1536 2501 nomeu,
1563 2460 1771 2504 pontificatus
1800 2461 1901 2495 nostri

1169 2523 1254 2547 anno
1280 2523 1315 2547 11.

1204 2575 1263 2603 Dat.
1283 2575 1326 2602 die
1341 2575 1376 2602 28
1391 2574 1553 2612 septembris
1571 2574 1655 2609 1692,
1670 2575 1766 2612 pontif.
1785 2583 1854 2604 anno
1869 2583 1899 2605 ιι.
