2227 3225
132 241 182 271 .ἰῐ;.
197 243 227 271 C.
249 242 318 270 1693

323 291 484 325 subiicere
498 289 665 330 deberent,
686 289 958 333 quemadmodum
979 289 1056 322 bue-

323 354 423 387 usque
448 342 518 375 fieri
543 342 719 376 consuevit.

365 397 380 440 ᾗ
400 395 431 428 ⁶2.
451 395 528 428 Cum
545 400 662 436 autem,
683 395 767 428 sicut
791 395 905 428 eadem
931 394 1057 438 exposi-

321 450 366 482 tio
391 449 620 492 subiungebat,
638 459 697 492 per
713 449 876 492 quoddam
900 453 1056 481 statutum

321 503 507 546 provinciae
533 503 695 536 Romanae
711 502 850 535 ‚Ordinis
867 501 1056 546 supradicti,

321 556 500 600 apostolica
523 556 726 596 auctoritate,
741 559 776 589 ut
794 555 962 597 asseritur,
980 565 1057 588 con-

320 608 493 649 firmatum,
518 614 668 642 caveatur
692 619 844 652 expresse
876 608 963 652 quod
995 608 1058 640 sra-

321 668 385 696 tres
410 662 595 706 provinciae
629 663 814 706 praedictae
847 663 887 695 ad
922 662 1055 695 lectoris

321 716 456 759 gradum
482 715 665 759 promoveri
681 715 812 748 minime
833 716 973 755 valeant,
992 714 1054 747 nisi

321 770 352 802 in
373 769 404 803 S.
424 769 540 802 Mariae
565 780 664 812 super
688 769 860 802 Minervam
885 779 941 801 seu
961 768 1058 801 Peru-

321 822 393 856 sino
419 823 633 856 conventibus
654 822 849 866 supradictis
870 822 976 855 studia
1000 833 1055 855 sua

322 876 524 919 peregerint:
542 876 637 909 nobis
655 880 829 919 propterea
846 875 942 909 iidem
963 886 1057 919 expo-

320 934 435 963 nentes
461 928 629 962 liumiliter
653 929 830 972 supplicari
851 928 1000 961 fecerunt
1023 933 1057 961 ut

319 983 353 1016 in
385 983 573 1027 praemissis
606 988 789 1026 opportune
822 983 997 1026 providere
1027 989 1058 1016 et

321 1042 355 1069 ut
379 1036 463 1070 infra
486 1036 658 1078 indulgere
685 1036 723 1069 de
747 1035 946 1078 benignitate
977 1047 1056 1080 apo-

319 1091 432 1124 stolica
452 1090 674 1131 dignaremur.

362 1144 377 1187 ἓ
407 1143 438 1176 3.
464 1142 528 1176 Nos
559 1142 667 1184 igitur,
694 1143 824 1176 eosdem
858 1150 1056 1187 exponentes

318 1196 514 1240 specialibus
541 1196 702 1229 favoribus
720 1202 751 1229 et
769 1197 878 1239 gratiis
900 1199 1055 1241 prosequi

316 1251 472 1291 volentes,
498 1255 531 1282 et
555 1259 665 1282 eorum
690 1249 872 1292 singulares
897 1261 1056 1293 personas

315 1315 333 1336 a
358 1303 522 1347 quibusvis
539 1303 896 1344 excommunicationis,
917 1314 1057 1347 suspen-

315 1355 417 1390 sionis
438 1360 469 1388 et
488 1355 667 1394 interdicti,
695 1355 834 1398 aliisque
860 1356 1056 1390 ecclesiasti-

315 1409 361 1442 cis
382 1408 563 1448 sententiis,
582 1407 726 1440 censuris
744 1414 775 1441 et
792 1409 916 1451 poenis,
944 1420 961 1442 a
985 1410 1054 1444 iure

313 1463 364 1495 vel
399 1462 440 1494 ab
479 1461 623 1501 homine,
660 1462 770 1504 quavis
801 1462 969 1495 occasione
1006 1465 1054 1496 rel

314 1517 409 1549 causa
433 1514 519 1555 latis,
546 1514 571 1547 si
598 1514 715 1557 quibus
735 1516 985 1558 quomodolibet
1006 1517 1056 1550 in-

313 1569 453 1602 nodatae
479 1567 629 1607 existunt,
656 1567 695 1600 ad
721 1567 868 1601 effectum
901 1580 1055 1612 praesen-

315 1622 394 1654 tium
430 1621 594 1655 dumtaxat
625 1622 902 1664 consequendum,
940 1623 1053 1657 harum

314 1675 401 1708 serie
426 1675 631 1708 absolventes
651 1680 682 1707 et
700 1674 865 1708 absolutas
886 1676 954 1709 sore
980 1687 1054 1710 cen-

314 1734 437 1769 sentes,
464 1728 653 1761 huiusmodi
690 1728 982 1772 supplicationibus
1005 1730 1053 1763 in-

314 1781 438 1822 clinati,
465 1782 504 1814 de
539 1787 794 1814 memoratorum
831 1783 1053 1824 cardinalium,

315 1835 370 1878 qui
399 1834 534 1867 dilectos
560 1833 643 1866 filios
667 1833 820 1866 vicarium
845 1840 877 1867 et
902 1846 1054 1878 procura—

316 1893 420 1920 torem
457 1887 626 1929 generales
662 1886 738 1919 dieti
767 1887 896 1920 Ordinis
923 1889 1052 1922 audive-

315 1947 403 1981 runt,
423 1940 570 1980 consilio,
590 1940 708 1972 fratres
726 1940 894 1973 studentes
915 1952 969 1974 seu
987 1943 1054 1975 alu-

315 1993 381 2027 mni
403 1993 665 2037 supradictorum
679 1998 896 2026 conventuum
910 1993 940 2026 S.
956 1995 1052 2028 Marci

315 2047 496 2080 Florentini
521 2073 528 2086 ,
566 2046 597 2079 S.
636 2046 794 2079 Dominici
836 2047 985 2080 Fesulani
1022 2054 1053 2082 et

314 2101 346 2134 S.
370 2100 476 2133 iacobi
502 2099 533 2132 S.
561 2099 699 2131 Miniatis
723 2110 809 2132 nunc
834 2105 864 2132 et
888 2111 947 2143 pro
972 2106 1052 2134 tem-

315 2163 393 2196 pore
426 2151 612 2192 existentes,
642 2151 824 2185 studiorum
857 2156 959 2193 eausa,
986 2165 1051 2187 non

315 2205 392 2238 alibi
419 2216 515 2249 quam
535 2204 567 2237 in
589 2205 620 2238 S.
640 2205 735 2238 Marci
752 2205 932 2239 Florentini
958 2217 1052 2250 prae-

315 2259 424 2298 dieto,
461 2258 527 2290 sive
564 2258 634 2291 aliis
666 2259 795 2291 strictae
827 2260 1050 2293 observantiae

315 2311 550 2351 conventibus,
577 2311 760 2345 cuiusmodi
801 2317 876 2346 sunt
904 2323 1047 2347 conven-

317 2370 366 2397 tus
391 2363 579 2408 provinciae
610 2363 786 2398 Toletanae
815 2375 851 2398 ac
875 2376 1051 2410 congrega-

316 2417 414 2451 tionis
440 2418 474 2450 B.
497 2417 602 2450 lacobi
620 2417 826 2451 Venetiarum
848 2419 1048 2457 huiusmodi,

315 2483 332 2504 a
358 2480 540 2514 quoquam,
567 2471 677 2513 quavis
702 2471 891 2505 auctoritate
920 2473 967 2505 vel
992 2483 1046 2505 su-

315 2523 503 2569 perioritate
540 2523 713 2566 fungente,
747 2525 787 2558 de
824 2531 931 2559 cetero
967 2526 1048 2558 mitti

316 2589 374 2612 seu
400 2576 555 2610 collocari
585 2578 722 2619 possint,
756 2579 946 2612 auctoritate
972 2584 1048 2622 apo-

315 2631 429 2664 stolica
445 2656 452 2670 ,
475 2634 588 2662 tenore
617 2631 848 2672 praesentium,
880 2633 1048 2667 statuimus

401 2693 479 2722 Bull.
501 2693 582 2720 Rom.
602 2708 636 2712 —
660 2693 719 2722 Vol.
739 2694 790 2721 XX

168 409 244 431 Preces
267 412 311 431 stu-

129 438 231 459 demtum.

161 1150 268 1170 statutum
281 1150 307 1171 de

124 1174 172 1197 luco
182 1178 306 1198 studiorum.

932 2695 965 2722 72

902 241 1109 264 INNOCENTIUS

1136 241 1178 265 xu
1205 242 1251 265 ΡΙ».

1099 294 1131 321 et
1154 289 1355 322 ordinamus.
1383 290 1553 324 Praeterea
1579 293 1700 326 eisdem
1728 295 1833 327 fratri-

1098 341 1158 374 bus
1179 342 1381 375 studentibus
1407 353 1463 376 seu
1480 344 1629 385 alumnis,
1651 352 1686 378 ut
1703 357 1832 380 suorum

1099 395 1277 428 studiorum
1317 396 1479 430 curriculo
1519 403 1629 430 exacto
1649 425 1656 437 ,
1694 400 1769 432 licet
1800 401 1833 432 in

1098 446 1130 480 S.
1153 448 1268 482 Mariae
1294 460 1393 493 super
1413 450 1588 483 Minervam
1607 452 1645 484 de
1665 451 1758 492 Urbe,
1777 463 1833 485 seu

1099 500 1254 536 Perusino
1288 503 1500 536 conventibus
1538 504 1693 547 praefatis
1729 505 1836 539 studia

1099 555 1287 589 huiusmodi
1312 555 1445 589 minime
1470 557 1668 600 peregerint,
1686 557 1835 592 necnon*

1098 614 1258 651 peragant
1281 609 1314 642 in
1340 609 1491 649 futurum,
1518 610 1741 651 nibilominus,
1770 622 1836 644 ser-

1098 661 1177 694 vatis
1203 662 1281 695 alias
1307 663 1483 703 servandis,
1503 668 1534 696 et
1551 660 1726 697 dummodo
1746 666 1785 698 ad
1803 664 1834 698 id

1098 716 1263 759 ceteroqui
1280 716 1391 749 idonei
1407 716 1622 759 reperiantur,
1635 718 1674 750 ad
1700 719 1833 761 gradum

1098 769 1230 802 lectoris
1245 769 1428 812 promoveri
1442 769 1546 803 libere
1558 775 1588 803 et
1601 771 1687 804 licite
1697 772 1834 812 valeant,

1098 822 1131 854 in
1152 822 1302 855 omnibus
1321 828 1353 855 et
1376 833 1434 866 per
1459 824 1577 864 omnia,
1596 824 1732 866 perinde
1757 835 1793 858 ac
1809 824 1834 858 si

1098 875 1210 908 eadem
1236 875 1340 908 studia
1364 876 1397 908 in
1418 877 1631 909 conventibus
1649 877 1834 911 huiusmodi

1098 928 1262 971 peregisse
1289 934 1320 962 et
1351 929 1563 972 complevisse
1599 930 1835 973 reperirentur,

1098 983 1289 1015 auctoritate
1316 987 1348 1015 et
1372 987 1485 1016 tenore
1509 983 1662 1026 praefatis
1686 984 1837 1017 concedi-

1098 1046 1168 1068 mus
1188 1041 1220 1068 et
1238 1035 1458 1078 indulgemus:
1477 1037 1562 1069 salva
1581 1041 1686 1069 tamen
1705 1047 1836 1081 semper

1097 1089 1130 1121 in
1171 1088 1359 1131 praemissis
1397 1089 1589 1122 auctoritate
1635 1096 1835 1124 memoratae

1098 1142 1368 1184 Congregationis
1392 1142 1618 1176 cardinalium.

1142 1196 1156 1238 g
1175 1195 1206 1228 4.
1231 1195 1459 1235 Decernentcs,
1479 1195 1564 1238 ipsas
1579 1202 1767 1239 praesentes
1787 1198 1835 1230 lit-

1098 1254 1181 1281 teras
1199 1259 1329 1292 semper
1349 1249 1470 1289 firmas,
1485 1249 1607 1282 validas
1634 1255 1665 1283 et
1690 1251 1836 1285 efficaces

1096 1302 1236 1335 existere
1262 1308 1294 1334 et
1325 1302 1415 1341 sore,
1445 1312 1582 1345 suosque
1614 1303 1780 1346 plenarios
1805 1310 1837 1337 et

1095 1356 1240 1398 integros
1266 1355 1398 1388 effeetus
1423 1355 1532 1388 sortiri
1559 1361 1591 1388 et
1617 1356 1778 1398 obtinere,
1801 1368 1837 1390 ac

1095 1409 1179 1449 illis,
1207 1409 1245 1441 ad
1272 1419 1352 1451 quos
1377 1414 1502 1451 spectat
1536 1414 1568 1440 et
1602 1419 1661 1451 pro
1688 1415 1836 1453 tempore

1097 1462 1365 1506 quandocumque
1387 1461 1552 1504 spectabit,
1572 1461 1602 1493 in
1629 1462 1779 1495 omnibus
1806 1469 1838 1496 et

1096 1525 1155 1558 per
1180 1514 1287 1547 omnia
1312 1513 1503 1556 plenissime
1530 1514 1715 1557 suflragari,
1741 1520 1771 1547 et
1796 1516 1836 1548 ab

1096 1569 1161 1602 illis
1187 1567 1366 1611 respective
1392 1567 1626 1600 inviolabiliter
1655 1568 1833 1609 observari,

1097 1621 1209 1664 sicque
1234 1620 1266 1653 in
1298 1620 1484 1663 praemissis
1515 1630 1575 1663 per
1612 1631 1836 1664 quoscumque

1097 1675 1219 1708 iudices
1252 1673 1436 1707 ordinarios
1468 1680 1500 1706 et
1531 1674 1711 1715 delegatos,
1739 1674 1835 1707 etiam

1096 1738 1266 1761 causarum
1303 1727 1414 1771 palatii
1451 1727 1621 1770 apostolici
1657 1728 1835 1769 auditores,

1096 1781 1231 1813 iudicari
1257 1786 1288 1813 et
1311 1780 1437 1813 definiri
1464 1780 1584 1813 debere
1602 1807 1609 1820 ,
1647 1792 1683 1813 ac
1706 1780 1834 1813 irritum

1096 1840 1128 1867 et
1152 1834 1262 1874 inane,
1282 1833 1307 1866 si
1325 1844 1417 1866 secus
1436 1843 1535 1876 super
1553 1833 1603 1866 bis
1622 1844 1639 1866 a
1657 1844 1835 1878 quoquam,

1097 1889 1206 1931 quavis
1231 1887 1433 1926 auctoritate,
1453 1887 1591 1919 scienter
1616 1887 1666 1920 vel
1684 1887 1838 1929 ignoran-

1097 1946 1153 1980 ter,
1179 1940 1355 1983 contigerit
1379 1940 1547 1973 attentari.

1139 1995 1154 2037 g
1179 1994 1209 2026 4.
1236 1994 1306 2026 Non
1339 1993 1539 2027 obstantibus
1573 1994 1772 2037 praemissis,
1799 2006 1836 2028 ac

1096 2047 1385 2081 constitutionibus
1411 2053 1443 2080 et
1466 2048 1728 2081 ordinationibus
1758 2060 1836 2093 apo-

1095 2102 1233 2141 stolicis,
1268 2111 1418 2141 necnon,
1448 2107 1610 2144 quatenus
1647 2113 1729 2146 opus
1767 2103 1833 2145 sit,

1095 2155 1236 2194 Ordinis,
1262 2154 1532 2196 Congregationis
1566 2155 1600 2187 Β.
1635 2155 1743 2188 Iacobi
1768 2157 1833 2189 Ve-

1094 2208 1254 2241 netiarum
1279 2207 1533 2250 provinciarum,
1561 2213 1592 2240 et
1617 2213 1834 2242 conventuum

1095 2261 1346 2304 praedictorum,
1384 2261 1495 2293 aliisve
1533 2261 1709 2303 quibusvis,
1737 2262 1834 2296 etiam

1094 2315 1288 2354 iuramento,
1307 2312 1554 2346 confirmatione
1573 2314 1762 2357 apostolica,
1776 2325 1833 2348 seu

1094 2367 1207 2411 quavis
1227 2366 1376 2399 firmitate
1395 2367 1457 2400 alia
1475 2367 1647 2408 roboratis,
1662 2369 1787 2402 statutis
1803 2375 1834 2402 et

1094 2419 1384 2453 consuetudinibus
1398 2446 1405 2459 ,
1426 2419 1606 2463 privilegiis
1625 2431 1766 2464 quoque,
1784 2422 1834 2454 iu-

1093 2474 1191 2506 dultis
1216 2479 1247 2506 et
1270 2473 1388 2506 litteris
1413 2474 1601 2516 apostolicis
1633 2475 1666 2506 in
1702 2480 1833 2507 eontra·

1093 2527 1175 2560 rium
1209 2526 1458 2569 praemissorum
1485 2527 1735 2570 quomodolibet
1759 2538 1834 2560 conu

1093 2580 1199 2620 cessis,
1226 2579 1423 2612 confirmatis
1448 2585 1480 2612 et
1503 2579 1682 2620 innovatis,
1713 2579 1828 2623 quibus

1131 2644 1140 2668 1
1166 2641 1256 2669 Potius
1275 2641 1334 2676 lege
1351 2649 1399 2668 nec
1419 2642 1457 2676 (n.
1474 2642 1522 2676 T.)-

1733 236 1797 271 ἰῧῖὶ
1844 247 1893 275 An.
1904 246 1936 276 c„
1959 246 2027 275 1623

1873 1207 1996 1229 Clausulas.

1872 2003 2029 2025 Contrariorum

1845 2030 1963 2056 derogatio-
