2254 3225
264 258 312 284 An.
329 257 356 283 c.
381 256 446 283 1690
494 247 558 281 880

320 2238 444 2264 imploratur

260 2268 360 2287 auxia-nn
389 2270 444 2291 pnn-

260 2301 337 2321 cipum.

452 305 520 339 Non
546 306 635 339 vanis
658 306 827 340 intendant
844 306 1105 349 fabulationibus,
1131 319 1195 340 non

453 360 564 394 mundi
591 360 719 393 curiosa
745 365 917 400 sectentur,
938 361 994 393 sed
1016 361 1077 404 piis
1094 361 1196 395 medi-

454 415 631 447 tationibus
651 421 791 447 mentem
816 415 987 453 instruant,
1009 421 1039 448 et
1058 416 1097 447 ad
1119 426 1195 458 por-

454 468 566 501 tandas
596 468 720 500 itineris
745 469 912 500 molestias
939 468 1120 500 divinarum
1146 479 1196 501 re-

454 532 522 554 rnm
546 521 731 564 colloquiis,
758 519 895 563 hymnis¹
922 521 1017 553 etiam
1040 527 1071 553 et
1097 522 1196 553 canti-

453 575 499 608 cis
521 573 745 618 spiritualibus
772 573 830 606 sibi
855 574 991 606 invicem
1010 574 1195 607 adiumento

453 628 525 668 sint,
545 632 576 660 et
593 632 723 660 cantent
741 627 772 659 in
799 627 855 659 viis
874 627 1019 666 Domini;
1041 627 1194 669 qnoniam

453 692 568 724 magna
595 686 644 714 est
668 681 770 723 gloria
794 680 931 721 Domini,
947 680 1103 723 cogitent,
1120 680 1196 724 qnia

453 736 528 768 dum
565 745 677 768 sumus
704 735 734 766 in
761 745 907 777 corpore,
946 734 1196 777 peregrinamur

453 801 469 822 a
495 789 639 828 Domino,
666 788 820 831 quodque
857 798 921 820 non
956 788 1117 820 habentes
1143 788 1195 820 hic

453 848 640 876 manentem
655 842 827 879 civitatem,
838 842 974 873 suturam
987 841 1193 884 inquirimus,

454 901 486 930 et
510 896 548 928 ad
575 906 658 935 eam,
680 905 763 938 quae
789 905 916 926 sursum
943 900 999 934 est,
1019 894 1194 927 Ierusalem

454 955 589 982 matrem
616 954 759 981 nostram
786 954 914 980 sanetae
941 947 1008 990 spei
1029 947 1195 980 all'ectibus

453 1002 645 1045 aspiramus.
674 1002 827 1034 Avertant
864 1001 895 1034 in
932 1001 1050 1033 itinere
1083 1002 1195 1034 oculos

452 1066 526 1089 suos
552 1066 591 1088 ne
617 1055 748 1087 videant
772 1054 953 1093 vanitates,
979 1065 1039 1087 nec
1071 1054 1194 1087 illicitis

452 1108 683 1152 cupiditatibus
702 1112 755 1139 aut
772 1107 994 1141 saecularibus
1021 1107 1194 1140 desideriis

452 1174 469 1196 a
494 1167 643 1205 suscepto
669 1162 799 1204 pietatis
819 1162 987 1204 proposito
1007 1161 1143 1194 distrahi
1162 1171 1194 1194 se

452 1217 628 1260 patiantur.
656 1216 707 1249 Sic
739 1216 840 1248 bonas
868 1216 985 1249 sacient
1010 1215 1075 1248 vias
1101 1227 1195 1255 snas,

453 1276 485 1304 et
506 1270 709 1303 ambulantes
736 1270 767 1302 in
786 1270 909 1302 semitis
931 1270 1084 1310 iustitiae,
1106 1269 1195 1312 digni

452 1324 542 1364 fient,
570 1325 687 1366 angelo
713 1323 768 1356 Dei
795 1324 923 1363 comite,
950 1324 989 1356 ad
1015 1324 1100 1356 hane
1126 1334 1196 1356 san-

453 1384 516 1411 tam
542 1377 702 1410 civitatem
730 1388 802 1410 cnm
830 1376 1031 1410 exultatione
1065 1377 1194 1417 deduci,

453 1431 508 1464 nbi
534 1431 717 1464 introibunt
752 1431 783 1463 in
820 1432 1028 1464 tabernacula
1054 1431 1194 1471 Domini,

453 1491 485 1518 et
509 1485 693 1517 adorabunt
718 1484 750 1516 in
782 1484 859 1517 locis
897 1484 950 1515 ubi
987 1485 1197 1527 requiescunt

453 1537 559 1571 Sancti
587 1537 668 1570 eius.
705 1537 875 1570 Intrabunt
909 1542 1020 1580 portas
1058 1537 1127 1569 eius
1164 1537 1195 1569 in

454 1591 673 1631 consessione,
701 1595 811 1634 portas
837 1590 987 1631 institiae,
1014 1590 1132 1634 quibus
1158 1591 1197 1622 sa-

454 1645 524 1679 cilis
561 1646 599 1678 ad
634 1644 892 1678 misericordiam
923 1644 978 1676 Dei
1013 1650 1196 1687 praestatur

455 1709 617 1739 accessus,
653 1704 684 1731 et
716 1699 754 1731 ad
780 1698 969 1731 caelestium
995 1698 1197 1731 benedictio-

454 1764 530 1786 num
557 1754 730 1786 thesauros
755 1752 975 1795 acquirendos
998 1752 1072 1785 felix
1092 1752 1195 1784 aditus

454 1806 612 1850 aperitur.
640 1806 674 1839 ln
699 1806 849 1839 omnibus
876 1810 999 1845 autem,
1028 1805 1195 1838 venerabi-

454 1860 501 1892 les
518 1859 641 1899 fratres,
661 1859 798 1902 probate
818 1869 873 1891 vos
895 1859 995 1902 ipsos,
1017 1864 1047 1891 et
1066 1869 1194 1891 onmem

454 1914 577 1946 clerum
604 1914 790 1955 exemplum
815 1912 975 1945 bonorum
1003 1922 1140 1955 operum
1166 1918 1198 1945 et

455 1965 590 1998 formam
617 1966 748 2009 gregis:
768 1966 875 1999 luceat
895 1966 944 1998 lux
964 1972 1070 1999 vestra
1088 1976 1196 1999 coram

454 2019 654 2059 hominibus,
671 2024 705 2051 nt
722 2025 847 2052 vestrae
866 2019 993 2052 virtutis
1015 2030 1050 2052 ac
1068 2020 1196 2062 religio-

452 2072 502 2105 nis
521 2074 609 2106 velut
626 2073 693 2105 sale
711 2072 813 2105 ceteri
830 2072 1034 2112 condiantur,
1056 2073 1197 2116 dumque

453 2125 486 2158 in
507 2136 561 2159 vos
588 2131 750 2169 tamquam
775 2127 942 2169 speculum
967 2127 1079 2159 oculos
1096 2126 1198 2159 conii-

455 2180 551 2220 ciunt‚
569 2190 604 2213 ex
622 2179 803 2212 actionibus
822 2180 936 2212 vestris
954 2180 1098 2212 habeant
1111 2180 1197 2222 quod

456 2234 632 2268 imitentur.
649 2232 838 2266 Carissimos
865 2243 994 2276 quoque
1014 2233 1045 2265 in
1067 2231 1196 2266 Christo

456 2288 539 2321 filios
567 2292 694 2320 nostros
728 2287 959 2330 imperatorem
985 2287 1136 2327 electum,
1162 2297 1197 2320 ac

455 2352 549 2385 reges
588 2345 620 2374 et
652 2340 819 2384 principes
856 2350 968 2373 omnes
1006 2340 1195 2380 catholicos,

456 2406 548 2440 quos,
575 2393 606 2426 in
634 2394 705 2437 ipsa
730 2393 825 2426 etiam
851 2394 889 2426 ad
915 2404 1004 2426 saera
1025 2393 1196 2427 beatorum

456 2448 683 2493 apostolorum
701 2446 813 2479 limina
831 2446 902 2489 piae
920 2447 1195 2489 peregrinationis

455 2503 551 2536 laude
572 2529 579 2543 ,
607 2500 766 2534 maiorum
806 2510 939 2532 suornm
981 2500 1196 2533 aemulatores

456 2555 525 2589 fieri
556 2564 761 2598 summopere
787 2563 990 2596 cuperemus,
1017 2559 1048 2586 et
1078 2564 1195 2597 magno

455 2607 708 2652 ingravescentis
734 2606 814 2640 senii
834 2606 936 2639 nostri
962 2607 1091 2648 solatio,
1109 2613 1197 2641 ante-

492 2673 503 2704 1
516 2671 585 2699 Male
594 2670 636 2698 ed.
648 2671 684 2698 M.
697 2669 761 2709 legit
772 2670 909 2697 humanis
921 2677 968 2705 pro
979 2669 1195 2706 hymnis(R.T.).

1040 259 1217 283 Bt'LLMtIt'M
1244 259 1396 284 nomnen

1239 320 1332 352 quam
1359 309 1514 342 Dominus
1540 310 1570 342 in
1598 320 1675 353 paee
1701 310 1880 343 dimitteret
1909 319 1978 342 ser-

1239 374 1309 395 vum
1336 374 1438 404 snum,
1464 363 1496 396 in
1522 364 1804 397 benedictionibus
1835 363 1979 397 dulcedi-

1239 417 1289 449 nis
1315 416 1537 449 amantissime
1564 418 1845 460 amplccteremur,
1869 417 1978 450 horta-

1239 480 1310 502 mnr
1332 470 1458 502 interim
1485 475 1515 502 et
1541 481 1693 512 rogamus
1712 471 1742 503 in
1762 470 1909 510 Domino,
1928 475 1975 511 nt,

1239 533 1302 565 quo
1329 524 1420 565 plura
1446 527 1477 555 et
1504 523 1605 564 magis
1643 523 1784 555 illustria
1809 523 1977 564 beneficia,

1240 575 1279 607 ab
1305 575 1349 607 Eo
1374 586 1435 618 per
1460 586 1555 618 quem
1582 586 1675 618 reges
1702 582 1861 618 regnant,
1889 587 1978 610 acce-

1240 633 1366 670 perunt,
1396 633 1483 660 tanto
1510 629 1690 668 ardentius,
1715 633 1749 660 ut
1773 639 1832 672 par
1857 635 1912 669 est,
1939 630 1977 662 ad

1240 681 1293 713 Dei
1320 681 1456 723 gloriam
1484 682 1724 724 procurandam
1750 683 1804 725 pio
1829 683 1900 716 zelo
1927 694 1981 716 ex·

1239 734 1401 774 chentur,
1436 734 1614 778 praecipue
1640 746 1717 768 vero
1742 735 1979 769 venerabilium

1241 788 1374 820 fratrum
1401 793 1586 821 nostrorum
1617 788 1846 831 episcoporum
1873 794 1903 821 et
1928 800 1981 821 sn-

1240 841 1404 884 periorum
1430 841 1611 874 antistitum
1638 842 1831 885 pastoralem
1859 842 1980 875 seduli-

1240 900 1335 927 tatem
1356 893 1404 927 nt¹
1424 895 1622 938 vigilantiam
1640 896 1804 935 adiuvent,
1831 902 1895 929 eta
1913 896 1978 929 suis

1239 948 1481 990 magistratibus
1503 954 1534 981 et
1551 948 1706 982 ministris
1727 949 1871 981 adiuvari
1891 960 1980 982 man-

1240 1002 1324 1041 dent,
1345 1006 1376 1034 et
1394 1001 1615 1044 improborum
1635 1002 1765 1034 licentia
1779 1004 1979 1042 coerceatur,

1239 1060 1270 1087 et
1296 1055 1457 1087 bonorum
1484 1055 1589 1087 studia
1610 1065 1721 1088 eorum
1747 1055 1835 1098 regia
1861 1066 1923 1098 ope
1949 1060 1981 1088 et

1239 1108 1342 1151 gratia
1370 1109 1561 1148 foveanttn·;
1600 1109 1737 1141 maxime
1770 1114 1876 1141 autem
1903 1119 1980 1152 erga

1239 1161 1434 1205 peregrinos
1458 1160 1707 1194 beneficentiam
1742 1167 1773 1194 et
1805 1161 1981 1195 liberalita-

1241 1222 1303 1248 tem
1326 1220 1512 1253 exerceant,
1540 1222 1731 1258 curentque,
1765 1221 1800 1247 ut
1832 1216 1907 1248 tntis
1937 1216 1980 1249 in-

1239 1269 1355 1302 cedant
1390 1268 1570 1309 itineribus,
1612 1273 1643 1303 et
1682 1270 1771 1302 nulla
1812 1269 1979 1303 hominum

1239 1325 1441 1367 perditorum
1467 1323 1635 1357 vexatione
1660 1323 1902 1368 perturbentur,
1922 1323 1980 1356 sed

1240 1377 1457 1421 hospitalibus
1479 1377 1628 1410 domibus
1651 1382 1682 1410 et
1705 1377 1847 1421 publicis
1873 1376 1980 1420 hospi-

1241 1431 1292 1464 tiis
1318 1438 1464 1463 amanter
1492 1430 1640 1474 excepti,
1668 1437 1697 1464 et
1723 1436 1905 1464 commeatu
1932 1441 1980 1464 re-

1239 1486 1365 1528 busque
1403 1486 1440 1518 ad
1468 1485 1563 1517 vitam
1602 1485 1793 1518 necessariis
1829 1485 1979 1526 recreati,

1240 1538 1310 1570 sine
1335 1539 1400 1570 ulla
1425 1537 1637 1570 concussione
1673 1544 1704 1571 et
1736 1538 1863 1579 iniuria,
1889 1538 1981 1571 insti-

1241 1596 1342 1624 tutum
1368 1591 1431 1624 iter
1456 1592 1529 1624 laeti
1557 1597 1724 1635 peragant,
1750 1597 1781 1624 et
1806 1602 1876 1624 cum
1903 1603 1981 1635 gau·

1240 1644 1292 1677 dio
1331 1645 1362 1677 in
1400 1644 1536 1688 patriam
1575 1649 1789 1677 revertantur.
1812 1645 1867 1678 Ilis
1893 1645 1980 1678 enim

1240 1698 1355 1730 hostiis
1391 1708 1485 1740 reges
1522 1697 1726 1740 potissimum
1757 1703 1789 1730 et
1814 1698 1979 1741 prIneipes

1241 1751 1338 1783 Deum
1365 1751 1425 1783 sibi
1451 1751 1646 1793 placabilem
1674 1751 1825 1791 reddent,
1855 1756 1891 1783 ut
1927 1752 1980 1784 din

1240 1804 1392 1837 interris
1430 1804 1540 1837 felices
1576 1804 1693 1844 vivant,
1726 1809 1757 1837 et
1793 1804 1922 1837 demum
1949 1804 1980 1837 in

1239 1863 1372 1891 aeterna
1394 1858 1604 1891 tabernacula
1630 1857 1827 1901 recipiantur
1851 1858 1891 1890 ab
1917 1858 1981 1891 illis

1240 1912 1319 1955 ipsis
1345 1911 1553 1955 pauperibus,
1592 1921 1667 1953 erga
1693 1921 1773 1954 quos
1798 1910 1981 1944 misericor-

1241 1965 1324 1997 diam
1361 1965 1578 2005 exercuerint,
1612 1965 1642 1997 in
1681 1964 1797 2008 quibus
1830 1964 1980 1999 Christus

1240 2019 1382 2062 pascitur
1407 2024 1439 2051 et
1463 2018 1616 2051 nutritur.

1284 2072 1298 2115 ἓ
1323 2072 1354 2104 ll.
1382 2071 1421 2104 Ut
1452 2082 1526 2104 vcro
1558 2074 1748 2115 praesentes
1780 2071 1908 2105 litterae
1941 2071 1980 2104 ad

1241 2126 1387 2159 omnium
1408 2125 1553 2158 fidelium
1572 2125 1832 2169 quibuscumque
1850 2125 1882 2157 in
1902 2125 1981 2159 locis

1240 2179 1446 2212 existentium
1472 2179 1617 2212 notitiam
1637 2179 1763 2211 facilius
1778 2179 1979 2222 perveniant,

1239 2233 1386 2265 volumus
1408 2242 1516 2265 earum
1542 2231 1710 2275 exemplis,
1730 2231 1826 2264 etiam
1845 2231 1982 2274 impres-

1240 2287 1297 2326 sis,
1317 2297 1414 2319 manu
1440 2285 1557 2318 notarii
1579 2285 1699 2328 publici
1723 2284 1928 2328 subscriptis,
1946 2295 1982 2318 ac

1240 2350 1401 2383 personae
1428 2339 1460 2372 in
1479 2338 1699 2372 ecelesiastica
1724 2338 1881 2381 dignitate
1907 2348 1983 2371 con-

1239 2393 1372 2426 stitutae
1398 2393 1506 2435 sigillo
1535 2392 1676 2432 munitis,
1704 2392 1816 2425 eadem
1845 2401 1980 2435 prorsus

1239 2447 1334 2480 fidem
1355 2447 1478 2486 haberi,
1497 2456 1579 2489 quae
1598 2446 1775 2478 haberetur
1792 2445 1870 2488 ipsis
1887 2455 1982 2489 prae-

1238 2500 1384 2533 sentibus
1402 2500 1427 2532 si
1446 2499 1610 2532 exhibitae
1633 2499 1737 2531 t'orent
1755 2503 1786 2530 et
1810 2503 1976 2531 ostensae.

1283 2555 1298 2598 ἓ
1323 2554 1353 2587 5.
1378 2553 1462 2586 Nulli
1481 2563 1561 2595 ergo
1588 2551 1755 2584 hominum
1782 2551 1979 2585 liceathane

1239 2608 1390 2652 paginam
1417 2611 1546 2639 nostrae
1572 2604 1770 2645 indictionis,
1797 2605 1980 2649 promulga-

1273 2670 1287 2698 1
1305 2669 1375 2697 Edit.
1392 2668 1474 2696 Main.
1490 2667 1555 2704 legit
1569 2669 1595 2694 et
1612 2675 1659 2703 pro
1675 2667 1748 2703 uem.
1761 2666 1809 2702 ¹12).

1985 261 2034 288 An.
2055 261 2084 288 C.
2103 261 2170 289 1699

2019 2076 2053 2096 Cla
2059 2075 2139 2095 nsttlao.

2016 2556 2104 2577 Sanctio
2124 2561 2175 2583 poe-

1989 2583 2053 2604 nans.
