2227 3225
112 247 163 276 An.
177 246 206 276 C.
229 247 297 275 1699

143 1898 264 1921 Clausulas.

902 246 1111 269 INNOCENTIUS
1136 246 1179 269 XII
1204 246 1252 269 PP.

307 295 428 328 militer
445 294 606 338 porrectis
630 293 793 332 inclinati,
816 294 855 326 de
882 293 1052 326 venerabi-

307 348 387 382 lium
414 348 549 380 fratrum
575 353 763 380 nostrorum
789 346 820 379 S.
843 347 879 379 R.
899 346 934 378 E.
951 347 1052 378 cardi-

306 401 429 434 nalium
455 400 598 443 negotiis
624 405 654 432 et
674 399 969 432 consultationibus
988 399 1052 442 cpi-

305 464 481 498 scoporum
507 460 538 486 et
559 453 760 494 regularium
779 452 1051 495 praepositorum,

307 508 366 551 qui
383 506 613 540 votumdilccti
630 506 796 539 liliinostri
808 506 956 545 Leandri,
972 506 1052 538 eius·

307 561 381 594 dem
396 560 428 593 S.
447 560 483 592 R.
500 560 533 592 E.
555 560 731 592 cardinalis
749 559 912 592 Colloredi
935 570 1053 591 nuncu-

309 614 386 657 pati,
406 623 506 656 super
530 613 720 656 praemissis
738 613 996 651 considerarunt,
1022 619 1051 645 et

310 667 420 710 quoad
441 667 578 710 petitam
610 666 892 699 confirmationem
919 666 1051 698 secundi

308 731 344 753 ex
372 720 464 752 dictis
482 720 585 752 tribus
607 720 748 752 decretis
761 719 892 752 minime
913 729 1052 751 annuen-

307 773 383 806 dum
409 784 480 806 esse
505 778 714 811 censuerunt,
735 772 881 811 consilio,
894 772 956 804 alia
978 772 1052 811 duo,

306 836 424 868 nempe
439 825 578 869 primum
594 836 653 868 pro
670 825 832 867 magistris
847 824 1050 864 novitiorum,

308 879 421 912 addito
448 884 556 912 tamen
582 879 669 922 quod
688 879 726 911 ad
752 884 945 911 memoratas
960 888 1053 921 prae-

307 931 473 974 rogativas
499 942 554 964 scu
585 932 816 974 graduationes
849 941 1053 973 consequen-

307 985 365 1019 das
390 995 456 1018 non
480 984 618 1018 sufficiat
643 986 729 1019 solus
761 984 915 1028 temporis
943 984 1050 1027 lapsus

307 1039 341 1071 in
359 1038 587 1082 qualicumque
613 1038 769 1071 exercitio
796 1038 973 1080 magisterii
999 1048 1053 1070 no-

309 1091 462 1124 vitiorum
487 1091 690 1131 huiusmodi,
715 1091 776 1123 nisi
798 1091 895 1123 etiam
921 1101 1051 1124 concur-

308 1151 359 1178 rat
376 1145 553 1178 definitorii
581 1145 744 1188 generalis
770 1146 818 1177 vel
844 1144 1051 1187 provincialis

309 1197 415 1231 dictae
455 1197 724 1240 Congregationis
765 1197 957 1240 approbatio
995 1207 1051 1230 seu

310 1251 489 1284 declaratio
515 1261 613 1294 saper
638 1250 795 1284 laudabili
822 1250 990 1289 exercitio,
1015 1261 1052 1282 ac

309 1304 440 1338 tertium
467 1305 601 1338 decreta
619 1304 807 1337 huiusmodi
834 1314 934 1346 super
954 1304 1053 1336 lecto-

309 1358 400 1390 ribus
425 1358 665 1401 praedictorum
684 1363 824 1400 quatuor
843 1356 1053 1390 monasterio-

309 1421 392 1449 rum,
415 1411 603 1444 auctoritate
621 1411 808 1454 apostolica,
828 1416 940 1443 tenore
960 1421 1052 1454 prae-

309 1465 451 1497 sentium
467 1491 475 1505 ,
502 1466 724 1508 approbamus
749 1471 778 1497 et
803 1464 1051 1503 confirmamus,

310 1517 425 1560 illique
445 1517 645 1551 inviolabilis
671 1518 867 1561 apostolicae
893 1517 1053 1550 firmitatis

310 1571 410 1604 robur
434 1570 613 1611 adiicimus,
647 1582 682 1604 ac
710 1582 825 1604 omnes
852 1577 884 1604 et
907 1571 1053 1613 singulos

310 1624 389 1658 iuris
418 1629 451 1657 et
475 1624 550 1657 sacti
584 1624 738 1664 desectus,
772 1624 798 1656 si
831 1624 886 1667 qui
912 1624 1054 1667 desuper

311 1677 560 1719 quomodolibet
577 1677 824 1716 intervenerint,
843 1678 1052 1719 supplemus3

312 1730 402 1762 salva
427 1735 535 1762 tamen
561 1739 692 1772 semper
721 1729 753 1762 in
791 1730 976 1772 praemissis
1001 1740 1054 1761 au-

313 1782 466 1815 ctoritate
490 1781 759 1824 Congregationis
780 1782 971 1814 eorumdem
992 1791 1055 1814 car-

313 1835 485 1868 dinatium.

355 1889 370 1932 5
394 1888 427 1922 3.
454 1888 687 1928 Decernentes‚
707 1888 840 1920 easdem
864 1893 1056 1931 praesentes

311 1942 438 1975 litteras
452 1952 585 1986 semper
598 1942 715 1982 firmas,
726 1942 848 1974 validas
863 1948 894 1975 et
908 1942 1055 1975 efficaces

312 1995 452 2028 existere
479 2000 510 2028 et
534 1995 619 2035 fore,
647 2006 789 2038 suosque
824 1995 992 2038 plenarios
1026 2002 1056 2029 et

311 2048 459 2091 integros
486 2048 620 2081 effectus
647 2049 754 2081 sortiri
781 2055 812 2081 et
838 2049 999 2088 obtinere,
1020 2060 1056 2082 ac

311 2102 393 2143 illis,
419 2102 459 2135 ad
485 2113 568 2146 quos
593 2108 718 2145 spectat
749 2108 781 2135 et
810 2113 870 2146 pro
909 2108 1055 2146 tempore

312 2155 484 2197 spectabit,
508 2156 540 2188 in
562 2156 712 2188 omnibus
740 2162 771 2189 et
788 2167 846 2199 per
863 2156 971 2189 omnia
988 2157 1056 2198 ple-

311 2208 446 2241 nissime
477 2208 659 2251 suffragari,
685 2215 717 2242 et
740 2209 780 2241 ab
806 2209 851 2242 eis
877 2209 1055 2252 respective

311 2263 548 2296 inviolabiliter
573 2263 763 2303 observari,
784 2264 897 2306 sicque
912 2263 944 2295 in
963 2274 1057 2306 prae-

311 2315 420 2349 missis
446 2326 506 2359 per
531 2326 756 2359 quoscumque
783 2316 905 2348 iudices
927 2316 1057 2349 ordina—

311 2369 377 2402 rios
402 2374 434 2402 et
458 2369 649 2411 delegatos,
675 2369 772 2402 etiam
797 2380 966 2402 causarum
999 2380 1055 2413 pa-

311 2423 381 2456 latii
403 2423 576 2466 apostolici
596 2423 773 2463 auditores,
800 2423 935 2455 iudicari
958 2428 989 2455 et
1008 2423 1057 2455 de-

312 2475 399 2509 finiri
414 2476 544 2516 debere,
560 2487 596 2509 ac
611 2476 738 2508 irritum
755 2481 787 2509 et
804 2476 911 2515 inane,
926 2476 950 2508 si
966 2487 1056 2510 secus

314 2540 412 2573 super
425 2529 476 2562 his
494 2540 512 2562 a
529 2540 706 2573 quoquam,
723 2530 834 2573 quavis
851 2531 1054 2570 auctoritate,

316 2583 458 2616 scienter
487 2584 538 2616 vel
568 2583 779 2626 ignoranter,
811 2583 985 2626 contigerit
1010 2589 1058 2616 at-

1095 298 1127 326 et
1151 292 1414 326 ordinationibus
1439 293 1652 335 apostolicis,
1677 304 1713 327 ac
1735 294 1839 327 dictae

1096 344 1369 388 Congrcgationis
1393 346 1632 379 monachorum
1648 374 1655 387 ,
1682 347 1780 381 etiam
1798 348 1840 380 iu-

1096 404 1254 437 ramento,
1281 398 1532 431 confirmatione
1568 401 1756 441 apostolica,
1791 401 1840 434 vel

1095 451 1208 494 quavis
1234 450 1389 483 firmitate
1414 450 1477 483 alia
1501 451 1683 491 roboratis,
1710 453 1840 485 statutis

1095 512 1126 538 et
1150 505 1458 545 consuetudinibus,
1486 505 1668 548 privilegiis
1695 517 1839 549 quoque,

1095 559 1229 591 indultis
1254 564 1287 591 et
1314 558 1432 591 litteris
1454 558 1645 601 apostolicis
1662 558 1695 590 in
1714 564 1841 591 contra-

1096 611 1178 644 rium
1206 611 1463 654 praemissorum
1490 611 1742 654 quomodolibet
1766 621 1842 643 con-

1095 665 1198 697 cessis
1223 665 1422 697 confirmatis
1448 670 1478 697 et
1504 664 1685 704 innovatis;
1723 664 1842 707 quibus

1096 717 1249 750 omnibus
1283 723 1315 750 et
1352 717 1514 759 singulis,
1542 717 1675 749 illorum
1710 722 1841 749 tenores

1095 770 1324 813 praesentibus
1355 781 1414 813 pro
1447 771 1546 813 plene
1577 775 1609 802 et
1643 769 1843 802 sufficienter

1096 823 1257 866 expressis
1277 834 1313 855 ac
1334 824 1373 856 de
1388 823 1486 856 verbo
1501 824 1539 856 ad
1556 823 1690 855 verbum
1705 822 1841 855 insertis

1097 877 1266 915 babentes,
1292 876 1357 909 illis
1383 876 1462 909 alias
1488 876 1520 908 in
1545 886 1604 908 suo
1631 876 1751 908 robore
1768 885 1844 918 per·

1096 929 1265 969 mansuris,
1300 930 1338 962 ad
1374 929 1629 972 praemissorum
1662 927 1841 969 ess'ectum,

1097 983 1156 1016 hac
1188 983 1258 1015 ricc
1290 983 1478 1022 dumtaxat,
1504 981 1693 1025 specialiter
1723 986 1756 1014 et
1791 991 1843 1014 ex-

1096 1046 1207 1079 presse
1234 1036 1445 1078 derogamus,
1468 1035 1654 1078 ceterisque
1669 1034 1843 1068 contrariis

1096 1089 1371 1132 quibuscumque.

1138 1144 1152 1186 g
1188 1143 1220 1176 4.
1256 1143 1413 1176 Volumus
1445 1147 1553 1175 autem
1584 1147 1622 1174 ut
1653 1141 1842 1175 earumdem

1094 1196 1317 1239 praesentium
1342 1196 1525 1229 litterarum
1544 1195 1766 1238 transumptis,
1785 1205 1843 1228 seu

1094 1249 1264 1292 exemplis,
1289 1249 1387 1282 etiam
1411 1249 1590 1292 impressis,
1618 1259 1716 1281 manu
1741 1248 1844 1281 alicu-

1093 1304 1142 1337 ius
1167 1304 1288 1337 notarii
1314 1304 1439 1346 publici
1457 1303 1662 1346 subscriptis,
1685 1308 1717 1335 et
1732 1302 1843 1345 sigillo

1094 1368 1253 1402 personae
1279 1357 1311 1389 in
1337 1356 1558 1390 ecclesiastica
1583 1356 1742 1398 dignitate
1768 1366 1844 1389 con-

1096 1412 1225 1444 stitutae
1251 1411 1385 1443 munitis
1405 1437 1412 1450 ,
1440 1410 1554 1442 eadem
1591 1419 1727 1452 prorsus
1761 1408 1840 1442 fides

1096 1465 1218 1508 ubique
1245 1466 1393 1497 locorum
1421 1469 1483 1495 tam
1519 1463 1553 1495 in
1590 1462 1711 1495 iudicio
1745 1473 1842 1505 quam

1096 1524 1186 1551 extra
1210 1517 1293 1550 illud
1323 1517 1503 1555 habeatur,
1542 1526 1623 1559 quae
1662 1515 1842 1548 haberetur

1096 1571 1174 1614 ipsis
1205 1569 1437 1613 praesentibus
1474 1569 1500 1602 si
1538 1569 1646 1602 forent
1676 1568 1843 1602 exhibitae

1097 1625 1148 1657 vel
1175 1630 1342 1656 ostensae.

1140 1677 1255 1709 Datum
1288 1676 1428 1715 Romae,
1455 1675 1541 1718 apud
1568 1674 1599 1708 S.
1627 1674 1759 1708 Mariam
1779 1674 1843 1708 Ma-

1097 1730 1224 1769 iorem,
1253 1730 1312 1762 sub
1341 1730 1463 1762 annulo
1489 1728 1673 1767 piscatoris,
1696 1727 1748 1761 die
1780 1738 1842 1761 xxv

1097 1784 1165 1816 iulii
1181 1792 1330 1822 nncxcnc,
1344 1782 1554 1826 pontificatus
1572 1781 1673 1815 nostri
1693 1792 1778 1815 anno
1797 1791 1838 1816 lx.

1134 1845 1194 1872 [tat.
1213 1846 1259 1872 die
1279 1845 1314 1871 ⁶25
1333 1844 1390 1871 iulii
1412 1844 1492 1876 1699,
1513 1844 1612 1879 pontif.
1635 1851 1706 1871 anno
1726 1850 1762 1870 tx.

1288 1960 1444 1994 cmxxv
1470 1959 1530 2003 (αι.
1557 1959 1650 2003 186).

1100 2032 1361 2066 Comunicantur
1384 2032 1513 2074 qratiae
1537 2030 1728 2074 spirituales
1753 2030 1842 2064 Con-

1141 2085 1344 2129 qi'eqaliom's
1380 2084 1580 2118 Cussinensis
1622 2083 1842 2117 Benediclinis

1144 2139 1333 2172 monasterii
1358 2138 1556 2172 Mellicensis
1580 2138 1616 2170 in
1640 2137 1780 2172 Austria
1800 2135 1821 2171 ¹.

1282 2209 1479 2237 Innocentius
1496 2210 1576 2243 Papa
1595 2209 1658 2241 xu,

1240 2255 1277 2282 ad
1297 2255 1432 2282 futuram
1451 2255 1497 2281 rei
1517 2254 1702 2282 memoriam.

1143 2317 1319 2350 Pastoralis
1345 2316 1469 2355 officii,
1495 2327 1558 2359 quo
1586 2316 1769 2349 catholicae
1785 2315 1842 2348 Ec-

1099 2371 1219 2404 clesiae
1244 2380 1303 2413 per
1328 2370 1513 2403 universum
1539 2375 1700 2402 terrarum
1726 2369 1841 2402 orbem

1135 2469 1146 2494 1
1172 2467 1273 2494 Similis
1298 2467 1506 2494 communicatio
1534 2466 1605 2493 facta
1631 2465 1843 2500 Congregationi

1098 2512 1243 2539 Bavaricae
1254 2516 1327 2539 extat
1341 2516 1428 2539 const.
1442 2511 1484 2538 ed.
1501 2517 1607 2544 mncxct,
1617 2510 1660 2537 die
1677 2512 1703 2537 11
1723 2511 1841 2545 augusti,

1099 2556 1193 2592 pontif.
1211 2564 1237 2589 13
1258 2560 1285 2583 et
1304 2557 1331 2583 in
1348 2555 1493 2583 Clementis
1505 2555 1634 2582 chonst.
1652 2555 1696 2581 ed.
1714 2561 1840 2588 MDccxlv,

1099 2601 1142 2628 die
1164 2603 1191 2628 11
1215 2601 1346 2635 octobris,
1361 2600 1457 2636 pontif.
1480 2606 1534 2633 xiv,
1556 2607 1603 2635 pro
1623 2599 1840 2635 Congregatione

314 2635 528 2671 tentari.Non
545 2636 752 2670 obstantibus
769 2637 1058 2672 constitutionibus
1099 2645 1294 2674 monac-horum
1313 2646 1341 2672 iu
1360 2644 1476 2672 Boemia.

425 2698 505 2727 Bull.
526 2698 611 2728 Rom.
630 2715 664 2721 -—
688 2700 747 2730 Vol.
769 2699 831 2728 XX.
976 2700 1027 2728 114

1735 236 1799 270 905
1845 245 1893 272 An.
1915 245 1943 273 c.
1961 245 2029 274 1699

1892 1154 1956 1175 Fides
1980 1155 2037 1174 tran-

1852 1184 1990 1208 sumptorum.

1879 2321 2000 2343 Exordium.
