2254 3225
243 180 290 206 An.
309 179 338 206 C.
362 179 424 206 1091

274 970 376 989 Nauvnm
398 973 418 989 sat

235 999 326 1021 pueritia
358 997 417 1017 flate·

236 1026 286 1043 tam.

262 1908 412 1928 Adolescen'ia.

473 170 536 203 176
1012 178 1188 201 BtLLAItlt'M

1213 176 1317 199 noun
1324 174 1364 197 L'M

433 227 587 270 illiusque
623 227 732 266 vitam,
769 228 902 260 virtutes
938 232 968 259 et
1003 226 1166 262 miracula,
1187 228 1190 266 l
1210 223 1304 256 etiam
1331 230 1503 263 corporum
1524 220 1605 252 male
1632 219 1820 252 habentium
1845 219 1941 252 servi-

432 291 560 313 necnon
585 286 729 313 actorum
750 280 866 312 seriem
884 280 921 312 ad
938 279 1092 311 maiorem
1110 277 1165 309 Dei
1186 295 1188 319 ἆ

432 334 568 374 gloriam
586 339 618 366 et
635 333 894 365 christifidelium
908 330 1164 364 aedificationem
1186 323 1187 336 ¹

431 386 612 418 summatim
647 396 817 418 recensere
849 385 1045 417 decreverat.
1075 381 1186 422 anag

432 449 504 470 cum
524 449 583 471 nec
607 438 688 481 ipse,
708 448 767 470 nec
793 437 904 470 similis
929 433 1163 468 recordationis
1184 425 1186 441 ¹

432 491 638 523 Innocentius
664 490 749 533 Papa
775 490 811 521 XI
846 494 876 522 et
902 486 1083 520 Alexander
1107 485 1185 537 Pa-i

432 553 472 585 pa
492 543 554 575 VIII
580 543 650 575 eius
673 551 888 579 successores,
920 538 1020 571 nostri
1055 542 1162 569 autem

430 596 707 638 praedecessores,
734 599 837 626 morte
861 591 1038 636 praeventi,
1058 590 1163 621 baete·

430 658 489 679 nus
514 647 725 690 peregissent,
752 657 791 678 ne
817 651 877 677 tam
912 645 963 686 pia
995 649 1026 675 et
1056 638 1184 674 exem-⁴

428 701 529 743 plaris
548 699 704 733 memoria
722 709 861 741 unquam
881 697 1080 733 obliteretur,
1106 695 1161 727 scd

429 752 606 794 apostolica
636 753 789 784 roborata
823 748 1004 782 testimonio
1035 748 1160 779 sincere

429 812 459 838 et
486 806 624 839 veridice
655 808 864 837 conservetur
895 802 927 834 in
960 812 1080 840 aevum,
1112 812 1184 856 se-¹

428 864 578 900 quentem
603 857 821 889 narrationem
854 854 1082 896 praesentibus
1109 853 1160 886 lit-

428 911 505 942 teris
531 910 675 941 duximus
697 908 972 940 committendam.
1182 912 1183 940 l

472 964 485 1005 ξ
510 962 540 994 ⁶2.
579 962 673 993 Natus
706 966 753 992 est
784 960 896 992 beatus
922 959 1090 991 Caietauus
1114 959 1158 989 Vi-
1181 985 1183 1011 ἔ

428 1014 562 1052 centiae‚
594 1014 677 1044 clara
705 1013 840 1044 Venetae
866 1011 996 1043 ditionis
1022 1011 1158 1048 civitate,
1181 1035 1182 1048 2

427 1067 509 1098 circa
533 1076 649 1097 annum
676 1069 840 1106 reparatae
865 1064 977 1095 salutis
1003 1073 1159 1101 aianxxx,

426 1117 614 1159 parentibus
639 1117 752 1148 comite
777 1115 917 1158 Gaspare
939 1116 1102 1147 Tbienaeo
1129 1113 1181 1147 et'

426 1169 519 1200 Maria
538 1169 632 1200 Porto
650 1168 807 1199 ambobus
825 1178 942 1209 genere
962 1167 1156 1210 praeclaris;

425 1231 520 1262 quem
545 1231 614 1253 mox
639 1225 668 1251 ut
693 1220 784 1252 enixa
806 1226 853 1252 est
871 1226 984 1258 mater,
1001 1220 1157 1262 Deiparae

426 1273 544 1315 Virgini
574 1272 691 1305 obtulit
720 1272 1033 1314 commendavitque.
1064 1272 1180 1315 Cuius,

425 1331 498 1358 vota
514 1325 653 1367 benigne
672 1325 836 1367 suscipere
854 1325 922 1366 ipsa
940 1325 1076 1366 Deipara
1093 1325 1157 1356 visa

424 1382 481 1416 est,
501 1387 571 1409 eum
590 1387 717 1419 semper
732 1376 763 1408 in
783 1381 944 1417 posterum
964 1376 1156 1418 specialibus

425 1430 583 1462 favoribus
600 1439 782 1467 munerans,
800 1429 933 1471 ipseque
950 1429 1097 1468 vicissim,
1123 1434 1157 1461 ut

424 1488 556 1514 matrem
582 1481 669 1514 illam
696 1480 871 1513 tenerrimo
888 1481 1025 1523 quodam
1043 1480 1155 1513 affectu

424 1544 521 1576 saepe
545 1534 757 1576 compellam,
782 1533 820 1565 ad
847 1533 915 1565 eius
940 1533 1154 1576 patrocinium

424 1587 455 1618 in
480 1586 586 1619 arduis
613 1586 761 1618 omnibus
788 1586 1009 1628 confugiebat.
1044 1586 1155 1618 Pietati

426 1651 442 1671 a
466 1638 577 1681 primis
603 1638 694 1670 annis
718 1638 873 1677 addictus,
903 1639 1052 1677 orationi,
1072 1640 1157 1671 elee-

424 1691 572 1734 mosynis,
592 1691 726 1733 aliisque
751 1691 813 1733 piis
839 1691 991 1733 operibus
1016 1692 1156 1723 animum

424 1744 614 1782 instruebat,
636 1749 824 1775 cunctorum
851 1744 961 1776 oculos
986 1744 1017 1775 in
1050 1755 1083 1776 se
1109 1756 1158 1776 ra·

424 1797 516 1840 piens
542 1797 656 1828 mirum
673 1796 703 1828 in
723 1797 863 1834 modum,
880 1797 960 1829 adeo
978 1802 1011 1828 ut
1028 1808 1062 1828 ex
1083 1802 1158 1829 tunc

425 1854 552 1881 sanctus
578 1849 615 1880 ab
641 1849 792 1881 omnibus
817 1854 1068 1891 nuncuparetur.

469 1902 483 1944 ἓ
511 1901 542 1934 3.
578 1901 655 1933 Aliis
689 1901 802 1933 studiis
827 1901 978 1939 emensis,
1003 1899 1158 1942 pontificii

426 1959 457 1985 et
481 1954 612 1986 caesarii
639 1953 716 1986 iuris
734 1954 926 1996 prudentiae
951 1964 1079 1995 operam
1107 1954 1160 1986 de-

427 2006 482 2045 dit,
511 2006 632 2048 fuitque
657 2007 820 2048 utriusque
841 2007 949 2038 laurea
974 2005 1091 2037 Patain
1113 2005 1161 2037 in-

426 2058 573 2100 signitus.
594 2058 714 2101 Quique
733 2059 840 2090 adbuc
859 2069 941 2101 puer
959 2058 990 2090 in
1016 2063 1160 2091 extruen-

427 2111 475 2142 dis
493 2110 555 2142 aris
584 2111 744 2153 sacrisque
764 2111 956 2152 imaginibus
970 2111 1161 2144 exornandis

428 2168 513 2194 totus
537 2163 648 2202 fuerat,
675 2164 876 2205 postmodum
902 2164 1103 2202 adolescens,
1130 2169 1163 2195 ut

429 2214 664 2257 oppidanorum
690 2216 860 2248 conuuodo
878 2227 913 2248 ae
939 2216 1049 2258 pietati
1075 2216 1162 2248 serio

429 2265 638 2308 prospiceret,
669 2267 781 2300 beatae
812 2267 927 2300 Mariae
958 2268 1162 2309 Magdalenae

430 2319 542 2350 aedem
567 2321 629 2350 una
654 2329 723 2351 cum
749 2331 904 2361 germano
923 2320 1019 2352 fratre
1037 2320 1067 2352 in
1094 2331 1165 2362 pro-

430 2370 500 2413 prio
511 2370 743 2403 Thienaeorum
759 2383 850 2414 pago,
862 2383 956 2415 quem
969 2373 1162 2415 Rampazum

432 2422 552 2461 dicunt,
572 2433 588 2454 a
605 2423 820 2456 fundamentis
839 2424 984 2463 extruxit,
1003 2435 1164 2467 censuque

432 2474 469 2505 ad
497 2484 586 2506 sacra
607 2475 750 2507 facienda
771 2477 903 2508 dotavit.
931 2477 1019 2509 Adeo
1045 2477 1164 2509 anima-

431 2537 502 2559 rum
535 2527 660 2560 sitiebat
693 2530 837 2570 salutem,
870 2535 904 2562 ut
936 2540 1006 2562 eam
1031 2530 1164 2563 obrem

1211 275 1252 307 tio
1277 284 1309 306 se
1334 273 1366 305 in
1388 272 1586 305 nosocomiis
1604 273 1811 316 manciparet,
1831 284 1866 305 ac
1883 283 1941 315 per

1207 325 1388 358 istiusmodi
1423 326 1588 358 charitatis
1625 325 1728 358 officia
1762 336 1876 367 aegros
1901 326 1940 357 ad

1207 378 1408 420 patientiam,
1445 378 1501 411 Dei
1536 388 1695 418 amorem,
1731 383 1940 420 peccatorum

1207 441 1337 463 suorum
1374 430 1600 473 expiationem,
1628 441 1664 463 ac
1698 441 1860 473 supernae
1883 442 1940 474 pa-

1207 482 1286 515 triae
1302 483 1496 516 desiderium
1510 484 1678 523 excitabat,
1693 483 1772 516 nibil
1786 483 1938 516 intactum

1206 536 1402 578 relinquens,
1421 547 1484 578 quo
1500 537 1564 569 Deo
1583 537 1703 568 animas
1727 536 1938 575 lucrifaceret,

1206 588 1308 620 dictus
1323 593 1499 630 propterea
1511 593 1644 621 venator
1656 588 1844 620 animarum.
1859 588 1940 621 Hinc

1205 650 1322 672 novum
1354 641 1518 673 Vicentiae
1554 641 1776 674 nosocomium
1811 641 1937 680 erexit;

1183 704 1184 735 ;
1206 691 1281 724 hinc
1294 692 1449 733 Venetias,
1463 693 1650 726 confessarii
1667 693 1801 733 monitu,
1816 704 1832 726 e
1847 693 1938 726 cuius

1182 741 1184 752 ⁴
1205 755 1261 776 ore
1286 750 1429 788 nutuque
1459 746 1630 788 pendebat,
1649 746 1695 779 ire
1714 746 1883 779 contendit
1898 747 1938 779 ad

1183 797 1321 838 'magni‚
1358 803 1392 829 ut
1423 805 1542 837 vocant,
1570 798 1799 831 incurabilium
1821 799 1941 831 valetu-

1205 849 1320 881 dinarii
1335 860 1445 882 curam
1460 850 1707 893 suscipiendam.
1723 851 1804 884 HInc
1818 849 1938 884 Romae

1205 912 1239 933 ac
1260 901 1404 943 Neapoli,
1423 903 1497 944 quo,
1516 913 1664 935 successu
1683 903 1847 945 temporis,
1866 914 1939 936 con-

1206 953 1276 995 tigit
1296 955 1487 996 perrexisse,
1507 955 1619 988 eodem
1644 955 1749 988 animo
1774 966 1810 988 ac
1829 958 1866 988 ea
1890 967 1938 988 so-

1204 1007 1370 1039 licitudine
1393 1008 1573 1048 tenebatur,
1596 1014 1630 1040 ut
1652 1008 1805 1040 nimirum
1821 1019 1937 1051 eorpo-

1204 1070 1270 1090 rum
1289 1060 1381 1092 sirnul
1400 1065 1431 1092 et
1448 1060 1624 1092 animarum
1643 1062 1738 1094 saluti
1756 1062 1936 1094 consultum

1202 1112 1273 1149 iret,
1310 1112 1511 1145 infirmorum
1541 1114 1754 1146 calamitatem
1785 1114 1936 1157 utrinque

1180 1201 1181 1211 η
1202 1165 1340 1197 leniens.
1375 1165 1441 1203 Ouo
1467 1166 1586 1198 factum
1619 1172 1676 1207 est,
1701 1171 1745 1205 ut,
1770 1173 1935 1209 grassante

1179 1239 1180 1242 =
1202 1217 1342 1249 Venetiis
1368 1219 1566 1260 pestilentia,
1590 1221 1625 1252 ea
1642 1219 1833 1262 contagione
1850 1221 1937 1253 labo-

1201 1270 1344 1302 rantibus
1363 1271 1504 1313 propriis
1522 1271 1592 1314 ipse
1612 1272 1760 1304 manibus
1780 1272 1935 1305 inservire

1200 1332 1235 1353 ac
1271 1322 1426 1354 vilissima
1462 1334 1607 1366 quaeque
1644 1325 1752 1356 munia
1784 1332 1935 1368 prompto

1200 1375 1306 1408 animo
1332 1376 1462 1417 aggredi
1490 1387 1554 1409 non
1580 1377 1781 1410 formidaret.

1243 1428 1257 1470 ξ,
1280 1427 1311 1459 4.
1339 1428 1470 1460 Romam
1496 1428 1571 1461 inde
1595 1430 1769 1471 profectuS‚
1792 1436 1823 1463 et
1846 1432 2124 1478 reco-dfflfflffiffltffl·

1958 1462 2038 1480 antium
2061 1461 2123 1482 Divm

1199 1480 1314 1512 lendae
1351 1481 1525 1513 memoriae
1559 1481 1641 1514 lulio
1674 1482 1759 1524 Papa
1782 1483 1806 1515 ll
1838 1485 1933 1517 etiam
1946 1488 2033 1508 Amris·

1198 1533 1443 1576 praedecessori
1470 1540 1579 1567 nostro
1613 1534 1645 1567 in
1679 1536 1792 1578 primis
1822 1547 1935 1577 carus,

1200 1585 1283 1617 inter
1309 1586 1566 1628 protonotarios,
1594 1592 1628 1618 ut
1652 1593 1783 1629 vocant,
1808 1589 1938 1630 partici-

1200 1644 1314 1680 pantes
1332 1638 1474 1670 adscitus
1495 1643 1562 1678 est·,
1590 1649 1699 1671 verum
1723 1645 1847 1682 postea,
1869 1651 1938 1673 sae-

1200 1690 1355 1722 cularium
1376 1701 1484 1722 rerum
1511 1696 1689 1733 pertaesus,
1717 1691 1937 1735 abdicatisque

1200 1743 1361 1782 omnibus,
1397 1744 1435 1775 ad
1461 1743 1644 1776 sodalitium
1667 1744 1771 1776 Divini
1797 1745 1935 1785 Amoris,

1201 1796 1286 1837 quod
1313 1806 1349 1828 eo
1375 1802 1522 1838 tempore
1555 1796 1678 1829 solidae
1704 1796 1831 1839 pietatis
1855 1797 1940 1830 sama

1202 1848 1331 1880 celebre
1361 1848 1393 1879 in
1422 1848 1505 1880 Urbe
1528 1854 1607 1888 erat,
1634 1849 1814 1890 aufugiens,
1842 1849 1874 1882 in
1900 1860 1939 1882 eo

1202 1900 1338 1932 adscribi
1364 1900 1555 1942 suppliciter
1572 1900 1677 1943 petiit.
1697 1901 1765 1933 Voti
1784 1901 1939 1944 comp0s¹

1204 1953 1316 1991 sactus,
1340 1952 1456 1984 mirum
1474 1959 1522 1985 est
1546 1958 1703 1995 quantum
1730 1953 1762 1986 in
1787 1953 1940 1987 virtutum

1205 2005 1347 2037 omnium
1378 2005 1593 2037 aemulatione
1620 2011 1745 2038 ceteros
1769 2008 1941 2039 antecelle-

1205 2063 1264 2088 ret.
1292 2057 1368 2088 Iude
1395 2057 1491 2088 sacris
1519 2057 1674 2097 initiatus,
1703 2057 1782 2090 etin
1804 2058 1940 2100 patriam

1206 2113 1277 2151 post
1312 2109 1435 2151 aliquot
1468 2108 1535 2141 dies
1565 2119 1719 2148 reversus,
1748 2116 1940 2152 conceptum

1206 2160 1337 2192 caelitus
1355 2160 1463 2202 ignem
1480 2160 1512 2192 in
1530 2171 1598 2192 eam
1616 2161 1700 2193 visus
1719 2166 1767 2193 est
1784 2161 1940 2202 intulisse,

1206 2213 1288 2245 nibil
1322 2213 1423 2255 magis
1457 2213 1602 2256 cupiens,
1630 2224 1726 2256 quam
1760 2219 1793 2245 ut
1825 2214 1941 2246 eodeni

1207 2266 1320 2299 civium
1334 2266 1432 2298 corda
1447 2266 1669 2298 succenderet.
1685 2266 1820 2306 Etenim,
1832 2268 1942 2300 relicta

1207 2321 1339 2362 paterna
1355 2319 1461 2356 domo,
1475 2318 1513 2351 ad
1528 2318 1759 2360 aegrotantium
1778 2319 1941 2361 publicum

1209 2372 1369 2413 hospitale
1396 2371 1532 2409 divertit,
1566 2377 1661 2413 atque
1696 2370 1779 2402 inter
1815 2371 1942 2404 infimae

1208 2424 1312 2467 plebis
1338 2423 1486 2455 homines
1510 2423 1541 2454 in
1568 2423 1709 2455 oratorio
1741 2423 1804 2455 divi
1830 2424 1942 2457 Hiero-

1210 2477 1320 2520 nymi,
1358 2476 1442 2518 quod
1483 2480 1593 2517 postea
1628 2486 1645 2507 a
1680 2475 1789 2508 Divino
1826 2476 1943 2511 Amore

1245 2540 1255 2565 1
1279 2537 1348 2564 Edit.
1365 2537 1444 2564 Main.
1460 2537 1524 2573 legit
1539 2545 1653 2572 campos
1666 2538 1704 2572 (n.
1720 2538 1767 2572 τ.),

1948 170 1998 196 Λη.
2015 168 2045 196 C.
2067 168 2131 196 159¹
