2254 3225
265 238 314 263 An.
329 238 359 264 C.
378 238 437 264 moi

258 2339 327 2361 CAH-1·
342 2341 366 2363 ll.

249 2366 293 2390 Qun
313 2371 405 2395 tempore

222 2394 355 2418 etqualitate
372 2397 406 2416 ho·

223 2424 259 2439 tan
310 2424 404 2447 singulae

236 2447 391 2473 >persolvendae

222 2475 270 2491 nint.

489 229 551 263 mo

1026 244 1204 267 semianimi
1229 245 1382 269 natinari

454 289 602 321 stix-itatis
629 290 826 329 decantetur,
858 291 909 322 cui
936 301 1047 323 omnes
1072 292 1186 324 adesse
1231 294 1368 326 latorum
1383 294 1535 327 localium
1552 298 1767 331 conscientias
1780 309 1961 343 oneramus,

452 345 639 382 teneantur3
666 343 719 385 qui
740 343 826 375 ultro
851 342 1044 374 clericorum
1063 348 1115 374 aut
1132 342 1188 375 lai·
1228 346 1252 377 si
1280 356 1333 378 eas
1359 347 1396 379 ad
1424 348 1508 381 aliud
1534 354 1661 392 tempus
1693 353 1887 387 transferant.
1910 358 1960 390 vel

449 401 561 424 corum
589 393 685 426 frater
702 393 728 426 ei
754 404 818 426 non
843 392 1013 432 adstiterit,
1029 392 1183 435 privatam
1228 400 1392 432 transferri
1406 401 1603 443 permittant,
1620 404 1682 437 nisi
1700 412 1837 449 propter
1849 418 1958 444 casum

447 444 681 480 inviolabiliter
705 447 826 479 audiat.

490 510 536 533 111.
554 500 587 532 In
606 501 703 533 missa
722 500 926 533 conventuali
947 505 1076 542 praeter
1096 511 1181 532 com-

444 555 556 586 munia
580 559 612 586 et
635 555 842 597 particularia
866 552 1026 594 sutfragia,
1049 554 1178 594 quando

444 605 525 639 ritus
566 607 769 649 permiserit,
811 606 936 638 dicatur
976 605 1079 638 oratio
1118 617 1177 647 pro

441 657 494 690 SS.
522 659 557 692 D.
584 659 619 691 N.
648 659 743 701 Papa,
768 669 826 701 pro
853 658 937 690 felici
963 663 1046 690 statu
1067 658 1176 690 Eccle-

439 710 517 750 siae,
545 722 603 754 pro
622 722 707 754 rege,
731 717 762 743 et
786 721 845 753 pro
864 710 999 753 captivis
1024 711 1175 743 christia-

437 763 504 802 nis;
525 775 618 806 quam
646 765 678 796 in
703 764 834 807 privatis
858 764 981 807 pariter
1003 764 1172 799 dicendam

436 816 644 859 iniungimus.

480 879 520 901 lv.
547 869 725 902 Universim
751 870 851 902 nostri
876 869 1004 903 Ordinis
1023 872 1170 904 sacerdo-

435 926 482 954 tes
507 922 654 955 modeste
687 928 718 955 et
750 923 888 965 graviter
924 933 1050 956 sacrum
1084 927 1168 958 cele-

432 974 547 1014 brent,
574 980 670 1017 atque
696 976 738 1007 ita
763 976 830 1007 suis
857 976 1004 1008 manibus
1028 977 1165 1010 Verbum

431 1018 520 1060 Vitae
546 1034 759 1067 contrectent,
779 1034 814 1060 ut
838 1031 1030 1062 sacramenti
1057 1032 1166 1063 altitu-

426 1077 480 1118 do,
498 1081 666 1123 religionis
688 1082 803 1124 pietasy
822 1087 852 1114 et
871 1092 983 1115 eorum
1003 1083 1082 1116 tides
1101 1085 1163 1116 elu-

429 1138 546 1165 eescat.

471 1195 500 1217 v.
528 1186 561 1218 ld
581 1191 705 1228 tempus
722 1188 823 1220 sacris
841 1190 1036 1231 peragendis
1058 1202 1162 1224 sacer-

426 1237 485 1269 dos
522 1238 724 1278 immoretur,
761 1251 824 1282 quo
860 1251 921 1274 nec
958 1243 1160 1276 audientibus

426 1290 609 1331 prolixitate
635 1292 774 1324 taedium
807 1294 951 1335 ingerat,
978 1306 1038 1327 nec
1064 1297 1160 1329 devo-

426 1341 503 1373 tioni
537 1344 704 1377 eeleritate
742 1351 887 1388 teporem
923 1347 1070 1381 inducat:
1109 1360 1142 1382 so

425 1394 586 1427 lemnibus
622 1396 773 1429 videlieet
805 1409 927 1431 moram
961 1402 1156 1433 solemnitati

422 1457 607 1489 congruam,
622 1449 754 1492 privatis
772 1462 846 1484 vero
864 1452 1028 1486 dimidiam
1044 1455 1156 1487 horam

421 1499 460 1531 ad
485 1500 589 1533 minus
614 1502 793 1544 impendat.

465 1563 507 1586 vi.
537 1555 618 1587 Ante
645 1557 898 1591 celebrationem
924 1561 1076 1593 sacerdos
1101 1562 1158 1594 ali-

421 1607 562 1648 quandiu
589 1609 627 1641 ad
655 1611 732 1642 tanti
763 1614 959 1645 sacramenti
993 1615 1157 1648 celsitudi-

419 1668 494 1690 nem
537 1660 682 1693 traducat
720 1663 883 1704 animum,
925 1667 1154 1711 propriamque

418 1710 572 1744 vilitatem
594 1717 656 1746 tota
678 1715 860 1750 humilitate
885 1721 1074 1762 perpendat,
1094 1722 1154 1754 sic-

419 1773 479 1805 que
506 1770 538 1796 et
562 1776 627 1798 non
643 1768 747 1801 -aliter
772 1770 889 1803 audeat
918 1772 956 1804 de
985 1783 1067 1815 pane
1098 1774 1153 1807 illo

418 1816 515 1849 edere
537 1824 567 1850 et
584 1819 622 1851 de
641 1821 740 1853 calice
764 1822 895 1864 bibere3
923 1835 985 1867 quo
1012 1833 1150 1868 sumpto,

418 1868 522 1902 simile
547 1871 608 1903 sibi
633 1883 748 1907 vacans
781 1886 840 1918 per
864 1877 1002 1920 spatium
1028 1885 1153 1922 tempo-

417 1921 461 1953 ris
480 1927 568 1956 tanto
586 1927 738 1968 mysterio
750 1935 1013 1971 consentaneum,
1027 1932 1150 1965 debitas

416 1974 547 2008 Auctori
573 1979 690 2018 gratias
716 1982 840 2014 reddat.

461 2037 515 2060 vil.
543 2029 616 2062 Tam
644 2032 734 2064 chori
754 2045 847 2076 quam
870 2037 980 2069 altaris
998 2038 1148 2078 officium,

416 2080 535 2112 nedum
560 2082 591 2114 in
616 2085 852 2127 essentialibus,
886 2100 994 2122 verum
1022 2091 1051 2122 in
1079 2102 1151 2123 eae-

416 2134 572 2167 remoniis
596 2147 631 2168 ac
663 2138 790 2178 ritibus,
816 2141 903 2173 iuxta
927 2153 1076 2176 romanas
1101 2155 1150 2177 re-

416 2185 507 2225 gulas
532 2189 717 2223 omnimode
737 2193 938 2234 celebretur;
961 2195 1015 2228 ubi
1042 2204 1148 2229 autem

415 2236 488 2269 illae
512 2239 593 2272 nihil
619 2244 900 2288 praescripserint,
920 2249 1069 2282 rubricae
1095 2261 1150 2283 no-

416 2289 473 2321 stri
497 2291 621 2326 ritualis
646 2296 871 2332 observentur.

460 2352 481 2375 1.
508 2344 551 2376 Ne
573 2353 680 2380 autem
699 2349 852 2384 horarum
871 2358 1015 2397 tempora
1034 2360 1063 2389 et
1082 2367 1150 2389 rno-

416 2395 475 2427 dus
500 2396 621 2431 incerta
642 2412 700 2443 pro
717 2403 811 2437 libito
830 2413 992 2446 maneant,
1017 2409 1150 2442 tirmiter

416 2449 586 2481 statuimus
612 2459 645 2484 ut
670 2457 846 2490 matutinae
881 2459 911 2490 in
945 2465 1008 2493 toto
1041 2467 1148 2494 nostro

415 2499 532 2534 Ordine
558 2507 714 2547 perpetuo
739 2514 766 2540 et
793 2510 1021 2545 inviolabiliter
1045 2515 1149 2548 media

415 2559 510 2585 nocte
549 2555 706 2591 dicantur.
755 2560 908 2598 Quocirca
949 2566 1147 2599 severissime

414 2606 556 2647 magistri
583 2613 752 2653 generalis,
775 2617 982 2656 provincialis
1002 2624 1031 2651 et
1056 2630 1148 2662 prae-

1224 452 1267 484 ita
1291 453 1525 495 inevitabilem,
1551 462 1585 488 ut
1609 458 1682 500 plus
1713 469 1828 502 cogere
1864 473 1957 505 quam

1223 504 1394 547 indulgere
1418 508 1577 542 videatur:
1600 511 1655 553 qui
1681 511 1706 544 si
1732 501 1813 546 tbrte
1832 515 1954 557 accidit,

1221 568 1237 588 a
1264 558 1314 590 die
1339 559 1546 594 Pentecostes
1585 563 1741 598 inclusive
1776 577 1878 611 usque
1914 571 1953 604 ad

1221 610 1334 644 testum
1367 615 1467 646 sancti
1499 616 1666 657 Augustini
1699 619 1848 653 dicantur
1882 630 1953 666 post

1218 665 1482 707 completoriuim
1503 669 1637 712 reliquis
1650 682 1725 705 vero
1742 675 1949 719 temporibus,

1217 716 1330 749 eodem
1356 719 1452 752 simili
1478 731 1552 754 casu
1585 731 1793 767 occurrente,
1819 731 1950 765 nonnisi

1216 768 1296 801 hora
1321 772 1425 804 noctis
1451 775 1623 809 matutinas
1648 780 1768 812 cantari
1792 783 1841 815 vel
1867 785 1950 817 reci-

1214 823 1272 854 tari
1297 823 1382 857 iuxta
1409 826 1478 858 festi
1504 828 1722 865 diversitatem
1744 835 1946 871 strictissime

1212 876 1444 919 praecipimus.
1472 879 1562 918 Quod
1588 883 1612 915 si
1638 887 1800 926 praelatus
1825 893 1945 923 contra-

1212 927 1292 960 rium
1320 930 1449 971 feeerit,
1485 936 1729 977 suspensionem
1763 941 1801 972 ab
1835 942 1944 977 officio

1209 990 1268 1021 per
1297 992 1350 1014 sex
1383 994 1510 1018 menses
1542 987 1703 1030 incurrat;
1734 995 1941 1035 provincialis

1208 1038 1311 1066 autem
1348 1042 1401 1069 aut
1424 1038 1579 1080 visitator⁷
1608 1043 1661 1084 qni
1683 1055 1752 1077 eam
1777 1057 1842 1080 non
1867 1059 1941 1082 exe-

1207 1094 1330 1129 quatur,
1356 1101 1432 1123 voce
1453 1093 1554 1125 activa
1573 1095 1715 1137 privetur
1739 1098 1770 1130 in
1796 1101 1940 1142 proximo

1159 1158 1163 1160 μ
1207 1140 1394 1181 provinciali
1421 1145 1574 1187 capitulo.

1248 1203 1282 1226 Π.
1310 1194 1415 1228 Prima
1441 1207 1505 1230 non
1531 1200 1626 1242 longe
1652 1212 1668 1234 a
1693 1204 1770 1236 solis
1794 1211 1864 1238 ortu
1894 1208 1940 1240 di-

1204 1250 1302 1285 catur,
1327 1258 1434 1291 neque
1461 1254 1710 1294 completorium
1731 1257 1770 1289 ab
1792 1259 1936 1294 eiusdem

1203 1309 1336 1340 occasu;
1355 1301 1468 1343 Tertia,
1489 1304 1568 1338 hora
1585 1309 1675 1350 quasi
1693 1310 1826 1350 decima,
1841 1323 1936 1355 quam

1204 1351 1298 1384 missa
1313 1358 1541 1397 conventualis,
1564 1365 1594 1391 et
1612 1361 1694 1393 hanc
1714 1362 1808 1396 Sexta
1825 1366 1937 1399 subse-

1202 1409 1335 1446 quatur3
1362 1408 1483 1441 Nonam
1511 1418 1583 1453 post
1615 1415 1786 1456 prandium
1811 1419 1934 1461 expleri

1202 1459 1430 1501 praecipimus,
1442 1463 1501 1495 nisi
1515 1465 1629 1498 diebus
1645 1478 1661 1499 a
1679 1478 1814 1502 romano
1826 1471 1935 1505 rituali

1201 1512 1407 1555 praescriptis
1441 1520 1472 1547 et
1507 1519 1710 1560 temporibus
1745 1524 1845 1556 nostri
1871 1525 1934 1558 Ad-

1200 1569 1313 1596 ventus
1338 1571 1367 1597 et
1391 1565 1670 1612 Quadragesimae,
1703 1575 1819 1617 quibus
1853 1577 1932 1619 (ex-

1198 1617 1299 1658 ceptis
1326 1618 1510 1663 dominicis)
1535 1623 1625 1657 Nona
1645 1626 1728 1659 dicta
1748 1628 1930 1671 1·eticimur;

1200 1668 1354 1711 Vesperas
1380 1673 1520 1716 denique
1539 1682 1627 1710 extra
1648 1678 1939 1723 Quadragesimam'

1198 1722 1274 1754 liora
1295 1726 1436 1758 secunda
1461 1729 1509 1760 vel
1537 1731 1628 1762 tertia
1652 1738 1728 1775 post
1751 1736 1930 1777 meridiem,

1196 1775 1280 1808 iuxta
1305 1777 1522 1813 diversitatem
1554 1786 1723 1827 temporis,
1748 1789 1835 1820 certa
1866 1799 1933 1822 om-

1196 1829 1273 1861 nino
1299 1831 1435 1865 statione
1471 1835 1692 1878 praefigimus.
1726 1840 1789 1872 Has
1824 1845 1930 1875 autem

1196 1882 1346 1915 horarum
1364 1891 1464 1918 metas
1483 1887 1528 1919 sic
1546 1899 1613 1922 esse
1636 1890 1820 1926 immobiles
1847 1895 1931 1927 desi-

1194 1934 1353 1976 deramus,
1380 1943 1414 1969 ut
1435 1949 1487 1972 cas
1504 1943 1669 1983 praelatus
1687 1946 1821 1980 minime
1841 1958 1931 1991 prae·

1195 1988 1357 2021 termittat.

1236 2051 1284 2074 111.
1312 2042 1353 2074 Ex
1373 2044 1462 2077 horis
1481 2046 1666 2082 huiusmodi
1683 2050 1832 2089 Primam.
1853 2053 1930 2087 Ter-

1194 2093 1278 2133 tiam,
1306 2095 1460 2138 Vesperas
1487 2104 1517 2131 et
1546 2100 1798 2144 Completorium
1825 2106 1928 2148 quoti-

1193 2146 1243 2179 die
1271 2149 1522 2192 modulabimur,
1547 2155 1690 2198 reliquas
1716 2164 1821 2191 autem
1848 2159 1929 2192 reci-

1193 2200 1249 2231 tari
1276 2204 1496 2244 concedimus,
1530 2209 1670 2250 exceptis
1699 2211 1862 2244 matutinis
1893 2211 1926 2244 in

1191 2258 1285 2286 nocte
1310 2254 1429 2288 Natalis
1465 2258 1611 2299 Domini,
1639 2261 1671 2293 in
1699 2263 1799 2296 tribus
1824 2264 1926 2297 Tene-

1191 2306 1321 2339 brarum
1348 2309 1462 2342 diebus
1488 2312 1621 2346 maioris
1648 2314 1880 2357 hebdomadae,
1895 2323 1927 2351 et

1191 2359 1279 2391 sestis
1304 2360 1572 2405 Resurrectionis,
1592 2366 1806 2408 Pentecostes‚
1828 2369 1928 2403 Reve-

1192 2413 1321 2446 latiouis
1357 2415 1506 2449 dominae
1551 2424 1678 2452 nostrae
1718 2421 1924 2456 beatissimae

1190 2464 1329 2506 Virginis
1355 2467 1471 2501 Mariae
1498 2470 1536 2501 de
1568 2471 1715 2506 Mercede
1735 2500 1742 2514 ,
1767 2480 1797 2506 et
1821 2476 1923 2509 sancti

1191 2519 1288 2559 patris
1319 2521 1419 2553 nostri
1454 2521 1536 2554 Petri
1562 2523 1710 2567 Nolasco,
1743 2527 1775 2559 in
1807 2528 1925 2571 quibus

1190 2570 1445 2603 solemnitatibus
1469 2573 1636 2607 Matutinus
1656 2576 1782 2619 integre
1803 2579 1925 2612 cantari

1189 2624 1417 2666 praecipimus,
1446 2626 1476 2657 in
1504 2628 1618 2661 ceteris
1644 2640 1718 2663 vero
1754 2632 1923 2676 utriusque

1973 255 2026 282 Αη.
2043 256 2071 284 C.
2086 258 2152 287 1691
