2227 3225
108 232 157 258 An.
179 231 207 257 C.
226 231 294 259 1695

131 1242 242 1263 Commio
256 1242 287 1261 in-

104 1269 225 1292 dumentum
241 1270 287 1289 mit-

104 1296 198 1316 tentibus
214 1296 286 1316 facem.

129 2084 250 2107 clausulae.

876 227 1085 252 txxocex'rtus
1109 226 1154 249 ΧΠ
1178 226 1226 249 PP.

296 279 379 313 Urbe
404 279 555 323 praefata,
575 289 611 311 ex
631 288 693 321 qua
711 278 869 310 bonorum
895 286 1030 318 operum
1051 303 1053 339 i

296 333 443 374 exempla
469 331 500 363 in
522 341 634 364 omues
659 329 826 363 christiani
853 328 940 362 orbis
959 338 1030 370 par-
1052 342 1053 347 ¹

296 390 344 418 tes
368 384 600 423 diffunduntur,
628 383 879 416 sacratissimum
902 382 964 414 lioc
981 390 1031 412 sa-

294 437 370 471 lutis
391 443 522 470 nostrae
549 437 672 480 pignus,
699 447 771 469 cum
808 436 847 468 ad
884 434 1030 467 infirmos

295 491 460 529 defertur,
486 490 652 522 decentius
678 488 852 522 comitandi
885 498 1031 527 morem,

295 543 391 576 certis
413 543 554 586 desuper
579 543 688 575 dilecti
713 542 770 574 filii
795 541 896 574 nostri
923 541 955 573 in
981 542 1032 573 ca-

295 595 368 628 dem
394 596 477 629 Urbe
502 595 613 628 vicarii
640 596 673 628 in
689 595 910 638 spiritualibus
934 604 1033 636 gene-

294 649 372 681 ralis
413 649 601 681 auctoritate
642 647 849 691 praescriptis
890 646 1032 689 regulis,

294 701 420 734 institui
447 701 639 741 curavimus,
672 700 792 743 ubique
824 701 969 733 locorum
1002 704 1034 730 et

296 754 440 797 gentium
478 754 607 787 extendi
634 760 666 787 et
687 753 861 797 propagari
895 763 1034 785 summo-

295 817 374 850 pere
400 807 588 850 cupientes;
611 807 856 840 concessionem
882 817 899 838 a
916 815 1034 838 memo-

295 865 367 893 rato
405 860 594 893 Innocentio
635 861 885 903 praedecessore
902 886 909 899 ‚
951 859 1033 892 sicut

295 913 515 956 praemittitur
531 940 538 953 ,
566 913 688 953 saetam,
715 923 750 945 ae
775 913 916 955 desuper
937 922 1032 954 expe-

296 966 378 999 ditas
403 966 470 998 eius
496 965 620 998 litteras
646 966 816 1009 praefatas,
841 966 1031 998 auctoritate
1052 983 1055 1007 l

297 1018 486 1062 apostolica,
503 1024 615 1051 tenore
630 1019 861 1061 praesentium,
873 1018 1033 1061 approba-

296 1080 377 1110 mus,
392 1072 623 1103 contirmamus
638 1077 669 1103 et
685 1071 887 1110 innovamus,
902 1071 1031 1113 illisque

297 1123 496 1157 inviolabilis
521 1124 717 1167 apostolicae
742 1123 902 1156 firmitatis
931 1124 1033 1156 robur

297 1176 481 1210 adiicimus.

342 1230 356 1273 ἓ
381 1229 413 1263 3.
439 1230 612 1263 Praeterea
648 1230 798 1263 omnibus
834 1236 866 1263 et
897 1229 1032 1272 singulis

297 1283 468 1326 utriusque
490 1293 582 1316 sexus
600 1283 879 1323 christifidelibus,
894 1283 1035 1316 ubicum-

299 1346 361 1379 que
387 1335 620 1376 existentibus,
653 1337 727 1379 qui,
754 1336 899 1378 legitimo
925 1337 1056 1379 aliquor

297 1389 531 1432 impedimento
558 1389 689 1430 detenti,
710 1389 949 1422 sanctissimum
974 1389 1034 1421 Eu-

297 1442 469 1475 charistiae
509 1448 748 1475 sacramentum
793 1443 1032 1485 supradictum,

297 1505 368 1527 cum
390 1494 470 1527 illud
487 1494 526 1527 ad
547 1494 688 1527 infirmos
707 1495 827 1528 deferri
849 1495 1032 1538 eontigerit,

297 1547 515 1590 personaliter
549 1548 695 1580 comitari
730 1547 947 1591 nequiverint,
979 1549 1033 1581 sed

297 1605 404 1632 tamen
439 1601 545 1633 lucem
581 1610 637 1633 seu
668 1601 769 1633 facem
801 1611 861 1644 per
892 1601 972 1634 alios
997 1603 1035 1634 ca

296 1654 467 1687 occasione
503 1654 710 1687 deserendam
738 1655 897 1695 miserint,
925 1660 974 1697 et,
1000 1662 1035 1687 ut

296 1707 494 1749 praefertur,
509 1707 681 1747 oraverint,
698 1718 899 1751 quacumque
918 1707 985 1740 vice
1003 1708 1032 1740 id

298 1823 398 1855 genas
424 1814 463 1846 de
489 1813 640 1846 iniunctis
666 1813 712 1846 eis
730 1825 785 1846 seu
803 1815 882 1847 alias
901 1825 1035 1857 quomo-

299 1865 421 1898 dolibet
452 1876 511 1909 per
542 1877 597 1899 eos
624 1867 741 1899 debitis
766 1867 977 1910 poenitentiis
1001 1868 1034 1900 in

297 1918 399 1951 fornia
429 1918 590 1951 Ecclesiae
627 1922 780 1952 consucta
813 1921 925 1953 harum
951 1921 1034 1954 serie

299 1973 493 2005 relaxamus.
521 1972 745 2005 Praesentibus
765 1974 933 2017 perpetuis
951 1974 1035 2007 futu-

298 2024 343 2057 ris
368 2025 569 2068 temporibus
591 2026 746 2059 valituris.

343 2080 358 2122 ἓ
393 2079 425 2111 4.
458 2079 611 2112 Volumus
643 2086 750 2113 autem
784 2085 819 2113 ut
850 2081 1057 2127 earumdem,

298 2132 519 2175 praesentium
540 2132 720 2165 litterarum
739 2134 959 2176 transumptis,
978 2145 1035 2167 seu
1056 2147 1058 2177 ς

1056 2189 1174 2226 'paces
1200 2189 1312 2216 essent
1332 2190 1365 2216 ut
1390 2184 1429 2217 ad
1462 2186 1683 2226 generalatum
1715 2186 1816 2228 elige-

297 2185 466 2228 exemplis,
493 2185 591 2218 etiam
616 2186 798 2229 impressis,
819 2197 916 2219 manu
935 2187 1036 2220 alieu—

296 2237 344 2270 ius
368 2238 487 2271 notarii
507 2238 627 2281 publici
651 2238 854 2281 subscriptis,
873 2244 905 2272 et
929 2240 1035 2282 sigillo

297 2301 459 2333 personae
485 2290 518 2323 in
537 2291 755 2324 ecclesiastica
780 2291 937 2334 dignitate
962 2296 1058 2325 con-⁴

296 2343 429 2377 stitutae
443 2344 584 2385 munitis,
601 2345 712 2377 eadem
726 2355 860 2388 prorsus
876 2345 955 2378 tides
970 2351 1034 2378 tam

297 2395 330 2428 in
355 2395 476 2429 iudicio
503 2407 598 2440 quam
623 2402 713 2430 extra
738 2397 818 2430 illud
844 2397 965 2440 ubique
991 2399 1057 2431 lo-'

297 2459 408 2482 corum
443 2449 611 2490 habeatur,
641 2461 723 2493 quae
757 2451 935 2484 haberetur
958 2451 1057 2494 ipsis=

296 2502 525 2545 praesentibus
562 2503 589 2536 si
629 2504 734 2538 forent
777 2504 941 2537 exhibitae
984 2506 1035 2538 vel

297 2561 463 2588 ostensae.

342 2608 453 2641 Datum
480 2609 611 2651 Romae,
636 2611 720 2654 apud
742 2611 772 2644 S.
793 2611 920 2644 Mariam
939 2610 1036 2644 Maio-

1073 285 1152 312 rem,
1165 274 1225 305 sub
1239 273 1359 305 annulo
1373 272 1558 311 Piscatoris,
1574 272 1626 304 die
1639 281 1657 304 v
1671 270 1808 303 ianuarii

1073 336 1209 366 iuncxev,
1230 325 1435 369 pontificatus
1460 325 1562 358 nostri
1589 335 1672 357 anno
1697 334 1741 357 iv.

1108 387 1168 414 Dat.
1191 386 1234 414 die
1254 387 1270 414 5
1290 386 1406 413 ianuarii
1428 386 1511 420 1695,
1534 385 1630 420 pontif.
1651 391 1722 411 anno
1738 390 1772 411 tv.

1342 502 1363 536 c
1389 503 1445 545 (ai.
1470 502 1539 546 aa).

1073 573 1237 606 Statuitur
1256 578 1291 606 ut
1311 573 1373 606 soli
1397 577 1627 616 &procurator
1649 572 1812 615 qeneralis

1117 631 1145 659 el
1185 626 1314 659 lectores
1355 626 1534 668 tlieoloqiae
1576 626 1812 658 monachorum

1118 680 1149 713 S.
1170 680 1365 722 Hieronymi
1384 679 1599 712 Lombardicte
1623 679 1703 724 eli'yz'
1731 689 1810 723 pos-

1118 733 1183 765 sint
1209 733 1244 764 in
1266 734 1390 775 priores
1415 733 1565 765 timim-es
1590 731 1608 765 ¹.

1243 804 1442 830 Innocentius
1464 804 1544 837 Papa
1564 803 1628 835 x11,

1199 849 1234 874 ad
1250 851 1430 880 perpetuam
1451 847 1497 874 rei
1513 847 1698 874 memoriam.

1119 907 1310 941 Sollicitudo
1335 908 1506 951 pastoralis
1534 909 1639 949 officii,
1667 919 1732 952 quo
1756 908 1814 942 Ec-

1076 961 1192 994 clesiae
1218 962 1399 994 catholicae
1434 962 1585 1004 regimini
1619 962 1725 995 divina
1750 963 1814 996 dis-

1075 1015 1235 1057 positione
1260 1015 1491 1058 praesidemus,
1511 1025 1569 1048 nos
1587 1016 1750 1056 admonet,
1767 1021 1811 1056 ut,

1075 1073 1244 1110 paternam
1264 1069 1554 1110 congregationum
1572 1069 1713 1102 virorum
1739 1069 1814 1102 reli-

1076 1120 1241 1163 giosorum
1266 1121 1383 1154 uberes
1408 1122 1571 1155 bonorum
1593 1133 1729 1166 opernm
1748 1123 1814 1155 sru-

1077 1179 1144 1206 ctus
1169 1174 1356 1217 adspirante
1383 1175 1515 1218 superni
1542 1176 1656 1209 favoris
1693 1176 1813 1209 auxilio

1076 1227 1221 1269 proferre
1247 1227 1364 1269 iugiter
1381 1230 1598 1270 satagentium
1624 1240 1731 1262 curam
1760 1241 1816 1272 ge-

1076 1284 1198 1319 rentes,
1224 1280 1352 1312 illarum
1390 1281 1490 1323 quieti
1517 1286 1549 1314 et
1573 1281 1693 1314 salubri
1731 1282 1816 1315 dire-

1076 1332 1184 1371 ctioni,
1212 1338 1366 1375 quantum
1393 1334 1488 1366 nobis
1514 1344 1551 1366 ex
1577 1334 1641 1368 alto
1662 1335 1816 1368 concedi-

1077 1390 1137 1424 tur,
1159 1387 1329 1418 consulere
1355 1386 1556 1419 studeamus.

1119 1438 1189 1481 gl.
1226 1439 1348 1482 Exponi
1386 1439 1545 1483 siquidem
1579 1441 1673 1474 nobis
1709 1429 1815 1484 nuper

1703 214 1767 246 669
1814 221 1862 247 An.
1879 220 1908 247 c.
1928 219 1998 246 1095

1851 925 1972 946 Exordium.

1846 1454 1868 1475 td
1880 1460 2008 1481 expromi-a-

1826 1482 1907 1502 toribus
1921 1487 2008 1501 conces-

1078 1491 1152 1524 secit
1177 1492 1313 1525 dilectus
1339 1492 1424 1525 filius
1442 1500 1634 1536 procurator
1654 1494 1870 1536 generalissum
1900 1508 1968 1528 suerat
1995 1514 2008 1528 a

1077 1544 1345 1587 Congregationis
1386 1547 1621 1580 monachorum
1659 1547 1811 1580 eremita-

1077 1608 1146 1630 rum
1165 1600 1266 1631 sancti
1285 1599 1471 1643 Hieronymi
1487 1601 1710 1641 Lombardiae,
1726 1601 1813 1644 quod

1076 1651 1154 1684 alias
1176 1651 1278 1685 felicis
1297 1653 1533 1686 recordationis
1550 1653 1696 1687 Clemens
1713 1654 1770 1686 PP.
1790 1654 1814 1687 Χ

1053 1750 1055 1756 Ι
1076 1706 1312 1748 praedecessor
1336 1713 1446 1739 noster
1470 1717 1529 1749 per
1558 1708 1714 1750 quasdam
1741 1718 1814 1741 suas

298 1760 439 1802 egerint,
467 1766 530 1793 tres
555 1772 657 1793 annos
681 1766 711 1793 et
737 1761 869 1794 totidem
895 1757 1055 1804 quadra-⁴

1076 1758 1108 1790 in
1135 1759 1233 1791 simili
1252 1760 1356 1792 forma
1372 1760 1482 1793 Brevis
1504 1761 1671 1804 expeditas
1690 1761 1814 1795 litteras

1076 1813 1242 1846 concessit
1265 1818 1296 1846 et
1317 1814 1477 1847 ordinavit
1501 1819 1536 1846 ut
1563 1815 1714 1848 monaehi
1733 1815 1815 1848 Con-

1076 1866 1275 1907 gregationis
1301 1867 1474 1909 praefatae,
1493 1867 1549 1910 qui
1574 1865 1815 1910 procuratoris*z

1055 1958 1057 1966 k
1077 1918 1238 1960 generalis
1265 1918 1367 1962 ipsius
1382 1919 1648 1962 Congregationis
1673 1921 1815 1954 officium

1076 1971 1282 2004 laudabiliter
1307 1973 1541 2013 exercuissent,
1570 1974 1718 2006 absoluto
1744 1974 1815 2006 offi-

1077 2024 1127 2057 cio
1153 2024 1349 2064 huiusmodi,
1374 2025 1498 2068 priores
1518 2026 1684 2059 titulares³
1700 2036 1814 2059 vocem

1078 2077 1211 2109 activam
1237 2083 1267 2110 et
1285 2077 1441 2120 passivam
1461 2077 1493 2110 iu
1510 2079 1651 2121 capitulo
1671 2079 1814 2121 generali

1078 2130 1181 2162 dictae
1207 2129 1474 2172 Congregationis
1499 2131 1680 2172 haberent,
1709 2137 1740 2164 et
1764 2142 1815 2164 ca-

1078 2242 1201 2276 reutur,
1226 2237 1363 2280 aliisque
1385 2238 1533 2280 pluribus
1551 2243 1582 2270 et
1599 2239 1730 2282 quidem
1755 2239 1816 2272 sin·

1078 2290 1242 2332 gularibus
1260 2290 1438 2333 privilegiis
1457 2291 1656 2332 fruerentur,
1675 2297 1816 2334 postmo-

1115 2353 1124 2378 l
1147 2352 1176 2378 Id
1197 2360 1354 2379 concessum
1374 2352 1425 2379 fuit
1439 2353 1588 2379 lectoribus
1601 2353 1627 2379 in
1643 2357 1732 2380 const.
1748 2353 1814 2380 edit.

1077 2403 1207 2429 ⁴iincxew,
1228 2396 1271 2422 die
1291 2397 1307 2422 3
1327 2397 1430 2431 aprilis,
1451 2396 1546 2431 pontif.
1569 2403 1614 2429 1113
1635 2401 1662 2423 et
1681 2397 1708 2423 in
1726 2401 1814 2424 const.

1077 2449 1161 2476 supra
1179 2442 1263 2468 relata}
1283 2441 1333 2468 sub
1359 2450 1434 2468 num.
1463 2448 1544 2468 xcvtlt
1569 2442 1737 2477 praescripta
1764 2442 1816 2469 fuit

1077 2491 1150 2513 aetas
1169 2494 1216 2521 pro
1236 2486 1422 2520 superioribus
1442 2486 1582 2521 eligendis.

1112 2530 1128 2556 ⁰2
1147 2530 1213 2556 Male
1240 2538 1320 2565 supra
1345 2539 1406 2565 pag.
1427 2530 1507 2557 613a
1535 2539 1567 2557 ex
1595 2530 1673 2557 Main.
1700 2530 1815 2566 legimus

1074 2575 1183 2609 prioris
1202 2576 1243 2608 (R.
1259 2579 1307 2603 ΤΛ.

1111 2619 1128 2645 3
1146 2619 1230 2646 Deest
1249 2619 1419 2654 existerent,
1439 2622 1466 2647 el
1485 2619 1524 2654 (n.
1541 2619 1588 2653 Τ.).

1827 1535 1933 1556 Clemente
1949 1534 1973 1555 X.
