2227 3225
113 198 162 225 An,
180 196 208 224 C.
233 196 294 223 tl‘sil

299 244 444 277 siciorum
463 249 494 276 et
510 243 596 275 vocis
621 243 740 275 activae
759 248 790 275 et
807 241 966 284 passivae,
987 245 1031 278 ut,

298 297 570 341 quandocumque
585 295 617 329 in
638 294 861 333 conventibus,
879 293 934 325 ubi
956 292 1033 325 resi-

306 357 383 387 dent
407 354 557 392 computa
584 349 680 387 fiant,
706 348 767 391 ipsi
793 355 921 390 quoquc
947 356 1033 379 com·

297 407 434 445 pareant
457 411 567 435 coram
592 401 857 434 commendatore
878 410 914 432 ac
938 399 1033 442 depo·

297 454 425 494 sitariis,
444 455 560 499 quibus
579 460 610 489 et
634 455 673 488 de
697 454 846 487 censibus
866 462 1034 496 compara-

297 508 359 549 tis,
392 509 432 542 de
468 515 550 542 statu
588 509 710 548 litium,
744 509 784 541 de
823 507 1033 552 perceptione

297 562 477 605 legatorum
509 567 541 596 et
570 571 849 606 quorumcumque
872 560 1033 593 bonorum

297 615 336 648 ad
363 615 622 659 redemptionem
644 620 677 648 et
700 625 793 647 suum
819 623 936 646 munus
962 622 1035 655 per-

298 667 467 701 tinentium
487 668 644 701 rationem
661 667 809 701 reddant.
828 665 983 700 Similiter
1003 669 1035 698 et

295 721 452 755 universis
476 721 793 754 commendatoribus
828 730 865 753 ac
904 718 1033 762 deposi-

297 773 386 807 tariis
410 783 510 818 super
533 773 656 807 eisdem
674 774 788 818 poenis
813 772 1032 817 praecipimus

295 831 331 859 ut
353 827 539 861 nullatenus
563 837 696 861 suorum
713 832 931 861 conventuum
951 834 1034 859 com-

295 884 372 923 puta
396 880 638 923 aggrediantur,
655 891 716 914 nec
739 880 898 913 rationem
923 878 986 911 dati
1004 884 1035 911 et

295 934 420 977 accepti
456 933 652 977 suscipiant,
676 934 738 967 nisi
762 939 893 977 peracta
923 932 1032 976 prius,

295 996 377 1030 quae
401 987 439 1020 ad
464 987 724 1031 redemptionem
748 987 944 1030 pertineant.

338 1050 368 1073 v.
395 1040 557 1080 Ceterum,
578 1046 612 1074 ut
641 1041 868 1083 eleemosynae
893 1039 1034 1082 captivo-

297 1102 366 1126 rum
391 1093 524 1125 uberius
550 1093 580 1125 in
608 1093 676 1126 dies
698 1099 894 1131 accrescant,
919 1092 1032 1125 eadem

296 1146 503 1179 distinctione
528 1146 685 1180 universis
712 1151 926 1179 conventuum
941 1156 1033 1189 prae-

296 1200 493 1234 dicatoribus
519 1200 717 1243 iniungimus
733 1226 740 1239 ,
764 1205 799 1232 ut
822 1200 855 1232 in
880 1199 1031 1232 omnibus

295 1252 436 1296 oppidis,
462 1252 617 1292 ecclesiis,
634 1253 667 1285 in
693 1253 858 1286 territorio
882 1257 914 1285 et
938 1251 1032 1285 ditio-

294 1315 336 1337 ne
373 1305 423 1337 sui
459 1310 635 1338 conventus
657 1305 789 1338 inclusis
808 1332 815 1345 ,
842 1305 1033 1348 praedicent

293 1357 555 1400 redemptionem
580 1359 680 1391 semel
698 1358 735 1390 ad
754 1358 860 1390 minus
882 1358 915 1390 in
932 1367 1030 1397 anno,

296 1414 328 1442 et
352 1415 500 1452 tempore
526 1409 686 1453 cuiusque
711 1406 774 1443 loci
799 1410 956 1443 fructibus
976 1421 1032 1453 op-

294 1467 449 1506 portuno.
484 1462 660 1505 Postquam
697 1468 803 1495 autem
840 1463 1031 1496 concionem

295 1515 481 1554 habuerint,
499 1515 579 1548 hora
589 1516 797 1559 competenti,
809 1526 881 1549 eum
896 1516 958 1549 loci
976 1517 1033 1549 mi-

295 1568 404 1602 nistris
421 1574 453 1602 et
470 1569 540 1601 aliis
558 1568 633 1601 viris
650 1569 805 1612 probatae
831 1569 1031 1603 auctoritatis

296 1622 399 1665 (quos
424 1623 533 1665 potius
558 1622 709 1656 comitate
735 1634 830 1666 quain
851 1623 920 1656 iure
938 1624 1032 1667 privi-

295 1675 456 1718 legiorum
476 1675 549 1718 cogi
571 1677 745 1718 optamus),
766 1677 872 1709 locum
902 1686 1032 1709 omnem

295 1727 491 1761 circumeant
529 1733 561 1761 et
603 1729 767 1762 hostiatim
807 1730 1031 1774 eleemosynas

296 1780 428 1823 exigant
462 1791 522 1824 pro
551 1781 703 1824 captivis,
736 1787 767 1814 et
798 1782 822 1814 si
856 1783 961 1826 aliqua
992 1784 1030 1816 de

296 1833 441 1866 venturis
458 1834 613 1866 fructibus
638 1833 825 1873 offerantur,
843 1835 876 1868 in
892 1836 976 1869 libro
992 1837 1031 1869 ad

296 1886 361 1919 hoc
385 1887 547 1920 destinato
572 1887 884 1929 memoria'tradant,
898 1899 1021 1932 congru

297 1939 363 1972 enti
380 1940 420 1973 ab
438 1939 516 1984 ipsis
534 1945 679 1984 tempore
700 1942 868 1984 exigenda.

340 2002 383 2026 vi.
408 1993 496 2026 Inter
525 1993 605 2027 haec
637 1995 744 2027 omnia
777 1995 953 2038 diligenter
982 2007 1033 2030 ca-

295 2051 402 2086 veant,
428 2056 468 2079 ne
494 2046 668 2089 aliquando
698 2057 731 2080 se
756 2048 882 2080 muneri
907 2049 1034 2091 praedi-

296 2098 390 2131 candi
415 2099 640 2139 committant,
668 2100 728 2132 nisi
758 2100 1033 2143 indulgentiarum

295 2151 393 2185 bullis
425 2161 605 2195 regumque
644 2153 823 2196 privilegiis
856 2154 1031 2195 instructi,

296 2215 357 2238 nec
376 2214 442 2237 non
460 2205 593 2238 licentia
608 2207 745 2249 praelati
774 2206 904 2240 Ordinis
923 2208 1032 2250 sigillo

296 2258 439 2298 munita,
476 2268 512 2291 ac
547 2259 646 2292 etiam
672 2259 881 2300 Dioecesani,
915 2261 1032 2304 quibus

297 2310 477 2354 adiungent
501 2312 676 2355 specialem
710 2314 969 2356 procurationem
994 2315 1032 2349 ad

297 2363 482 2406 colligenda
507 2364 534 2397 si
559 2374 623 2408 qua
646 2365 831 2399 invenerint
854 2366 957 2400 bona:
984 2378 1034 2401 re-

296 2415 385 2458 liqua
408 2416 625 2451 instrumenta
640 2444 647 2457 ‚
671 2428 753 2462 quae
781 2419 953 2453 videantur
976 2430 1034 2464 op·

296 2473 446 2511 portuna,
464 2469 624 2511 deserant,
646 2481 686 2504 ne
703 2473 742 2505 ab
760 2472 969 2506 ecclesiarum
986 2483 1034 2506 re-

297 2521 440 2554 ctoribus
469 2523 519 2555 vel
552 2524 664 2566 quovis
695 2525 759 2558 alio
784 2526 976 2569 praedicare
1002 2532 1034 2560 et

297 2574 519 2617 eleemosynas
537 2576 693 2619 colligere
711 2577 942 2621 impediantur.

388 2637 464 2665 Bait.
488 2638 568 2665 lium.
590 2653 621 2657 —
647 2640 704 2667 Vol,
726 2640 776 2667 XX
918 2642 949 2667 32

873 192 1052 215 ῘΧΧΙὛΙἸΧΤΗ
1065 194 1079 216 S
1105 194 1145 216 xlt
1171 194 1217 216 1³1³.

1119 251 1174 273 vii.
1194 241 1448 273 Concionatcrcs
1467 243 1621 280 miserias,
1637 244 1808 282 cruciatus,

1074 303 1245 327 aerumnas
1260 293 1403 327 fidelium
1423 295 1619 337 captivorum
1638 298 1720 338 apud
1741 298 1812 328 bar-

1074 346 1179 385 baros,
1199 352 1228 379 et
1246 347 1419 390 praecipue
1444 348 1639 380 abiurandae
1659 349 1730 382 sulci
1752 351 1812 382 dis-

1073 399 1218 438 crimina,
1244 400 1435 443 prudenter,
1466 401 1617 434 flebiliter
1643 407 1671 433 ct
1699 403 1811 435 devote

1074 452 1204 494 populis
1225 459 1399 496 exponant.
1423 454 1455 486 ld
1482 460 1588 487 tamen
1613 456 1746 489 omnino
1763 466 1813 489 ca-

1074 510 1179 543 veant,
1198 515 1239 538 ne
1263 515 1455 550 quemquam
1479 509 1576 541 verbo
1603 509 1741 547 laedant,
1764 511 1812 543 vel

1076 557 1210 598 alienae,
1225 559 1438 602 professionis
1454 561 1607 594 tratribus
1625 562 1810 602 detrahant,

1075 616 1130 642 aut
1152 612 1298 645 scandali
1330 613 1467 656 apicem,
1495 615 1553 647 sub
1578 617 1681 658 poena
1706 616 1812 658 gravis

1075 663 1199 706 culpae,
1212 665 1459 707 quomodolibet
1479 666 1704 711 inferant,quo
1723 670 1811 712 pacis

1074 715 1199 750 vincula
1220 724 1384 761 rumpant.
1412 719 1633 763 indulgentias
1658 722 1812 755 nomano-

1075 778 1144 804 rum
1181 770 1372 804 Pontitieum
1405 772 1515 806 Ordini
1553 784 1616 806 non
1643 784 1813 808 concessas

1074 821 1240 864 publicare
1259 832 1323 856 non
1337 825 1555 866 audeant,sub
1569 830 1675 870 poena
1688 838 1812 861 excom-

1074 874 1303 910 municationis
1317 878 1445 910 maioris
1470 884 1500 911 et
1527 880 1732 922 gravissimae
1749 883 1813 915 cul-

1075 937 1144 970 pae,
1164 936 1296 972 praeter
1319 932 1396 965 alias
1421 942 1438 964 a
1462 933 1531 966 iure
1557 934 1733 977 praelixas,
1760 947 1812 969 ve-

1074 980 1201 1015 ritatem
1226 982 1258 1015 in
1285 985 1436 1018 omnihus
1460 986 1596 1029 diligant
1625 993 1654 1020 et
1679 989 1812 1022 menda-

1073 1035 1157 1068 cium
1177 1036 1308 1078 penitus
1333 1038 1545 1072 abhorreant.

1116 1099 1186 1122 v111.
1216 1088 1419 1133 Quapropter
1450 1093 1589 1135 praelati
1622 1094 1810 1129 huiusmodi

1073 1142 1326 1184 praedicationis
1371 1149 1402 1176 et
1437 1147 1640 1180 collectionis
1676 1159 1811 1183 munera

1073 1195 1204 1228 nonnisi
1239 1196 1392 1229 fratribus
1424 1197 1523 1230 Deum
1558 1200 1745 1234 timentibus
1780 1208 1811 1235 et

1072 1248 1187 1281 virtute
1224 1249 1380 1291 praeditis
1406 1250 1596 1293 imponant,
1622 1254 1677 1296 qui
1703 1256 1811 1288 omnia

1073 1301 1246 1344 praedicta,
1268 1308 1303 1334 ut
1323 1303 1553 1344 desideramus,
1580 1313 1761 1347 exerceant,
1780 1314 1811 1341 et

1074 1354 1105 1385 in
1130 1353 1299 1396 exigendis
1324 1357 1551 1399 eleemosynis,
1575 1360 1691 1398 verbis,
1710 1362 1810 1403 gestis

1073 1412 1103 1439 et
1126 1407 1271 1440 moribus
1288 1418 1321 1440 se
1346 1409 1427 1451 pios,
1448 1410 1575 1443 sobrios
1601 1417 1631 1444 et
1658 1414 1811 1446 honestos

1073 1459 1260 1493 exhibeant.
1287 1459 1411 1498 Quibus
1436 1463 1579 1505 insuper,
1596 1466 1657 1498 sub
1683 1466 1809 1500 formali

1072 1512 1258 1545 obedientia
1276 1518 1307 1545 et
1330 1516 1436 1556 poena
1455 1515 1643 1557 privationis
1665 1519 1809 1551 muneris

1073 1565 1282 1609 praedicandi
1308 1572 1340 1598 et
1363 1568 1450 1600 vocis
1468 1569 1588 1602 activae
1606 1576 1635 1602 et
1653 1572 1809 1613 passivae,

1073 1618 1292 1661 praecipimus
1322 1625 1356 1651 ut
1382 1619 1463 1653 nihil
1498 1621 1659 1654 bonorum
1685 1624 1811 1657 redem-

1073 1671 1206 1714 ptionis,
1222 1672 1342 1705 directe
1363 1683 1469 1716 neque
1495 1674 1662 1713 indirecte,
1688 1678 1808 1717 colore,

1075 1725 1167 1757 titulo
1199 1726 1248 1758 vel
1285 1732 1453 1768 praetextu
1492 1727 1601 1771 aliquo
1638 1735 1700 1762 tam
1733 1741 1809 1764 vero

1073 1788 1168 1821 quam
1194 1778 1282 1817 falso,
1297 1779 1357 1811 sibi
1380 1781 1624 1822 quomodolibet
1647 1783 1811 1825 applicent

1073 1837 1125 1864 aut
1150 1832 1182 1864 in
1208 1832 1303 1865 alium
1322 1831 1416 1865 tinem
1436 1834 1560 1866 etian‘isi
1588 1836 1761 1869 honestum
1780 1843 1812 1870 et

1073 1885 1161 1929 pium
1187 1884 1382 1926 distrahant,
1410 1886 1470 1919 nisi
1496 1898 1578 1930 quae
1604 1899 1663 1931 pro
1687 1890 1811 1923 condu-

1073 1939 1182 1972 ctione
1207 1939 1387 1972 necessaria
1406 1940 1472 1972 visa
1498 1941 1631 1974 suerint.

1118 2002 1160 2025 ix.
1186 1991 1225 2024 Ut
1249 2001 1327 2033 ergo
1352 1992 1438 2025 istud
1464 1994 1717 2036 praedicationis
1742 2005 1812 2027 mu-

1074 2055 1132 2078 nus
1157 2044 1330 2077 ferventius
1355 2051 1543 2078 exerceatur
1556 2052 1588 2079 et
1605 2049 1691 2080 nulla
1713 2049 1812 2091 negli-

1074 2098 1182 2140 gentia
1199 2097 1519 2140 tepescat.‚universis
1530 2100 1812 2141 praedicatoribus

1056 2165 1057 2168 ¹
1076 2149 1310 2193 redemptionis
1326 2160 1383 2193 per
1402 2155 1503 2183 totum
1529 2150 1682 2185 Ordinem
1708 2153 1812 2187 decla-

1074 2214 1180 2237 ramus
1217 2204 1278 2236 sibi
1311 2213 1376 2235 non
1410 2203 1478 2236 sore
1512 2205 1746 2247 computandos
1772 2207 1810 2240 ad

1074 2257 1208 2299 gradum
1233 2261 1501 2299 praesentaturae
1520 2257 1559 2289 de
1577 2258 1702 2301 pulpito
1728 2259 1813 2291 obti-

1075 2311 1217 2343 nendum
1241 2320 1342 2343 annos
1368 2310 1524 2352 singulos,
1546 2311 1675 2353 quibus,
1701 2317 1735 2343 ut
1759 2312 1812 2355 pie

1075 2364 1205 2404 dicitur,
1229 2373 1294 2396 non
1329 2363 1609 2407 praedicaverint,
1636 2370 1691 2397 aut
1715 2366 1814 2398 colle-

1073 2423 1156 2450 ctam
1182 2418 1461 2460 eleemosynarum
1486 2417 1600 2460 quovis
1628 2418 1724 2451 modo
1749 2428 1814 2451 non

1075 2471 1220 2504 fecerint.

1117 2535 1148 2558 x.
1175 2523 1321 2556 Ditiones
1346 2528 1377 2556 et
1403 2522 1564 2555 territoria
1581 2523 1618 2555 ad
1645 2524 1815 2556 collectam

1076 2579 1356 2621 eleemosynarum
1382 2582 1415 2609 et
1440 2576 1639 2609 exactionem
1672 2575 1816 2608 omnium

1714 186 1776 218 ΞΜ
1824 194 1869 221 in.
1884 195 1913 220 c.
1939 195 1999 221 unct
