2254 3225
229 233 262 258 An
291 234 317 258 c.
342 233 405 259 troi
452 224 515 257 oto

417 291 475 314 suo
500 283 653 323 magistro
688 287 849 315 conventu
883 287 996 322 exeat,
1029 287 1154 314 etcum

418 334 534 367 eodem
550 333 680 368 incedat
691 339 723 368 et
736 334 950 377 regrediatur3
969 334 1152 367 sacerdotes

416 398 494 421 vero
532 388 698 421 studentes
738 387 867 420 nonnisi
905 392 993 420 extra
1026 392 1155 429 tempus

417 441 568 474 lectivum
594 440 634 474 de
659 440 795 473 consilio
820 445 851 473 et
874 450 1035 473 consensu
1054 440 1156 472 lecto-

417 505 489 527 rum
512 494 706 527 necessitate
732 494 915 536 postulante
939 498 1028 525 cxtra
1047 493 1154 525 locum

1000 234 1177 257 BULLAlllUM
1204 234 1357 256 ROMANUM

1195 281 1340 324 magistri
1358 280 1552 314 novitiorum
1573 283 1785 313 exercuerunt
1802 279 1833 311 in
1852 287 1930 321 quo-

1195 334 1240 367 vis
1265 340 1436 375 conventu,
1461 334 1493 367 in
1518 345 1582 377 quo
1606 334 1720 367 floreat
1743 332 1929 377 praedictus

1195 387 1281 420 Ordo
1296 388 1344 420 vel
1358 387 1529 420 novitiatus
1546 387 1669 427 existat,
1688 387 1826 430 gaudeat
1838 395 1930 429 prae-

1196 440 1348 482 rogativis
1372 440 1505 473 sedendi
1530 440 1714 472 immediate
1738 445 1811 483 post
1833 441 1931 473 lecto-

1197 503 1247 525 res
1261 492 1422 533 iubilatos,
1442 498 1473 525 et
1489 492 1560 525 aliis
1575 493 1835 536 exemptionibus
1853 493 1931 536 ipsis

1196 545 1457 588 competentibus
1486 545 1545 578 sub
1578 545 1668 578 titulo
1699 545 1931 588 praedicatoris

1937 230 1984 256 An.
2001 229 2028 255 C.
2053 229 2120 256 «094

419 547 530 589 egredi
555 546 797 590 permittantur.

259 613 287 634 u«.
309 612 409 633 mumma
462 611 513 633 xv.
540 600 610 633 Alia
634 609 736 642 eaque
768 608 832 631 non
858 597 936 631 levis
961 597 1088 630 occasio
1110 597 1156 629 iti-

226 642 555 687 issJ-ffiss'iJss'fl—iiinilnerandi
588 652 730 685 nascitur
762 662 799 683 ex
832 651 933 683 abusu
965 650 1155 691 designandi

226 693 305 712 l-itwno
324 693 408 717 privile·
421 707 426 712 .

226 725 305 743 worn-n
324 717 452 746 {mn-in
472 705 610 748 singulis
630 704 792 746 capitulis,
806 703 870 736 sive
888 703 1153 746 provincialibus,

1198 597 1335 638 iubilati‚
1355 603 1491 640 excepto
1515 597 1685 640 suffragi03
1704 597 1760 631 sed
1786 597 1868 631 sicut
1884 597 1932 630 iu-

1197 649 1306 683 bilatis
1331 656 1379 683 est
1397 650 1559 693 praefixus
1577 661 1741 691 numerus,
1760 650 1803 683 ita
1819 655 1852 683 et
1866 650 1932 684 illis

1196 702 1393 745 praefigatur
1406 729 1413 743 ,
1445 702 1570 736 scilicet
1604 703 1691 746 quod
1723 704 1830 736 solum
1861 708 1933 737 octo

225 748 328 765 ‘'dmm'‘
419 759 486 792 sive
512 757 722 796 intermediis,
751 762 814 788 tres
839 761 893 788 aut
925 756 1033 798 plures
1066 765 1156 798 prae-

420 812 580 844 dicatores
605 809 837 842 conventuales
856 819 913 851 pro
931 808 1067 851 siugulis
1089 808 1157 851 qui-

419 865 545 907 busque
570 861 779 896 conventibus
804 866 917 894 contra
940 866 1082 894 mentem
1099 866 1156 893 sta-

419 923 562 950 tutorum
587 914 851 957 Segoviensium,
879 925 982 958 quae,
1008 915 1083 947 dum
1117 914 1155 947 de

418 970 498 1013 ipsis
521 969 719 1002 mentionem
744 968 880 1007 faciunt,
905 968 1056 1000 videntur
1080 977 1154 1010 sup-

418 1034 551 1067 ponere,
576 1033 677 1055 unum
709 1021 830 1054 debere
863 1031 935 1054 esse
966 1026 1089 1053 tautum
1123 1020 1156 1052 in

418 1076 533 1119 quovis
557 1079 729 1108 conventu.
751 1074 827 1107 Ideo
853 1073 1004 1107 dixerunt
1028 1073 1157 1117 praedi-

418 1135 501 1162 ctam
526 1128 756 1171 corruptelam,
784 1137 820 1159 ex
846 1137 919 1170 qua,
934 1128 1019 1160 ultra
1044 1137 1155 1159 ansam

417 1181 661 1225 praedictorum
685 1181 897 1220 discursuum,
928 1179 1024 1213 etiam
1050 1179 1157 1222 sequi-

418 1234 486 1266 tur¹
505 1234 592 1277 quod
620 1234 730 1276 plures
750 1233 866 1266 fratres
894 1243 989 1276 quam
1008 1238 1157 1276 oporteat

419 1286 681 1330 exemptionibus
706 1286 885 1328 gaudeant,
911 1286 1044 1319 omnino
1070 1286 1153 1318 abo-

416 1340 547 1374 lendam
573 1350 655 1379 esse,
669 1350 834 1383 unumque
849 1339 1049 1372 solummodo
1064 1349 1157 1382 prae-

419 1393 598 1426 dicatorem
629 1392 750 1425 debere
783 1401 855 1424 esse
888 1392 921 1424 in
953 1402 1155 1435 unoquoque

418 1450 580 1479 conventu
605 1445 659 1488 qui
684 1445 826 1488 gaudeat
854 1445 1090 1488 praerogativis
1124 1451 1157 1478 et

419 1498 678 1542 exemptionibus
705 1497 822 1531 debitis
855 1498 1030 1541 praedictis
1063 1508 1156 1541 prae-

418 1552 601 1585 dicantibus
622 1562 681 1594 per
716 1556 836 1584 statuta
870 1550 1053 1593 generalia3
1085 1550 1156 1594 ipse

418 1610 524 1639 tamen
550 1605 718 1638 tenebitur
742 1615 854 1637 omnes
881 1604 1055 1637 conciones
1073 1604 1157 1636 iutra

418 1664 613 1692 conventum
638 1663 671 1691 et
694 1657 728 1690 in
753 1657 891 1691 ecclesia
915 1657 1050 1690 matrice
1067 1657 1157 1690 solus

417 1713 536 1745 facere.
569 1712 603 1745 In
640 1711 853 1744 conventibus
886 1721 962 1744 vero
992 1710 1157 1753 principa-

416 1765 564 1803 lioribus,
583 1764 615 1797 in
629 1765 746 1807 quibus
764 1763 847 1796 infra
859 1774 979 1796 annum
995 1764 1156 1796 estmulta

418 1817 513 1861 copia
537 1826 731 1856 sermonum,
751 1816 880 1849 dabitur
894 1816 957 1859 ipsi
976 1815 1156 1855 coadiutor,

419 1870 469 1903 cui
495 1869 664 1902 inferiores
689 1869 913 1911 exemptiones
938 1879 995 1901 suo
1020 1879 1155 1911 propor-

418 1922 557 1955 tionatas
581 1921 683 1954 labori
710 1921 930 1954 definitorium
963 1921 1093 1954 taxabit.
1120 1921 1157 1954 Et

419 1975 496 2018 quia
534 1973 758 2017 experimento
799 1974 1042 2017 comprobatum
1082 1981 1154 2015 est,

418 2028 516 2071 quod,
532 2027 573 2060 ob
588 2026 858 2060 remunerationis
874 2028 1046 2068 desectum,
1065 2037 1157 2070 prae-

419 2081 594 2114 dicatorum
615 2091 733 2113 munus
755 2081 908 2123 elanguit,
927 2081 965 2114 ad
982 2081 1156 2114 accenden-

420 2135 479 2167 dos
504 2133 629 2166 animos
654 2133 838 2166 iudicarunt
862 2134 946 2176 quod
965 2134 996 2167 in
1016 2145 1156 2167 conven-

419 2188 506 2220 tibus
531 2186 629 2220 studii
657 2186 844 2229 theologici,
869 2187 934 2220 sive
959 2187 1153 2227 scholastici,

418 2240 485 2273 sive
510 2239 650 2280 moralis,
668 2245 826 2272 statuatur
847 2251 883 2273 ea
900 2240 998 2273 series
1023 2240 1156 2283 quadra-

418 2293 559 2335 gesimae
589 2303 671 2336 quae
708 2292 896 2326 observatur
930 2293 963 2326 in
995 2299 1154 2327 conventu

418 2345 585 2386 Taurensi,
606 2351 637 2379 et
654 2347 902 2389 praedicatores,
922 2347 974 2390 qui
999 2358 1056 2390 per
1081 2348 1155 2381 duo-

419 2398 574 2432 dennium
590 2398 795 2432 laudabiliter
812 2410 927 2432 munus
945 2400 1085 2432 suumin
1104 2400 1154 2434 his

418 2451 632 2485 conventibus
646 2450 788 2484 obierint
805 2452 872 2484 sine
891 2453 1152 2495 interpolatione,

420 2511 452 2538 et
476 2504 683 2548 postmodum
708 2515 766 2547 per
792 2505 968 2538 triennium
993 2505 1152 2548 integrum

418 2558 559 2591 officium
592 2557 767 2590 visitatoris
792 2557 888 2590 Tertii
914 2558 1040 2591 Ordinis
1057 2585 1064 2599 ,
1099 2565 1155 2592 aut

452 2622 463 2650 1
486 2620 606 2648 Pessime
627 2619 692 2647 edit.
715 2619 794 2646 Malu.
817 2620 880 2656 legit
901 2621 1027 2649 nescitur
1048 2628 1083 2657 tu.
1105 2622 1152 2656 Τ.).

1197 756 1397 799 antiquiores
1412 756 1550 789 debeant
1565 757 1716 799 gaudere,
1729 756 1844 800 reliqui
1858 767 1933 790 vero

1198 813 1310 853 optare
1340 810 1371 843 in
1405 810 1519 843 horum
1553 810 1697 843 vacantia
1727 810 1816 843 iuxta
1847 810 1935 844 ordi-

1197 873 1271 895 nem
1292 873 1369 896 suae
1386 863 1601 904 iubilationis3
1621 863 1752 897 interim
1769 874 1844 897 vero
1861 875 1936 906 gau-

1198 916 1295 949 deant
1311 926 1410 959 supra
1427 916 1668 960 praedicatores
1684 918 1933 959 conventuales·‚

1197 969 1222 1002 si
1239 979 1316 1002 vero
1335 979 1392 1012 per
1405 970 1605 1010 sexennium,
1623 975 1696 1013 post
1713 970 1936 1003 duodennium

1198 1021 1459 1065 praedicationis,
1478 1015 1666 1056 visitationis
1683 1023 1868 1066 praedictae
1886 1023 1936 1057 vel

1198 1074 1434 1117 magisteriatus
1461 1075 1655 1108 novitiorum
1690 1086 1807 1109 munus
1847 1086 1937 1109 exer-

1197 1132 1303 1168 ceant,
1334 1127 1496 1170 gaudeant
1521 1128 1606 1160 inter
1635 1127 1819 1162 definitores
1844 1128 1937 1162 hahi-

1198 1181 1313 1220 tuales,
1338 1191 1398 1213 nec
1422 1181 1529 1214 locum
1555 1181 1619 1214 illis
1644 1181 1772 1222 cedant,
1799 1181 1852 1226 qui
1879 1193 1937 1226 po—

1198 1238 1266 1266 stea
1291 1233 1329 1266 ad
1355 1232 1573 1267 definitionis¹
1598 1234 1774 1268 habitualis
1799 1235 1935 1278 gradum

1198 1286 1458 1326 conscenderint,
1479 1286 1541 1320 nisi
1561 1288 1656 1321 ante'a
1680 1288 1743 1320 iam
1769 1287 1832 1320 sint
1858 1287 1937 1321 deti-

1198 1339 1321 1373 nitores
1339 1341 1500 1373 actuales:
1519 1345 1691 1384 utrumque
1710 1341 1796 1374 enim
1821 1352 1936 1374 munus

1197 1393 1293 1436 longe
1308 1393 1435 1426 excedit
1452 1394 1642 1427 'sexennium
1660 1393 1760 1427 solius
1781 1394 1937 1427 visitatio-

1198 1446 1257 1486 nis,
1279 1446 1327 1478 cui
1347 1445 1379 1479 in
1400 1446 1526 1479 statutis
1544 1447 1752 1489 generalibus
1770 1457 1936 1480 nncxxxm

1197 1503 1323 1532 taxatur
1362 1499 1589 1541 praecedentia
1627 1499 1714 1532 inter
1751 1499 1936 1533 definitores

1199 1551 1399 1592 habituales;
1426 1557 1457 1584 et
1488 1551 1543 1595 qui
1574 1552 1638 1584 hoc
1668 1552 1812 1585 secundo
1838 1553 1936 1585 modo

1197 1614 1286 1637 suam
1311 1604 1536 1637 iubilationem
1569 1604 1689 1637 suerint
1718 1605 1875 1645 assecuti,
1902 1615 1936 1638 0-

1197 1667 1288 1690 mnes
1304 1657 1426 1700 absque
1444 1658 1510 1690 ulla
1534 1657 1750 1696 restrictione,
1775 1657 1881 1690 statim
1901 1668 1936 1690 ac

1198 1718 1256 1751 per
1281 1707 1471 1740 authentica
1496 1708 1690 1741 documenta
1715 1708 1815 1741 instar
1839 1709 1936 1741 lecto-

1198 1772 1269 1794 rum
1295 1766 1441 1794 constare
1464 1761 1600 1794 fecerint
1616 1761 1868 1794 laudabilitatem
1886 1761 1934 1794 sui

1199 1813 1350 1854 exercitii,
1377 1813 1416 1846 ad
1434 1814 1641 1856 gaudendum
1667 1813 1888 1847 admittantur.

1240 1877 1305 1900 xv'i.
1325 1865 1415 1906 Cum,
1436 1877 1473 1899 ex
1496 1866 1701 1899 concordatis
1727 1866 1760 1899 in
1785 1867 1935 1910 superio-

1198 1974 1366 2008 excitanda
1386 1973 1458 2014 sint,
1478 1979 1510 2006 et
1526 1974 1559 2006 in
1576 1973 1656 2017 ipsis
1682 1974 1819 2007 maxime
1837 1985 1934 2018 expc-

1199 2028 1264 2060 diat
1300 2026 1477 2070 praeficere
1504 2027 1582 2059 duos
1607 2027 1750 2060 lectores
1782 2027 1837 2070 qui
1863 2039 1933 2061 cur-

1198 2092 1268 2114 sum
1286 2080 1513 2113 scholasticum
1537 2080 1745 2121 absolverint,
1765 2081 1819 2124 qui
1845 2092 1934 2115 reso-

1198 2134 1314 2168 lutoria
1331 2133 1488 2166 methodo
1505 2133 1596 2166 brevi
1619 2139 1649 2166 et
1673 2133 1757 2166 sacili
1780 2139 1932 2167 tractatus

1198 2188 1337 2221 morales
1362 2191 1564 2230 percurrant,
1581 2191 1617 2218 ut
1632 2187 1689 2219 sub
1708 2197 1820 2220 eorum
1839 2187 1932 2220 disci-

1197 2242 1286 2285 plina
1309 2241 1436 2273 habiles
1455 2240 1699 2282 poenitentiarii
1720 2241 1930 2283 instruantur,

1197 2295 1236 2327 ad
1254 2293 1493 2338 praedictorum
1512 2292 1721 2326 iubilatorum
1739 2294 1931 2328 incitamen-

1196 2353 1262 2380 tum
1277 2347 1530 2387 concordarunt,
1547 2351 1582 2378 ut
1596 2346 1784 2388 lectoribus,
1802 2348 1855 2391 qui
1872 2359 1930 2391 per

1196 2400 1382 2434 sexennium
1418 2404 1492 2443 post
1529 2399 1664 2442 primam
1703 2399 1928 2435 iubilationem

1196 2455 1259 2488 hoc
1288 2463 1402 2486 munus
1437 2452 1643 2485 laudabiliter
1673 2453 1832 2495 obierint,
1861 2461 1926 2488 tra-

1195 2506 1313 2539 ctando
1330 2505 1481 2539 materias
1505 2506 1644 2538 morales
1663 2507 1820 2540 methodo
1845 2517 1929 2541 reso-

1195 2560 1301 2599 lutiva,
1329 2563 1359 2591 et
1384 2557 1535 2591 dictando
1561 2558 1734 2601 opiniones
1758 2570 1859 2600 sanas,
1880 2571 1929 2593 se-

1231 2623 1241 2648 l
1264 2621 1363 2649 Forsan
1384 2619 1545 2656 definitoris
1564 2620 1601 2656 (R,
1618 2620 1667 2655 Τ.).

1984 1879 2010 1900 Ut
2035 1880 2126 1900 let-torn

1198 1920 1298 1961 ribus,
1325 1920 1429 1953 studia
1454 1920 1642 1963 theologiae
1666 1920 1799 1954 moralis
1825 1907 2125 1958 denuoBfssss'ssssn-,fifssssa

1944 1959 2045 1980 truantur.
