2254 3225
216 220 264 246 Au.
282 217 311 246 C.
334 216 402 246 169ss
449 207 513 242 ’7ssss

410 266 592 309 gelicorum
614 267 838 301 ministrorum
863 266 901 301 ab
926 268 1039 301 eadem
1063 268 1144 301 Sede

410 319 585 354 missorum
610 323 709 364 opera
733 321 822 364 (Deo
843 321 914 365 pios
938 321 1068 354 illorum
1093 331 1146 354 co-

411 378 506 408 natus
525 385 562 408 ac
578 375 706 408 labores
724 374 872 418 iuvante)
885 375 1054 408 uberiores
1069 384 1147 417 quo·

411 426 490 460 tidie
507 427 541 460 in
560 428 625 461 illis
649 428 794 471 partibus
819 427 999 460 animarum
1026 427 1145 459 fructus

412 480 446 513 in
470 480 589 514 horrea
610 480 774 514 dominica
798 479 985 519 afferantur,
1004 480 1145 522 novique

412 534 576 568 Ecclesiae
586 534 771 567 Catholicae
785 533 938 577 palmites
952 533 985 565 in
999 533 1068 565 dies
1082 542 1148 565 cre·

413 592 514 627 scant,
540 597 575 620 ac
598 586 738 630 proinde
763 586 934 618 memorati
959 584 1148 618 Pekinensis

413 644 445 672 et
468 639 683 672 Nankinensis
716 638 860 681 episcopi
894 637 1048 680 pastorali
1078 647 1147 669 mu-

412 692 484 725 neri
509 692 701 735 exequendo
726 691 759 724 in
782 697 831 724 tot
847 691 1009 733 tantisque
1027 700 1063 722 ac
1083 695 1146 722 tam

413 744 528 787 amplis
552 744 612 777 sihi
638 744 768 777 creditis
793 743 984 786 regionibus
1010 752 1146 786 prorsus

412 797 553 840 impares
571 795 832 840 reputarentur¹,
849 796 1091 839 optandumque
1108 795 1148 827 sit

412 859 473 893 pro
508 850 734 892 magnitudine
774 850 884 882 messis
924 848 1147 892 operariorum

413 902 542 946 copiam
566 907 756 946 suppetere,
783 902 837 945 qui
863 912 929 935 non
954 901 1051 934 modo
1077 911 1146 940 eos,

413 956 478 999 qui,
497 955 619 988 relictis
645 955 823 995 erroribus,
844 955 1057 988 christianam
1070 953 1150 987 veri-

412 1014 511 1042 tatem
543 1013 767 1051 agnoverunt,
792 1010 888 1047 sana,
913 1008 1068 1051 fidelique
1093 1008 1149 1040 do-

412 1062 515 1095 ctrina
539 1061 732 1101 instituere,
764 1072 800 1094 ac
830 1066 992 1104 tamquam
1018 1067 1148 1094 teneras

411 1114 445 1147 in
461 1115 554 1147 vinea
569 1114 696 1147 Domini
721 1115 849 1157 plantas
867 1115 954 1147 alere
971 1124 1007 1146 ac
1025 1114 1146 1153 fovere,

412 1167 469 1200 sed
501 1172 533 1200 et
562 1167 665 1207 alios,
699 1167 753 1210 qui
790 1168 898 1200 adhuc
933 1167 966 1199 in
1003 1166 1148 1199 tenebris

413 1221 599 1260 ambulant,
631 1220 670 1253 ad
696 1231 807 1253 verum
832 1219 1067 1263 omnipotentis
1092 1219 1147 1252 Dei

412 1274 533 1306 cultum
568 1278 758 1306 convertere
788 1274 957 1306 studeant:
992 1273 1068 1305 hinc
1100 1278 1149 1305 est

413 1326 499 1369 quod
513 1335 583 1365 nos,
608 1325 904 1358 misericordiarum
924 1326 1008 1358 Patri
1029 1332 1061 1358 et
1084 1326 1148 1358 Deo

412 1378 513 1411 totius
546 1378 779 1411 consolationis
812 1378 929 1420 gratias
954 1389 1049 1421 agere
1083 1389 1147 1411 nou

414 1431 598 1464 desinentes
620 1457 629 1470 ,
669 1431 722 1474 qui
759 1432 845 1463 inter
880 1432 1083 1473 gravissimas
1119 1435 1169 1464 eti

413 1483 610 1527 multiplices
631 1494 735 1523 curaS,
757 1495 837 1526 quas
858 1484 889 1516 in
907 1484 996 1516 hisce
1021 1490 1149 1526 pertur-

414 1536 591 1569 batissimis
617 1535 814 1569 christianae
846 1536 1046 1580 reipublicae
1072 1541 1148 1569 tem-

414 1588 549 1632 poribus
581 1598 641 1632 pro
670 1588 841 1622 commisso
872 1589 964 1621 nobis
995 1589 1147 1621 divinitus

415 1641 611 1685 apostolicae
630 1641 791 1674 servitutis
809 1641 913 1675 officio
932 1642 1059 1675 assidue
1081 1652 1149 1674 sus-

414 1694 566 1734 tinemus,
592 1694 727 1727 uberius
748 1694 861 1727 saltem
888 1695 919 1727 in
941 1695 1149 1738 longinquio-

415 1746 505 1779 ribus
532 1746 619 1779 orbis
644 1752 801 1779 terrarum
822 1746 967 1789 partibus
993 1747 1149 1780 orthodo-

414 1809 473 1832 xae
497 1798 666 1841 religionis
704 1798 916 1831 incrementis
952 1809 1010 1832 nos
1034 1810 1149 1832 conso-

414 1852 475 1885 lari
490 1851 663 1893 dignatur;
680 1856 721 1889 et,
740 1851 815 1894 quia
830 1856 892 1884 tam
910 1852 949 1884 iis
968 1852 1021 1894 qui
1040 1853 1147 1894 louge,

415 1915 510 1948 quam
533 1904 598 1937 illis
634 1904 688 1948 qui
724 1915 827 1948 prope
860 1911 955 1943 sunt,
981 1902 1170 1938 debitores'

414 1967 534 1998 sumus,
559 1957 732 1990 maximum
758 1958 871 1991 salutis
896 1958 1073 1991 animarum
1099 1970 1149 1992 ue-

415 2011 549 2053 gotium,
569 2021 647 2054 quas
666 2016 755 2044 tanto
770 2012 907 2044 marium
923 2017 1148 2056 terrarumque

414 2063 520 2107 spatio
538 2063 716 2096 disiunctas
734 2070 887 2106 paternae
906 2065 1070 2098 charitatis
1086 2066 1149 2098 vin-

415 2117 523 2150 culum
548 2116 643 2149 nobis
670 2117 848 2159 coniungit,
865 2118 1012 2151 sollicitis
1034 2119 1149 2151 studiis

415 2169 526 2203 iuvare
544 2180 580 2202 ac
594 2180 796 2212 promovere,
814 2181 941 2204 necnon
955 2172 1149 2205 christianae

415 2222 586 2265 religionis
603 2229 633 2255 et
650 2223 832 2256 catholicae
857 2224 932 2257 fidei
952 2225 982 2257 in
1002 2225 1148 2267 partibus

415 2275 590 2318 praedictis
621 2276 769 2308 solidiori
805 2277 1025 2311 stabilimento
1056 2279 1150 2312 latio-

416 2329 510 2371 rique
537 2328 786 2371 propagationi,
812 2336 966 2372 quantum
991 2331 1086 2364 nobis
1111 2342 1148 2365 ex
1169 2352 1172 2367 t

417 2381 483 2414 alto
518 2381 720 2421 conceditur,
743 2382 929 2424 prospicere
961 2384 1148 2427 cupientes,

417 2433 530 2467 habita
546 2444 642 2477 super
666 2434 852 2477 praemissis
870 2446 941 2468 cum
961 2437 1149 2479 particulari

419 2486 678 2529 Congregatione
696 2488 929 2520 venerabilium
947 2489 1081 2522 fratrum
1099 2501 1151 2524 no-

452 2603 467 2630 ’1
489 2603 582 2638 Aptius
603 2602 660 2639 lege
682 2607 849 2638 reputentur
866 2611 900 2637 gn.
918 2606 967 2638 r.).

987 218 1168 244 BULLAMUM
1190 217 1346 244 ROMANUM

1186 273 1325 301 strorum
1347 268 1378 301 S.
1406 267 1441 300 P..
1473 268 1508 301 E.
1540 268 1753 301 cardinalium
1778 266 1918 310 negotiis

1186 322 1417 365 Propagandae
1442 321 1531 355 Fidei
1556 322 1839 365 praepositorum,
1865 320 1920 364 qui

1186 375 1257 407 iura
1274 375 1380 408 omnia
1405 375 1547 418 desuper
1567 375 1664 408 etiam
1682 385 1740 418 pro
1758 379 1849 418 parte
1868 384 1921 406 su-

1186 427 1322 470 pradicti
1340 427 1425 460 Petri
1444 427 1530 470 regis
1552 427 1689 460 deducta
1714 427 1767 460 diu
1793 438 1828 460 ac
1849 426 1921 460 dili-

1186 485 1301 522 genter
1325 480 1565 520 discusserunt,
1591 480 1827 513 deliberatione
1852 491 1920 514 ma-

1187 533 1268 571 tura,
1287 532 1326 564 de
1351 533 1483 565 illorum
1508 532 1645 565 consilio
1666 537 1698 565 et
1718 542 1865 573 assensu,
1884 543 1922 566 ac

1187 583 1284 616 etiam
1308 589 1398 616 motu
1428 584 1564 627 proprio
1581 610 1588 624 ,
1615 594 1651 616 ac
1675 586 1761 617 certa
1786 584 1922 618 scientia

1188 641 1219 668 et
1242 637 1367 669 matura
1393 636 1631 670 deliberatione
1655 637 1787 677 nostris,
1816 637 1921 680 deque

1188 689 1389 732 apostolicae
1419 689 1589 732 potestatis
1612 689 1839 732 plenitudine,
1870 700 1923 722 su-

1188 741 1352 784 pradictas
1377 752 1489 775 omnes
1514 742 1697 786 provincias
1723 742 1815 785 regni
1833 742 1924 775 Sina-

1190 805 1258 827 rum
1277 795 1461 828 memoratis
1487 795 1657 829 Pekinensi
1680 801 1710 828 et
1726 795 1922 828 Nankinensi

1190 848 1351 892 episeopis
1376 859 1436 892 pro
1462 859 1575 882 eorum
1603 848 1814 889 dioecesibus,
1840 849 1923 882 sicut

1189 903 1422 946 praemittitur,
1447 903 1626 945 assignatas
1652 903 1808 946 (exeeptis
1834 903 1923 936 dum-

1191 960 1274 987 taxat
1287 955 1325 988 de
1336 955 1446 988 Pekim
1464 966 1499 988 ac
1512 956 1662 998 Xantung
1678 961 1709 989 et
1725 956 1921 998 Levantuug,

1191 1019 1270 1051 quas
1297 1009 1490 1049 Pekinensi‚
1512 1019 1643 1042 necnon
1669 1009 1708 1042 de
1729 1008 1862 1041 Nankitn
1892 1014 1924 1040 et

1190 1061 1311 1101 Nonan,
1327 1072 1405 1105 quas
1422 1061 1619 1095 Nankinensi
1634 1062 1795 1105 episcopis
1812 1072 1924 1105 supra-

1191 1115 1283 1147 dictis
1307 1125 1368 1158 pro
1397 1114 1574 1148 cuiuslibet
1603 1125 1715 1148 eorum
1741 1115 1923 1158 respective

1191 1167 1334 1201 dioecesi
1360 1178 1571 1208 reservamus,
1598 1173 1640 1208 et,
1658 1173 1817 1211 quatenus
1842 1178 1924 1210 opus

1191 1220 1251 1261 sit,
1281 1220 1326 1253 eis
1351 1226 1382 1253 et
1407 1231 1517 1254 eorum
1542 1221 1675 1254 cuilibet
1699 1221 1813 1253 harum
1839 1220 1923 1253 serie

1190 1273 1404 1317 assignamus)
1437 1284 1455 1306 a
1482 1273 1659 1317 praedictis
1693 1273 1864 1306 Pekinensi
1894 1278 1926 1304 et

1167 1367 1169 1371 ,
1190 1326 1386 1359 Nankinensi
1397 1327 1578 1369 respective
1590 1326 1802 1365 dioecesibus,
1813 1331 1925 1359 tenore

1168 1380 1169 1420 j
1191 1379 1418 1422 praesentium,
1432 1385 1592 1423 perpetuo
1607 1390 1798 1422 separamus
1817 1385 1845 1411 et
1861 1379 1926 1411 dt:-

1191 1431 1418 1470 uiembramuS,
1436 1432 1587 1474 illasque,
1608 1442 1643 1464 ac
1668 1442 1780 1464 earum
1802 1433 1924 1464 elerum

1191 1490 1221 1517 et
1237 1486 1404 1527 populum,
1428 1484 1467 1517 ab
1493 1485 1580 1517 omni
1598 1490 1630 1517 et
1649 1495 1849 1528 quacumque
1875 1496 1926 1517 ve-

1191 1537 1385 1570 nerabilium
1409 1537 1541 1569 fratrum
1565 1537 1797 1570 modernorum
1818 1543 1847 1570 et
1866 1547 1923 1579 pro

1193 1594 1337 1632 tempore
1355 1589 1562 1622 existentium
1581 1589 1773 1622 Pekinensis
1793 1595 1824 1622 et
1843 1589 1926 1622 Nau-

1192 1642 1336 1674 kinensis
1362 1642 1593 1685 episcoporum
1616 1642 1856 1681 iurisdictione,
1873 1652 1925 1674 su-

1192 1695 1390 1738 perioritate,
1417 1700 1590 1738 potestate,
1612 1696 1827 1735 correctione,
1853 1696 1927 1728 visi-

1193 1747 1323 1787 tatione,
1347 1747 1515 1789 regimine,
1535 1750 1610 1780 cura
1636 1753 1667 1780 et
1692 1747 1861 1790 gubernio,
1881 1749 1928 1780 iti-

1168 1831 1170 1834 ,
1192 1801 1263 1832 deu]
1289 1806 1444 1843 perpetuo
1470 1800 1637 1833 eximimus
1663 1806 1693 1833 et
1717 1802 1864 1843 plenarie
1890 1802 1928 1834 li-

1168 1848 1170 1897 s
1191 1853 1353 1885 beramus.
1380 1852 1531 1886 Ceterum
1555 1853 1642 1895 ipsas
1670 1853 1855 1896 provincias
1881 1854 1927 1886 sic

1191 1911 1354 1949 separatas
1375 1911 1406 1938 et
1430 1906 1595 1946 liberataS,
1619 1906 1724 1939 donec
1753 1907 1928 1950 spirituali-

1191 1960 1250 1991 bus
1274 1959 1403 1991 illarum
1420 1959 1633 2001 indulgentiis
1650 1970 1710 2002 per
1727 1960 1926 1993 erectionem

1191 2021 1346 2045 novorum
1372 2012 1617 2055 episcopatuum
1642 2013 1681 2045 ab
1718 2013 1777 2045 hac
1811 2013 1927 2046 Sancta

1191 2064 1274 2097 Sede
1299 2065 1517 2107 provideatur,
1545 2076 1641 2098 curae
1667 2071 1698 2098 et
1723 2066 1928 2099 administra-

1192 2118 1271 2151 tioni
1295 2118 1487 2152 vicariorum
1512 2119 1766 2161 apostolicorum
1792 2130 1808 2152 a
1833 2120 1926 2152 nohis

1192 2177 1222 2204 et
1247 2170 1328 2203 Sede
1352 2171 1497 2213 praefata
1522 2181 1580 2214 pro
1606 2176 1750 2214 tempore
1776 2172 1927 2214 deputan-

1193 2225 1304 2257 dorum
1330 2223 1399 2267 <qui
1424 2234 1536 2256 omnes
1570 2229 1601 2257 et
1625 2224 1770 2266 singulas
1795 2224 1927 2257 faculta-

1193 2283 1240 2310 tes
1265 2287 1346 2320 quae
1370 2276 1496 2310 vicariis
1532 2277 1718 2320 apostolicis
1746 2277 1779 2310 in
1804 2278 1926 2310 eisdem

1191 2330 1336 2373 partibus
1362 2330 1510 2363 Sinarum
1535 2330 1670 2362 antehac
1700 2340 1717 2363 a
1742 2330 1826 2363 dicta
1843 2331 1925 2364 Sede

1193 2384 1355 2427 deputatis
1380 2394 1439 2427 per
1470 2384 1611 2417 diversas
1642 2385 1833 2417 recolendae
1859 2396 1926 2418 uie·

1191 2437 1312 2470 moriae
1353 2435 1525 2470 Alexandri
1564 2436 1636 2476 Vll,
1661 2436 1835 2470 Clementis
1872 2438 1924 2478 IX,

1192 2490 1365 2523 Clementis
1389 2490 1413 2522 X
1439 2495 1469 2522 et
1494 2489 1670 2522 innocentii
1696 2489 1734 2522 XI
1766 2490 1927 2524 Romano-

1193 2554 1263 2575 rum
1290 2543 1477 2576 Pontificum
1499 2542 1781 2586 praedecessortuu
1803 2550 1927 2578 nostro-

1194 2607 1262 2629 rum
1295 2597 1440 2635 litteras,
1466 2606 1520 2628 scu
1558 2597 1635 2628 alitis
1670 2596 1708 2627 al»
1741 2597 1809 2639 ipsa
1843 2598 1924 2632 Sede

1924 218 1977 246 An.
1992 218 2021 246 C.
2041 219 2109 247 109ss
