2227 3225
128 217 177 244 Αιι.
195 219 225 245 C.
249 220 313 247 Ιιιῠί

149 1603 230 1624 trem

132 1631 210 1650 ‘lm-*mr

233 1603 258 1622 ici
276 1603 305 1623 in-

243 1633 292 1650 alim

913 224 1120 246 ixxoszrxrn‘s
1148 226 1186 247 χιι
1213 225 1260 247 rr.
1734 214 1796 246 63·ἓῖ

321 278 412 303 snum
437 268 529 303 obire
553 274 707 312 cogetur;

320 322 448 366 species
472 322 720 366 philosophicas
745 323 926 356 assistendo
948 324 1056 356 conse-

320 375 434 408 rentiis
452 375 547 408 huius
567 376 725 409 facultatis
744 376 946 415 excitabunt3
967 376 1054 419 quod

318 434 353 460 ut
377 428 580 461 commodius
605 428 668 468 siat,
694 429 738 461 sic
763 429 996 472 disponentur,
1021 433 1056 460 ut

319 480 371 514 die
396 480 501 521 lunae,
518 482 669 515 mercurii
685 488 715 515 et
729 482 857 515 veneris
879 481 954 514 siant
978 492 1056 514 con-

318 534 474 568 l'erentiae
503 535 722 578 theologicae,
749 535 864 568 diebus
884 545 960 568 vero
985 535 1056 567 reli·

319 588 391 631 quis
415 589 684 632 philosophicae:
711 589 851 631 denique
878 594 1056 621 conventus

318 641 483 684 graviores
506 641 686 685 aequaliter
703 642 843 675 sentient
863 642 1055 674 clericorum

320 705 508 736 gravamen.
536 695 599 728 Sed
623 705 662 728 ne
696 705 755 738 per
790 695 852 727 hoc
887 695 1056 727 videantur

317 748 458 781 lectores
473 749 545 791 plus
563 748 645 781 iusto
664 748 882 791 multiplicari,
896 749 1057 781 duxerunt

317 801 534 840 statuendum,
549 802 635 844 quod
650 801 683 833 ιἰι
708 802 800 834 nullo
826 801 941 840 studio,
964 811 1056 843 prae-

317 858 464 897 terquam
485 853 517 886 iu
537 853 748 893 Salmantino,
764 855 829 887 sint
850 854 909 886 nisi
931 855 995 887 duo
1013 855 1058 886 le-

318 912 426 940 ctores
452 906 648 949 theologiae,
667 913 698 940 et
722 907 755 940 in
781 908 871 940 nullo
897 907 938 940 sit
962 907 1057 948 magi-

317 965 386 993 ster
409 960 696 1000 scholasticoru1n;
730 960 793 993 hoc
819 961 904 994 enim
936 961 1058 993 exerci-

317 1012 396 1046 tium
413 1013 542 1056 penitus
560 1013 710 1046 odiosum
727 1013 868 1054 videtur;
888 1014 944 1046 sed
963 1023 1057 1046 unus-

318 1067 456 1109 quisque
483 1067 585 1100 lector
609 1066 794 1109 theologiae
827 1077 900 1099 suas
932 1068 1057 1099 conclu-

318 1119 427 1152 siones
452 1120 605 1153 desendet
628 1120 660 1152 in
687 1121 769 1159 aula,
787 1120 978 1153 alternando
999 1130 1057 1163 per

318 1172 563 1212 hebdomadas;
582 1183 619 1205 ea
644 1183 729 1212 vero,
748 1183 829 1216 quae
846 1172 1057 1206 Salmanticae

318 1230 371 1257 aut
396 1224 472 1258 alibi
498 1230 663 1268 praestare
694 1226 777 1258 solet
803 1231 892 1258 extra
918 1235 1056 1258 conven-

318 1283 384 1309 tum
401 1277 672 1310 scholasticorum
697 1277 860 1320 magister,
880 1277 1056 1310 modernus

317 1330 420 1363 lector
445 1330 632 1372 theologiae
665 1336 829 1373 praestare
868 1331 1055 1370 teuchitur;

318 1388 349 1415 et
373 1383 434 1416 hoc
458 1383 555 1415 inodo
587 1383 704 1415 minori
730 1393 864 1416 numero
900 1384 1057 1422 fratrum,

317 1447 415 1478 quam
441 1435 480 1469 de
515 1436 598 1468 sacto
625 1441 825 1479 occupantur
855 1436 887 1468 in
921 1442 1058 1478 quatuor

316 1488 429 1521 studiis
451 1488 645 1531 theologicis
663 1488 862 1531 provinciae,
879 1499 931 1521 sex
952 1488 1057 1521 studia

316 1541 512 1574 auctoratius
536 1547 568 1575 et
592 1542 795 1574 commodius
820 1542 1010 1575 subsistent.

361 1604 417 1628 x11.
444 1594 507 1628 Sed
534 1594 679 1638 quamvis
709 1606 821 1628 omnes
853 1595 990 1628 elericos
1017 1595 1056 1628 ad

121 1662 178 1708 ”1¹⁰5
180 1657 306 1710 ,igncaafflr
317 1648 516 1690 professoria
533 1648 683 1682 mittendi
701 1649 778 1689 sint,
798 1649 830 1681 in
849 1649 968 1692 quihus
988 1649 1057 1692 phi-

121 1710 168 1730 hild

317 1700 499 1744 losophicis
518 1701 698 1744 disciplinis
713 1702 876 1741 studeant,
904 1712 968 1734 non
988 1712 1056 1744 ρι’-ο

317 1759 429 1796 pterea
453 1763 568 1786 omnes
592 1753 780 1786 indistincte
805 1754 844 1786 ad
872 1754 1055 1796 theologica

317 1806 424 1838 studia
444 1812 517 1850 post
541 1806 775 1849 philosophiae
800 1806 944 1850 positum
971 1812 1056 1850 tyro-

317 1859 436 1892 cinium
462 1865 539 1892 sunt
563 1859 759 1901 destinandi,
778 1860 834 1893 sed
859 1860 907 1893 illi
933 1861 1056 1893 dumta-

317 1918 378 1952 xat,
397 1912 463 1956 qui,
482 1913 589 1956 posito
610 1913 771 1953 examine,
793 1913 915 1956 reperti
939 1913 1058 1947 suerint

317 1966 349 1999 in
373 1966 582 2010 philosophia
605 1967 650 1999 ita
667 1966 855 2010 profecisse,
872 1972 906 1998 ut
924 1968 961 2000 de
980 1967 1057 2010 ipsis

317 2019 440 2062 sperari
477 2019 581 2062 possit
605 2020 691 2062 quod
718 2020 751 2052 in
785 2020 948 2062 theologia
981 2030 1056 2063 pro-

317 2083 447 2115 gressus
462 2072 591 2113 sacient,
612 2078 643 2105 et
660 2073 708 2106 vel
728 2073 878 2112 lectores,
900 2075 949 2106 vel
968 2073 1056 2106 verbi
1076 2080 1078 2118 l

315 2125 373 2160 Dei
398 2125 645 2159 concionatores
671 2130 890 2169 competentes
919 2124 1078 2159 evadere‘

316 2183 483 2222 poterunt.
511 2178 637 2221 Reliqui
665 2189 757 2216 vero.
782 2179 837 2221 qui
863 2179 902 2212 ad
930 2180 1078 2212 theolo-,

316 2231 400 2273 giam
435 2231 664 2264 scholasticam
703 2231 898 2264 sufficientes
934 2233 1056 2274 reperti

315 2295 382 2317 non
408 2284 537 2324 suerint,
563 2284 603 2317 ad
630 2284 736 2317 studia
769 2285 954 2327 theologiae
990 2296 1057 2318 mo-

315 2336 406 2377 ralis,
431 2347 513 2380 quae
538 2336 616 2370 olim
642 2337 885 2370 consultissime
910 2349 970 2381 per
994 2343 1056 2371 sta-

315 2389 692 2432 tutumCongregationis
705 2390 877 2423 Toletanae
891 2400 1055 2424 MDCLxxlll

316 2442 447 2475 suerunt
461 2449 567 2476 erecta
584 2443 616 2475 in
631 2443 843 2476 conventibus
857 2444 1055 2476 Asturiceusi

317 2500 348 2528 et
371 2494 594 2535 eorumnensi,
622 2501 653 2528 et
679 2507 764 2529 nune
789 2497 895 2529 denuo
917 2503 991 2529 sunt
1009 2497 1056 2529 in-

316 2549 502 2590 stauranda,
528 2549 747 2590 remittentur,
782 2551 813 2583 in
850 2551 965 2594 quibus
998 2562 1056 2594 per

740 270 876 304 ulterius
908 271 1054 313 theologi
1075 272 1077 287 ⁹

1075 290 1077 339 l

317 2601 492 2636 triennium
519 2612 650 2646 operam
676 2603 786 2637 dantes
807 2603 865 2636 sub
884 2604 1055 2649 disciplina
1070 2638 1077 2649 ι

1096 272 1268 309 lecturum,
1293 271 1332 303 de
1356 270 1471 313 quibus
1486 271 1580 309 int‘ra,
1596 271 1622 302 si
1643 271 1767 303 habiles
1786 282 1835 303 re-

1096 322 1180 365 perti
1206 323 1333 363 suerint,
1351 323 1608 356 consessiouario
1626 323 1835 355 destinabun-

1098 381 1159 414 tur,
1185 377 1233 408 sin
1249 376 1356 409 minus
1374 381 1550 419 perpetuae
1568 376 1660 409 chori
1682 376 1835 418 sequelae

1098 434 1130 461 et
1153 429 1261 461 altaris
1287 429 1431 469 servitio,
1457 429 1591 472 aliisque
1616 434 1834 461 conventuum

1097 481 1191 514 minis
1179 482 1285 514 tetiis
1310 482 1589 525 mancipabuntur.

1141 545 1209 568 xm.
1236 535 1280 567 Ne
1299 545 1374 568 veto
1400 535 1566 577 piovineia
1588 534 1740 567 siatiibus
1764 533 1836 566 inu-

1843 224 1894 248 Ᾱιι.

1912 223 1938 247 (ἶΔ
1963 222 2025 248 tout

1871 547 1914 591 iii-¹
1917 547 1942 566 1
1968 547 2016 567 ιι

1983 581 2027 594 lit-l

1099 585 1206 618 tilihus
1232 585 1348 619 iniuste
1374 591 1537 628 gravetur,
1557 586 1616 618 sub
1641 587 1745 628 poena
1771 576 1975 628 p1·i-,i¹.',1.'

1097 639 1233 672 tationis
1259 640 1345 672 vocis
1371 639 1492 672 activae
1529 645 1562 673 et
1596 639 1741 682 passivae
1778 648 1837 681 per

1099 692 1314 733 decennium,
1342 693 1516 726 voluerunt
1546 692 1703 735 praedicti
1730 697 1836 734 patres

1098 745 1230 778 nomine
1256 756 1388 779 suorum
1413 745 1644 789 principalium
1668 755 1838 778 remanere

1099 797 1273 830 obstrictos
1291 798 1456 831 ministros
1470 798 1686 841 provinciales
1711 798 1765 840 qui
1784 798 1838 830 ad-

1099 850 1228 883 mittunt
1253 852 1291 884 ad
1315 851 1462 884 habitum
1488 851 1621 884 iuvenes
1649 851 1702 894 qui
1729 851 1837 883 huma-

1098 904 1242 937 nioribus
1263 905 1378 938 litteris
1392 916 1458 938 non
1480 905 1599 938 suerint
1613 909 1838 947 competenter

1099 957 1256 997 instructi,
1272 959 1358 1001 quod
1374 964 1406 990 ut
1418 958 1542 991 facilius
1556 957 1738 991 executioni
1753 967 1838 989 man-

1099 1010 1209 1049 detur,
1236 1011 1382 1043 minister
1406 1011 1531 1043 nullum
1554 1010 1716 1049 admittat,
1742 1020 1837 1052 quem

1098 1062 1130 1094 in
1157 1073 1308 1096 consessu
1341 1063 1525 1096 discretorii
1561 1068 1739 1096 conventus
1770 1072 1838 1095 ιιοιι

1099 1115 1348 1156 examinaverit,
1378 1117 1427 1149 vel
1467 1115 1661 1158 guardianus
1694 1115 1733 1148 de
1770 1114 1838 1147 eius

1099 1168 1350 1209 commissione·,
1388 1169 1442 1201 sed
1468 1170 1536 1211 ipse
1571 1167 1735 1207 minister,
1762 1168 1837 1200 dum

1099 1220 1297 1263 provinciam
1324 1220 1449 1260 visitat,
1483 1226 1610 1253 tenetur
1645 1221 1761 1253 iterum
1798 1220 1837 1252 ab

1100 1274 1169 1316 ipso
1187 1284 1252 1306 non
1271 1274 1467 1307 exai‘ninatos
1487 1274 1637 1317 experIri,
1656 1279 1687 1306 et
1704 1274 1729 1306 si
1751 1273 1838 1306 inve-

1100 1326 1184 1358 nerit
1207 1326 1439 1359 examinatores
1463 1327 1652 1369 deliquisse,
1676 1332 1838 1369 tamquam

1099 1379 1252 1421 religioni
1278 1379 1414 1412 iniurios
1441 1380 1552 1412 eadem
1578 1381 1684 1422 poena
1708 1379 1838 1422 punire,

1100 1433 1315 1476 iuvenemque
1341 1434 1520 1477 expellere,
1548 1433 1608 1466 nisi
1635 1434 1717 1466 sorte
1741 1433 1840 1465 suerit

1100 1485 1138 1518 ad
1163 1486 1374 1518 moderamen
1400 1486 1493 1519 chori
1528 1487 1576 1519 vel
1612 1496 1733 1528 organa
1769 1487 1840 1528 pul-

1100 1539 1200 1571 sanda
1224 1545 1386 1582 receptus,
1413 1550 1486 1572 cum
1504 1539 1622 1582 quibus
1646 1538 1768 1582 poterit
1785 1539 1840 1571 mi-

1101 1591 1162 1624 tius
1187 1592 1356 1625 instituere
1383 1603 1526 1632 examen,
1553 1592 1609 1625 sed
1635 1591 1668 1624 hi
1699 1597 1772 1635 post
1807 1602 1838 1624 e-

1099 1645 1231 1678 missam
1256 1645 1496 1688 professionem
1521 1646 1559 1678 ad
1585 1646 1672 1678 aliud
1696 1645 1840 1678 ministe-

1099 1698 1181 1731 rium
1206 1697 1400 1732 litterarium
1425 1698 1558 1732 minime
1583 1699 1793 1732 contendant.

1142 1762 1206 1785 >nv
1237 1752 1393 1785 Eumdein
1426 1752 1522 1785 finem
1549 1753 1654 1785 honae
1682 1752 1839 1786 educatio·

1872 1764 2033 1785 nimo-duim-

1850 1794 1940 1817 parcatis
1968 1791 1981 1811 Ιι
1985 1797 2033 1811 c-eu

1099 1805 1148 1837 nis
1175 1804 1347 1838 iuxentutis
1372 1815 1449 1848 piae
1482 1805 1584 1839 oculis
1609 1805 1781 1846 habentes,
1807 1797 1893 1838 etuias
1910 1824 1957 1843 ος.
1948 1817 2033 1839 mendi

1099 1858 1315 1891 adhaerentes
1341 1859 1478 1891 decretis
1509 1859 1696 1902 apostolicis
1721 1870 1839 1892 memo·

1098 1911 1189 1952 ratis,
1216 1921 1345 1944 necnon
1371 1911 1505 1944 diversis
1536 1911 1664 1944 Ordinis
1688 1912 1813 1945 statutis
1830 1939 1837 1952 ,

1099 1966 1204 2006 poena
1234 1963 1426 2007 privationis
1456 1965 1496 1997 al]
1533 1965 1639 1998 officio
1666 1965 1839 1998 voluerunt

1099 2016 1170 2059 ipso
1185 2017 1269 2049 sacto
1285 2023 1315 2049 et
1331 2017 1619 2050 irremediabiliter
1639 2018 1838 2051 coercendos

1100 2079 1170 2101 esse
1196 2069 1401 2111 guardianos,
1427 2071 1481 2113 qui
1514 2071 1648 2104 iuvenes
1684 2071 1836 2114 philoso-

1100 2122 1196 2164 phiae
1228 2123 1394 2156 studentes
1429 2124 1488 2156 sub
1525 2124 1639 2167 quovis
1669 2130 1839 2168 praetextu

1100 2177 1185 2209 foras
1212 2175 1355 2217 mittunt,
1383 2179 1516 2220 excepta
1541 2180 1638 2210 causa
1659 2188 1766 2211 sacros
1792 2189 1838 2211 or-

1100 2230 1191 2262 dines
1218 2229 1408 2272 reeipiendi,
1433 2236 1487 2262 aut
1511 2230 1564 2274 qui
1584 2241 1639 2264 eos
1656 2237 1745 2264 extra
1763 2243 1839 2265 con-

1100 2288 1228 2315 ventum
1244 2283 1456 2324 quaestuandi
1469 2286 1572 2323 causa,
1590 2283 1686 2317 etiam
1704 2284 1736 2317 in
1754 2286 1837 2326 loco,

1099 2336 1154 2368 ubi
1180 2335 1328 2369 consistit
1352 2342 1530 2370 conventus
1546 2363 1553 2377 ,
1586 2337 1671 2370 exire
1707 2338 1839 2381 permit-

1100 2394 1184 2430 tunt,
1213 2395 1438 2433 praeterquam
1464 2390 1497 2423 in
1523 2391 1647 2424 actibus
1662 2392 1839 2425 communi-

1100 2443 1183 2484 tatis,
1201 2445 1250 2476 vel
1275 2444 1452 2487 aliquando
1468 2455 1581 2478 omnes
1599 2445 1697 2478 simul
1714 2436 1837 2479 recrea-

1100 2497 1195 2530 tionis
1222 2501 1334 2538 causa,
1362 2509 1471 2531 verum
1497 2499 1522 2531 si
1549 2499 1740 2543 aliquando,
1779 2500 1836 2532 etsi

1098 2550 1272 2592 rarissime,
1289 2552 1376 2584 exire
1401 2558 1560 2595 oporteat,
1578 2553 1668 2586 brevi
1695 2564 1837 2586 reversu-

1098 2614 1149 2637 rus
1176 2605 1300 2638 iuvenis
1339 2605 1476 2649 aliquis,
1503 2606 1632 2639 nonnisi
1657 2607 1834 2640 associatus

1850 1851 1861 1865 e
1878 1845 1988 1866 coenobio.
