2227 3225
937 249 1031 272 ixnex
1058 249 1162 273 neam
1707 239 1771 274 075

371 301 602 334 fundationibus
627 303 655 332 et
681 299 895 332 dolationibus
916 303 1106 343 competere,
1131 299 1237 342 illique
1264 299 1356 330 etiam
1384 300 1644 332 consistorialiter
1669 300 1814 344 derogari

372 365 434 387 non
454 364 561 398 posse,
588 353 645 385 nisi
672 352 769 395 ipsius
796 353 878 393 regis
904 352 1071 385 arcedcntc
1096 362 1262 389 consensu,
1287 351 1425 393 decrerit,
1451 352 1543 391 idem,
1569 353 1644 385 ibid.

284 408 442 441 Romanus
469 406 618 439 Pontifex.
647 405 731 439 lllius
757 412 887 449 nepotes
913 412 942 438 ct
967 406 1217 449 consanguineos
1242 416 1258 437 a
1285 405 1481 447 vectigalium
1509 406 1663 438 solutione
1690 407 1816 440 minime

371 465 531 503 exemptos
557 469 623 491 esse
648 459 751 497 statuit
779 459 952 492 Alexander
978 459 1065 499 Vttt,
1091 458 1132 491 16
1158 470 1191 495 1⁷2
1218 469 1273 491 nec
1299 469 1359 491 nou
1386 459 1585 492 Innocentius
1611 459 1679 497 xit,
1713 460 1776 493 ⁰223
1801 461 1816 491 b

370 519 399 545 ct
423 524 500 557 scus,
527 513 668 545 Romano
689 513 828 546 l‘ontitiri
857 513 885 544 in
912 513 1002 546 lionis
1020 512 1239 545 ecclesiasticis
1265 512 1506 555 consanguineis
1531 513 1594 545 suis
1619 517 1649 545 ct
1673 513 1818 545 affinibus

371 567 549 610 horumque
574 567 642 599 loco
668 566 797 600 adlrrtis
818 567 1025 599 concedendis
1043 566 1290 600 moderationem
1318 566 1501 599 servandam
1528 566 1715 610 praescribit
1735 566 1816 599 idem

372 620 579 661 innocentius,
606 619 659 652 111
690 632 709 652 a
734 626 761 652 ct
786 632 856 664 seq.;
883 619 1134 654 constitutionem
1161 620 1240 652 lianc
1266 629 1351 651 suain
1378 619 1516 652 decrevit
1536 630 1552 652 a
1571 619 1718 653 Romanis
1744 619 1818 652 Pon-

373 673 506 707 tificihus
532 679 561 706 ct
586 673 731 707 omnibus
756 673 967 706 cardinalibus
994 673 1156 706 iurandam
1183 683 1260 713 esse,
1286 672 1350 705 411
1374 684 1402 706 a.

1037 833 1056 865 S

282 939 408 974 Sabbati
434 940 530 973 sancti
557 940 616 980 die,
644 940 671 971 in
699 940 816 983 capella
843 940 871 973 S.
898 939 1012 973 Mariae
1037 939 1074 972 de
1100 939 1243 972 Atliocha
1273 940 1404 972 fratrum
1430 939 1685 972 Praedicatorum
1712 939 1819 983 oppidi

371 993 496 1034 Matriti‚
522 998 583 1026 tres
609 993 719 1025 missas
744 992 944 1033 celebrandi,
969 992 1052 1025 iuxta
1084 992 1365 1025 immemorabilem
1392 993 1662 1035 consuetudinem,
1688 993 1819 1026 facultas

372 1046 589 1086 confirmatur,
615 1046 677 1079 437
703 1058 721 1079 α
749 1051 779 1078 et
803 1046 829 1079 b.

283 1100 520 1133 Sacramentum
546 1100 760 1134 Eucharistiae
785 1111 843 1144 pro
868 1100 986 1133 Viatico
1011 1099 1146 1133 delatum
1174 1100 1394 1134 comitantibus
1421 1100 1629 1143 indulgentias
1654 1105 1820 1145 perpetuas

372 1153 411 1187 ab
445 1153 628 1188 Innocentio
663 1153 701 1186 xt
734 1163 898 1187 concessas
930 1153 1128 1188 confirmavit
1161 1159 1191 1188 et
1227 1154 1301 1187 alias
1334 1154 1488 1188 concessit
1518 1154 1718 1187 Innocentius
1751 1154 1820 1195 ΧΠ,

372 1204 436 1239 668
461 1206 486 1239 b.

283 1260 396 1294 Sancta
421 1260 618 1302 Sanctorum,
645 1260 713 1293 ride
737 1260 905 1305 Hospitalc.

282 1314 412 1348 Sanctae
437 1313 548 1347 Domui
567 1314 759 1347 Lauretanae
784 1314 948 1358 privilegia
966 1314 1070 1347 onmia
1091 1324 1107 1346 a
1126 1315 1220 1348 Paulo
1241 1316 1263 1347 V
1285 1325 1431 1348 concessa
1449 1315 1687 1357 confirmantur,
1705 1313 1768 1348 836
1786 1326 1820 1355 (ι’,

372 1367 485 1401 Sancta
499 1367 614 1401 Domus
639 1367 797 1411 praedicta
818 1368 875 1400 sub
893 1368 922 1401 S.
942 1368 1023 1401 Petri
1042 1374 1069 1401 ct
1091 1368 1178 1401 Sedis
1199 1369 1396 1412 Apostolicac
1415 1369 1593 1402 immediata
1615 1369 1821 1413 protectione,

372 1431 544 1465 suppresso
562 1421 749 1464 protectoris
767 1421 879 1462 otiieio⁷
895 1422 1081 1465 suscepitur,
1097 1421 1160 1455 836
1179 1434 1197 1455 α
1217 1429 1245 1455 ct
1267 1433 1340 1466 seq,
1358 1422 1386 1454 in
1402 1422 1566 1465 ipsammet
1582 1422 1737 1455 civitatem
1747 1423 1822 1456 Lau-

360 1479 512 1511 tretanam
530 1474 632 1507 omnis
653 1474 826 1507 iurisdictio
844 1475 1081 1517 congregationi
1108 1475 1138 1507 S.
1159 1476 1194 1508 tt.
1216 1476 1246 1508 E.
1270 1476 1460 1508 Laui-etanac
1481 1485 1580 1518 nuper
1601 1480 1722 1507 erectae
1747 1485 1821 1507 con-

374 1527 504 1568 ceditur,
531 1526 594 1560 836
616 1528 650 1568 b,
676 1528 822 1561 ecclesias
849 1528 988 1561 eiusdem
1014 1528 1043 1561 S.
1070 1529 1185 1561 Domus
1211 1529 1241 1560 in
1267 1529 1334 1561 aliis
1359 1529 1557 1561 dioecesibus
1587 1528 1660 1561 sitas
1685 1528 1819 1561 Ordina-

374 1581 495 1614 riorum
522 1581 730 1615 iurisdictioni
756 1592 827 1615 cum
853 1582 1060 1626 dependentia
1079 1594 1094 1616 a
1113 1584 1356 1626 congregatione
1385 1583 1545 1628 praedicta
1569 1583 1700 1617 subiecit
1725 1584 1819 1618 Inno-

373 1634 493 1667 centius
517 1634 588 1676 XII,
615 1633 678 1668 837
703 1634 728 1667 b.
759 1634 835 1668 Vide
859 1635 1070 1679 Congregatio
1095 1636 1278 1670 Lauretana.

285 1687 472 1721 Scholarnm
499 1687 636 1728 Piarum,
662 1688 732 1721 victe
755 1687 866 1721 Clerici
892 1689 1064 1732 regulares.

286 1741 460 1776 Seminaria
485 1741 684 1775 clericorum.
712 1741 771 1774 Pro
796 1742 972 1776 seminariis
999 1743 1099 1776 tribus
1121 1743 1150 1776 in
1172 1743 1306 1777 dioecesi
1333 1744 1593 1788 Angelopolitana
1620 1745 1824 1779 existentibus

373 1800 488 1828 statuta
514 1794 667 1839 quaedam
694 1795 908 1829 constitutioni
935 1797 1049 1830 inserta
1070 1797 1308 1837 confirmantur,
1341 1797 1404 1832 803
1432 1810 1469 1838 613
1498 1798 1701 1831 seminarium
1728 1799 1825 1832 ecclc-

373 1848 532 1882 siasticum
552 1849 581 1880 in
603 1848 718 1892 palatio
739 1849 954 1882 valetudinarii
981 1860 1155 1894 pauperum
1182 1851 1379 1884 sacerdotum
1398 1852 1435 1885 dc
1460 1852 1553 1892 Urbe,
1571 1853 1727 1895 assignata
1752 1853 1824 1886 dote

375 1911 410 1935 cx
436 1901 610 1934 redditibus
635 1902 732 1946 ipsius
757 1902 997 1943 valetudinarii,
1033 1907 1063 1937 et
1098 1904 1188 1937 bonis
1226 1906 1330 1938 forsan
1367 1905 1425 1949 ipsi
1458 1905 1693 1949 relinquendis,
1725 1907 1824 1939 erexit

373 1955 574 1989 Innocentius
598 1955 662 1997 ΧΠ,
688 1954 752 1988 884
776 1967 814 1996 ct;
839 1967 896 2000 pro
921 1956 1061 1990 eiusdem
1088 1957 1358 1992 administratione
1383 1959 1665 2002 Congregationem
1692 1959 1824 1993 instituit

374 2008 470 2051 idem,
493 2007 556 2042 886
577 2020 603 2042 α.

285 2061 373 2096 Servi
398 2061 429 2095 B.
454 2062 569 2095 Mariae
594 2062 738 2105 Virginis.
772 2062 896 2097 Ordinis
922 2063 1092 2098 Servorum
1118 2065 1149 2098 B.
1176 2065 1211 2098 M.
1239 2066 1374 2109 Virginis
1399 2066 1524 2101 decreta
1555 2066 1708 2111 quaedam
1742 2066 1822 2099 edita

375 2115 406 2147 in
431 2115 567 2159 capitulo
592 2115 731 2159 generali
758 2116 864 2150 habito
890 2117 920 2150 in
945 2124 1100 2152 conventu
1130 2118 1159 2151 S.
1185 2119 1321 2152 Marcelli
1353 2119 1391 2153 de
1425 2120 1508 2153 Urbe
1543 2120 1592 2152 die
1629 2130 1689 2153 xxx
1715 2119 1823 2164 aprilis

374 2178 457 2202 anno
482 2178 585 2202 nocxc
610 2174 831 2211 recensentur,
857 2169 921 2203 162
946 2171 963 2203 b
988 2175 1017 2205 et
1043 2183 1126 2216 serp,
1158 2176 1187 2206 et
1212 2173 1460 2215 confirmantur,
1487 2172 1551 2206 165
1571 2184 1600 2206 a.

285 2221 473 2265 Signaturae
498 2222 632 2256 iustitiae
659 2223 832 2256 votantium
858 2224 969 2258 electio
997 2225 1140 2259 Pontifici
1167 2231 1356 2268 reservatur,
1385 2226 1447 2259 709
1465 2226 1480 2260 b
1497 2231 1527 2259 et
1543 2237 1620 2271 seq.·,
1646 2227 1822 2260 votantibus

374 2276 541 2319 praedictis
567 2276 762 2310 rocchettum
789 2283 818 2310 et
842 2288 974 2322 cappam
1001 2289 1145 2322 magnam
1172 2280 1325 2313 concessit
1343 2280 1543 2314 innocentius
1563 2281 1627 2322 XII,
1654 2281 1712 2315 711
1742 2293 1771 2315 α,

285 2329 471 2370 Silvestrini‚
496 2330 566 2363 vide
591 2330 733 2363 lllonachi
759 2331 1019 2375 Congregationis
1045 2332 1312 2365 Silvestrinorum.
1813 2329 1815 2331 ’

286 2382 425 2416 Societas
449 2383 528 2424 Iesu,
556 2383 622 2416 ride
648 2384 823 2428 Presbyteri
850 2384 1014 2418 Societatis
1038 2385 1116 2418 Iesu.

287 2435 395 2480 Spolia
419 2437 633 2470 ecclesiarum.
659 2437 773 2482 Spoliis
804 2438 1009 2471 ecclesiarum
1027 2438 1064 2471 ad
1082 2439 1243 2473 Cameram
1262 2440 1472 2485 Apostolicam
1491 2441 1702 2485 spectantibus
1728 2442 1821 2475 nimis

376 2490 587 2532 gravabantur
603 2491 753 2524 ecclesiae
775 2492 1033 2536 metropolitanae
1054 2498 1083 2526 et
1101 2493 1295 2527 cathedrales
1313 2495 1400 2538 regni
1422 2494 1578 2538 Neapolis,
1599 2500 1631 2527 ut
1648 2495 1820 2539 plurimum

376 2542 486 2586 inopes
509 2549 539 2577 et
563 2544 714 2588 exiguae,
740 2544 803 2579 390
829 2556 864 2585 α;
890 2545 928 2578 ab
953 2546 1136 2580 eorumdem
1162 2548 1335 2592 spoliorum
1361 2548 1644 2581 subcollcctoribus
1669 2549 1822 2582 vexaban-

376 2600 427 2629 tur
450 2597 481 2629 in
505 2597 615 2631 eodem
643 2609 742 2642 regno
767 2599 1014 2644 archiepiscopi,
1041 2601 1179 2645 episcopi
1211 2607 1241 2635 et.
1274 2601 1403 2646 praelati
1434 2601 1598 2635 inferiores
1625 2602 1821 2645 aegritudine

375 2650 477 2694 pressi
501 2656 531 2684 et
554 2651 647 2686 etiam
674 2653 705 2687 in
723 2653 870 2688 extremis
894 2654 1082 2696 laborantes,
1109 2654 1171 2689 590
1196 2655 1229 2696 bg
1256 2655 1293 2689 ab
1318 2655 1498 2690 huiusmodi
1524 2655 1633 2700 spoliis
1664 2656 1820 2701 praelatos
