2227 3225
107 260 155 288 Au.
176 260 203 286 C.
223 259 290 287 ¹693

151 2279 285 2300 Confirmatio

102 2307 265 2331 putant-turum.

873 256 1081 280 INNOCENTIUS
1107 256 1151 280 KH
1175 256 1223 280 ΓΡ.

297 307 445 351 specialis
470 306 636 350 deputatio
663 305 704 339 ad
727 310 831 338 certas
849 310 881 338 et
898 306 1033 348 particu-

297 362 379 393 lares
400 371 509 393 causas
526 360 611 392 unde
630 359 691 392 dici
714 360 842 392 valeant
861 359 925 392 veri
947 370 1033 391 com-
1052 370 1054 379 <

1053 418 1054 422 ’
1075 421 1110 443 ea
1135 421 1216 454 quae
1243 422 1258 443 a
1284 411 1377 443 nobis
1404 416 1436 443 et
1459 421 1476 443 a
1500 410 1694 453 supradictis
1718 422 1812 453 prac-

297 466 473 499 :iuditorem
499 466 651 498 Camerae
688 465 901 508 dispositione
927 465 1053 497 dietae¹

297 413 446 453 missarii‚
476 419 512 445 ut
535 424 652 456 supra,
683 414 767 445 salva
794 418 899 445 tamen
926 412 1032 455 quoad

297 519 540 552 constitutionis
574 519 661 551 Pauli
688 519 713 549 t'·
736 518 767 550 in
794 518 885 550 titulo
911 517 950 550 de
977 527 1033 549 au-

298 571 401 605 ditore
427 571 593 610 Gamerae,
619 572 633 615 g
655 571 878 604 Permittinms
904 574 1030 604 {navens

298 630 394 668 atque
420 623 497 658 alias
523 625 679 669 quidquid
699 625 794 657 etiam
814 629 930 667 sponte
948 625 1053 656 solu-1

299 684 363 711 tum
377 684 471 719 esset,
487 678 633 711 illicitum
653 677 780 710 censeri
797 677 924 709 debeat.
943 677 1032 709 Ideo·
1052 677 1053 683 ’

297 742 359 773 que
375 736 437 764 tam
453 731 575 764 iudices
591 742 684 774 quam
704 730 820 763 notarii
836 730 1031 772 recipientes

296 784 461 817 incurrere
476 790 671 817 censeantur
685 794 806 827 poenas
821 783 958 816 inflictas
972 794 1032 826 per

297 837 545 870 constitutiones
562 838 771 880 apostolicas,
791 847 897 880 neque
924 836 967 869 ita
983 847 1032 869 so-

296 889 398 922 lutum
415 890 523 922 veniat
538 890 597 922 sub
616 889 887 922 condemnatione
913 894 941 922 et
962 891 1031 921 taxa

296 953 509 986 expensarum
522 953 528 981 ;
543 943 700 986 quinimo,
714 948 748 975 ut
762 942 881 975 eisdem
903 941 956 985 qui
972 943 1032 974 sol-

296 1002 413 1028 verunt
433 1001 598 1039 competat
623 997 776 1040 repetitio
803 1002 864 1028 tam
885 1007 902 1029 a
926 996 1030 1029 iudice

298 1060 393 1092 quam
416 1060 432 1082 a
458 1048 585 1082 notario
618 1050 655 1082 ad
690 1060 802 1082 eorum
827 1049 1031 1089 electionem,

298 1103 420 1145 absque
445 1113 482 1135 eo
516 1103 599 1144 quod
637 1103 743 1146 aliqua
775 1103 973 1135 consuetudo
999 1102 1029 1134 in

298 1155 494 1188 contrarium
517 1156 583 1188 ullo
600 1166 740 1197 unquam
761 1160 906 1198 tempore
925 1155 1031 1187 induci

297 1209 412 1247 valeat,
438 1213 470 1240 et
494 1218 588 1251 quam
614 1208 757 1247 irritam,
780 1218 898 1240 cassam
928 1213 958 1240 et
983 1219 1032 1241 rc—

298 1262 469 1305 probatam
495 1272 576 1301 esse,
601 1262 765 1294 decretum
783 1268 814 1294 et
834 1262 1031 1294 declaratum

299 1316 368 1348 fuit.
395 1314 552 1357 Quodque
578 1315 624 1347 illi
651 1315 772 1348 iudices
799 1320 859 1348 tam
879 1315 1031 1348 ordinarii

297 1379 393 1412 quam
418 1367 642 1405 commissarii,
663 1368 779 1410 quibus
805 1378 862 1410 per
887 1369 1031 1401 eamdem

297 1421 562 1455 constitutionem
587 1420 675 1452 Pauli
694 1420 715 1451 V
740 1421 789 1452 vel
815 1431 874 1463 per
891 1420 1033 1463 speciale

296 1474 454 1507 indultum
475 1473 664 1506 conceditur
683 1483 777 1516 posse
795 1473 923 1516 exigere
945 1483 1035 1516 spor-

297 1528 389 1567 tulas,
405 1532 440 1559 ut
457 1536 564 1570 supra⁷
582 1537 645 1558 non
659 1525 798 1569 possint¹
813 1526 844 1558 in
863 1529 927 1558 tota
941 1528 1033 1559 eausa

296 1581 448 1624 exigere,
478 1579 540 1612 nisi
577 1579 705 1612 unicam
742 1579 913 1622 propinam
949 1580 1034 1612 iuxta

296 1639 412 1673 taxam,
438 1638 474 1665 ut
497 1643 607 1676 supra,
627 1633 773 1676 quamvis
791 1633 901 1676 plures
927 1639 1032 1665 essent

296 1696 458 1729 personae
476 1685 507 1718 in
534 1687 639 1723 causa,
656 1685 753 1718 adeut
774 1685 799 1718 si
822 1685 952 1718 victoria
970 1696 1035 1718 am-

296 1740 352 1772 bas
384 1741 433 1772 vel
466 1740 576 1782 plures
609 1743 716 1782 partes
756 1744 887 1782 tangat,
922 1750 1035 1772 omnes

296 1793 624 1837 proportionabiliter
656 1798 684 1825 et
712 1804 770 1835 pro
807 1795 874 1825 rata
900 1804 1035 1826 concur-

298 1851 370 1878 rant
395 1846 435 1878 ad
463 1845 580 1878 dietam
612 1845 739 1877 unicam
776 1846 948 1888 propinam
974 1848 1036 1879 sol-

298 1899 445 1939 vendam,
464 1909 569 1942 neque
592 1898 707 1931 divisio
733 1899 966 1932 sententiarum
986 1900 1034 1932 vel

296 1956 502 1996 punctorum,
521 1962 699 1995 eorumque
717 1952 903 1992 reservatio,
923 1953 953 1984 in
972 1953 1035 1986 lioc

297 2006 473 2049 quidquam
490 2004 657 2048 suffragari
677 2006 797 2046 raleat3
812 2006 931 2038 adeout
948 2005 1033 2038 idem

298 2059 389 2092 iudex
422 2059 454 2092 in
480 2060 593 2092 eadem
626 2061 720 2092 causa
751 2059 878 2092 unicam
914 2065 1034 2092 tantum

294 2113 468 2157 propinam
483 2112 640 2156 percipiat
651 2125 680 2145 n.
695 2113 854 2145 Hactenus
869 2112 1034 2145 decretum

295 2166 328 2198 in
361 2165 515 2210 praefatis
554 2165 733 2198 Innocentii
772 2165 1034 2209 praedecessoris

295 2219 413 2253 litteris
437 2218 675 2252 confirmatum.

340 2273 354 2316 ἓ
379 2272 411 2305 5.
438 2271 614 2316 Cupientes
633 2271 741 2316 itaque
768 2276 815 2305 tot
839 2272 1034 2315 litigantium

296 2326 335 2359 ad
358 2325 478 2359 Urbem
509 2325 685 2369 praefatam
717 2325 948 2358 confluentium
981 2325 1032 2358 in-

296 2379 483 2419 demnitati,
505 2378 599 2411 etiam
625 2378 656 2410 in
682 2379 743 2411 liae
775 2384 877 2422 parte,
901 2378 1035 2412 uberius

295 2432 473 2472 consulere,
489 2442 524 2464 ae
552 2431 787 2464 controversias
805 2437 837 2464 et
853 2431 1035 2474 gravamina

296 2485 382 2518 eirca
406 2484 593 2517 huiusmodi
610 2485 780 2528 sportulas,
799 2490 954 2528 quantum
979 2495 1035 2517 no-

297 2538 346 2571 bis
372 2538 411 2570 ab
436 2538 501 2570 alto
527 2537 729 2578 conceditur,
752 2537 904 2570 dirimere
930 2542 962 2570 et
986 2548 1036 2570 ar-

297 2601 384 2630 cere,
403 2600 532 2623 necnon
557 2590 655 2623 totius
673 2590 784 2623 Curiae
802 2590 965 2623 Romanae
985 2591 1035 2623 de-

335 2655 346 2681 1
369 2653 439 2680 Edit.
461 2653 528 2680 Maiu
561 2653 622 2689 legit
640 2655 732 2689 possit
754 2656 790 2691 (n,
813 2655 860 2687 T.).

1075 304 1141 337 cori
1167 310 1198 337 et
1223 304 1371 346 dignitati
1395 305 1523 348 plenius
1548 305 1749 348 prospicere,
1779 311 1812 338 ut

1075 357 1160 390 illius
1186 357 1320 396 iudices,
1337 357 1508 397 causidici,
1537 358 1699 399 litigantes
1727 358 1809 400 ipsi,

1075 464 1300 497 decessoribus
1325 465 1444 498 nostris
1470 465 1611 508 desuper
1639 469 1756 497 statuta
1781 469 1812 496 et

1074 517 1237 550 declarata
1263 518 1403 557 fuerunt,
1421 518 1452 551 in
1470 529 1568 551 unum
1584 518 1715 551 redacta
1732 528 1813 550 com-

1074 571 1198 603 modius
1225 576 1256 604 et
1273 571 1396 604 facilius
1414 572 1546 612 habere,
1567 571 1759 615 ponderare,
1781 575 1813 603 ct

1074 624 1284 667 exequutioni
1317 624 1515 657 demandare
1552 625 1695 663 valeant,
1724 628 1812 656 motu

1074 677 1217 720 proprio,
1236 681 1273 710 ex
1299 679 1387 710 certa
1412 677 1544 710 scientia
1569 682 1600 710 et
1619 678 1743 710 matura
1763 677 1813 709 de-

1074 730 1267 762 liberatione
1300 730 1441 770 nostris‚
1477 731 1580 773 deque
1613 730 1811 774 apostolicae

1075 783 1242 825 potestatis
1269 783 1485 826 plenitudine,
1513 794 1641 816 necnon
1670 783 1708 816 de
1733 793 1813 815 non-

1074 837 1236 869 nullorum
1271 837 1465 870 dilectorum
1497 835 1638 869 filiorum
1665 836 1813 869 eiusdem

1082 890 1235 923 lomanae
1256 890 1368 923 Curiae
1389 890 1606 933 praelatorum
1622 895 1653 923 et
1669 889 1812 922 virorum

1074 943 1216 986 pietate,
1244 943 1390 976 doctrina
1410 971 1416 984 ,
1450 943 1622 986 prudentia
1648 948 1679 975 et
1703 953 1813 975 rerum

1074 1007 1133 1028 usu
1161 997 1395 1039 praestantium
1422 997 1459 1029 ad
1486 997 1574 1029 hunc
1599 996 1746 1029 effectum
1774 995 1812 1027 dc

1074 1049 1224 1082 mandato
1241 1055 1350 1082 nostro
1367 1053 1639 1091 congregatorum
1660 1048 1811 1087 consilio,

1074 1102 1233 1144 praefatas
1259 1101 1320 1141 Pii,
1347 1101 1435 1134 Pauli
1462 1107 1493 1134 et
1517 1101 1695 1134 Innocentii
1720 1111 1814 1144 prae-

1075 1155 1284 1187 decessorum
1317 1154 1439 1187 litteras
1472 1154 1679 1194 huiusmodi,
1706 1153 1737 1186 in
1775 1153 1812 1185 iis

1075 1218 1155 1251 quae
1180 1218 1251 1240 eum
1278 1207 1491 1250 infrascriptis
1524 1208 1645 1240 nostris
1670 1207 1814 1240 declara-

1076 1261 1221 1293 tionibus
1239 1270 1294 1293 seu
1322 1261 1458 1293 decretis
1487 1260 1708 1303 compatibilia
1726 1265 1812 1299 sunt,

1077 1319 1188 1346 tenore
1214 1313 1438 1356 praesentium
1472 1312 1711 1356 approbamus,
1739 1322 1814 1344 con-

1076 1366 1238 1398 firmamus
1265 1371 1296 1398 et
1319 1366 1524 1405 innovamus,
1550 1365 1680 1408 illisque
1698 1375 1814 1408 perpe-

1077 1424 1166 1451 tuum
1180 1424 1212 1451 et
1228 1419 1426 1451 inviolabilis
1446 1418 1604 1450 firmitatis
1623 1418 1722 1451 robur
1740 1417 1814 1450 adii-

1076 1473 1185 1513 cimus,
1206 1483 1241 1504 ac
1267 1472 1306 1504 ab
1333 1472 1481 1505 omnibus
1506 1477 1538 1504 et
1561 1472 1708 1514 singulis,
1733 1481 1815 1515 quos

1077 1525 1149 1558 illae
1175 1530 1398 1564 concernunt,
1425 1525 1556 1568 penitus
1593 1530 1624 1557 et
1649 1519 1709 1557 sub
1733 1524 1814 1556 inibi

1077 1578 1237 1611 contentis
1263 1588 1321 1621 per
1350 1577 1622 1610 contrafacientes
1647 1577 1817 1610 incurren-

1078 1631 1125 1664 dis
1151 1630 1275 1674 poenis,
1298 1636 1416 1663 etcum
1443 1630 1593 1663 omnibus
1619 1630 1698 1663 inibi
1722 1631 1817 1663 desu-

1077 1695 1135 1727 per
1160 1684 1307 1724 decretis,
1326 1695 1462 1728 quorum
1482 1690 1611 1717 tenores
1636 1683 1817 1727 praesenti-

1078 1738 1136 1771 bus
1161 1748 1221 1781 pro
1246 1739 1342 1780 plene
1369 1742 1400 1770 et
1425 1736 1624 1770 sufficienter
1645 1736 1816 1780 expressis,

1078 1802 1113 1824 ac
1133 1791 1160 1823 si
1177 1791 1216 1823 de
1234 1791 1332 1823 verbo
1352 1791 1390 1823 ad
1409 1791 1541 1823 verbum
1566 1790 1679 1823 inserti
1699 1795 1815 1829 essent,

1078 1845 1193 1878 haberi
1230 1845 1375 1878 volumus
1391 1871 1399 1885 ‚
1442 1844 1607 1878 observari
1645 1844 1816 1877 statuimus

1078 1905 1174 1942 atque
1200 1899 1416 1932 decernimus.
1444 1899 1513 1932 Non
1546 1899 1742 1932 intendimus
1773 1905 1817 1933 ta-

1078 1962 1236 1994 men‚per
1260 1951 1449 1984 relationem
1477 1961 1531 1984 seu
1557 1952 1815 1984 numerationem

1078 2004 1222 2037 iudicum
1247 2009 1278 2037 et
1302 2004 1510 2036 tribunalium
1542 2004 1573 2036 in
1603 2004 1816 2047 praeinsertis

1078 2057 1234 2103 dictarum
1259 2058 1441 2090 litterarum
1467 2057 1555 2090 Pauli
1581 2063 1611 2091 et
1636 2057 1815 2090 Innocentii

1078 2111 1363 2154 praedecessorum
1385 2111 1549 2154 particulis
1573 2116 1607 2143 nt
1631 2111 1817 2154 praefertur

1079 2163 1289 2203 confirmatis,
1317 2163 1550 2206 quoquomodo
1573 2157 1636 2196 seu⁴
1655 2164 1687 2196 in
1708 2164 1816 2207 aliqua

1080 2217 1175 2250 etiam
1205 2216 1337 2248 minima
1372 2222 1462 2259 parte
1495 2217 1652 2250 recedere
1685 2228 1703 2250 a
1735 2228 1816 2261 snp-

1079 2271 1259 2314 pressione,
1273 2270 1451 2304 abolitione
1467 2276 1498 2303 et
1513 2270 1724 2313 abrogatione
1739 2281 1816 2304 non-

1078 2325 1241 2357 nullorum
1266 2334 1303 2356 ex
1328 2323 1443 2357 iisdem
1474 2324 1632 2357 iudicibus
1659 2329 1691 2358 et
1715 2324 1816 2357 tribu-

1078 2377 1215 2418 nalibus,
1235 2388 1312 2421 quas
1333 2377 1364 2409 in
1380 2377 1450 2410 aliis
1467 2378 1586 2410 nostris
1601 2389 1685 2411 anno
1710 2377 1816 2411 Incar-

1078 2430 1219 2463 nationis
1240 2430 1404 2473 praefatae
1430 2440 1572 2471 iimcxcn,
1597 2441 1636 2464 xv
1660 2431 1815 2464 kalendas

1079 2483 1221 2516 octobris
1246 2483 1404 2526 expeditis
1438 2483 1554 2516 litteris
1582 2483 1751 2517 statuimus
1784 2489 1816 2517 et

1079 2537 1306 2577 ordinavimus,
1322 2538 1376 2570 sed
1392 2538 1520 2570 easdem
1535 2537 1813 2581 suppressionem,

1078 2591 1286 2624 abolitionem
1299 2596 1331 2624 et
1352 2591 1611 2634 abrogationem,
1626 2602 1698 2624 cum
1717 2591 1815 2624 omni-

1079 2645 1137 2678 bus
1155 2644 1235 2678 inibi
1253 2644 1426 2684 contentis,
1442 2645 1554 2685 salvas,
1574 2645 1711 2687 illaesas,
1733 2644 1814 2678 inta⁴

1706 248 1765 281 581
1815 257 1865 283 An.
1886 256 1915 282 c..
1938 256 1999 281 ἰιίῑι
