2227 3225
143 225 193 255 An.
215 227 246 254 C.
265 227 334 255 1600

331 276 402 315 bus,
416 275 572 308 canonice
591 275 756 318 erigendis
774 274 942 317 ingressis,
961 275 1016 318 qui
1036 275 1067 306 in

336 328 508 361 festivitate
526 328 579 361 SS.
606 328 759 371 Corporis
784 327 904 361 Christi
930 333 962 360 ct
980 327 1068 360 illius

329 383 451 421 octava,
474 381 678 424 poenitentes
703 382 853 414 similiter
873 387 904 414 et
920 381 1066 419 confessi,

329 435 414 467 idem
430 435 652 467 Eucharistiae
671 440 906 467 sacramentum
924 445 1068 477 sumpse-

329 488 403 527 rint,
429 493 462 520 et
485 487 518 519 in
543 487 720 526 cuiuslibet
749 496 861 519 eorum
896 486 1066 529 utriusque

328 551 424 573 sexus
445 539 706 573 christifidelium
724 539 836 572 mortis
855 539 1001 579 articulo,
1021 545 1067 571 et-

328 593 391 626 iam
416 593 661 636 poenitentibus
687 597 717 626 et
737 592 894 625 confessis
919 603 954 624 ac
978 594 1066 625 sacra

328 646 558 680 communione
580 645 721 684 refectis,
739 645 787 678 vel
812 646 927 678 saltem
947 645 1067 677 contri-

330 700 380 740 tis,
404 700 430 732 si
455 698 603 733 confiteri
628 703 659 731 et
679 698 908 731 communicari
927 709 991 731 non
1010 709 1067 741 po-

329 752 458 791 tuerint,
473 752 650 795 plenariam
669 751 821 784 similiter
837 752 980 784 omnium
997 763 1067 792 iven-

328 811 473 840 catorum
498 815 629 838 suorum
648 805 886 848 indulgentmm
905 810 936 838 et
955 807 1067 838 remis-

328 859 452 892 sionem
478 857 736 891 misericorditer
767 858 799 892 in
828 858 963 891 Domino
989 869 1067 891 con-

329 912 483 945 ccdimus.

141 999 146 1017 1
170 972 317 1009 hunnum-na
371 967 386 1009 ἓ
410 965 440 999 3.
466 966 601 1008 Insuper
626 965 720 998 dictis
749 965 929 998 scolaribus
954 965 1067 998 huius-

134 1005 316 1047 Li'“‡i'.i¹¹''ii¹ifliii
327 1019 415 1052 modi
447 1018 707 1052 confraternitati
740 1017 928 1061 adscriptis,
954 1019 1010 1061 qui
1034 1018 1066 1050 in

134 1058 172 1076 pro
183 1053 244 1073 luctis
255 1054 317 1074 seha·
347 1072 353 1077 ,

132 1080 223 1101 nemus.
328 1072 466 1114 singulis
492 1071 637 1104 eiusdem
664 1071 698 1104 B.
719 1071 835 1104 Mariae
860 1071 1012 1113 Virginis,
1031 1081 1067 1104 ac

329 1124 600 1163 Resurrectionis,
616 1125 823 1157 Pentecostes
841 1129 872 1156 et
889 1124 1067 1157 Nativitatis

328 1177 455 1211 Domini
480 1177 582 1210 nostri
606 1177 675 1210 Iesu
693 1176 811 1210 Christi
832 1177 1065 1216 festivitatibus,

329 1230 464 1263 confessi
491 1234 523 1262 et
551 1229 695 1268 contriti,
728 1230 904 1272 praemissa
934 1240 1069 1272 perege-

328 1283 400 1321 rint,
419 1283 531 1315 decem
564 1292 723 1314 annorum
757 1283 797 1314 de
830 1282 983 1315 iniunctis
1008 1283 1065 1322 eis,

328 1345 384 1368 seu
409 1335 488 1367 alias
521 1334 766 1378 quomodolibet
801 1335 919 1367 debitis
954 1336 1069 1378 poeni-

329 1388 464 1428 tentiis;
492 1388 537 1421 cis
558 1398 701 1430 quoque,
721 1387 773 1430 qui
792 1387 824 1420 in
842 1387 977 1430 singulis
1003 1388 1068 1421 die-

328 1442 388 1474 bus
424 1441 552 1474 veneris
587 1440 765 1474 cuiuslibet
795 1440 1067 1484 Quadragesimae

327 1496 441 1528 devote
466 1494 732 1537 processionibus
759 1494 898 1537 publicis
917 1495 949 1527 in
968 1495 1068 1538 parti-

326 1547 385 1579 bus
411 1552 443 1580 et
467 1546 547 1579 locis
574 1546 797 1579 transmarinis
834 1547 873 1580 ad
909 1548 1067 1581 orandum

325 1611 385 1644 pro
410 1599 623 1632 conversione
648 1599 818 1642 gentilium
837 1605 868 1632 et
888 1600 1067 1634 haeretico-

326 1664 398 1686 rum
425 1653 644 1696 praefatorum
669 1652 756 1685 iuxta
786 1653 881 1686 ritum
905 1654 1066 1688 Ecclesiae

327 1706 489 1739 Romanae
523 1705 680 1738 institutis
713 1705 945 1747 interfuerint,
972 1708 1065 1741 trium

185 1766 508 1803 ¹1=3n¹eentiaannorum·,
530 1759 663 1801 reliquis
680 1769 755 1791 vero
774 1759 924 1792 omnibus
943 1761 1065 1794 eisdem

132 1798 255 1841 {fliiismiiim
277 1800 314 1820 pm
325 1812 592 1855 processionibus
632 1811 876 1854 praesentibus,
917 1815 1065 1846 contritis

329 1871 359 1898 et
387 1865 558 1906 confessis,
586 1864 682 1896 unius
717 1865 794 1897 anni
829 1865 1064 1909 indulgentiam

325 1918 517 1960 elargimur.

370 1972 384 2015 g
407 1971 439 2003 4.
467 1970 650 2013 Quodque²
673 1981 731 2013 pro
757 1970 926 2005 animabus
950 1983 1064 2007 eorum

325 2023 596 2061 christifidelium,
610 2024 664 2066 qui
683 2023 714 2055 in
728 2024 882 2067 praefatis
895 2025 1063 2069 utriusque

324 2076 433 2109 Indiae
457 2075 715 2118 navigationibus
734 2087 793 2119 pro
818 2078 951 2120 negotio
975 2080 1063 2113 Fidei

324 2128 537 2161 instituendis
571 2128 611 2161 ab
645 2129 799 2162 humanis
837 2130 870 2162 iu
906 2132 1062 2167 charitate

324 2181 451 2214 Christo
477 2181 642 2214 coniuncti
674 2182 892 2223 decesserint,
922 2186 1062 2219 confessi

323 2245 360 2267 ac
373 2236 464 2267 sacra
477 2234 706 2268 communione
720 2235 841 2276 refecti,
857 2237 980 2270 tertiam
994 2250 1063 2282 par-

327 2292 391 2320 tem
409 2287 532 2320 Rosarii
551 2292 606 2320 aut
621 2298 718 2320 unam
735 2299 889 2322 coronam
909 2291 1063 2325 recitave-

323 2342 399 2381 rint,
418 2341 547 2384 quoties
567 2341 600 2374 id
617 2347 724 2384 agent,
743 2342 840 2375 toties
858 2353 916 2386 per
931 2345 1062 2378 modum

327 2393 471 2436 suffragii
498 2404 595 2426 unam
614 2405 651 2427 ex
673 2394 833 2428 dictorum
851 2397 1020 2430 animabus
1047 2409 1063 2431 a

326 2447 441 2489 poenis
466 2446 647 2490 Purgatorii
671 2447 813 2481 liberare
838 2450 984 2490 valeant,

129 2503 313 2550 “holl'arr's‘ljffiirffss13
367 2500 382 2542 ἓ
407 2499 438 2532 5.
459 2499 616 2543 Quodque
641 2501 808 2534 scholares
828 2502 994 2546 utriusque
1014 2503 1064 2537 In-

131 2562 182 2583 ιν-ὀ
198 2552 396 2584 unomen-diae
420 2552 617 2593 huiusmodi,
644 2554 698 2597 qui
723 2553 757 2587 in
782 2555 902 2588 scholis
927 2557 1063 2601 presby-

183 1976 315 2002 indulgentia

131 2003 225 2029 pl=·n.¹ria
235 2010 271 2029 pro
279 2004 314 2025 de-

131 2030 215 2052 [uacus.

360 2616 372 2643 1
394 2613 486 2641 Potius
505 2614 563 2650 lege
583 2615 661 2648 Quod
681 2617 732 2654 qui
751 2623 788 2650 tn.
804 2618 852 2651 T.).

918 226 1100 251 ALEvANmzn
1127 227 1179 250 vul
1207 228 1253 250 ΓΡ.

1768 223 1810 256 47
1857 232 1952 259 Aac.
1973 232 2039 260 icoo

1113 280 1253 307 [crorum
1279 274 1382 308 dictae
1407 275 1576 309 Societatis
1613 279 1689 311 dant
1715 290 1847 323 operam

1112 328 1236 367 litteris,
1257 329 1287 360 in
1306 328 1571 371 presbyterorum
1589 332 1779 365 eorumdem
1797 344 1848 366 cc-

1111 381 1217 413 elesiis
1242 381 1355 414 missas
1372 382 1422 414 vel
1440 382 1502 414 alia
1520 382 1627 415 divina
1648 382 1755 417 officia
1771 390 1849 418 tem-

1111 445 1190 476 pore
1216 434 1380 467 interdicti
1407 439 1439 467 et
1464 436 1653 469 cessationis
1678 448 1695 469 a
1720 437 1847 479 divinis,

1110 487 1235 530 ipsique
1271 487 1455 531 presbyteri
1491 488 1607 522 iisdem
1645 491 1850 524 scholaribus

1110 540 1348 582 praesentibus,
1364 540 1468 573 ianuis
1494 541 1612 575 clausis
1639 548 1670 575 et
1694 554 1759 576 non
1776 546 1849 587 pul-

1109 593 1184 624 satis
1206 593 1382 636 campanis,
1401 599 1431 626 ct
1448 594 1623 628 dummodo
1642 595 1701 638 ipsi
1720 606 1848 630 causam

1111 646 1295 679 huiusmodi
1327 647 1500 681 interdicto
1533 659 1599 681 non
1633 650 1791 690 dederint,
1817 656 1850 684 et

1110 699 1289 732 interdictis
1316 711 1352 733 ac
1377 702 1664 735 excommunicatis
1699 704 1847 743 exclusis,

1109 753 1222 785 audire
1248 759 1279 785 et
1304 755 1470 786 celebrare
1497 756 1679 797 respective
1705 757 1847 799 possint,

1109 806 1317 839 concedimus
1343 813 1371 839 et
1400 807 1618 849 indulgemus.

1153 862 1166 901 ς’
1191 861 1221 892 (ἱ.
1243 859 1378 902 Insuper
1394 861 1545 903 praefatis
1563 862 1713 894 omnibus
1738 868 1767 895 et
1785 863 1850 895 siu-
1913 874 2043 900 indulgentia

1109 912 1192 954 gulis
1219 913 1386 955 utriusque
1405 923 1500 945 sexus
1524 914 1792 948 christifideliluis
1817 902 2041 949 iiliuiai'iiiiissaissin'ssim

1110 965 1205 998 lndiis
1231 971 1262 998 et
1285 966 1475 1008 regionibus
1500 967 1674 1009 praedietis
1711 958 2042 1018 existen-fillis?-mtfsffll

1110 1018 1204 1059 tibus,
1231 1018 1286 1062 qui
1313 1019 1445 1052 contriti
1478 1025 1509 1052 et
1540 1020 1679 1054 confessi
1706 1013 2042 1065 quamli-gi'ssf'flffiiffi'm

1109 1072 1164 1104 bet
1189 1072 1358 1105 ecclesiam
1385 1077 1417 1105 et
1440 1074 1622 1116 cappellam
1658 1073 1690 1107 in
1727 1075 1849 1108 eisdem

1109 1125 1255 1168 partibus
1282 1125 1441 1158 dictorum
1466 1127 1727 1170 presbyterorum
1745 1128 1867 1164 socie<

1112 1178 1184 1210 tatis
1217 1177 1287 1210 lesu
1320 1179 1395 1210 cura
1420 1183 1450 1210 et
1472 1181 1572 1221 opera
1598 1184 1633 1211 ut
1657 1191 1755 1223 supra
1780 1192 1851 1214 ere-

1110 1239 1206 1271 ctam,
1234 1237 1290 1264 aut
1306 1231 1339 1263 in
1358 1231 1501 1264 futurum
1522 1231 1720 1275 erigendam,
1737 1235 1851 1267 devote

1109 1283 1320 1323 visitaverint,
1348 1289 1379 1316 et
1397 1289 1432 1316 ut
1448 1294 1547 1327 supra
1571 1287 1745 1325 oraverint,
1772 1298 1850 1330 qua-

1111 1337 1260 1378 draginta
1280 1336 1365 1376 dies,
1392 1342 1423 1368 et
1452 1339 1551 1371 semel
1579 1340 1724 1381 quolibet
1754 1352 1849 1382 anno,

1110 1391 1220 1432 aliquo
1239 1389 1290 1422 dic
1309 1389 1389 1422 sesto
1408 1390 1534 1422 Domini
1555 1392 1658 1424 nostri
1677 1393 1745 1425 lcsu
1765 1393 1852 1426 Chri-

1111 1443 1160 1482 sti,
1187 1443 1222 1475 ss.
1250 1442 1389 1484 Virginis
1409 1443 1545 1483 Mariae,
1571 1449 1625 1476 aut
1648 1445 1848 1485 Sanctorum,

1110 1506 1204 1538 quam
1231 1495 1438 1538 provincialis
1457 1495 1562 1529 dictae
1579 1496 1749 1531 Societatis
1773 1509 1850 1531 con-

1110 1548 1261 1588 stituerit,
1285 1554 1409 1591 septem
1435 1557 1536 1582 annos
1561 1554 1593 1582 et
1617 1550 1750 1584 totidem
1777 1562 1851 1595 qua-

1111 1603 1287 1643 cli-agonas,

1153 1656 1167 1698 g
1189 1655 1219 1687 7.
1246 1654 1385 1694 Eisdem,
1412 1655 1465 1698 qui
1490 1656 1632 1699 aliquam
1658 1667 1692 1689 ex
1720 1658 1850 1700 praedi-
1898 1667 2042 1699 rndqum

1109 1708 1168 1741 etis
1204 1708 1349 1742 ecclesiis
1390 1709 1551 1742 dictorum
1587 1695 2041 1754 presbytemrum{¹1³J'2252311323'¹⁵

1108 1761 1276 1794 Societatis
1300 1762 1393 1801 Iesu,
1418 1762 1687 1805 Quadi-agesimae
1714 1770 1745 1796 et
1777 1765 1847 1798 aliis

1110 1814 1312 1857 temporibus
1338 1815 1512 1848 stationum
1538 1815 1642 1857 Urbis,
1677 1817 1847 1850 dominicis

1108 1873 1141 1900 et
1159 1868 1236 1900 feria
1253 1869 1340 1901 sexta
1360 1868 1473 1900 diebus
1490 1868 1699 1907 visitaverint,
1717 1871 1848 1903 easdem

1108 1931 1219 1954 omnes
1244 1926 1274 1953 et
1298 1921 1441 1963 singulas
1458 1921 1679 1964 indulgentias
1697 1924 1848 1956 concedi-

1107 1985 1187 2012 muS,
1212 1984 1291 2016 quas
1313 1979 1593 2016 consequerentur
1629 1975 1655 2007 si
1691 1976 1846 2009 ecclesias

1107 2033 1139 2060 et
1163 2026 1315 2060 basilicas
1341 2026 1434 2059 Urbis
1466 2027 1498 2059 in
1531 2027 1646 2061 diebus
1672 2029 1846 2062 stationum

1107 2080 1293 2113 huiusmodi
1311 2080 1425 2112 devote
1442 2079 1620 2121 visitarent,
1637 2081 1778 2124 illisque,
1790 2083 1844 2125 qui
1908 2090 2039 2114 idamaeam

1106 2133 1243 2176 singulis
1258 2133 1370 2166 diebus
1384 2134 1481 2166 feriae
1496 2139 1603 2168 sextae
1621 2135 1747 2178 primae
1766 2136 1845 2169 heb·
1856 2119 2038 2169 {it-¹,}':'„'..‘³2'„'⁹„'J53

1106 2187 1264 2220 domadae
1297 2186 1528 2230 cuiuscumque
1559 2189 1682 2221 mensis
1715 2176 1902 2222 easdemffl
1921 2176 2038 2196 μύθων

1106 2240 1259 2274 ecclesias
1278 2240 1394 2273 devote
1412 2239 1619 2281 visitaverint,
1639 2246 1671 2274 et
1687 2241 1731 2274 ibi
1753 2242 1846 2285 quin-

1106 2293 1199 2336 quies
1231 2293 1411 2326 orationem
1450 2293 1644 2326 dominicam
1684 2299 1716 2327 et
1751 2296 1844 2328 toties

1106 2348 1334 2380 salutationem
1359 2346 1538 2390 angelicam
1562 2358 1621 2391 pro
1647 2350 1843 2383 exaltatione

1107 2399 1179 2432 fidei
1199 2399 1377 2432 catholicae
1404 2401 1620 2441 recitaverint,
1640 2407 1764 2444 septem
1790 2413 1845 2435 an-

1106 2463 1186 2491 nos·,
1214 2452 1246 2484 in
1272 2452 1362 2484 festis
1387 2462 1462 2486 vero
1486 2452 1613 2486 Domini
1639 2454 1742 2487 nostri
1774 2455 1844 2487 lesu

1106 2505 1234 2544 Christi,
1253 2516 1288 2537 ac
1305 2505 1420 2538 Beatae
1434 2506 1584 2548 Virginis,
1601 2507 1842 2550 Apostolorum,

1105 2559 1165 2590 sub
1181 2559 1271 2591 cuius
1289 2559 1380 2592 titulo
1395 2560 1532 2592 ecclesia
1547 2560 1714 2599 consistet,
1732 2560 1842 2593 decem

1106 2622 1226 2652 annos,
1263 2612 1313 2644 his
1339 2618 1458 2652 autem,
1483 2613 1539 2657 qui
1565 2613 1706 2657 aliquam
1732 2623 1769 2646 ex
1795 2613 1843 2647 di-
