2227 3225
1758 220 1818 253 851

1119 282 1192 314 dem
1218 279 1406 313 Innocentio
1427 279 1679 322 praedecessore
1696 279 1857 316 obtinere,

1119 346 1154 367 ac
1179 340 1386 368 memoratam
1412 333 1636 366 alternativam
1662 333 1693 364 in
1721 333 1790 375 ipso
1824 332 1861 365 li-

924 233 1134 258 INNOCENTIUS
1160 233 1202 255 xli
1226 233 1275 256 Pr.

335 287 568 331 omnipotentis
590 286 643 319 Dei
671 285 808 327 gloriam
835 289 866 316 et
891 283 1074 316 animarum

335 342 471 374 salutem
490 340 684 372 arbitramur
701 339 733 370 in
751 338 888 370 Domino
908 336 1073 379 expedire.

140 240 190 269 An.
212 241 241 268 C.
265 240 332 269 ¹698
1870 229 1918 255 An.
1935 228 1963 255 C.
1986 228 2052 255 1698

201 407 324 444 susi-...wi
378 394 392 436 ἓ
417 393 447 426 Ἰ.
476 393 563 425 Alias
595 391 758 435 siquidem
792 401 864 429 nos,
890 390 928 422 ad
954 388 1078 432 suppli·
1119 389 1204 421 mine
1223 387 1422 420 fundationis
1440 386 1544 419 dictae
1562 385 1861 428 prorincia‹=„si0ut

141 436 495 508 ii'ii'tlff·‹lls¹¹f'¹s-0¹'1:ii'r'lcntionem
521 451 588 478 tum
604 445 770 478 existentis
789 444 927 477 ministri
947 442 1077 486 provin·
1120 441 1354 485 praemittitur,
1372 440 1544 473 stabilitam
1563 445 1594 471 et
1611 439 1810 472 ordinatamv
1825 449 1861 469 ac

141 496 196 510 maa
222 495 240 508 nt
260 494 271 508 a
292 493 323 506 vr-

140 519 219 537 nativa.

333 500 423 533 cialis
448 499 634 543 provinciae
660 498 827 531 Ianuensis
851 497 980 530 Ordinis
1017 497 1079 529 fra-

334 559 416 587 trum
442 553 602 587 Minorum
627 553 729 585 sancti
757 551 920 584 FraiicIsci
946 551 985 584 de
1017 550 1079 583 Oh-

1121 494 1301 527 suecessive
1326 505 1387 538 per
1411 493 1624 536 quadraginta
1657 496 1689 523 et
1724 490 1862 533 amplius

334 607 497 641 servantia
521 607 784 640 Rel'orniatorum
803 610 1078 648 nuncupatorum,

335 662 490 706 quasdam
516 660 620 694 felicis
646 658 1078 693 recordationisInnocentii

335 716 439 759 Papae
464 715 504 748 xl
524 714 790 758 praedecessoris
808 712 911 746 nostri
932 712 964 744 in
981 711 1079 743 simili

337 770 439 803 forma
456 769 567 802 Brevis
586 769 710 801 litteras
728 778 787 810 pro
803 767 958 809 religiosa
971 765 1079 808 quiete

336 823 471 856 fratrum
498 823 602 855 dictae
628 820 817 864 provinciae
844 820 896 852 die
921 829 965 852 ,vu
1001 819 1081 851 iunii

335 886 530 910 mnctxxxvn
548 881 721 912 emanatas
741 884 802 917 per
822 884 899 916 quas
918 873 1081 916 quoddam

337 930 501 963 decretum
525 940 542 961 a
566 927 745 961 venerabili
773 928 872 960 fratrc
896 932 1008 960 nostro
1032 927 1083 959 At-

337 983 461 1016 derano
487 983 644 1026 episeopo
670 981 811 1015 Ostiensi
839 981 871 1014 S.
895 981 932 1012 R.
957 980 991 1013 E.
1015 990 1083 1012 car-

338 1036 456 1069 dinalis
482 1036 569 1079 Cybo
596 1041 805 1078 nuncupato,
841 1034 918 1067 dieti
952 1034 1082 1066 Ordinis

338 1091 426 1134 apud
453 1101 513 1123 nos
541 1096 572 1122 et
604 1090 723 1122 Sedem
756 1088 975 1132 Apostolicam
1009 1098 1083 1131 pro-

339 1150 471 1183 tectore,
499 1144 620 1176 editum
643 1144 722 1186 (quo
748 1141 974 1175 alternativam
999 1141 1084 1173 circa

339 1198 534 1231 electionem
553 1197 591 1230 ad
607 1196 888 1240 provincialatum,
909 1199 1083 1237 ceteraque

339 1251 517 1284 definitor-ii
543 1250 731 1294 provinciae
756 1247 951 1281 huiusmodi
967 1246 1082 1286 officia,

339 1304 425 1338 inter
451 1310 515 1337 tres
537 1309 645 1346 partes
677 1313 735 1336 seu
754 1301 941 1340 districtus,
968 1300 1084 1343 quibus

339 1357 512 1401 provincia
537 1358 607 1400 ipsa
631 1361 777 1395 constat,
805 1354 927 1387 dudum
947 1354 978 1386 in
998 1354 1086 1397 capi-

341 1412 410 1444 tulo
434 1409 627 1454 provinciali
652 1409 799 1442 eiusdem
833 1407 1020 1450 provinciae
1049 1417 1085 1438 ac

341 1474 400 1507 per
424 1464 580 1507 quasdam
604 1461 803 1495 recolendae
829 1460 1006 1493 memoriae
1032 1459 1087 1492 Ur-

339 1515 418 1549 bani
442 1516 548 1559 Papae
572 1515 636 1548 v‘llt
669 1513 932 1558 praedecessoris
965 1512 1087 1556 pariter

340 1569 444 1603 nostri
470 1569 584 1602 itidem
610 1569 644 1601 in
680 1568 785 1600 forma
817 1566 928 1600 Brevis
964 1566 1088 1599 litteras

341 1623 518 1657 stabilitam
539 1621 763 1655 etordinatam
778 1647 786 1661 ,
803 1621 888 1654 idem
903 1619 1087 1652 Alderanus

342 1676 518 1720 episeopus
544 1675 717 1709 cardinalis
742 1680 773 1708 et
797 1679 964 1718 protector
987 1683 1090 1706 serva-

343 1731 396 1770 ri,
423 1740 484 1763 nec
509 1729 686 1773 quidquam
711 1729 744 1761 in
770 1727 970 1761 contrarium
994 1727 1088 1760 inno-

343 1783 414 1815 vari
440 1793 496 1815 seu
523 1781 692 1821 attentari,
720 1782 779 1814 sub
814 1781 949 1813 diversis
975 1780 1089 1823 poenis

343 1841 560 1879 praeceperat
591 1840 622 1868 et
654 1834 881 1875 mandaverat)
917 1832 1090 1866 confirma-

343 1890 461 1930 batur,
495 1888 689 1922 anctoritate
727 1887 904 1930 apostolica
941 1886 1091 1919 similiter

345 1942 612 1976 confirmavimus
631 1947 663 1975 et
676 1940 940 1984 approbavimus,
955 1945 987 1972 et
1001 1940 1089 1979 alias,

344 2002 444 2040 prout
460 1996 493 2029 in
512 1995 633 2028 nostris
652 1996 792 2038 desuper
806 1994 838 2026 in
858 1994 973 2026 eadem
989 1994 1091 2025 forma

345 2049 455 2083 Brevis
479 2059 525 2082 v11
550 2048 688 2081 ianuarii
705 2057 845 2081 iincxcvi
867 2046 1026 2090 expeditis
1040 2045 1092 2079 lit—

345 2103 424 2135 teris
448 2102 582 2135 uberius
610 2101 808 2134 continetur.
841 2100 985 2133 Subinde
1015 2109 1091 2132 vero

347 2156 434 2200 (cum
452 2167 513 2200 pro
531 2161 622 2198 parte
648 2156 792 2189 eiusdem
806 2154 944 2187 ministri
964 2153 1094 2197 provin-

346 2210 439 2243 cialis
477 2209 574 2242 nobis
618 2209 801 2252 expositum
841 2208 975 2246 fuisset,
1006 2206 1093 2250 quod

348 2262 485 2296 dilectus
510 2262 597 2295 filius
633 2262 770 2295 loannes
796 2261 940 2304 Baptista
964 2259 1092 2299 Gliersi,

348 2315 447 2349 frater
473 2326 626 2359 expresse
650 2315 818 2358 professus
837 2314 940 2347 dictae
961 2313 1094 2356 provin-

349 2369 416 2409 cie,
443 2369 499 2412 qui
525 2368 614 2408 alias,
639 2374 714 2411 post
738 2368 915 2410 expletum,
943 2366 981 2399 ad
1007 2366 1093 2409 quod

350 2427 534 2465 assumptus
555 2422 675 2461 fuerat,
694 2421 948 2464 provincialatus
967 2419 1095 2462 provin-

350 2474 419 2507 ciae
444 2475 634 2508 huiusmodi
661 2474 820 2515 officium,
846 2478 1022 2516 antequam
1049 2472 1095 2505 di-

352 2531 423 2560 etae
446 2527 629 2562 Innocentii
663 2527 932 2572 praedecessoris
966 2527 1095 2560 litterae

352 2587 563 2622 emanassent,
577 2581 838 2615 moderationem
852 2581 1093 2624 praedictarum

351 2633 473 2667 Urbani
497 2635 762 2678 praedecessoris
787 2636 969 2669 litterarum
987 2634 1026 2668 ab
1046 2643 1097 2668 eo-

1121 560 1278 583 annorum
1314 549 1453 592 spatium
1478 548 1614 591 pacifice
1639 547 1861 583 observatam,

1121 604 1309 637 subvertere
1330 604 1448 635 frustra
1463 606 1660 640 tentarerat;
1680 610 1715 632 ae
1734 598 1862 635 deinde,

1122 668 1193 690 cum
1218 657 1290 690 aliis
1318 658 1425 689 forsan
1451 655 1479 688 ei
1507 655 1568 687 liae
1603 654 1636 686 in
1673 663 1706 685 re
1742 652 1865 684 adbae-

1123 711 1277 749 rendbus,
1293 715 1366 753 post
1383 713 1547 742 emanatas
1571 706 1753 739 Innocentii
1772 715 1866 748 prae-

1124 764 1307 797 decessoris
1326 763 1452 795 litteras
1472 761 1689 804 supradietas‚
1717 758 1865 791 eamdem

1124 818 1335 861 provinciam,
1361 816 1519 849 acerrima
1544 815 1600 847 lite
1628 814 1659 846 in
1685 812 1867 854 congrega-

1126 872 1212 905 tione
1247 870 1482 904 venerabilium
1512 869 1645 900 fratrum
1678 872 1866 899 nostrorum

1125 926 1156 958 S.
1184 926 1221 958 R.
1250 925 1284 957 Ε.
1319 923 1533 956 cardinalium
1565 920 1706 964 negotiis
1737 925 1768 952 et
1792 929 1866 951 eon-

1126 978 1358 1012 sultationibus
1389 977 1619 1020 episcoporum
1662 980 1693 1007 et
1737 973 1867 1016 regula-

1126 1034 1208 1065 rium
1234 1031 1420 1075 praeposita
1452 1040 1551 1072 super
1587 1027 1774 1072 praemissis
1814 1037 1869 1058 ex-

1126 1086 1231 1125 citata,
1257 1095 1316 1128 per
1341 1089 1481 1128 quatuor
1506 1082 1637 1115 circiter
1662 1090 1764 1113 annos
1789 1089 1868 1111 con-

1127 1140 1259 1174 tinuos.
1289 1149 1354 1171 non
1378 1138 1448 1170 sine
1474 1136 1561 1179 gravi
1587 1134 1813 1177 religiosorum
1838 1137 1870 1165 et

1127 1192 1343 1226 saecularium
1358 1191 1521 1229 scandalo,
1537 1193 1720 1226 vexaverat;
1740 1188 1869 1219 demum

1128 1257 1227 1286 vero,
1253 1257 1324 1279 cum
1351 1256 1368 1278 a
1394 1245 1478 1277 dicta
1503 1242 1766 1286 Congregatione
1803 1250 1872 1272 car-

1128 1301 1287 1333 dinalium
1324 1298 1411 1331 varia
1446 1298 1579 1330 decreta
1615 1296 1746 1338 utrique
1787 1293 1870 1336 parti

1128 1352 1375 1396 collitigantiurn
1412 1349 1602 1383 favorabilia
1641 1354 1673 1381 et
1708 1346 1871 1380 contraria

1129 1406 1308 1450 respective
1334 1408 1563 1442 emanassent,
1590 1412 1715 1444 nosque
1742 1410 1871 1432 eausam

1130 1459 1318 1492 huiusmodi
1344 1458 1383 1490 ad
1409 1457 1586 1499 capitulum
1612 1454 1763 1497 gencrale
1781 1452 1873 1485 Ordi-

1130 1514 1180 1546 nis
1206 1511 1374 1556 praedicti,
1394 1511 1481 1553 quod
1501 1515 1575 1541 tunc
1596 1508 1627 1540 in
1652 1506 1774 1549 oppido
1799 1505 1875 1538 civi-

1132 1572 1196 1599 tate
1220 1570 1411 1608 nuncupato
1436 1562 1608 1601 Yictoriae,
1627 1559 1874 1601 Calaguritanac

1132 1620 1304 1660 dioecesis,
1330 1617 1568 1656 celebrabatur,
1595 1626 1650 1648 scu
1676 1614 1765 1647 brevi
1792 1615 1877 1646 ccle-

1131 1674 1292 1706 brandum
1309 1677 1386 1712 erat,
1400 1682 1459 1714 pro
1478 1668 1711 1703 informatione
1734 1667 1877 1700 remisis-

1132 1737 1247 1766 semus‚
1264 1727 1413 1769 adeoque
1428 1735 1523 1757 causa
1537 1723 1706 1767 praedicta
1730 1722 1877 1754 nondum

1132 1779 1262 1822 penitus
1280 1775 1532 1815 terminata‚sed
1548 1775 1879 1816 dumtaxatsuspensa

1132 1831 1345 1875 reperiretur,
1371 1831 1442 1873 ipse
1466 1829 1604 1861 loannes
1629 1827 1782 1870 Baptista,
1803 1832 1879 1858 tern-

1133 1896 1214 1928 pore
1231 1895 1294 1928 quo
1309 1883 1498 1917 informatio
1515 1881 1701 1915 huiusmodi
1719 1879 1878 1923 capienda

1134 1944 1224 1977 erat,
1249 1948 1363 1970 omnes
1389 1937 1515 1969 vocales
1541 1935 1760 1968 cismontanae
1791 1932 1882 1965 fami-

1135 1993 1197 2024 liae
1224 1991 1301 2024 dicti
1326 1990 1456 2023 Ordinis
1475 1993 1645 2031 suspectos
1671 1986 1807 2019 iuridiee
1834 1986 1878 2017 al-

1135 2046 1309 2087 legaverat,
1329 2054 1364 2076 ac
1382 2043 1521 2086 proinde
1539 2043 1577 2074 ab
1605 2042 1664 2073 hac
1682 2040 1766 2072 alma
1783 2038 1880 2077 Urbe,

1135 2098 1190 2130 ubi
1218 2103 1295 2130 tunc
1319 2096 1604 2135 commorabatur,
1625 2095 1662 2126 ad
1682 2092 1882 2136 provinciam

1136 2162 1226 2184 suam
1250 2150 1430 2194 praefatam
1455 2148 1573 2182 reverti
1600 2147 1790 2180 auctoritate
1822 2156 1883 2178 no-

1138 2208 1203 2238 stra
1227 2205 1334 2238 iussus
1360 2204 1485 2243 fuerat,
1512 2202 1607 2235 etiam
1640 2206 1753 2233 eontra
1788 2209 1883 2242 prae-

1139 2259 1241 2291 dictas
1268 2262 1397 2290 nostras
1435 2257 1559 2289 litteras
1596 2254 1824 2293 reclamabat,
1853 2258 1885 2285 et

1138 2312 1178 2344 ad
1196 2311 1316 2344 dictam
1333 2311 1452 2343 Urbem
1471 2309 1595 2348 redire,
1617 2307 1883 2351 praedictamque

1138 2366 1228 2399 litem
1244 2365 1425 2397 instaurare
1442 2363 1625 2405 satagebat;
1639 2361 1780 2403 ideoque
1794 2359 1883 2392 idem

1137 2419 1287 2451 minister
1312 2417 1538 2461 provincialis,
1567 2426 1630 2458 quo
1645 2414 1736 2457 quies
1752 2413 1883 2445 tandem

1139 2473 1243 2505 dictae
1268 2470 1456 2514 provinciae
1482 2475 1557 2513 post
1582 2473 1629 2501 tot
1664 2465 1884 2510 perturbatio-

1139 2536 1195 2558 nes
1210 2525 1453 2563 restitueretur,
1474 2533 1602 2555 causam
1620 2520 1821 2564 praedictam
1843 2519 1883 2552 ad

1139 2590 1198 2612 nos
1225 2579 1369 2618 avocari,
1395 2582 1660 2621 perpetuumque
1686 2574 1824 2616 desuper
1842 2572 1883 2605 si-

1138 2633 1275 2666 lentium
1289 2631 1414 2676 imponi
1432 2639 1641 2673 summopere
1659 2626 1881 2669 desiderabat)
