2227 3225
129 217 178 245 An.
199 215 227 245 C.
245 216 309 245 insu

322 266 529 299 traditionem
555 263 704 304 instituit,
732 263 907 306 diligenter
932 263 1057 295 studeat

322 329 362 351 ne
378 328 520 361 unquam
533 323 625 360 pacto
643 327 699 350 seu
716 315 903 350 conditione
929 326 963 348 se
981 315 1057 348 obli-

322 376 377 414 get
406 370 593 404 infidelibus
624 375 658 403 ut
693 369 733 403 ad
774 369 862 412 ipsos
895 368 1058 401 deseratur

322 423 468 467 captivus
493 423 533 457 de
557 426 645 457 secta
669 428 700 456 et
723 422 855 455 natione
891 423 947 454 sua
972 421 1057 464 apud

322 476 520 510 christianos
544 477 706 510 detentus.
730 513 734 515 ,

366 539 409 562 ιν.
437 529 488 563 Sic
505 540 585 572 ergo
611 528 837 573 redemptione
861 527 1058 572 1101110ῑέ,ἰί-

323 588 376 617 cet
399 593 482 616 unus
506 583 695 626 redemptor
719 587 868 622 maneat,
894 592 960 614 non
985 581 1058 613 ideo

322 648 446 670 moram
471 638 554 670 alter
588 637 704 676 saciat,
731 636 789 669 sed
822 634 1058 678 quamprimum

323 690 361 723 ad
387 701 572 733 regressum
604 701 638 723 se
663 689 850 733 expediens,
876 699 945 722 eam
970 688 1058 720 festi-

323 749 449 783 nanter,
476 754 542 776 non
567 743 684 776 dolens
701 743 757 776 sed
782 742 925 784 gaudens
952 741 990 774 de
1011 751 1060 773 re-

322 795 493 829 mansione
511 796 598 837 socii‚
621 796 660 829 ad
676 795 807 839 propria
824 795 971 834 redueat,
990 795 1060 837 qui-

322 849 459 882 busdam
474 850 564 893 prius
579 849 794 892 eleemosynis
813 847 946 891 captivis
961 858 1060 880 rema-

322 902 475 936 nentibus
509 902 650 946 plusque
686 912 837 935 moerore
863 907 895 934 et
918 906 1059 943 egestate

322 953 549 988 laborantibus
574 955 659 988 iuxta
682 954 944 998 'uniuscuiusque
969 953 1056 987 indi-

323 1008 466 1050 gentiam
492 1008 683 1042 distributis.

366 1071 397 1093 v.
424 1061 676 1104 Redemptorem
701 1071 776 1094 vero
800 1061 948 1094 relictum
974 1062 1059 1103 apud

324 1113 480 1147 barbaros
495 1115 646 1147 nolumus
663 1125 731 1147 esse
746 1114 904 1153 desidem,
916 1114 972 1146 sed
987 1124 1061 1157 ope·

325 1176 436 1199 rosum
455 1167 545 1209 quasi
562 1177 656 1209 apem
674 1166 707 1199 in
731 1168 833 1199 salute
859 1166 1060 1209 captivorum

325 1220 530 1262 procuranda
567 1225 598 1252 et
632 1220 758 1253 cunctis
783 1230 897 1252 eorum
921 1219 1061 1252 necessi-

327 1272 446 1304 tatibus
470 1272 686 1305 sublevandis.
715 1272 892 1306 Attendens
917 1273 1003 1305 enim
1020 1273 1059 1306 ad

324 1329 452 1366 petram
465 1325 551 1357 unde
569 1325 628 1357 suit
644 1325 778 1365 excisus,
796 1325 837 1358 ob
855 1326 969 1358 oculos
980 1335 1061 1358 sem-

303 1386 384 1419 ,per
400 1377 520 1409 habeat
539 1387 603 1410 non
629 1387 663 1410 se
689 1383 813 1410 tantum
830 1377 987 1410 mansisse
1004 1379 1061 1411 ob-

324 1428 428 1461 sidem
452 1435 587 1472 propter
603 1430 864 1473 redemptionem
880 1430 1061 1473 periclitan-

325 1481 380 1520 tis,
400 1482 456 1515 sed
476 1482 508 1515 id
533 1483 660 1526 saepius
685 1483 793 1516 divina
817 1483 1060 1526 dispensatione

325 1535 538 1577 contingere,
563 1541 597 1567 ut
630 1535 766 1578 captivis
797 1547 834 1569 ex
867 1538 1061 1571 commercio

324 1585 505 1620 infidelium
518 1598 583 1621 non
597 1598 669 1620 raro
692 1589 922 1631 languentibus
933 1599 1060 1622 morum

326 1645 358 1672 et
374 1640 450 1673 fidei
467 1641 510 1673 sit
533 1641 685 1683 magister
710 1646 741 1673 et
765 1641 921 1681 medicus,
939 1647 973 1674 ut
990 1653 1061 1675 cum

325 1692 425 1726 Tobia
449 1692 572 1726 tribuat
595 1693 659 1726 illis
684 1694 807 1727 monita
831 1695 942 1727 salutis
959 1695 998 1727 ad
1015 1695 1060 1727 vi-

326 1751 399 1786 tam,
426 1757 498 1779 cum
530 1747 649 1790 Ioseph
682 1753 788 1780 autem
822 1748 950 1781 erudiat
974 1749 1060 1791 ipsos

325 1799 409 1832 vitae
435 1800 577 1843 puritate
603 1806 635 1833 et
660 1802 831 1843 exemplo,
853 1806 884 1833 et
909 1801 1059 1844 denique,

325 1862 436 1885 secum
459 1852 664 1886 Ezechielem
689 1853 870 1891 conserens,
897 1855 983 1896 quod
1009 1865 1061 1897 pe—

325 1905 418 1938 rierit
448 1905 615 1948 requirat,
642 1906 730 1948 quod
755 1905 916 1938 abiectum
941 1912 989 1939 est
1013 1918 1062 1940 re-

325 1957 429 1998 ducat,
449 1958 535 2001 quod
552 1957 754 1990 confractum
771 1964 819 1991 est
835 1959 954 2001 alliget,
974 1960 1060 2002 quod

324 2010 488 2043 infirmum
502 2010 690 2051 consolidet,
702 2011 787 2054 quod
800 2011 922 2054 pingue
934 2017 965 2044 et
978 2013 1060 2045 sorte

916 214 1122 238 INNOCENTIUS
1146 214 1190 237 x11
1214 215 1261 238 PP.

1076 287 1077 290 ,
1099 263 1286 304 genuflexis,
1305 264 1402 304 vel,si
1421 264 1565 307 alioquin
1580 268 1833 311 expedit‚p1·ope

1098 316 1190 349 illum
1215 316 1416 359 sedentibus,
1434 317 1563 351 brevem
1583 330 1780 361 sermonem,
1801 328 1835 354 ut

1099 371 1247 413 pondere
1274 381 1415 413 gravem,
1434 377 1465 404 et
1487 373 1643 406 charitate
1669 375 1833 417 fluentem,

1099 424 1398 468 redemptionisque
1413 427 1537 459 nmneri
1553 435 1835 470 peropportunum

1100 478 1254 518 instituat,
1273 479 1304 510 in
1322 489 1386 522 quo
1412 479 1535 513 scilicet
1558 481 1619 513 voti
1646 487 1678 513 et
1702 483 1837 524 promis-

1101 541 1153 563 sae
1178 530 1251 563 fidei
1278 531 1445 575 sapienter
1469 533 1585 566 reddat
1609 545 1778 574 memores,
1804 541 1836 569 et

1101 585 1372 626 quemadmodum
1386 587 1523 619 salutem
1541 587 1720 620 animarum
1738 600 1837 632 supra

1101 648 1135 670 se
1162 637 1247 680 ipsos
1265 638 1402 681 diligere
1421 645 1578 682 oporteat,
1595 651 1658 673 non
1682 642 1836 676 timentes

1101 691 1245 733 pericula
1262 693 1311 724 vel
1340 702 1518 734 pressuras,
1542 704 1606 726 non
1626 694 1837 729 formidantes

1102 742 1291 784 sanguinem
1317 749 1371 776 aut
1395 750 1529 777 mortem
1568 747 1808 781 acerbissimam
1828 776 1835 789 ,

1102 797 1156 828 sed
1183 796 1222 829 ad
1254 797 1334 829 haec
1359 798 1467 830 omnia
1493 799 1689 840 perferenda
1714 801 1837 834 debere

1101 859 1170 881 esse
1195 854 1327 892 paratos
1347 850 1379 882 in
1405 852 1597 894 obsequium
1616 852 1690 885 fidei
1709 859 1740 886 et
1760 865 1838 888 suae

1102 901 1316 944 professionis
1339 913 1375 935 ac
1401 904 1496 936 etiam
1522 905 1689 938 charitatis
1706 906 1836 939 intuitu.

1145 965 1180 988 11.
1207 955 1262 988 His
1288 961 1320 988 et
1344 956 1416 989 aliis
1448 958 1627 1000 prudenter
1659 959 1840 1003 redempto-

1102 1008 1191 1041 ribus
1216 1009 1398 1048 admonitis,
1424 1010 1612 1054 priusquam
1638 1012 1839 1046 benedictio-

1101 1072 1174 1094 nem
1193 1061 1416 1094 itinerantium
1434 1064 1600 1105 praelatus
1620 1064 1747 1105 tribuat,
1765 1075 1841 1108 pro-

1102 1116 1194 1149 cedat
1219 1115 1258 1147 ad
1282 1114 1462 1148 faciendam
1488 1127 1546 1158 pro
1572 1117 1618 1150 eis
1636 1118 1840 1161 deprecatio-

1102 1179 1187 1207 nem,
1218 1174 1254 1200 ut
1283 1167 1348 1201 illis
1380 1168 1464 1201 Deus
1489 1169 1652 1212 propitius
1688 1171 1771 1203 adsit
1805 1171 1839 1204 in

1102 1221 1293 1254 executione
1334 1221 1384 1254 sui
1424 1223 1590 1262 muneris,
1632 1226 1838 1267 supernaque

1102 1275 1188 1317 ipsos
1214 1274 1331 1306 virtute
1357 1274 1514 1317 accingat,
1530 1276 1570 1308 ad
1591 1277 1677 1318 quod
1702 1287 1840 1319 surgen-

1102 1328 1188 1360 tibus
1213 1328 1366 1360 fratrihus
1386 1328 1479 1360 chori
1504 1334 1590 1361 stans
1610 1331 1773 1372 praelatus
1791 1330 1840 1363 in-

1102 1381 1200 1414 choet
1223 1380 1436 1423 antiphonam
1468 1381 1616 1414 Inlroibo
1634 1383 1670 1414 in
1697 1382 1838 1423 domum,

1102 1433 1220 1466 chorus
1246 1438 1354 1466 autem
1378 1433 1475 1466 addat
1499 1436 1677 1476 psalmum:

1142 1494 1257 1524 Credidi
1280 1498 1399 1534 propter
1427 1495 1503 1534 quod
1535 1495 1650 1525 locutus
1672 1505 1756 1526 sum:
1786 1506 1840 1536 ego

1103 1547 1199 1573 autem
1221 1543 1392 1573 humiliatus
1415 1552 1479 1573 sum
1501 1543 1600 1574 nimis.

1141 1593 1200 1631 Ego
1222 1592 1283 1622 dixi
1313 1592 1343 1622 in
1373 1601 1494 1622 excessu
1526 1601 1607 1623 meo:
1632 1594 1725 1624 omnis
1754 1593 1840 1625 homo

1103 1640 1238 1670 mendax.

1142 1688 1216 1724 Quid
1248 1689 1409 1719 retribuam
1433 1689 1555 1720 Domino
1569 1714 1577 1729 ‚
1608 1700 1660 1730 pro
1682 1690 1817 1721 omnibus
1831 1714 1839 1728 ,

1103 1746 1176 1777 quae
1193 1738 1330 1768 retribuit
1353 1738 1443 1768 mihi:
1467 1738 1586 1768 calicem
1610 1739 1749 1770 salutaris
1765 1739 1842 1770 acci-

1104 1787 1180 1826 piam
1203 1791 1231 1817 et
1253 1796 1359 1816 nomen
1381 1787 1494 1817 Domini
1517 1787 1670 1818 invocabo.

1142 1835 1213 1865 Vota
1246 1845 1308 1865 mea
1339 1836 1459 1865 Domino
1490 1836 1609 1866 reddam
1631 1846 1728 1866 coram
1762 1838 1842 1868 omni

1104 1885 1209 1923 populo
1232 1885 1314 1913 eius:
1339 1885 1465 1923 pretiosa
1487 1885 1516 1914 111
1540 1887 1705 1924 'conspectu
1726 1885 1841 1916 Domini

1104 1941 1181 1961 mors
1203 1933 1375 1962 Sanctorum
1398 1934 1473 1963 eius.

1143 1980 1164 2010 O
1200 1981 1331 2017 Domine,
1368 1981 1434 2020 quia
1467 1991 1519 2019 ego
1542 1991 1644 2011 servus
1672 1985 1754 2011 tuus:
1788 1991 1840 2021 ego

1103 2037 1206 2057 servus
1228 2033 1295 2058 tuus
1318 2034 1345 2059 et
1367 2029 1444 2058 silius
1467 2030 1589 2059 ancillae
1613 2034 1689 2060 tuae.

1732 210 1795 243 ⁶257
1842 218 1890 246 An.
1912 219 1940 246 C.
1960 219 2022 246 1691

325 2063 495 2097 custodiat.

158 2125 227 2146 cunr
243 2125 303 2156 vn.-
369 2127 390 2150 1.
418 2116 497 2150 Cum
521 2117 584 2149 iam
615 2121 743 2160 tempus
776 2118 951 2149 accesserit
977 2119 1061 2161 quod

130 2152 314 2208 miiignffirssge'tiiss
325 2170 514 2203 dimittenda
539 2175 587 2203 est
604 2170 796 2213 redemptio,
817 2181 930 2203 omnes
948 2171 1060 2204 fratres

129 2205 313 2278 Ξξᾎῖἶῖῗὲῖιῗὲἷέ
324 2234 397 2256 cum
420 2223 537 2266 palleis
562 2223 646 2255 infra
671 2223 834 2266 caputium
859 2234 1058 2266 congregen-

155 2262 175 2278 α’
324 2282 387 2318 tur,
412 2277 467 2320 qui
493 2277 569 2310 hinc
593 2277 669 2310 inde
695 2287 753 2319 per
777 2277 895 2310 choros
921 2277 1060 2310 ordinati

324 2330 443 2363 ducant
476 2330 657 2373 praelatum
692 2339 764 2363 cum
800 2329 1060 2372 redemptoribus

323 2383 362 2416 ad
381 2383 562 2423 ecclesiam,
582 2393 687 2426 usque
711 2383 750 2415 ad
775 2383 893 2425 gradus
919 2383 1059 2426 supremi

323 2435 455 2475 altaris,
480 2435 537 2468 ubi
568 2435 600 2467 in
635 2445 736 2468 cornu
768 2435 926 2477 evangelii
950 2441 1060 2478 parata

324 2487 384 2521 erit
407 2488 510 2527 sedes,
530 2498 626 2530 quam
651 2498 813 2531 occupans
832 2487 1008 2531 praelatus,
1029 2493 1061 2520 et

323 2540 475 2573 fratribus
500 2551 560 2583 per
583 2541 702 2575 choros
719 2538 929 2581 adstantibus,
949 2542 996 2574 vel
1015 2552 1059 2574 se-

325 2593 477 2627 dentibus
498 2593 762 2637 redemptoribus
784 2600 857 2628 ante
878 2595 1058 2638 praelatum

392 2655 472 2683 Bult.
488 2656 569 2684 Rom.
584 2670 617 2695 Τ
638 2656 697 2684 Vol.
713 2657 774 2684 XX.
917 2657 951 2685 33

1143 2077 1282 2116 Dirupisti
1304 2078 1418 2107 vincula
1437 2087 1512 2115 mea,
1531 2078 1583 2107 tibi
1599 2078 1769 2109 sacrificabo
1792 2079 1841 2109 ho-

1104 2127 1187 2155 stiam
1210 2126 1315 2163 laudis,
1334 2130 1361 2156 et
1382 2135 1487 2155 nomen
1510 2127 1624 2156 Domini
1646 2127 1798 2157 invocabo.

1145 2174 1212 2203 Vota
1249 2183 1311 2204 mea
1348 2174 1468 2204 Domino
1504 2175 1622 2204 reddam
1651 2177 1679 2203 in
1703 2180 1840 2215 cospectu

1104 2223 1197 2252 omnis
1220 2223 1319 2262 populi
1342 2223 1423 2259 eius,
1447 2224 1476 2252 in
1498 2224 1580 2253 atriis
1596 2224 1697 2253 (ionius
1714 2225 1838 2263 Domini,

1102 2271 1131 2301 in
1155 2272 1248 2301 medio
1271 2271 1312 2300 tui
1335 2271 1503 2301 Ierusalem.
1529 2272 1622 2301 Gloria
1644 2273 1735 2310 Patri,
1759 2279 1808 2304 etc.

1146 2329 1266 2362 Deinde
1290 2335 1457 2372 repetatur
1484 2330 1665 2372 antiphona
1696 2331 1839 2365 Introibo

1101 2383 1137 2414 in
1161 2381 1292 2414 domum
1320 2386 1409 2414 tuam
1446 2383 1482 2414 in
1518 2383 1716 2415 holocaustis
1734 2411 1741 2423 ‚
1768 2384 1840 2417 red-

1102 2435 1179 2467 dam
1205 2435 1265 2467 tibi
1295 2439 1367 2467 vota
1397 2445 1467 2467 mea
1501 2445 1584 2478 quae
1616 2435 1838 2469 distinxerunt

1103 2488 1192 2521 labia
1214 2498 1297 2520 mea.
1325 2487 1392 2526 Qua
1416 2488 1558 2527 recitata,
1585 2489 1711 2520 dicatur
1734 2489 1836 2530 Kyrie

1102 2542 1233 2581 eleison,
1261 2541 1387 2575 Christe
1412 2541 1550 2581 eleison,
1576 2541 1680 2584 Kyrie
1704 2540 1834 2574 eleison.

1102 2594 1203 2628 Pater
1226 2597 1345 2635 noster,
1372 2599 1432 2626 etc.
