<?xml version="1.0" encoding="UTF-8"?>
<!DOCTYPE html PUBLIC "-//W3C//DTD XHTML 1.0 Transitional//EN"
    "http://www.w3.org/TR/xhtml1/DTD/xhtml1-transitional.dtd">
<html xmlns="http://www.w3.org/1999/xhtml" xml:lang="en" lang="en">
 <head>
  <title>
</title>
<meta http-equiv="Content-Type" content="text/html;charset=utf-8" />
  <meta name='ocr-system' content='tesseract 3.04.00' />
  <meta name='ocr-capabilities' content='ocr_page ocr_carea ocr_par ocr_line ocrx_word'/>
</head>
<body>
  <div class='ocr_page' id='page_1' title='image "./bullarumdiplomat20cath_0070.png"; bbox 0 0 2254 3225; ppageno 0'>
   <div class='ocr_carea' id='block_1_1' title="bbox 230 201 500 237">
    <p class='ocr_par' dir='ltr' id='par_1_1' title="bbox 230 201 500 237">
     <span class='ocr_line' id='line_1_1' title="bbox 230 201 500 237; baseline -0.007 0"><span class='ocrx_word' id='word_1_1' title='bbox 230 211 279 237; x_wconf 71' lang='lat' dir='ltr'>An.</span> <span class='ocrx_word' id='word_1_2' title='bbox 296 210 324 237; x_wconf 83' lang='lat' dir='ltr'>e.</span> <span class='ocrx_word' id='word_1_3' title='bbox 348 211 415 237; x_wconf 69' lang='lat' dir='ltr'>icoo</span> <span class='ocrx_word' id='word_1_4' title='bbox 458 201 500 236; x_wconf 70' lang='lat'>32</span> 
     </span>
    </p>
   </div>
   <div class='ocr_carea' id='block_1_2' title="bbox 418 260 1161 2640">
    <p class='ocr_par' dir='ltr' id='par_1_2' title="bbox 418 260 1161 2640">
     <span class='ocr_line' id='line_1_2' title="bbox 423 260 1158 304; baseline -0.003 -11"><span class='ocrx_word' id='word_1_5' title='bbox 423 260 516 294; x_wconf 87' lang='lat' dir='ltr'>ctiam</span> <span class='ocrx_word' id='word_1_6' title='bbox 537 260 800 304; x_wconf 77' lang='lat' dir='ltr'>praedecessoris</span> <span class='ocrx_word' id='word_1_7' title='bbox 818 260 919 293; x_wconf 85' lang='lat' dir='ltr'>nostri</span> <span class='ocrx_word' id='word_1_8' title='bbox 943 260 1066 293; x_wconf 86' lang='lat' dir='ltr'>tertiam</span> <span class='ocrx_word' id='word_1_9' title='bbox 1085 270 1158 303; x_wconf 85' lang='lat' dir='ltr'>par-</span> 
     </span>
     <span class='ocr_line' id='line_1_3' title="bbox 423 313 1156 348; baseline -0.003 -1"><span class='ocrx_word' id='word_1_10' title='bbox 423 320 486 347; x_wconf 83' lang='lat' dir='ltr'>tem</span> <span class='ocrx_word' id='word_1_11' title='bbox 504 315 664 348; x_wconf 82' lang='lat' dir='ltr'>bonorum</span> <span class='ocrx_word' id='word_1_12' title='bbox 689 314 983 348; x_wconf 86' lang='lat' dir='ltr'>ecclesiasticorum</span> <span class='ocrx_word' id='word_1_13' title='bbox 1006 313 1156 346; x_wconf 81' lang='lat' dir='ltr'>Gamerae</span> 
     </span>
     <span class='ocr_line' id='line_1_4' title="bbox 422 367 1154 411; baseline -0.004 -11"><span class='ocrx_word' id='word_1_14' title='bbox 422 368 605 411; x_wconf 82' lang='lat' dir='ltr'>praedictae</span> <span class='ocrx_word' id='word_1_15' title='bbox 630 368 743 401; x_wconf 85' lang='lat' dir='ltr'>deberi</span> <span class='ocrx_word' id='word_1_16' title='bbox 764 368 850 401; x_wconf 85' lang='lat' dir='ltr'>inter</span> <span class='ocrx_word' id='word_1_17' title='bbox 867 367 929 400; x_wconf 76' lang='lat' dir='ltr'>alla</span> <span class='ocrx_word' id='word_1_18' title='bbox 951 367 1154 409; x_wconf 82' lang='lat' dir='ltr'>disponente,</span> 
     </span>
     <span class='ocr_line' id='line_1_5' title="bbox 422 419 1156 462; baseline -0.004 -10"><span class='ocrx_word' id='word_1_19' title='bbox 422 431 547 454; x_wconf 80' lang='lat' dir='ltr'>necnon</span> <span class='ocrx_word' id='word_1_20' title='bbox 563 421 706 454; x_wconf 84' lang='lat' dir='ltr'>eiusdem</span> <span class='ocrx_word' id='word_1_21' title='bbox 720 420 876 454; x_wconf 81' lang='lat' dir='ltr'>Bonisacii</span> <span class='ocrx_word' id='word_1_22' title='bbox 892 420 995 462; x_wconf 85' lang='lat' dir='ltr'>Papae</span> <span class='ocrx_word' id='word_1_23' title='bbox 1010 419 1084 457; x_wconf 78' lang='lat' dir='ltr'>vill,</span> <span class='ocrx_word' id='word_1_24' title='bbox 1099 428 1156 460; x_wconf 87' lang='lat' dir='ltr'>per</span> 
     </span>
     <span class='ocr_line' id='line_1_6' title="bbox 422 471 1155 517; baseline -0.004 -11"><span class='ocrx_word' id='word_1_25' title='bbox 422 485 517 517; x_wconf 85' lang='lat' dir='ltr'>quain</span> <span class='ocrx_word' id='word_1_26' title='bbox 543 475 769 508; x_wconf 86' lang='lat' dir='ltr'>concessiones</span> <span class='ocrx_word' id='word_1_27' title='bbox 802 475 923 506; x_wconf 78' lang='lat' dir='ltr'>fructus</span> <span class='ocrx_word' id='word_1_28' title='bbox 954 473 986 506; x_wconf 91' lang='lat' dir='ltr'>in</span> <span class='ocrx_word' id='word_1_29' title='bbox 1011 471 1155 505; x_wconf 81' lang='lat' dir='ltr'>absentia</span> 
     </span>
     <span class='ocr_line' id='line_1_7' title="bbox 422 525 1156 571; baseline -0.004 -12"><span class='ocrx_word' id='word_1_30' title='bbox 422 528 623 571; x_wconf 81' lang='lat' dir='ltr'>percipiendi</span> <span class='ocrx_word' id='word_1_31' title='bbox 649 528 718 561; x_wconf 86' lang='lat' dir='ltr'>siue</span> <span class='ocrx_word' id='word_1_32' title='bbox 746 526 975 571; x_wconf 81' lang='lat' dir='ltr'>praefinitione</span> <span class='ocrx_word' id='word_1_33' title='bbox 1002 525 1156 568; x_wconf 85' lang='lat' dir='ltr'>temporis</span> 
     </span>
     <span class='ocr_line' id='line_1_8' title="bbox 421 577 1155 624; baseline -0.004 -12"><span class='ocrx_word' id='word_1_34' title='bbox 421 581 489 613; x_wconf 85' lang='lat' dir='ltr'>Iicri</span> <span class='ocrx_word' id='word_1_35' title='bbox 506 581 733 624; x_wconf 86' lang='lat' dir='ltr'>prohibentur,</span> <span class='ocrx_word' id='word_1_36' title='bbox 749 591 784 613; x_wconf 82' lang='lat' dir='ltr'>ac</span> <span class='ocrx_word' id='word_1_37' title='bbox 799 580 842 612; x_wconf 87' lang='lat' dir='ltr'>Pii</span> <span class='ocrx_word' id='word_1_38' title='bbox 858 580 961 622; x_wconf 84' lang='lat' dir='ltr'>Papae</span> <span class='ocrx_word' id='word_1_39' title='bbox 975 578 1010 610; x_wconf 65' lang='lat' dir='ltr'>IV</span> <span class='ocrx_word' id='word_1_40' title='bbox 1025 577 1155 620; x_wconf 85' lang='lat' dir='ltr'>praede-</span> 
     </span>
     <span class='ocr_line' id='line_1_9' title="bbox 422 630 1155 676; baseline -0.005 -11"><span class='ocrx_word' id='word_1_41' title='bbox 422 633 562 666; x_wconf 76' lang='lat' dir='ltr'>cessoris</span> <span class='ocrx_word' id='word_1_42' title='bbox 580 633 701 676; x_wconf 86' lang='lat' dir='ltr'>pariter</span> <span class='ocrx_word' id='word_1_43' title='bbox 725 632 827 665; x_wconf 87' lang='lat' dir='ltr'>nostri</span> <span class='ocrx_word' id='word_1_44' title='bbox 853 631 892 664; x_wconf 86' lang='lat' dir='ltr'>de</span> <span class='ocrx_word' id='word_1_45' title='bbox 913 630 1022 673; x_wconf 77' lang='lat' dir='ltr'>gratiis</span> <span class='ocrx_word' id='word_1_46' title='bbox 1048 630 1155 672; x_wconf 82' lang='lat' dir='ltr'>quale-</span> 
     </span>
     <span class='ocr_line' id='line_1_10' title="bbox 422 682 1155 729; baseline -0.005 -11"><span class='ocrx_word' id='word_1_47' title='bbox 422 697 560 729; x_wconf 84' lang='lat' dir='ltr'>cumque</span> <span class='ocrx_word' id='word_1_48' title='bbox 585 686 745 719; x_wconf 71' lang='lat' dir='ltr'>interesse</span> <span class='ocrx_word' id='word_1_49' title='bbox 773 684 923 717; x_wconf 77' lang='lat' dir='ltr'>Gamerae</span> <span class='ocrx_word' id='word_1_50' title='bbox 949 682 1155 726; x_wconf 80' lang='lat' dir='ltr'>Apostolicae</span> 
     </span>
     <span class='ocr_line' id='line_1_11' title="bbox 421 735 1156 772; baseline -0.007 0"><span class='ocrx_word' id='word_1_51' title='bbox 421 739 689 772; x_wconf 69' lang='lat' dir='ltr'>concernentibus</span> <span class='ocrx_word' id='word_1_52' title='bbox 703 738 733 770; x_wconf 92' lang='lat' dir='ltr'>in</span> <span class='ocrx_word' id='word_1_53' title='bbox 749 737 833 770; x_wconf 80' lang='lat' dir='ltr'>dicta</span> <span class='ocrx_word' id='word_1_54' title='bbox 846 736 977 769; x_wconf 67' lang='lat' dir='ltr'>Camerti</span> <span class='ocrx_word' id='word_1_55' title='bbox 995 735 1078 768; x_wconf 89' lang='lat' dir='ltr'>intra</span> <span class='ocrx_word' id='word_1_56' title='bbox 1093 745 1156 767; x_wconf 90' lang='lat' dir='ltr'>cer-</span> 
     </span>
     <span class='ocr_line' id='line_1_12' title="bbox 421 793 1157 834; baseline -0.005 -11"><span class='ocrx_word' id='word_1_57' title='bbox 421 798 486 824; x_wconf 88' lang='lat' dir='ltr'>tum</span> <span class='ocrx_word' id='word_1_58' title='bbox 507 797 581 824; x_wconf 89' lang='lat' dir='ltr'>tunc</span> <span class='ocrx_word' id='word_1_59' title='bbox 602 800 786 834; x_wconf 75' lang='lat' dir='ltr'>expressum</span> <span class='ocrx_word' id='word_1_60' title='bbox 806 794 929 832; x_wconf 87' lang='lat' dir='ltr'>tempus</span> <span class='ocrx_word' id='word_1_61' title='bbox 951 793 1157 831; x_wconf 87' lang='lat' dir='ltr'>praesentan-</span> 
     </span>
     <span class='ocr_line' id='line_1_13' title="bbox 422 841 1155 887; baseline -0.005 -9"><span class='ocrx_word' id='word_1_62' title='bbox 422 845 468 878; x_wconf 84' lang='lat' dir='ltr'>dis</span> <span class='ocrx_word' id='word_1_63' title='bbox 492 850 523 878; x_wconf 90' lang='lat' dir='ltr'>et</span> <span class='ocrx_word' id='word_1_64' title='bbox 544 843 769 887; x_wconf 77' lang='lat' dir='ltr'>registrandis,</span> <span class='ocrx_word' id='word_1_65' title='bbox 789 842 833 874; x_wconf 85' lang='lat' dir='ltr'>ita</span> <span class='ocrx_word' id='word_1_66' title='bbox 857 841 942 885; x_wconf 84' lang='lat' dir='ltr'>quod</span> <span class='ocrx_word' id='word_1_67' title='bbox 966 846 1155 884; x_wconf 77' lang='lat' dir='ltr'>praesentes</span> 
     </span>
     <span class='ocr_line' id='line_1_14' title="bbox 421 897 1156 938; baseline -0.005 -7"><span class='ocrx_word' id='word_1_68' title='bbox 421 899 452 931; x_wconf 91' lang='lat' dir='ltr'>in</span> <span class='ocrx_word' id='word_1_69' title='bbox 472 898 583 931; x_wconf 76' lang='lat' dir='ltr'>eadem</span> <span class='ocrx_word' id='word_1_70' title='bbox 601 897 730 930; x_wconf 75' lang='lat' dir='ltr'>Camera</span> <span class='ocrx_word' id='word_1_71' title='bbox 749 897 840 929; x_wconf 89' lang='lat' dir='ltr'>nullo</span> <span class='ocrx_word' id='word_1_72' title='bbox 854 905 996 938; x_wconf 88' lang='lat' dir='ltr'>unquam</span> <span class='ocrx_word' id='word_1_73' title='bbox 1012 899 1156 937; x_wconf 88' lang='lat' dir='ltr'>tempore</span> 
     </span>
     <span class='ocr_line' id='line_1_15' title="bbox 420 947 1156 994; baseline -0.005 -11"><span class='ocrx_word' id='word_1_74' title='bbox 420 950 588 994; x_wconf 74' lang='lat' dir='ltr'>registrari</span> <span class='ocrx_word' id='word_1_75' title='bbox 621 949 726 982; x_wconf 83' lang='lat' dir='ltr'>facere</span> <span class='ocrx_word' id='word_1_76' title='bbox 760 947 955 986; x_wconf 80' lang='lat' dir='ltr'>teneamini,</span> <span class='ocrx_word' id='word_1_77' title='bbox 982 958 1018 980; x_wconf 89' lang='lat' dir='ltr'>ac</span> <span class='ocrx_word' id='word_1_78' title='bbox 1043 947 1156 980; x_wconf 87' lang='lat' dir='ltr'>similis</span> 
     </span>
     <span class='ocr_line' id='line_1_16' title="bbox 420 1000 1155 1044; baseline -0.004 -8"><span class='ocrx_word' id='word_1_79' title='bbox 420 1003 613 1037; x_wconf 77' lang='lat' dir='ltr'>recolendae</span> <span class='ocrx_word' id='word_1_80' title='bbox 631 1001 808 1035; x_wconf 79' lang='lat' dir='ltr'>memoriae</span> <span class='ocrx_word' id='word_1_81' title='bbox 834 1000 953 1034; x_wconf 79' lang='lat' dir='ltr'>Urbani</span> <span class='ocrx_word' id='word_1_82' title='bbox 970 1000 1075 1044; x_wconf 85' lang='lat' dir='ltr'>Papae</span> <span class='ocrx_word' id='word_1_83' title='bbox 1092 1000 1155 1033; x_wconf 75' lang='lat' dir='ltr'>vill</span> 
     </span>
     <span class='ocr_line' id='line_1_17' title="bbox 423 1053 1157 1099; baseline -0.004 -10"><span class='ocrx_word' id='word_1_84' title='bbox 423 1057 519 1089; x_wconf 84' lang='lat' dir='ltr'>ctiam</span> <span class='ocrx_word' id='word_1_85' title='bbox 540 1054 782 1099; x_wconf 84' lang='lat' dir='ltr'>praedecesoris</span> <span class='ocrx_word' id='word_1_86' title='bbox 804 1053 908 1087; x_wconf 78' lang='lat' dir='ltr'>nostri</span> <span class='ocrx_word' id='word_1_87' title='bbox 927 1054 966 1086; x_wconf 92' lang='lat' dir='ltr'>de</span> <span class='ocrx_word' id='word_1_88' title='bbox 991 1054 1157 1097; x_wconf 86' lang='lat' dir='ltr'>pensioni-</span> 
     </span>
     <span class='ocr_line' id='line_1_18' title="bbox 420 1107 1157 1143; baseline -0.004 0"><span class='ocrx_word' id='word_1_89' title='bbox 420 1111 479 1143; x_wconf 86' lang='lat' dir='ltr'>bus</span> <span class='ocrx_word' id='word_1_90' title='bbox 504 1111 582 1143; x_wconf 73' lang='lat' dir='ltr'>alias</span> <span class='ocrx_word' id='word_1_91' title='bbox 608 1108 769 1142; x_wconf 76' lang='lat' dir='ltr'>translatis</span> <span class='ocrx_word' id='word_1_92' title='bbox 796 1108 911 1141; x_wconf 88' lang='lat' dir='ltr'>iterum</span> <span class='ocrx_word' id='word_1_93' title='bbox 931 1118 994 1141; x_wconf 92' lang='lat' dir='ltr'>non</span> <span class='ocrx_word' id='word_1_94' title='bbox 1021 1107 1157 1140; x_wconf 80' lang='lat' dir='ltr'>transfe—</span> 
     </span>
     <span class='ocr_line' id='line_1_19' title="bbox 419 1160 1157 1205; baseline -0.003 -10"><span class='ocrx_word' id='word_1_95' title='bbox 419 1163 539 1202; x_wconf 88' lang='lat' dir='ltr'>rcndis,</span> <span class='ocrx_word' id='word_1_96' title='bbox 564 1173 600 1195; x_wconf 91' lang='lat' dir='ltr'>ac</span> <span class='ocrx_word' id='word_1_97' title='bbox 625 1160 809 1205; x_wconf 89' lang='lat' dir='ltr'>quorumvis</span> <span class='ocrx_word' id='word_1_98' title='bbox 833 1160 969 1194; x_wconf 88' lang='lat' dir='ltr'>aliorum</span> <span class='ocrx_word' id='word_1_99' title='bbox 995 1160 1157 1193; x_wconf 84' lang='lat' dir='ltr'>Romano-</span> 
     </span>
     <span class='ocr_line' id='line_1_20' title="bbox 419 1214 1157 1258; baseline -0.001 -10"><span class='ocrx_word' id='word_1_100' title='bbox 419 1226 489 1248; x_wconf 89' lang='lat' dir='ltr'>rum</span> <span class='ocrx_word' id='word_1_101' title='bbox 510 1214 696 1248; x_wconf 83' lang='lat' dir='ltr'>Pontificum</span> <span class='ocrx_word' id='word_1_102' title='bbox 722 1214 1010 1258; x_wconf 87' lang='lat' dir='ltr'>praedecessorum</span> <span class='ocrx_word' id='word_1_103' title='bbox 1030 1219 1157 1247; x_wconf 83' lang='lat' dir='ltr'>nostro-</span> 
     </span>
     <span class='ocr_line' id='line_1_21' title="bbox 418 1267 1156 1312; baseline -0.004 -10"><span class='ocrx_word' id='word_1_104' title='bbox 418 1280 500 1309; x_wconf 89' lang='lat' dir='ltr'>rum,</span> <span class='ocrx_word' id='word_1_105' title='bbox 520 1275 550 1302; x_wconf 89' lang='lat' dir='ltr'>et</span> <span class='ocrx_word' id='word_1_106' title='bbox 568 1268 732 1312; x_wconf 81' lang='lat' dir='ltr'>quibusvis</span> <span class='ocrx_word' id='word_1_107' title='bbox 758 1268 829 1301; x_wconf 90' lang='lat' dir='ltr'>aliis</span> <span class='ocrx_word' id='word_1_108' title='bbox 855 1267 1049 1312; x_wconf 87' lang='lat' dir='ltr'>apostolicis,</span> <span class='ocrx_word' id='word_1_109' title='bbox 1068 1278 1104 1300; x_wconf 85' lang='lat' dir='ltr'>ac</span> <span class='ocrx_word' id='word_1_110' title='bbox 1123 1268 1156 1300; x_wconf 90' lang='lat' dir='ltr'>in</span> 
     </span>
     <span class='ocr_line' id='line_1_22' title="bbox 420 1321 1156 1364; baseline -0.001 -9"><span class='ocrx_word' id='word_1_111' title='bbox 420 1322 653 1355; x_wconf 87' lang='lat' dir='ltr'>universalibus</span> <span class='ocrx_word' id='word_1_112' title='bbox 672 1321 993 1364; x_wconf 76' lang='lat' dir='ltr'>provincialibusque</span> <span class='ocrx_word' id='word_1_113' title='bbox 1014 1326 1045 1354; x_wconf 87' lang='lat' dir='ltr'>et</span> <span class='ocrx_word' id='word_1_114' title='bbox 1061 1331 1156 1364; x_wconf 80' lang='lat' dir='ltr'>syno-</span> 
     </span>
     <span class='ocr_line' id='line_1_23' title="bbox 420 1374 1155 1417; baseline -0.001 -9"><span class='ocrx_word' id='word_1_115' title='bbox 420 1375 544 1409; x_wconf 73' lang='lat' dir='ltr'>dalibus</span> <span class='ocrx_word' id='word_1_116' title='bbox 574 1375 721 1408; x_wconf 81' lang='lat' dir='ltr'>conciliis</span> <span class='ocrx_word' id='word_1_117' title='bbox 749 1374 864 1414; x_wconf 88' lang='lat' dir='ltr'>editis,</span> <span class='ocrx_word' id='word_1_118' title='bbox 884 1374 1088 1417; x_wconf 81' lang='lat' dir='ltr'>generalibus</span> <span class='ocrx_word' id='word_1_119' title='bbox 1106 1374 1155 1407; x_wconf 89' lang='lat' dir='ltr'>vel</span> 
     </span>
     <span class='ocr_line' id='line_1_24' title="bbox 419 1427 1156 1472; baseline -0.003 -11"><span class='ocrx_word' id='word_1_120' title='bbox 419 1427 624 1472; x_wconf 81' lang='lat' dir='ltr'>specialibus,</span> <span class='ocrx_word' id='word_1_121' title='bbox 652 1427 937 1461; x_wconf 83' lang='lat' dir='ltr'>constitutionibus</span> <span class='ocrx_word' id='word_1_122' title='bbox 964 1432 994 1459; x_wconf 84' lang='lat' dir='ltr'>ct</span> <span class='ocrx_word' id='word_1_123' title='bbox 1019 1427 1156 1460; x_wconf 90' lang='lat' dir='ltr'>ordina-</span> 
     </span>
     <span class='ocr_line' id='line_1_25' title="bbox 421 1480 1156 1523; baseline -0.003 -9"><span class='ocrx_word' id='word_1_124' title='bbox 421 1481 578 1521; x_wconf 80' lang='lat' dir='ltr'>tionibus,</span> <span class='ocrx_word' id='word_1_125' title='bbox 599 1491 725 1513; x_wconf 84' lang='lat' dir='ltr'>necnon</span> <span class='ocrx_word' id='word_1_126' title='bbox 742 1480 876 1522; x_wconf 66' lang='lat' dir='ltr'>Icgibus,</span> <span class='ocrx_word' id='word_1_127' title='bbox 892 1480 986 1513; x_wconf 89' lang='lat' dir='ltr'>etiam</span> <span class='ocrx_word' id='word_1_128' title='bbox 1006 1480 1156 1523; x_wconf 87' lang='lat' dir='ltr'>imperia-</span> 
     </span>
     <span class='ocr_line' id='line_1_26' title="bbox 420 1532 1155 1576; baseline -0.003 -10"><span class='ocrx_word' id='word_1_129' title='bbox 420 1534 502 1566; x_wconf 75' lang='lat' dir='ltr'>IIbus</span> <span class='ocrx_word' id='word_1_130' title='bbox 523 1539 555 1566; x_wconf 88' lang='lat' dir='ltr'>ct</span> <span class='ocrx_word' id='word_1_131' title='bbox 574 1533 837 1576; x_wconf 89' lang='lat' dir='ltr'>municipalibus,</span> <span class='ocrx_word' id='word_1_132' title='bbox 858 1538 920 1565; x_wconf 87' lang='lat' dir='ltr'>tam</span> <span class='ocrx_word' id='word_1_133' title='bbox 944 1532 1038 1565; x_wconf 81' lang='lat' dir='ltr'>Urbis</span> <span class='ocrx_word' id='word_1_134' title='bbox 1061 1543 1155 1576; x_wconf 86' lang='lat' dir='ltr'>quam</span> 
     </span>
     <span class='ocr_line' id='line_1_27' title="bbox 420 1586 1157 1630; baseline 0 -11"><span class='ocrx_word' id='word_1_135' title='bbox 420 1587 553 1620; x_wconf 84' lang='lat' dir='ltr'>aliarum</span> <span class='ocrx_word' id='word_1_136' title='bbox 571 1586 731 1619; x_wconf 76' lang='lat' dir='ltr'>civitatum</span> <span class='ocrx_word' id='word_1_137' title='bbox 751 1591 783 1618; x_wconf 90' lang='lat' dir='ltr'>et</span> <span class='ocrx_word' id='word_1_138' title='bbox 800 1587 954 1626; x_wconf 87' lang='lat' dir='ltr'>locorum,</span> <span class='ocrx_word' id='word_1_139' title='bbox 970 1586 1001 1618; x_wconf 89' lang='lat' dir='ltr'>in</span> <span class='ocrx_word' id='word_1_140' title='bbox 1023 1586 1157 1630; x_wconf 89' lang='lat' dir='ltr'>quibus-</span> 
     </span>
     <span class='ocr_line' id='line_1_28' title="bbox 420 1638 1157 1682; baseline -0.004 -10"><span class='ocrx_word' id='word_1_141' title='bbox 420 1639 487 1672; x_wconf 72' lang='lat' dir='ltr'>vis¹</span> <span class='ocrx_word' id='word_1_142' title='bbox 514 1640 598 1672; x_wconf 91' lang='lat' dir='ltr'>cives</span> <span class='ocrx_word' id='word_1_143' title='bbox 623 1638 790 1682; x_wconf 70' lang='lat' dir='ltr'>01&#39;Iginarii</span> <span class='ocrx_word' id='word_1_144' title='bbox 817 1638 914 1671; x_wconf 88' lang='lat' dir='ltr'>creati</span> <span class='ocrx_word' id='word_1_145' title='bbox 941 1638 1099 1679; x_wconf 80' lang='lat' dir='ltr'>existitis,</span> <span class='ocrx_word' id='word_1_146' title='bbox 1125 1645 1157 1672; x_wconf 87' lang='lat' dir='ltr'>ct</span> 
     </span>
     <span class='ocr_line' id='line_1_29' title="bbox 421 1691 1155 1736; baseline 0.001 -12"><span class='ocrx_word' id='word_1_147' title='bbox 421 1692 602 1736; x_wconf 82' lang='lat' dir='ltr'>quarumvis</span> <span class='ocrx_word' id='word_1_148' title='bbox 626 1691 844 1732; x_wconf 85' lang='lat' dir='ltr'>ecclesiarum,</span> <span class='ocrx_word' id='word_1_149' title='bbox 870 1692 1155 1732; x_wconf 82' lang='lat' dir='ltr'>monasteriorum,</span> 
     </span>
     <span class='ocr_line' id='line_1_30' title="bbox 421 1744 1158 1788; baseline -0.001 -10"><span class='ocrx_word' id='word_1_150' title='bbox 421 1745 573 1778; x_wconf 85' lang='lat' dir='ltr'>Ordinum</span> <span class='ocrx_word' id='word_1_151' title='bbox 589 1750 619 1777; x_wconf 90' lang='lat' dir='ltr'>et</span> <span class='ocrx_word' id='word_1_152' title='bbox 633 1744 805 1788; x_wconf 80' lang='lat' dir='ltr'>hospitalis</span> <span class='ocrx_word' id='word_1_153' title='bbox 820 1745 1069 1788; x_wconf 87' lang='lat' dir='ltr'>praedictorum,</span> <span class='ocrx_word' id='word_1_154' title='bbox 1086 1756 1158 1778; x_wconf 89' lang='lat' dir='ltr'>nec-</span> 
     </span>
     <span class='ocr_line' id='line_1_31' title="bbox 420 1797 1158 1841; baseline 0.001 -11"><span class='ocrx_word' id='word_1_155' title='bbox 420 1808 486 1830; x_wconf 70' lang='lat' dir='ltr'>non</span> <span class='ocrx_word' id='word_1_156' title='bbox 512 1797 698 1841; x_wconf 89' lang='lat' dir='ltr'>quorumvis</span> <span class='ocrx_word' id='word_1_157' title='bbox 724 1797 938 1840; x_wconf 78' lang='lat' dir='ltr'>collegiorum</span> <span class='ocrx_word' id='word_1_158' title='bbox 975 1804 1005 1830; x_wconf 88' lang='lat' dir='ltr'>et</span> <span class='ocrx_word' id='word_1_159' title='bbox 1037 1798 1158 1831; x_wconf 79' lang='lat' dir='ltr'>officio-</span> 
     </span>
     <span class='ocr_line' id='line_1_32' title="bbox 421 1851 1159 1895; baseline 0 -11"><span class='ocrx_word' id='word_1_160' title='bbox 421 1862 489 1884; x_wconf 87' lang='lat' dir='ltr'>rum</span> <span class='ocrx_word' id='word_1_161' title='bbox 515 1851 617 1884; x_wconf 88' lang='lat' dir='ltr'>dictae</span> <span class='ocrx_word' id='word_1_162' title='bbox 637 1851 755 1890; x_wconf 88' lang='lat' dir='ltr'>curiae,</span> <span class='ocrx_word' id='word_1_163' title='bbox 777 1856 809 1883; x_wconf 87' lang='lat' dir='ltr'>et</span> <span class='ocrx_word' id='word_1_164' title='bbox 823 1861 1013 1893; x_wconf 79' lang='lat' dir='ltr'>regnorum,</span> <span class='ocrx_word' id='word_1_165' title='bbox 1030 1852 1159 1895; x_wconf 89' lang='lat' dir='ltr'>provin-</span> 
     </span>
     <span class='ocr_line' id='line_1_33' title="bbox 422 1903 1156 1943; baseline 0.001 -7"><span class='ocrx_word' id='word_1_166' title='bbox 422 1905 543 1937; x_wconf 86' lang='lat' dir='ltr'>ciarum</span> <span class='ocrx_word' id='word_1_167' title='bbox 570 1909 602 1936; x_wconf 88' lang='lat' dir='ltr'>et</span> <span class='ocrx_word' id='word_1_168' title='bbox 625 1903 739 1943; x_wconf 85' lang='lat' dir='ltr'>Urbis,</span> <span class='ocrx_word' id='word_1_169' title='bbox 767 1914 801 1936; x_wconf 84' lang='lat' dir='ltr'>ac</span> <span class='ocrx_word' id='word_1_170' title='bbox 834 1904 970 1937; x_wconf 88' lang='lat' dir='ltr'>aliarum</span> <span class='ocrx_word' id='word_1_171' title='bbox 996 1904 1156 1937; x_wconf 85' lang='lat' dir='ltr'>civitatum</span> 
     </span>
     <span class='ocr_line' id='line_1_34' title="bbox 424 1956 1156 2000; baseline -0.001 -10"><span class='ocrx_word' id='word_1_172' title='bbox 424 1962 454 1990; x_wconf 89' lang='lat' dir='ltr'>ct</span> <span class='ocrx_word' id='word_1_173' title='bbox 478 1958 623 1990; x_wconf 87' lang='lat' dir='ltr'>locorum</span> <span class='ocrx_word' id='word_1_174' title='bbox 649 1968 684 1989; x_wconf 88' lang='lat' dir='ltr'>ac</span> <span class='ocrx_word' id='word_1_175' title='bbox 713 1956 863 1990; x_wconf 80' lang='lat' dir='ltr'>Gamerae</span> <span class='ocrx_word' id='word_1_176' title='bbox 897 1957 1156 2000; x_wconf 86' lang='lat' dir='ltr'>praedictorum,</span> 
     </span>
     <span class='ocr_line' id='line_1_35' title="bbox 423 2010 1159 2054; baseline 0.001 -11"><span class='ocrx_word' id='word_1_177' title='bbox 423 2011 518 2043; x_wconf 84' lang='lat' dir='ltr'>ctiam</span> <span class='ocrx_word' id='word_1_178' title='bbox 545 2011 735 2051; x_wconf 80' lang='lat' dir='ltr'>iuramento,</span> <span class='ocrx_word' id='word_1_179' title='bbox 757 2010 1001 2044; x_wconf 73' lang='lat' dir='ltr'>confirmatione</span> <span class='ocrx_word' id='word_1_180' title='bbox 1028 2016 1159 2054; x_wconf 87' lang='lat' dir='ltr'>aposto-</span> 
     </span>
     <span class='ocr_line' id='line_1_36' title="bbox 422 2063 1158 2108; baseline 0.001 -11"><span class='ocrx_word' id='word_1_181' title='bbox 422 2065 492 2103; x_wconf 77' lang='lat' dir='ltr'>lica,</span> <span class='ocrx_word' id='word_1_182' title='bbox 510 2065 558 2097; x_wconf 90' lang='lat' dir='ltr'>vel</span> <span class='ocrx_word' id='word_1_183' title='bbox 585 2064 694 2108; x_wconf 86' lang='lat' dir='ltr'>quavis</span> <span class='ocrx_word' id='word_1_184' title='bbox 720 2063 869 2096; x_wconf 82' lang='lat' dir='ltr'>firmitate</span> <span class='ocrx_word' id='word_1_185' title='bbox 896 2064 958 2097; x_wconf 79' lang='lat' dir='ltr'>alia</span> <span class='ocrx_word' id='word_1_186' title='bbox 990 2065 1158 2104; x_wconf 78' lang='lat' dir='ltr'>roboratiS,</span> 
     </span>
     <span class='ocr_line' id='line_1_37' title="bbox 424 2117 1161 2157; baseline 0.001 -8"><span class='ocrx_word' id='word_1_187' title='bbox 424 2117 549 2150; x_wconf 85' lang='lat' dir='ltr'>statutis</span> <span class='ocrx_word' id='word_1_188' title='bbox 580 2122 609 2150; x_wconf 92' lang='lat' dir='ltr'>et</span> <span class='ocrx_word' id='word_1_189' title='bbox 635 2117 933 2157; x_wconf 52' lang='lat' dir='ltr'>consuetudinibus</span> <span class='ocrx_word' id='word_1_190' title='bbox 964 2118 1161 2151; x_wconf 85' lang='lat' dir='ltr'>stabilimen-</span> 
     </span>
     <span class='ocr_line' id='line_1_38' title="bbox 425 2170 1160 2211; baseline 0.003 -8"><span class='ocrx_word' id='word_1_191' title='bbox 425 2171 482 2210; x_wconf 91' lang='lat' dir='ltr'>tis,</span> <span class='ocrx_word' id='word_1_192' title='bbox 506 2171 616 2203; x_wconf 85' lang='lat' dir='ltr'>usibus</span> <span class='ocrx_word' id='word_1_193' title='bbox 642 2176 674 2203; x_wconf 89' lang='lat' dir='ltr'>et</span> <span class='ocrx_word' id='word_1_194' title='bbox 698 2171 842 2210; x_wconf 87' lang='lat' dir='ltr'>naturis,</span> <span class='ocrx_word' id='word_1_195' title='bbox 862 2170 1003 2211; x_wconf 88' lang='lat' dir='ltr'>etiamsi,</span> <span class='ocrx_word' id='word_1_196' title='bbox 1030 2172 1069 2204; x_wconf 93' lang='lat' dir='ltr'>de</span> <span class='ocrx_word' id='word_1_197' title='bbox 1096 2171 1160 2205; x_wconf 83' lang='lat' dir='ltr'>illis</span> 
     </span>
     <span class='ocr_line' id='line_1_39' title="bbox 424 2224 1158 2268; baseline 0.001 -11"><span class='ocrx_word' id='word_1_198' title='bbox 424 2225 599 2265; x_wconf 79' lang='lat' dir='ltr'>servandis,</span> <span class='ocrx_word' id='word_1_199' title='bbox 612 2230 716 2258; x_wconf 90' lang='lat' dir='ltr'>etnon</span> <span class='ocrx_word' id='word_1_200' title='bbox 732 2224 943 2268; x_wconf 84' lang='lat' dir='ltr'>impetrandis</span> <span class='ocrx_word' id='word_1_201' title='bbox 956 2224 1074 2257; x_wconf 86' lang='lat' dir='ltr'>litteris</span> <span class='ocrx_word' id='word_1_202' title='bbox 1088 2235 1158 2268; x_wconf 89' lang='lat' dir='ltr'>apo-</span> 
     </span>
     <span class='ocr_line' id='line_1_40' title="bbox 425 2277 1159 2317; baseline 0.001 -8"><span class='ocrx_word' id='word_1_203' title='bbox 425 2277 548 2310; x_wconf 87' lang='lat' dir='ltr'>stolicis</span> <span class='ocrx_word' id='word_1_204' title='bbox 572 2282 684 2310; x_wconf 84' lang='lat' dir='ltr'>contra</span> <span class='ocrx_word' id='word_1_205' title='bbox 717 2288 773 2317; x_wconf 89' lang='lat' dir='ltr'>ea,</span> <span class='ocrx_word' id='word_1_206' title='bbox 804 2287 863 2310; x_wconf 87' lang='lat' dir='ltr'>nec</span> <span class='ocrx_word' id='word_1_207' title='bbox 897 2277 991 2309; x_wconf 89' lang='lat' dir='ltr'>etiam</span> <span class='ocrx_word' id='word_1_208' title='bbox 1024 2278 1063 2310; x_wconf 87' lang='lat' dir='ltr'>ab</span> <span class='ocrx_word' id='word_1_209' title='bbox 1095 2278 1159 2310; x_wconf 90' lang='lat' dir='ltr'>alio</span> 
     </span>
     <span class='ocr_line' id='line_1_41' title="bbox 425 2330 1161 2374; baseline 0.003 -12"><span class='ocrx_word' id='word_1_210' title='bbox 425 2332 472 2364; x_wconf 88' lang='lat' dir='ltr'>vel</span> <span class='ocrx_word' id='word_1_211' title='bbox 499 2331 569 2364; x_wconf 88' lang='lat' dir='ltr'>aliis</span> <span class='ocrx_word' id='word_1_212' title='bbox 593 2330 783 2374; x_wconf 82' lang='lat' dir='ltr'>impetratis,</span> <span class='ocrx_word' id='word_1_213' title='bbox 805 2335 860 2363; x_wconf 79' lang='lat' dir='ltr'>aut</span> <span class='ocrx_word' id='word_1_214' title='bbox 877 2330 955 2363; x_wconf 76' lang='lat' dir='ltr'>alias</span> <span class='ocrx_word' id='word_1_215' title='bbox 981 2331 1161 2374; x_wconf 89' lang='lat' dir='ltr'>quomodo-</span> 
     </span>
     <span class='ocr_line' id='line_1_42' title="bbox 426 2383 1159 2426; baseline 0 -10"><span class='ocrx_word' id='word_1_216' title='bbox 426 2383 506 2416; x_wconf 86' lang='lat' dir='ltr'>libet</span> <span class='ocrx_word' id='word_1_217' title='bbox 530 2383 707 2423; x_wconf 85' lang='lat' dir='ltr'>concessis,</span> <span class='ocrx_word' id='word_1_218' title='bbox 725 2383 854 2423; x_wconf 84' lang='lat' dir='ltr'>utendo,</span> <span class='ocrx_word' id='word_1_219' title='bbox 875 2393 929 2415; x_wconf 92' lang='lat' dir='ltr'>vos</span> <span class='ocrx_word' id='word_1_220' title='bbox 954 2393 1012 2426; x_wconf 82' lang='lat' dir='ltr'>per</span> <span class='ocrx_word' id='word_1_221' title='bbox 1033 2394 1087 2416; x_wconf 88' lang='lat' dir='ltr'>vos</span> <span class='ocrx_word' id='word_1_222' title='bbox 1109 2385 1159 2417; x_wconf 86' lang='lat' dir='ltr'>vel</span> 
     </span>
     <span class='ocr_line' id='line_1_43' title="bbox 426 2436 1159 2479; baseline 0.001 -12"><span class='ocrx_word' id='word_1_223' title='bbox 426 2441 652 2479; x_wconf 83' lang='lat' dir='ltr'>procuratores</span> <span class='ocrx_word' id='word_1_224' title='bbox 670 2441 794 2468; x_wconf 88' lang='lat' dir='ltr'>vestros</span> <span class='ocrx_word' id='word_1_225' title='bbox 811 2436 1036 2479; x_wconf 81' lang='lat' dir='ltr'>praestiteritis</span> <span class='ocrx_word' id='word_1_226' title='bbox 1052 2436 1159 2468; x_wconf 77' lang='lat' dir='ltr'>forsan</span> 
     </span>
     <span class='ocr_line' id='line_1_44' title="bbox 427 2488 1159 2532; baseline 0.001 -12"><span class='ocrx_word' id='word_1_227' title='bbox 427 2488 591 2527; x_wconf 75' lang='lat' dir='ltr'>hactenus,</span> <span class='ocrx_word' id='word_1_228' title='bbox 610 2489 657 2521; x_wconf 88' lang='lat' dir='ltr'>vel</span> <span class='ocrx_word' id='word_1_229' title='bbox 676 2499 731 2521; x_wconf 86' lang='lat' dir='ltr'>vos</span> <span class='ocrx_word' id='word_1_230' title='bbox 750 2488 781 2521; x_wconf 90' lang='lat' dir='ltr'>in</span> <span class='ocrx_word' id='word_1_231' title='bbox 803 2494 968 2531; x_wconf 87' lang='lat' dir='ltr'>posterum</span> <span class='ocrx_word' id='word_1_232' title='bbox 993 2494 1159 2532; x_wconf 83' lang='lat' dir='ltr'>praestare</span> 
     </span>
     <span class='ocr_line' id='line_1_45' title="bbox 427 2540 1161 2585; baseline 0.003 -13"><span class='ocrx_word' id='word_1_233' title='bbox 427 2540 599 2583; x_wconf 80' lang='lat' dir='ltr'>contigerit</span> <span class='ocrx_word' id='word_1_234' title='bbox 623 2541 858 2580; x_wconf 85' lang='lat' dir='ltr'>iuramentum,</span> <span class='ocrx_word' id='word_1_235' title='bbox 883 2541 1060 2584; x_wconf 74' lang='lat' dir='ltr'>privilegiis</span> <span class='ocrx_word' id='word_1_236' title='bbox 1085 2552 1161 2585; x_wconf 85' lang='lat' dir='ltr'>quo-</span> 
     </span>
     <span class='ocr_line' id='line_1_46' title="bbox 464 2602 1027 2640; baseline 0.002 -10"><span class='ocrx_word' id='word_1_237' title='bbox 464 2604 475 2630; x_wconf 88' lang='lat'>1</span> <span class='ocrx_word' id='word_1_238' title='bbox 499 2602 587 2631; x_wconf 79' lang='lat' dir='ltr'>Potius</span> <span class='ocrx_word' id='word_1_239' title='bbox 607 2604 664 2639; x_wconf 59' lang='lat' dir='ltr'>lnge</span> <span class='ocrx_word' id='word_1_240' title='bbox 685 2604 714 2632; x_wconf 80' lang='lat' dir='ltr'>in</span> <span class='ocrx_word' id='word_1_241' title='bbox 735 2604 837 2639; x_wconf 76' lang='lat' dir='ltr'>quibus</span> <span class='ocrx_word' id='word_1_242' title='bbox 857 2612 902 2630; x_wconf 76' lang='lat' dir='ltr'>vos</span> <span class='ocrx_word' id='word_1_243' title='bbox 921 2605 961 2640; x_wconf 84' lang='lat' dir='ltr'>(n.</span> <span class='ocrx_word' id='word_1_244' title='bbox 977 2604 1027 2639; x_wconf 86' lang='lat' dir='ltr'>T.).</span> 
     </span>
    </p>
   </div>
   <div class='ocr_carea' id='block_1_3' title="bbox 1179 1882 1184 2586">
    <p class='ocr_par' dir='ltr' id='par_1_3' title="bbox 1179 1882 1184 2586">
     <span class='ocr_line' id='line_1_47' title="bbox 1179 1882 1184 2586; baseline 0 0"><span class='ocrx_word' id='word_1_245' title='bbox 1179 1882 1184 2586; x_wconf 95' lang='lat' dir='ltr'> </span> 
     </span>
    </p>
   </div>
   <div class='ocr_carea' id='block_1_4' title="bbox 999 210 1354 235">
    <p class='ocr_par' dir='ltr' id='par_1_4' title="bbox 999 210 1354 235">
     <span class='ocr_line' id='line_1_48' title="bbox 999 210 1354 235; baseline -0.008 0"><span class='ocrx_word' id='word_1_246' title='bbox 999 211 1148 235; x_wconf 55' lang='lat' dir='ltr'>BL&#39;LLAIJL</span> <span class='ocrx_word' id='word_1_247' title='bbox 1156 211 1176 234; x_wconf 78' lang='lat' dir='ltr'>.&#39;·I</span> <span class='ocrx_word' id='word_1_248' title='bbox 1201 210 1354 233; x_wconf 50' lang='lat' dir='ltr'>factasunt</span> 
     </span>
    </p>
   </div>
   <div class='ocr_carea' id='block_1_5' title="bbox 1198 256 1940 2638">
    <p class='ocr_par' dir='ltr' id='par_1_5' title="bbox 1198 256 1940 2638">
     <span class='ocr_line' id='line_1_49' title="bbox 1200 256 1935 301; baseline 0.003 -12"><span class='ocrx_word' id='word_1_249' title='bbox 1200 268 1271 301; x_wconf 89' lang='lat' dir='ltr'>que,</span> <span class='ocrx_word' id='word_1_250' title='bbox 1289 256 1422 290; x_wconf 88' lang='lat' dir='ltr'>indultis</span> <span class='ocrx_word' id='word_1_251' title='bbox 1440 261 1471 289; x_wconf 88' lang='lat' dir='ltr'>et</span> <span class='ocrx_word' id='word_1_252' title='bbox 1488 256 1604 290; x_wconf 85' lang='lat' dir='ltr'>litteris</span> <span class='ocrx_word' id='word_1_253' title='bbox 1624 257 1820 301; x_wconf 87' lang='lat' dir='ltr'>apostolicis,</span> <span class='ocrx_word' id='word_1_254' title='bbox 1844 257 1935 292; x_wconf 83' lang='lat' dir='ltr'>dictis</span> 
     </span>
     <span class='ocr_line' id='line_1_50' title="bbox 1199 310 1936 350; baseline 0.003 -6"><span class='ocrx_word' id='word_1_255' title='bbox 1199 310 1357 349; x_wconf 80' lang='lat' dir='ltr'>ecclesiis,</span> <span class='ocrx_word' id='word_1_256' title='bbox 1383 310 1596 350; x_wconf 84' lang='lat' dir='ltr'>monasteriis,</span> <span class='ocrx_word' id='word_1_257' title='bbox 1622 310 1796 344; x_wconf 89' lang='lat' dir='ltr'>Ordinibus</span> <span class='ocrx_word' id='word_1_258' title='bbox 1822 318 1853 345; x_wconf 90' lang='lat' dir='ltr'>et</span> <span class='ocrx_word' id='word_1_259' title='bbox 1879 313 1936 346; x_wconf 90' lang='lat' dir='ltr'>ho-</span> 
     </span>
     <span class='ocr_line' id='line_1_51' title="bbox 1198 362 1934 408; baseline 0.003 -11"><span class='ocrx_word' id='word_1_260' title='bbox 1198 362 1397 408; x_wconf 83' lang='lat' dir='ltr'>spitalibus¹,</span> <span class='ocrx_word' id='word_1_261' title='bbox 1415 363 1610 406; x_wconf 86' lang='lat' dir='ltr'>illorumque</span> <span class='ocrx_word' id='word_1_262' title='bbox 1635 364 1852 407; x_wconf 85' lang='lat' dir='ltr'>praesulibus,</span> <span class='ocrx_word' id='word_1_263' title='bbox 1877 376 1934 399; x_wconf 89' lang='lat' dir='ltr'>scu</span> 
     </span>
     <span class='ocr_line' id='line_1_52' title="bbox 1199 416 1935 461; baseline 0.001 -11"><span class='ocrx_word' id='word_1_264' title='bbox 1199 416 1512 450; x_wconf 84' lang='lat' dir='ltr'>administratoribus</span> <span class='ocrx_word' id='word_1_265' title='bbox 1549 422 1581 450; x_wconf 90' lang='lat' dir='ltr'>et</span> <span class='ocrx_word' id='word_1_266' title='bbox 1619 417 1863 461; x_wconf 85' lang='lat' dir='ltr'>superioribus,</span> <span class='ocrx_word' id='word_1_267' title='bbox 1898 429 1935 451; x_wconf 85' lang='lat' dir='ltr'>ac</span> 
     </span>
     <span class='ocr_line' id='line_1_53' title="bbox 1199 470 1935 514; baseline 0.003 -12"><span class='ocrx_word' id='word_1_268' title='bbox 1199 470 1368 512; x_wconf 76' lang='lat' dir='ltr'>magistriS,</span> <span class='ocrx_word' id='word_1_269' title='bbox 1387 470 1665 513; x_wconf 88' lang='lat' dir='ltr'>praeceptoribus,</span> <span class='ocrx_word' id='word_1_270' title='bbox 1682 470 1856 514; x_wconf 84' lang='lat' dir='ltr'>prioribus,</span> <span class='ocrx_word' id='word_1_271' title='bbox 1877 471 1935 504; x_wconf 87' lang='lat' dir='ltr'>mi-</span> 
     </span>
     <span class='ocr_line' id='line_1_54' title="bbox 1198 523 1924 567; baseline 0.001 -11"><span class='ocrx_word' id='word_1_272' title='bbox 1198 523 1320 564; x_wconf 86' lang='lat' dir='ltr'>litibus,</span> <span class='ocrx_word' id='word_1_273' title='bbox 1344 523 1438 556; x_wconf 87' lang='lat' dir='ltr'>etiam</span> <span class='ocrx_word' id='word_1_274' title='bbox 1457 523 1606 563; x_wconf 82' lang='lat' dir='ltr'>antianis,</span> <span class='ocrx_word' id='word_1_275' title='bbox 1625 524 1782 567; x_wconf 90' lang='lat' dir='ltr'>capitulis,</span> <span class='ocrx_word' id='word_1_276' title='bbox 1801 534 1924 557; x_wconf 82' lang='lat' dir='ltr'>conven</span> 
     </span>
     <span class='ocr_line' id='line_1_55' title="bbox 1199 576 1934 621; baseline 0.003 -12"><span class='ocrx_word' id='word_1_277' title='bbox 1199 577 1293 616; x_wconf 86' lang='lat' dir='ltr'>tibus,</span> <span class='ocrx_word' id='word_1_278' title='bbox 1319 576 1499 609; x_wconf 87' lang='lat' dir='ltr'>civitatibus</span> <span class='ocrx_word' id='word_1_279' title='bbox 1524 582 1555 610; x_wconf 90' lang='lat' dir='ltr'>et</span> <span class='ocrx_word' id='word_1_280' title='bbox 1579 576 1669 617; x_wconf 89' lang='lat' dir='ltr'>locis,</span> <span class='ocrx_word' id='word_1_281' title='bbox 1691 577 1827 621; x_wconf 90' lang='lat' dir='ltr'>aliisque</span> <span class='ocrx_word' id='word_1_282' title='bbox 1843 588 1934 621; x_wconf 87' lang='lat' dir='ltr'>prae-</span> 
     </span>
     <span class='ocr_line' id='line_1_56' title="bbox 1199 630 1933 672; baseline 0.001 -9"><span class='ocrx_word' id='word_1_283' title='bbox 1199 631 1304 671; x_wconf 88' lang='lat' dir='ltr'>dictis,</span> <span class='ocrx_word' id='word_1_284' title='bbox 1325 641 1361 663; x_wconf 88' lang='lat' dir='ltr'>ac</span> <span class='ocrx_word' id='word_1_285' title='bbox 1385 630 1515 664; x_wconf 89' lang='lat' dir='ltr'>illorum</span> <span class='ocrx_word' id='word_1_286' title='bbox 1541 631 1838 672; x_wconf 86' lang='lat' dir='ltr'>communitatibus,</span> <span class='ocrx_word' id='word_1_287' title='bbox 1860 631 1933 664; x_wconf 90' lang='lat' dir='ltr'>civi-</span> 
     </span>
     <span class='ocr_line' id='line_1_57' title="bbox 1199 683 1935 728; baseline 0.003 -12"><span class='ocrx_word' id='word_1_288' title='bbox 1199 684 1317 716; x_wconf 89' lang='lat' dir='ltr'>tatibus</span> <span class='ocrx_word' id='word_1_289' title='bbox 1339 689 1370 717; x_wconf 89' lang='lat' dir='ltr'>et</span> <span class='ocrx_word' id='word_1_290' title='bbox 1393 683 1484 724; x_wconf 91' lang='lat' dir='ltr'>locis,</span> <span class='ocrx_word' id='word_1_291' title='bbox 1502 684 1639 728; x_wconf 86' lang='lat' dir='ltr'>aliisque</span> <span class='ocrx_word' id='word_1_292' title='bbox 1659 685 1818 728; x_wconf 88' lang='lat' dir='ltr'>personis,</span> <span class='ocrx_word' id='word_1_293' title='bbox 1837 685 1935 718; x_wconf 86' lang='lat' dir='ltr'>etiam</span> 
     </span>
     <span class='ocr_line' id='line_1_58' title="bbox 1199 737 1933 781; baseline 0.003 -12"><span class='ocrx_word' id='word_1_294' title='bbox 1199 737 1466 780; x_wconf 85' lang='lat' dir='ltr'>particularibus,</span> <span class='ocrx_word' id='word_1_295' title='bbox 1492 748 1621 770; x_wconf 86' lang='lat' dir='ltr'>necnon</span> <span class='ocrx_word' id='word_1_296' title='bbox 1656 738 1933 781; x_wconf 84' lang='lat' dir='ltr'>archiepiscopis,</span> 
     </span>
     <span class='ocr_line' id='line_1_59' title="bbox 1200 790 1937 833; baseline 0.003 -10"><span class='ocrx_word' id='word_1_297' title='bbox 1200 790 1374 833; x_wconf 85' lang='lat' dir='ltr'>episcopis,</span> <span class='ocrx_word' id='word_1_298' title='bbox 1398 795 1430 823; x_wconf 86' lang='lat' dir='ltr'>et</span> <span class='ocrx_word' id='word_1_299' title='bbox 1461 790 1531 824; x_wconf 89' lang='lat' dir='ltr'>aliis</span> <span class='ocrx_word' id='word_1_300' title='bbox 1551 790 1739 831; x_wconf 88' lang='lat' dir='ltr'>Ordinariis,</span> <span class='ocrx_word' id='word_1_301' title='bbox 1755 791 1850 824; x_wconf 87' lang='lat' dir='ltr'>etiam</span> <span class='ocrx_word' id='word_1_302' title='bbox 1875 791 1937 825; x_wconf 90' lang='lat' dir='ltr'>eis-</span> 
     </span>
     <span class='ocr_line' id='line_1_60' title="bbox 1200 842 1936 883; baseline 0.003 -8"><span class='ocrx_word' id='word_1_303' title='bbox 1200 843 1272 876; x_wconf 91' lang='lat' dir='ltr'>dem</span> <span class='ocrx_word' id='word_1_304' title='bbox 1298 842 1524 883; x_wconf 81' lang='lat' dir='ltr'>cardinalibuS,</span> <span class='ocrx_word' id='word_1_305' title='bbox 1542 853 1578 876; x_wconf 86' lang='lat' dir='ltr'>ac</span> <span class='ocrx_word' id='word_1_306' title='bbox 1602 843 1705 876; x_wconf 85' lang='lat' dir='ltr'>dictae</span> <span class='ocrx_word' id='word_1_307' title='bbox 1730 843 1843 877; x_wconf 85' lang='lat' dir='ltr'>Curiae</span> <span class='ocrx_word' id='word_1_308' title='bbox 1869 844 1936 877; x_wconf 86' lang='lat' dir='ltr'>offi-</span> 
     </span>
     <span class='ocr_line' id='line_1_61' title="bbox 1199 895 1934 943; baseline 0.003 -15"><span class='ocrx_word' id='word_1_309' title='bbox 1199 895 1354 937; x_wconf 89' lang='lat' dir='ltr'>cialibus,</span> <span class='ocrx_word' id='word_1_310' title='bbox 1378 896 1571 940; x_wconf 88' lang='lat' dir='ltr'>illorumque</span> <span class='ocrx_word' id='word_1_311' title='bbox 1596 896 1752 943; x_wconf 69' lang='lat' dir='ltr'>collegiis,</span> <span class='ocrx_word' id='word_1_312' title='bbox 1774 907 1810 930; x_wconf 84' lang='lat' dir='ltr'>ac</span> <span class='ocrx_word' id='word_1_313' title='bbox 1838 898 1934 930; x_wconf 86' lang='lat' dir='ltr'>etiam</span> 
     </span>
     <span class='ocr_line' id='line_1_62' title="bbox 1200 949 1933 993; baseline 0.003 -12"><span class='ocrx_word' id='word_1_314' title='bbox 1200 949 1418 989; x_wconf 89' lang='lat' dir='ltr'>decimarum,</span> <span class='ocrx_word' id='word_1_315' title='bbox 1439 949 1674 993; x_wconf 83' lang='lat' dir='ltr'>pedagiorum,</span> <span class='ocrx_word' id='word_1_316' title='bbox 1708 949 1909 993; x_wconf 83' lang='lat' dir='ltr'>gabellarum</span> <span class='ocrx_word' id='word_1_317' title='bbox 1925 977 1933 992; x_wconf 97' lang='lat'>,</span> 
     </span>
     <span class='ocr_line' id='line_1_63' title="bbox 1200 1003 1933 1047; baseline 0.003 -12"><span class='ocrx_word' id='word_1_318' title='bbox 1200 1007 1232 1035; x_wconf 90' lang='lat' dir='ltr'>et</span> <span class='ocrx_word' id='word_1_319' title='bbox 1255 1013 1389 1035; x_wconf 87' lang='lat' dir='ltr'>oncrum</span> <span class='ocrx_word' id='word_1_320' title='bbox 1416 1003 1617 1035; x_wconf 81' lang='lat' dir='ltr'>exactoribus</span> <span class='ocrx_word' id='word_1_321' title='bbox 1651 1008 1683 1036; x_wconf 80' lang='lat' dir='ltr'>et</span> <span class='ocrx_word' id='word_1_322' title='bbox 1718 1004 1933 1047; x_wconf 81' lang='lat' dir='ltr'>appaltatori-</span> 
     </span>
     <span class='ocr_line' id='line_1_64' title="bbox 1199 1055 1933 1100; baseline 0.004 -13"><span class='ocrx_word' id='word_1_323' title='bbox 1199 1056 1269 1095; x_wconf 90' lang='lat' dir='ltr'>bus,</span> <span class='ocrx_word' id='word_1_324' title='bbox 1292 1061 1322 1088; x_wconf 91' lang='lat' dir='ltr'>et</span> <span class='ocrx_word' id='word_1_325' title='bbox 1346 1055 1483 1088; x_wconf 85' lang='lat' dir='ltr'>aliorum</span> <span class='ocrx_word' id='word_1_326' title='bbox 1504 1066 1641 1088; x_wconf 86' lang='lat' dir='ltr'>oncrum</span> <span class='ocrx_word' id='word_1_327' title='bbox 1658 1056 1933 1100; x_wconf 82' lang='lat' dir='ltr'>redemptoribus,</span> 
     </span>
     <span class='ocr_line' id='line_1_65' title="bbox 1200 1108 1934 1152; baseline 0.003 -12"><span class='ocrx_word' id='word_1_328' title='bbox 1200 1109 1258 1141; x_wconf 90' lang='lat' dir='ltr'>sub</span> <span class='ocrx_word' id='word_1_329' title='bbox 1277 1108 1536 1152; x_wconf 87' lang='lat' dir='ltr'>quibuscumque</span> <span class='ocrx_word' id='word_1_330' title='bbox 1561 1109 1731 1142; x_wconf 85' lang='lat' dir='ltr'>tenoribus</span> <span class='ocrx_word' id='word_1_331' title='bbox 1756 1114 1787 1141; x_wconf 86' lang='lat' dir='ltr'>et</span> <span class='ocrx_word' id='word_1_332' title='bbox 1812 1109 1934 1150; x_wconf 86' lang='lat' dir='ltr'>formis,</span> 
     </span>
     <span class='ocr_line' id='line_1_66' title="bbox 1199 1161 1934 1204; baseline 0.001 -10"><span class='ocrx_word' id='word_1_333' title='bbox 1199 1172 1235 1195; x_wconf 88' lang='lat' dir='ltr'>ac</span> <span class='ocrx_word' id='word_1_334' title='bbox 1267 1172 1339 1194; x_wconf 88' lang='lat' dir='ltr'>cum</span> <span class='ocrx_word' id='word_1_335' title='bbox 1376 1161 1542 1204; x_wconf 85' lang='lat' dir='ltr'>quibusvis</span> <span class='ocrx_word' id='word_1_336' title='bbox 1576 1161 1672 1194; x_wconf 86' lang='lat' dir='ltr'>etiam</span> <span class='ocrx_word' id='word_1_337' title='bbox 1707 1161 1934 1204; x_wconf 79' lang='lat' dir='ltr'>derogatoria-</span> 
     </span>
     <span class='ocr_line' id='line_1_67' title="bbox 1198 1214 1934 1257; baseline 0 -10"><span class='ocrx_word' id='word_1_338' title='bbox 1198 1225 1267 1248; x_wconf 87' lang='lat' dir='ltr'>rum</span> <span class='ocrx_word' id='word_1_339' title='bbox 1287 1215 1509 1257; x_wconf 82' lang='lat' dir='ltr'>derogatoriis,</span> <span class='ocrx_word' id='word_1_340' title='bbox 1528 1214 1664 1257; x_wconf 79' lang='lat' dir='ltr'>aliisque</span> <span class='ocrx_word' id='word_1_341' title='bbox 1689 1214 1934 1256; x_wconf 84' lang='lat' dir='ltr'>efficacioribus,</span> 
     </span>
     <span class='ocr_line' id='line_1_68' title="bbox 1199 1267 1936 1310; baseline 0.003 -9"><span class='ocrx_word' id='word_1_342' title='bbox 1199 1268 1429 1302; x_wconf 82' lang='lat' dir='ltr'>efficacissimis</span> <span class='ocrx_word' id='word_1_343' title='bbox 1457 1275 1488 1301; x_wconf 88' lang='lat' dir='ltr'>et</span> <span class='ocrx_word' id='word_1_344' title='bbox 1520 1267 1658 1301; x_wconf 87' lang='lat' dir='ltr'>insolitis</span> <span class='ocrx_word' id='word_1_345' title='bbox 1688 1269 1867 1310; x_wconf 86' lang='lat' dir='ltr'>clausulis,</span> <span class='ocrx_word' id='word_1_346' title='bbox 1899 1279 1936 1303; x_wconf 80' lang='lat' dir='ltr'>ao</span> 
     </span>
     <span class='ocr_line' id='line_1_69' title="bbox 1198 1320 1934 1366; baseline 0.003 -13"><span class='ocrx_word' id='word_1_347' title='bbox 1198 1321 1401 1354; x_wconf 89' lang='lat' dir='ltr'>irritantibus</span> <span class='ocrx_word' id='word_1_348' title='bbox 1426 1327 1458 1355; x_wconf 90' lang='lat' dir='ltr'>et</span> <span class='ocrx_word' id='word_1_349' title='bbox 1481 1321 1551 1354; x_wconf 82' lang='lat' dir='ltr'>aliis</span> <span class='ocrx_word' id='word_1_350' title='bbox 1577 1320 1725 1361; x_wconf 87' lang='lat' dir='ltr'>decretis,</span> <span class='ocrx_word' id='word_1_351' title='bbox 1754 1332 1814 1364; x_wconf 88' lang='lat' dir='ltr'>per</span> <span class='ocrx_word' id='word_1_352' title='bbox 1838 1332 1934 1366; x_wconf 87' lang='lat' dir='ltr'>quos-</span> 
     </span>
     <span class='ocr_line' id='line_1_70' title="bbox 1199 1373 1932 1418; baseline 0.001 -11"><span class='ocrx_word' id='word_1_353' title='bbox 1199 1385 1337 1418; x_wconf 88' lang='lat' dir='ltr'>cumque</span> <span class='ocrx_word' id='word_1_354' title='bbox 1375 1374 1538 1407; x_wconf 76' lang='lat' dir='ltr'>Romanos</span> <span class='ocrx_word' id='word_1_355' title='bbox 1577 1373 1752 1407; x_wconf 86' lang='lat' dir='ltr'>Pontifices</span> <span class='ocrx_word' id='word_1_356' title='bbox 1792 1375 1932 1418; x_wconf 83' lang='lat' dir='ltr'>praede-</span> 
     </span>
     <span class='ocr_line' id='line_1_71' title="bbox 1199 1427 1935 1467; baseline 0.001 -7"><span class='ocrx_word' id='word_1_357' title='bbox 1199 1438 1343 1460; x_wconf 83' lang='lat' dir='ltr'>cessores</span> <span class='ocrx_word' id='word_1_358' title='bbox 1369 1431 1519 1467; x_wconf 87' lang='lat' dir='ltr'>nostros,</span> <span class='ocrx_word' id='word_1_359' title='bbox 1547 1437 1584 1459; x_wconf 90' lang='lat' dir='ltr'>ac</span> <span class='ocrx_word' id='word_1_360' title='bbox 1609 1427 1705 1459; x_wconf 83' lang='lat' dir='ltr'>etiam</span> <span class='ocrx_word' id='word_1_361' title='bbox 1727 1437 1786 1460; x_wconf 92' lang='lat' dir='ltr'>nos</span> <span class='ocrx_word' id='word_1_362' title='bbox 1819 1433 1850 1460; x_wconf 86' lang='lat' dir='ltr'>et</span> <span class='ocrx_word' id='word_1_363' title='bbox 1880 1427 1935 1461; x_wconf 84' lang='lat' dir='ltr'>Sc-</span> 
     </span>
     <span class='ocr_line' id='line_1_72' title="bbox 1200 1479 1935 1524; baseline -0.001 -10"><span class='ocrx_word' id='word_1_364' title='bbox 1200 1481 1270 1514; x_wconf 90' lang='lat' dir='ltr'>dem</span> <span class='ocrx_word' id='word_1_365' title='bbox 1296 1480 1491 1524; x_wconf 81' lang='lat' dir='ltr'>praedictam</span> <span class='ocrx_word' id='word_1_366' title='bbox 1507 1506 1514 1520; x_wconf 93' lang='lat'>,</span> <span class='ocrx_word' id='word_1_367' title='bbox 1535 1479 1631 1512; x_wconf 82' lang='lat' dir='ltr'>ctiam</span> <span class='ocrx_word' id='word_1_368' title='bbox 1656 1480 1935 1521; x_wconf 78' lang='lat' dir='ltr'>consistorialiter,</span> 
     </span>
     <span class='ocr_line' id='line_1_73' title="bbox 1200 1532 1933 1574; baseline -0.001 -7"><span class='ocrx_word' id='word_1_369' title='bbox 1200 1545 1235 1567; x_wconf 85' lang='lat' dir='ltr'>ac</span> <span class='ocrx_word' id='word_1_370' title='bbox 1262 1534 1300 1567; x_wconf 90' lang='lat' dir='ltr'>de</span> <span class='ocrx_word' id='word_1_371' title='bbox 1326 1533 1516 1567; x_wconf 87' lang='lat' dir='ltr'>eorumdem</span> <span class='ocrx_word' id='word_1_372' title='bbox 1543 1532 1752 1566; x_wconf 84' lang='lat' dir='ltr'>cardinalium</span> <span class='ocrx_word' id='word_1_373' title='bbox 1778 1533 1933 1574; x_wconf 88' lang='lat' dir='ltr'>consilio,</span> 
     </span>
     <span class='ocr_line' id='line_1_74' title="bbox 1199 1585 1937 1631; baseline 0 -11"><span class='ocrx_word' id='word_1_374' title='bbox 1199 1588 1294 1621; x_wconf 87' lang='lat' dir='ltr'>etiam</span> <span class='ocrx_word' id='word_1_375' title='bbox 1318 1597 1378 1631; x_wconf 87' lang='lat' dir='ltr'>per</span> <span class='ocrx_word' id='word_1_376' title='bbox 1393 1586 1525 1619; x_wconf 87' lang='lat' dir='ltr'>modum</span> <span class='ocrx_word' id='word_1_377' title='bbox 1550 1585 1658 1619; x_wconf 89' lang='lat' dir='ltr'>statuti</span> <span class='ocrx_word' id='word_1_378' title='bbox 1677 1591 1707 1619; x_wconf 87' lang='lat' dir='ltr'>et</span> <span class='ocrx_word' id='word_1_379' title='bbox 1733 1587 1937 1620; x_wconf 87' lang='lat' dir='ltr'>constitutio-</span> 
     </span>
     <span class='ocr_line' id='line_1_75' title="bbox 1199 1639 1935 1684; baseline 0 -11"><span class='ocrx_word' id='word_1_380' title='bbox 1199 1641 1246 1673; x_wconf 90' lang='lat' dir='ltr'>nis</span> <span class='ocrx_word' id='word_1_381' title='bbox 1272 1645 1528 1684; x_wconf 82' lang='lat' dir='ltr'>perpetuorum,</span> <span class='ocrx_word' id='word_1_382' title='bbox 1555 1650 1591 1672; x_wconf 86' lang='lat' dir='ltr'>ac</span> <span class='ocrx_word' id='word_1_383' title='bbox 1615 1645 1702 1672; x_wconf 90' lang='lat' dir='ltr'>motu</span> <span class='ocrx_word' id='word_1_384' title='bbox 1738 1645 1770 1672; x_wconf 88' lang='lat' dir='ltr'>et</span> <span class='ocrx_word' id='word_1_385' title='bbox 1801 1639 1935 1673; x_wconf 78' lang='lat' dir='ltr'>scientia</span> 
     </span>
     <span class='ocr_line' id='line_1_76' title="bbox 1199 1692 1935 1736; baseline -0.001 -9"><span class='ocrx_word' id='word_1_386' title='bbox 1199 1694 1377 1733; x_wconf 85' lang='lat' dir='ltr'>similibus,</span> <span class='ocrx_word' id='word_1_387' title='bbox 1405 1693 1509 1736; x_wconf 83' lang='lat' dir='ltr'>deque</span> <span class='ocrx_word' id='word_1_388' title='bbox 1541 1692 1738 1735; x_wconf 87' lang='lat' dir='ltr'>apostolicae</span> <span class='ocrx_word' id='word_1_389' title='bbox 1763 1693 1935 1736; x_wconf 86' lang='lat' dir='ltr'>potestatis</span> 
     </span>
     <span class='ocr_line' id='line_1_77' title="bbox 1200 1745 1933 1791; baseline -0.001 -11"><span class='ocrx_word' id='word_1_390' title='bbox 1200 1746 1411 1791; x_wconf 82' lang='lat' dir='ltr'>plenitudine,</span> <span class='ocrx_word' id='word_1_391' title='bbox 1429 1747 1479 1779; x_wconf 92' lang='lat' dir='ltr'>vcl</span> <span class='ocrx_word' id='word_1_392' title='bbox 1505 1745 1542 1778; x_wconf 88' lang='lat' dir='ltr'>ad</span> <span class='ocrx_word' id='word_1_393' title='bbox 1569 1745 1786 1788; x_wconf 83' lang='lat' dir='ltr'>imperatoris,</span> <span class='ocrx_word' id='word_1_394' title='bbox 1805 1756 1933 1788; x_wconf 80' lang='lat' dir='ltr'>regum,</span> 
     </span>
     <span class='ocr_line' id='line_1_78' title="bbox 1200 1799 1936 1843; baseline -0.003 -9"><span class='ocrx_word' id='word_1_395' title='bbox 1200 1801 1397 1843; x_wconf 83' lang='lat' dir='ltr'>reginarum,</span> <span class='ocrx_word' id='word_1_396' title='bbox 1420 1800 1544 1838; x_wconf 88' lang='lat' dir='ltr'>ducum,</span> <span class='ocrx_word' id='word_1_397' title='bbox 1563 1799 1787 1831; x_wconf 85' lang='lat' dir='ltr'>marchionum</span> <span class='ocrx_word' id='word_1_398' title='bbox 1806 1805 1838 1832; x_wconf 89' lang='lat' dir='ltr'>et</span> <span class='ocrx_word' id='word_1_399' title='bbox 1856 1800 1936 1833; x_wconf 85' lang='lat' dir='ltr'>alio-</span> 
     </span>
     <span class='ocr_line' id='line_1_79' title="bbox 1200 1851 1936 1897; baseline -0.001 -10"><span class='ocrx_word' id='word_1_400' title='bbox 1200 1866 1269 1887; x_wconf 89' lang='lat' dir='ltr'>rum</span> <span class='ocrx_word' id='word_1_401' title='bbox 1295 1854 1479 1897; x_wconf 75' lang='lat' dir='ltr'>principum</span> <span class='ocrx_word' id='word_1_402' title='bbox 1500 1851 1698 1892; x_wconf 88' lang='lat' dir='ltr'>instantiam,</span> <span class='ocrx_word' id='word_1_403' title='bbox 1725 1862 1781 1884; x_wconf 86' lang='lat' dir='ltr'>seu</span> <span class='ocrx_word' id='word_1_404' title='bbox 1806 1852 1936 1886; x_wconf 88' lang='lat' dir='ltr'>illorum</span> 
     </span>
     <span class='ocr_line' id='line_1_80' title="bbox 1201 1905 1934 1950; baseline -0.003 -10"><span class='ocrx_word' id='word_1_405' title='bbox 1201 1906 1490 1950; x_wconf 84' lang='lat' dir='ltr'>contemplatione,</span> <span class='ocrx_word' id='word_1_406' title='bbox 1509 1905 1541 1938; x_wconf 90' lang='lat' dir='ltr'>in</span> <span class='ocrx_word' id='word_1_407' title='bbox 1561 1915 1679 1947; x_wconf 80' lang='lat' dir='ltr'>genere</span> <span class='ocrx_word' id='word_1_408' title='bbox 1695 1905 1744 1938; x_wconf 90' lang='lat' dir='ltr'>vel</span> <span class='ocrx_word' id='word_1_409' title='bbox 1763 1905 1794 1937; x_wconf 92' lang='lat' dir='ltr'>in</span> <span class='ocrx_word' id='word_1_410' title='bbox 1813 1905 1934 1949; x_wconf 87' lang='lat' dir='ltr'>specie,</span> 
     </span>
     <span class='ocr_line' id='line_1_81' title="bbox 1201 1957 1937 2002; baseline -0.004 -9"><span class='ocrx_word' id='word_1_411' title='bbox 1201 1971 1237 1993; x_wconf 90' lang='lat' dir='ltr'>ae</span> <span class='ocrx_word' id='word_1_412' title='bbox 1257 1960 1335 1993; x_wconf 72' lang='lat' dir='ltr'>alias</span> <span class='ocrx_word' id='word_1_413' title='bbox 1360 1958 1605 2002; x_wconf 86' lang='lat' dir='ltr'>quomodolibet</span> <span class='ocrx_word' id='word_1_414' title='bbox 1629 1958 1725 1990; x_wconf 81' lang='lat' dir='ltr'>etiam</span> <span class='ocrx_word' id='word_1_415' title='bbox 1750 1957 1875 1991; x_wconf 87' lang='lat' dir='ltr'>iteratis</span> <span class='ocrx_word' id='word_1_416' title='bbox 1892 1959 1937 1991; x_wconf 93' lang='lat' dir='ltr'>vi-</span> 
     </span>
     <span class='ocr_line' id='line_1_82' title="bbox 1201 2011 1937 2052; baseline -0.003 -6"><span class='ocrx_word' id='word_1_417' title='bbox 1201 2015 1292 2046; x_wconf 89' lang='lat' dir='ltr'>cibus</span> <span class='ocrx_word' id='word_1_418' title='bbox 1317 2013 1500 2052; x_wconf 83' lang='lat' dir='ltr'>concessis,</span> <span class='ocrx_word' id='word_1_419' title='bbox 1523 2011 1647 2044; x_wconf 87' lang='lat' dir='ltr'>etiamsi</span> <span class='ocrx_word' id='word_1_420' title='bbox 1674 2011 1705 2043; x_wconf 91' lang='lat' dir='ltr'>in</span> <span class='ocrx_word' id='word_1_421' title='bbox 1731 2011 1777 2044; x_wconf 89' lang='lat' dir='ltr'>eis</span> <span class='ocrx_word' id='word_1_422' title='bbox 1809 2022 1845 2044; x_wconf 86' lang='lat' dir='ltr'>ac</span> <span class='ocrx_word' id='word_1_423' title='bbox 1875 2017 1937 2045; x_wconf 83' lang='lat' dir='ltr'>sta-</span> 
     </span>
     <span class='ocr_line' id='line_1_83' title="bbox 1202 2064 1937 2107; baseline -0.001 -8"><span class='ocrx_word' id='word_1_424' title='bbox 1202 2067 1276 2100; x_wconf 83' lang='lat' dir='ltr'>tutis</span> <span class='ocrx_word' id='word_1_425' title='bbox 1308 2072 1338 2099; x_wconf 89' lang='lat' dir='ltr'>et</span> <span class='ocrx_word' id='word_1_426' title='bbox 1363 2064 1588 2098; x_wconf 88' lang='lat' dir='ltr'>stabilimentis</span> <span class='ocrx_word' id='word_1_427' title='bbox 1619 2064 1795 2107; x_wconf 83' lang='lat' dir='ltr'>praedictis</span> <span class='ocrx_word' id='word_1_428' title='bbox 1827 2075 1937 2098; x_wconf 84' lang='lat' dir='ltr'>cavea-</span> 
     </span>
     <span class='ocr_line' id='line_1_84' title="bbox 1203 2116 1936 2162; baseline -0.003 -9"><span class='ocrx_word' id='word_1_429' title='bbox 1203 2127 1251 2153; x_wconf 89' lang='lat' dir='ltr'>tur</span> <span class='ocrx_word' id='word_1_430' title='bbox 1272 2129 1421 2162; x_wconf 71' lang='lat' dir='ltr'>evpresse</span> <span class='ocrx_word' id='word_1_431' title='bbox 1447 2119 1496 2151; x_wconf 90' lang='lat' dir='ltr'>vel</span> <span class='ocrx_word' id='word_1_432' title='bbox 1523 2117 1626 2156; x_wconf 87' lang='lat' dir='ltr'>tacite,</span> <span class='ocrx_word' id='word_1_433' title='bbox 1648 2117 1731 2160; x_wconf 92' lang='lat' dir='ltr'>quod</span> <span class='ocrx_word' id='word_1_434' title='bbox 1751 2116 1857 2157; x_wconf 87' lang='lat' dir='ltr'>Urbis,</span> <span class='ocrx_word' id='word_1_435' title='bbox 1874 2118 1936 2151; x_wconf 87' lang='lat' dir='ltr'>nisi</span> 
     </span>
     <span class='ocr_line' id='line_1_85' title="bbox 1202 2169 1936 2215; baseline -0.003 -10"><span class='ocrx_word' id='word_1_436' title='bbox 1202 2171 1387 2215; x_wconf 78' lang='lat' dir='ltr'>originariis</span> <span class='ocrx_word' id='word_1_437' title='bbox 1413 2170 1535 2202; x_wconf 78' lang='lat' dir='ltr'>civibus</span> <span class='ocrx_word' id='word_1_438' title='bbox 1564 2169 1718 2202; x_wconf 87' lang='lat' dir='ltr'>Romanis</span> <span class='ocrx_word' id='word_1_439' title='bbox 1753 2181 1790 2203; x_wconf 91' lang='lat' dir='ltr'>ac</span> <span class='ocrx_word' id='word_1_440' title='bbox 1820 2170 1936 2203; x_wconf 85' lang='lat' dir='ltr'>civium</span> 
     </span>
     <span class='ocr_line' id='line_1_86' title="bbox 1202 2223 1936 2268; baseline -0.001 -11"><span class='ocrx_word' id='word_1_441' title='bbox 1202 2224 1391 2258; x_wconf 87' lang='lat' dir='ltr'>eorumdem</span> <span class='ocrx_word' id='word_1_442' title='bbox 1425 2223 1499 2256; x_wconf 73' lang='lat' dir='ltr'>filiis</span> <span class='ocrx_word' id='word_1_443' title='bbox 1531 2223 1756 2262; x_wconf 85' lang='lat' dir='ltr'>conserantur,</span> <span class='ocrx_word' id='word_1_444' title='bbox 1783 2223 1936 2268; x_wconf 89' lang='lat' dir='ltr'>quodque</span> 
     </span>
     <span class='ocr_line' id='line_1_87' title="bbox 1202 2275 1935 2317; baseline -0.003 -6"><span class='ocrx_word' id='word_1_445' title='bbox 1202 2278 1432 2311; x_wconf 87' lang='lat' dir='ltr'>nonnullarum</span> <span class='ocrx_word' id='word_1_446' title='bbox 1459 2276 1668 2309; x_wconf 81' lang='lat' dir='ltr'>ecclesiarum</span> <span class='ocrx_word' id='word_1_447' title='bbox 1685 2275 1852 2317; x_wconf 77' lang='lat' dir='ltr'>beneficia,</span> <span class='ocrx_word' id='word_1_448' title='bbox 1874 2277 1935 2310; x_wconf 87' lang='lat' dir='ltr'>nisi</span> 
     </span>
     <span class='ocr_line' id='line_1_88' title="bbox 1202 2329 1937 2375; baseline -0.003 -11"><span class='ocrx_word' id='word_1_449' title='bbox 1202 2342 1260 2375; x_wconf 90' lang='lat' dir='ltr'>per</span> <span class='ocrx_word' id='word_1_450' title='bbox 1285 2340 1441 2374; x_wconf 81' lang='lat' dir='ltr'>personas</span> <span class='ocrx_word' id='word_1_451' title='bbox 1466 2329 1632 2369; x_wconf 85' lang='lat' dir='ltr'>illustres,</span> <span class='ocrx_word' id='word_1_452' title='bbox 1657 2330 1706 2363; x_wconf 86' lang='lat' dir='ltr'>vel</span> <span class='ocrx_word' id='word_1_453' title='bbox 1733 2329 1875 2370; x_wconf 88' lang='lat' dir='ltr'>nobiles,</span> <span class='ocrx_word' id='word_1_454' title='bbox 1900 2340 1937 2362; x_wconf 88' lang='lat' dir='ltr'>ac</span> 
     </span>
     <span class='ocr_line' id='line_1_89' title="bbox 1203 2382 1936 2426; baseline -0.001 -9"><span class='ocrx_word' id='word_1_455' title='bbox 1203 2385 1297 2417; x_wconf 89' lang='lat' dir='ltr'>etiam</span> <span class='ocrx_word' id='word_1_456' title='bbox 1323 2383 1517 2426; x_wconf 82' lang='lat' dir='ltr'>originarios</span> <span class='ocrx_word' id='word_1_457' title='bbox 1542 2382 1643 2421; x_wconf 81' lang='lat' dir='ltr'>cives,</span> <span class='ocrx_word' id='word_1_458' title='bbox 1668 2386 1721 2413; x_wconf 89' lang='lat' dir='ltr'>aut</span> <span class='ocrx_word' id='word_1_459' title='bbox 1746 2382 1824 2414; x_wconf 75' lang='lat' dir='ltr'>alias</span> <span class='ocrx_word' id='word_1_460' title='bbox 1849 2387 1936 2416; x_wconf 88' lang='lat' dir='ltr'>certo</span> 
     </span>
     <span class='ocr_line' id='line_1_90' title="bbox 1203 2434 1939 2478; baseline -0.003 -8"><span class='ocrx_word' id='word_1_461' title='bbox 1203 2437 1297 2470; x_wconf 89' lang='lat' dir='ltr'>modo</span> <span class='ocrx_word' id='word_1_462' title='bbox 1319 2437 1350 2469; x_wconf 91' lang='lat' dir='ltr'>in</span> <span class='ocrx_word' id='word_1_463' title='bbox 1369 2436 1431 2469; x_wconf 86' lang='lat' dir='ltr'>illis</span> <span class='ocrx_word' id='word_1_464' title='bbox 1450 2445 1603 2478; x_wconf 79' lang='lat' dir='ltr'>expresso</span> <span class='ocrx_word' id='word_1_465' title='bbox 1621 2434 1831 2477; x_wconf 64' lang='lat' dir='ltr'>(medificatos,</span> <span class='ocrx_word' id='word_1_466' title='bbox 1859 2435 1939 2468; x_wconf 89' lang='lat' dir='ltr'>obti-</span> 
     </span>
     <span class='ocr_line' id='line_1_91' title="bbox 1203 2487 1938 2531; baseline 0 -10"><span class='ocrx_word' id='word_1_467' title='bbox 1203 2489 1270 2522; x_wconf 83' lang='lat' dir='ltr'>neri</span> <span class='ocrx_word' id='word_1_468' title='bbox 1291 2499 1355 2521; x_wconf 89' lang='lat' dir='ltr'>non</span> <span class='ocrx_word' id='word_1_469' title='bbox 1380 2487 1506 2531; x_wconf 86' lang='lat' dir='ltr'>possint</span> <span class='ocrx_word' id='word_1_470' title='bbox 1533 2492 1565 2520; x_wconf 90' lang='lat' dir='ltr'>et</span> <span class='ocrx_word' id='word_1_471' title='bbox 1580 2487 1661 2520; x_wconf 87' lang='lat' dir='ltr'>nulli</span> <span class='ocrx_word' id='word_1_472' title='bbox 1679 2487 1710 2519; x_wconf 91' lang='lat' dir='ltr'>in</span> <span class='ocrx_word' id='word_1_473' title='bbox 1729 2487 1813 2520; x_wconf 85' lang='lat' dir='ltr'>cives</span> <span class='ocrx_word' id='word_1_474' title='bbox 1833 2487 1938 2528; x_wconf 85' lang='lat' dir='ltr'>Urbis,</span> 
     </span>
     <span class='ocr_line' id='line_1_92' title="bbox 1203 2540 1940 2583; baseline -0.001 -8"><span class='ocrx_word' id='word_1_475' title='bbox 1203 2553 1238 2575; x_wconf 87' lang='lat' dir='ltr'>ac</span> <span class='ocrx_word' id='word_1_476' title='bbox 1262 2542 1444 2580; x_wconf 75' lang='lat' dir='ltr'>civitatum,</span> <span class='ocrx_word' id='word_1_477' title='bbox 1471 2540 1666 2583; x_wconf 89' lang='lat' dir='ltr'>oppidorum</span> <span class='ocrx_word' id='word_1_478' title='bbox 1683 2567 1690 2579; x_wconf 93' lang='lat'>,</span> <span class='ocrx_word' id='word_1_479' title='bbox 1722 2545 1882 2573; x_wconf 85' lang='lat' dir='ltr'>terrarum</span> <span class='ocrx_word' id='word_1_480' title='bbox 1907 2547 1940 2574; x_wconf 88' lang='lat' dir='ltr'>et</span> 
     </span>
     <span class='ocr_line' id='line_1_93' title="bbox 1240 2602 1721 2638; baseline -0.002 -9"><span class='ocrx_word' id='word_1_481' title='bbox 1240 2605 1248 2629; x_wconf 88' lang='lat' dir='ltr'>I</span> <span class='ocrx_word' id='word_1_482' title='bbox 1273 2602 1363 2630; x_wconf 85' lang='lat' dir='ltr'>Potius</span> <span class='ocrx_word' id='word_1_483' title='bbox 1382 2603 1441 2637; x_wconf 82' lang='lat' dir='ltr'>Iege</span> <span class='ocrx_word' id='word_1_484' title='bbox 1461 2602 1597 2636; x_wconf 73' lang='lat' dir='ltr'>hospitali</span> <span class='ocrx_word' id='word_1_485' title='bbox 1616 2602 1652 2638; x_wconf 76' lang='lat' dir='ltr'>(n.</span> <span class='ocrx_word' id='word_1_486' title='bbox 1673 2603 1721 2636; x_wconf 73' lang='lat' dir='ltr'>T.)-</span> 
     </span>
    </p>
   </div>
   <div class='ocr_carea' id='block_1_6' title="bbox 1939 208 2127 239">
    <p class='ocr_par' dir='ltr' id='par_1_6' title="bbox 1939 208 2127 239">
     <span class='ocr_line' id='line_1_94' title="bbox 1939 208 2127 239; baseline 0.016 -5"><span class='ocrx_word' id='word_1_487' title='bbox 1939 208 1991 235; x_wconf 75' lang='lat' dir='ltr'>An.</span> <span class='ocrx_word' id='word_1_488' title='bbox 2007 209 2036 236; x_wconf 86' lang='lat' dir='ltr'>C.</span> <span class='ocrx_word' id='word_1_489' title='bbox 2061 211 2127 239; x_wconf 68' lang='lat'>1090</span> 
     </span>
    </p>
   </div>
  </div>
 </body>
</html>
