2254 3225
203 230 240 256 An
268 229 295 256 c.
321 228 387 256 ¹000
432 218 473 252 53

228 1605 243 1626 D
253 1605 386 1626 ›membratio

396 277 499 309 ssuunt
522 280 553 309 et
576 284 700 308 merces
724 274 940 316 undequaque
965 271 1130 304 advebun-

397 336 457 369 tur,
475 334 506 362 et
522 329 554 361 in
573 328 658 361 dicto
676 327 798 370 oppido
816 337 879 358 una
893 324 1039 363 ccclesia,
1058 324 1131 355 Eca-

398 389 448 415 tae
473 381 593 424 Virgini
622 381 738 420 dicata,
767 379 838 412 aliis
863 378 941 411 inibi
968 375 1131 409 existenti-

395 435 465 472 bus,
491 434 595 467 maior
621 439 652 466 et
672 432 875 475 principalis,
893 430 943 463 cui
965 428 1131 462 missiona-

396 487 434 520 rii
461 487 605 520 eiusdem
626 485 769 519 Lusitani
791 484 876 526 regis
892 482 1082 518 inserviunt,
1100 485 1131 511 et

398 541 427 573 in
455 552 517 584 qua
543 541 659 572 missae
685 544 715 572 et
736 538 796 571 alia
822 537 930 570 divina
954 534 1057 568 officia
1081 543 1131 565 ce-

397 595 566 628 lebrantur
602 598 635 626 et
674 591 895 625 ecelesiastica
930 592 1131 620 sacramenta

396 644 760 685 satutinist1·ant111·,iam
797 643 922 686 pridem
959 644 1067 672 crecta
1100 643 1131 670 et

398 699 526 731 fundata
552 699 712 735 existeret,
733 707 802 728 cum
822 694 963 727 sacrario
988 692 1027 724 ad
1053 690 1132 724 divi-

397 763 472 785 num
498 753 616 784 cultum
642 749 839 782 sufficienter
856 746 1028 783 instructo,
1057 754 1132 786 pro-

397 812 574 849 ptereaque
600 804 721 836 dictum
747 800 901 843 oppidum
927 799 966 831 de
983 797 1092 829 Pelzim
1115 807 1131 828 a

398 858 538 892 dioecesi
575 854 802 889 Maeliaonensi
839 849 1072 888 dismembrati,
1101 854 1132 882 et

400 911 428 943 iu
456 910 629 948 civitatem,
651 907 834 948 dictamque
860 903 1030 937 ecclesiam
1056 903 1132 935 Bea-

397 969 448 996 1:10
473 962 612 1005 Virginis
638 961 670 993 in
695 959 917 992 cathedralem
938 955 1033 998 erigi,
1050 960 1082 988 et
1099 955 1131 987 in

399 1018 435 1047 ea
466 1014 664 1047 catholicum
690 1010 867 1044 antistitem
905 1014 934 1041 et
971 1013 1131 1050 pastorem

397 1067 566 1110 proprium
589 1065 720 1103 institui,
748 1063 800 1105 qui
827 1062 899 1095 illos
924 1061 1029 1093 adhuc
1046 1059 1134 1092 debi-

398 1122 445 1154 les
474 1120 505 1152 in
531 1119 599 1161 ipsa
625 1117 686 1149 side
713 1115 922 1153 confirmare,
950 1118 982 1146 ct
1012 1113 1134 1145 maiora

397 1171 568 1204 seminaria
598 1171 757 1212 plantare,
790 1166 1010 1208 dominicique
1042 1164 1134 1197 ovilis

397 1229 488 1267 septa
512 1222 699 1261 aedificare,
733 1226 907 1262 ceteraque
937 1217 1136 1261 pontificalia

396 1275 505 1310 omnia
530 1276 562 1308 in
588 1274 651 1308 illis
678 1273 824 1316 partibus
855 1281 1009 1304 exercere
1035 1270 1136 1313 possit

398 1335 428 1362 ct
446 1330 570 1367 debeat,
591 1326 722 1360 omnino
741 1325 931 1368 expediret),
953 1324 1134 1357 devotionis

397 1392 474 1414 suae
500 1382 570 1414 zelo
592 1381 712 1418 ductus,
740 1377 870 1421 populis
895 1377 926 1409 in
953 1377 1017 1410 illis
1042 1376 1135 1419 parti·

395 1436 456 1468 bus
481 1434 674 1477 degentibus
700 1433 874 1465 consulere
892 1431 1066 1474 plurimum
1089 1441 1136 1463 ex-

396 1494 552 1532 optasset,
580 1499 616 1520 ac
642 1486 736 1519 nobis
762 1495 859 1528 super
883 1485 945 1517 hoc
976 1494 1034 1527 per
1067 1484 1136 1516 eius

398 1543 520 1576 litteras
546 1540 715 1574 humiliter
740 1539 979 1582 supplicasset:

442 1596 456 1638 ξ
481 1595 511 1627 ⁹2.
540 1594 662 1627 Idcirco
688 1603 763 1631 nos,
795 1593 921 1623 matura
955 1600 1055 1633 super
1085 1589 1135 1622 his

972 221 1149 245 nrrmnuuu
1176 220 1327 242 {toulth‘M

1172 268 1240 301 eius
1264 268 1385 300 clerum
1411 270 1443 298 et
1466 265 1621 308 populum
1637 291 1644 305 ,
1671 263 1777 306 quoad
1803 263 1907 304 legem

1173 320 1407 358 dioecesanam,
1423 319 1461 350 ab
1487 317 1633 361 episcopi
1659 316 1907 349 Maeliaonensis

1172 372 1419 414 superioritate,
1454 370 1698 409 iurisdictione,
1734 374 1906 412 potestate,

1172 424 1386 464 subiectione,
1418 424 1600 456 visitatione
1638 428 1669 455 et
1704 422 1908 455 correctione

1172 488 1306 520 prorsus
1339 477 1508 509 eximimus
1533 482 1564 508 ct
1588 476 1775 515 liberamus,
1798 486 1834 507 ac
1857 486 1909 518 op-

1172 531 1285 574 pidum
1322 531 1361 563 de
1386 530 1496 562 Pet-im
1531 529 1731 572 praedictum
1760 528 1907 567 civitatis,

1172 583 1325 626 illiusque
1346 582 1468 615 incolas
1494 581 1608 613 civium
1633 581 1764 613 nomine
1787 585 1819 612 et
1836 581 1909 612 titu-

1174 638 1203 669 lo
1228 648 1264 669 ac
1290 637 1416 669 bonore
1452 636 1663 675 decoramus,
1695 634 1840 677 illudque
1876 634 1909 666 in

1173 689 1344 727 civitatem,
1369 698 1450 730 quae
1476 688 1514 720 de
1533 687 1642 720 Petam
1669 687 1910 726 denominetur,

1174 747 1206 774 et
1236 742 1268 774 in
1301 752 1339 774 eo
1365 741 1482 774 dictam
1515 740 1699 779 ecclesiam,
1727 740 1761 773 B.
1787 740 1909 782 Virgini

1174 795 1323 834 dicatam,
1344 794 1375 826 in
1401 793 1618 826 cathedralem
1650 793 1821 826 ecclesiam
1851 793 1910 825 suh

1173 847 1376 880 invocatione
1393 846 1538 879 eiusdem
1561 846 1593 878 Β.
1613 845 1752 888 Virginis
1769 855 1829 888 pro
1845 855 1910 878 uno

1175 900 1330 943 episcopo
1349 900 1387 932 de
1408 899 1515 932 Pekim
1536 898 1766 941 nuncupando,
1784 897 1838 940 qui
1863 897 1911 931 illi

1174 953 1304 996 praesit,
1329 963 1365 985 ac
1390 952 1558 985 ecclesiam
1584 951 1688 994 ipsam
1712 951 1750 983 ad
1777 951 1911 984 sormam

1175 1005 1372 1038 cathedralis
1398 1004 1554 1038 ecclesiae
1575 1004 1679 1047 redigi
1704 1004 1812 1044 saciat,
1837 1014 1913 1037 nec-

1175 1068 1240 1091 non
1257 1058 1289 1089 in
1312 1058 1350 1090 ea
1375 1062 1407 1089 et
1423 1057 1527 1089 dictae
1545 1056 1683 1089 civitatis
1707 1066 1742 1088 ac
1767 1056 1913 1089 eiusdem

1177 1110 1334 1143 ecclesiae
1360 1109 1504 1142 dioecesi
1544 1114 1592 1141 tot
1616 1108 1790 1150 dignitates
1819 1119 1914 1142 cano-

1176 1163 1301 1195 nicatus
1327 1167 1358 1195 et.
1375 1161 1589 1205 praebendas,
1608 1161 1734 1203 aliaque
1752 1161 1915 1194 beneficia

1177 1215 1405 1255 ecclesiastica,
1417 1225 1489 1247 cum
1506 1216 1580 1246 cura
1594 1213 1707 1246 etsine
1722 1216 1807 1253 cura,
1820 1214 1913 1256 quot¹

1177 1269 1257 1302 inibi
1291 1268 1398 1302 divino
1427 1267 1527 1300 cultui
1559 1272 1591 1300 et
1622 1267 1725 1300 dictae
1758 1267 1914 1300 ecclesiae

1177 1321 1308 1354 servitio
1337 1331 1373 1353 ac
1399 1319 1607 1353 ecclesiastici
1628 1321 1705 1352 cleri
1725 1320 1835 1352 decori
1853 1319 1915 1352 sibi

1178 1374 1339 1407 videbitur
1364 1372 1552 1413 convenire,
1580 1373 1619 1405 de
1645 1371 1801 1415 praedicti
1827 1371 1915 1405 Petri

1178 1433 1210 1459 et
1226 1437 1284 1470 pro
1303 1432 1449 1468 tempore
1466 1425 1634 1458 existentis
1649 1425 1867 1466 Pol-tugalliae
1885 1429 1917 1457 et.

1178 1479 1405 1523 Algarbiorum
1423 1478 1508 1520 regis
1526 1477 1661 1510 consilio
1676 1482 1708 1509 et
1721 1487 1867 1516 assensu,
1881 1487 1916 1509 ac

1177 1533 1309 1577 praevia
1324 1542 1436 1565 eorum
1454 1533 1599 1573 congrua
1612 1530 1789 1569 dotatione,
1807 1541 1916 1573 quam-

1178 1587 1317 1630 primum
1336 1585 1404 1618 lieri
1423 1585 1558 1628 poterit,
1574 1584 1679 1626 erigat
1696 1589 1728 1616 et
1745 1583 1912 1622 instituat·,

1911 212 1960 238 An.
1977 211 2007 238 C.
2030 211 2097 238 1690

205 1632 254 1651 (ἰιιἸι
281 1632 351 1657 oppidi
376 1638 386 1651 a

206 1659 317 1686 dioecesu-
344 1657 386 1678 Ma-

205 1686 327 1705 channe-usu.

1221 1640 1235 1683 ξ
1259 1639 1290 1673 3.
1318 1638 1449 1671 Necnon
1475 1637 1695 1680 episcopalem
1720 1636 2110 1697 iuriSdifflO'÷0¹?{'³1‚”'32⁰d‘¹'¹’

1925 1687 1930 1691 ι
1948 1680 1974 1691 (l)
1993 1677 1996 1690 l
2016 1680 2023 1691 s
2079 1680 2107 1693 Ιη-

1178 1703 1262 1731 nem,
1287 1691 1512 1724 auctoritatem
1538 1694 1570 1722 et
1600 1694 1796 1732 potestatem
1825 1699 1968 1721 exer-star
2017 1699 2037 1719 ει
2042 1706 2092 1719 ‚‚‚‚‚‚
2094 1706 2106 1720 n

1925 1725 2042 1745 cumsubiea
2051 1726 2107 1747 tione

1178 1757 1260 1785 cere,
1280 1745 1455 1787 omniaque
1474 1748 1505 1776 et
1522 1743 1659 1786 singula,
1675 1753 1758 1785 quae
1777 1742 1912 1780 ordinis,
1933 1752 2093 1779 archiepiscopo

399 1659 469 1680 cum
506 1646 670 1680 nonnullis
702 1644 944 1678 venerabilibus
980 1643 1134 1676 fratribus

399 1700 517 1733 nostris
544 1700 573 1732 S.
591 1700 628 1731 P..
655 1699 689 1731 E.
718 1697 937 1730 cardinalibus
955 1696 1135 1738 Congrege-

398 1754 496 1787 tionis
521 1752 724 1797 particularis
757 1751 795 1784 de
821 1750 1034 1794 Propaganda
1058 1750 1134 1782 Fide

398 1818 497 1850 super
522 1806 618 1838 rebus
644 1805 807 1838 Indiarum
827 1802 1038 1836 Orientalium
1063 1813 1135 1845 spc-

399 1859 525 1892 cialiter
539 1859 723 1901 deputatae,
738 1857 789 1889 cui
805 1856 973 1898 negotium
988 1855 1136 1887 dismem-

399 1912 555 1945 brationis
581 1917 612 1944 et
636 1908 810 1943 erectionis
828 1908 1016 1941 huiusmodi
1036 1908 1136 1940 discu-

400 1965 542 1998 tiendum
569 1975 585 1997 a
610 1963 704 1996 nobis
737 1962 908 1995 remissum
940 1961 1054 2000 suerat,
1079 1962 1136 1993 lia-

398 2018 466 2051 bita
491 2016 734 2054 deliberatione,
752 2015 908 2058 oppidum
934 2014 1134 2057 praedictum

402 2071 439 2103 de
462 2070 570 2102 Pekim
596 2068 774 2112 episcopali
800 2072 832 2100 et
855 2067 940 2100 cirili
972 2067 1064 2099 titulo
1090 2067 1136 2099 di-

402 2134 499 2165 gnum
522 2121 722 2160 iudicantes,
750 2120 812 2163 piis
840 2119 916 2152 dicti
944 2119 1024 2152 Petri
1051 2120 1136 2162 regis

402 2176 484 2208 votis
499 2174 637 2208 libenter
651 2173 888 2213 annuentes,de
902 2172 1136 2205 venerabilium

403 2230 535 2261 fratrum
556 2232 740 2260 nostrorum
758 2226 900 2259 eiusdem
918 2225 948 2258 S.
965 2225 1001 2257 R.
1014 2225 1047 2257 E.
1068 2235 1136 2257 car-

402 2281 556 2313 dinalium
574 2279 710 2313 consilio
727 2284 758 2312 et
775 2289 920 2318 assensu,
939 2278 1043 2321 deque
1061 2289 1136 2321 apo-

402 2333 534 2366 stolicae
560 2333 725 2376 potcstatis
750 2331 961 2372 plenitudiue,
980 2331 1136 2373 oppidum

403 2387 442 2419 de
467 2385 576 2418 Pekim
605 2384 804 2428 praedictum
831 2384 869 2416 ab
898 2382 1061 2416 ordinaria
1092 2383 1137 2415 iu-

402 2438 590 2472 risdictione
616 2437 763 2481 episcopi
789 2436 1040 2475 Maehaonensis,
1060 2446 1137 2478 apo-

405 2491 517 2524 stolica
542 2490 742 2528 auctoritate,
769 2496 879 2523 tenore
906 2488 1134 2532 praesentium,

403 2550 561 2588 perpetuo
586 2553 802 2585 segregamus,
836 2541 1020 2580 dividimus,
1045 2551 1138 2583 sepa-

404 2606 510 2628 ramus
547 2600 578 2628 ct
615 2595 892 2634 dismcmbramus,
919 2593 1076 2636 illudque,
1104 2603 1138 2624 ac.

1178 1809 1328 1842 quaeque
1352 1796 1584 1830 iurisdictionis
1616 1801 1647 1828 et
1672 1795 1844 1828 cuiuslibet
1871 1797 1915 1828 al-

1178 1852 1276 1885 terius
1294 1850 1436 1883 muneris
1461 1848 1656 1892 episcopalis
1680 1854 1763 1889 sunt,
1782 1853 1814 1881 et
1832 1859 1914 1891 quae

1178 1905 1258 1944 aniz
1278 1911 1340 1937 tam
1358 1904 1390 1936 in
1410 1902 1624 1944 Portugalliae
1639 1908 1670 1935 et
1690 1902 1915 1944 Algarbiorum

1179 1959 1287 2001 regnis
1312 1962 1343 1990 et
1368 1955 1531 1995 dominiis,
1564 1965 1658 1998 quam
1695 1954 1914 1997 alihicumque

1178 2011 1354 2050 constituti,
1374 2008 1521 2052 episcopi
1546 2008 1578 2039 in
1603 2007 1669 2040 suis
1694 2007 1850 2047 ecclesiis,
1871 2007 1917 2039 ci-

1178 2064 1327 2097 vitatibus
1345 2068 1376 2095 et
1395 2060 1609 2099 dioecesibus,
1632 2059 1671 2092 de
1689 2059 1758 2092 iure
1774 2061 1822 2093 vel
1840 2070 1917 2092 con-

1179 2116 1373 2154 suetudine,
1400 2115 1447 2146 rel
1484 2112 1562 2146 alias
1594 2112 1843 2155 quomodolibet
1878 2122 1915 2144 ex

1179 2169 1370 2214 privilegiis,
1396 2166 1506 2209 gratiis
1528 2171 1558 2198 et
1579 2164 1721 2203 indultis,
1741 2170 1773 2196 et
1790 2164 1916 2207 dispen-

1178 2221 1358 2255 sationibus
1379 2217 1572 2262 apostolicis‚
1596 2227 1820 2260 quaecumque
1848 2217 1916 2250 sue-

1179 2276 1243 2308 rint
1268 2274 1363 2307 etiam
1389 2282 1448 2314 per
1484 2271 1608 2303 litteras
1640 2269 1836 2312 apostolicas
1868 2269 1914 2302 eis

1179 2328 1318 2370 desuper
1338 2323 1524 2358 nominatim
1550 2327 1583 2355 et
1599 2322 1631 2354 in
1649 2322 1759 2364 specie
1783 2331 1915 2354 conces-

1178 2379 1240 2419 sa³,
1265 2376 1456 2411 auctoritate
1488 2379 1519 2407 et
1548 2374 1698 2407 facultate
1723 2373 1843 2406 sutl'ulti
1868 2374 1914 2407 sa-

1179 2443 1264 2472 cere,
1289 2435 1320 2464 et
1351 2428 1467 2473 quibus
1492 2427 1539 2459 uti
1565 2428 1671 2460 solent
1695 2431 1726 2459 et
1752 2432 1911 2470 possunt,

1216 2512 1226 2538 1
1246 2510 1311 2537 Mate
1327 2509 1370 2536 ed.
1388 2508 1465 2534 Main.
1483 2505 1547 2539 legit
1563 2506 1638 2540 quod
1657 2513 1706 2540 pro
1722 2508 1789 2540 quot
1810 2506 1846 2539 (a.
1864 2506 1913 2538 τ.).

1214 2555 1230 2581 ⁹2
1250 2554 1315 2580 Male
1335 2552 1378 2579 ed.
1396 2551 1474 2578 Μαίη.
1492 2550 1555 2585 legit
1570 2550 1637 2576 aliis
1653 2558 1700 2584 pro
1716 2550 1769 2576 alii
1785 2550 1821 2583 (a.
1838 2549 1887 2584 τ.).

1216 2599 1231 2625 3
1251 2598 1320 2625 Edit.
1342 2596 1419 2622 Main.
1442 2595 1507 2629 legit
1525 2601 1668 2620 concessas
1689 2594 1728 2628 (n.
1749 2594 1797 2624 Τ.).

1925 1777 2038 1800 Cannensi.
