2227 3225
138 236 186 261 An.
205 233 233 261 C.
258 235 325 262 1690

173 454 201 473 0⁰
217 454 319 474 »tentione

137 481 178 500 ossi·
188 481 267 500 ulium.

173 1775 202 1797 De
215 1775 330 1796 vocalibus.

915 232 1098 255 ALEXANDEP.

331 289 406 316 sunt
422 282 591 316 commode
610 282 770 314 interesse
782 279 997 313 celebrationi
1013 280 1067 311 liu-
1086 289 1088 304 ÷

332 336 382 369 ius
407 335 549 379 capituli,
577 340 747 375 convocet,
777 340 937 367 utomnes
955 332 1066 366 debito

332 395 479 432 tempore
505 389 629 421 valeant
647 388 679 420 iu
697 397 797 420 unum
815 385 1010 419 convenire:

377 452 420 476 ιιι.
450 455 462 473 i>
484 441 571 475 Sicut
595 445 700 475 autem
718 440 751 473 in
769 440 884 473 iisdem
909 439 1068 472 constitu-

331 496 476 529 tionibus
491 495 619 529 Ordinis
637 503 816 538 cap.·xxxix
834 492 992 533 statuitur,
1008 493 1068 525 ele-

329 550 453 582 ctiones
469 548 731 592 provincialium,
744 546 900 590 priorum,
916 545 1067 579 aliorum-

329 612 391 645 que
417 601 605 634 officialium
631 599 795 633 faciendas
817 609 886 633 esse
916 599 948 631 in
981 598 1068 641 capi-

330 657 396 689 tulo
434 655 639 694 intermedio,
666 659 698 687 et
731 653 800 686 eius
835 653 973 686 officium
1009 662 1068 695 per

331 708 508 741 triennium
541 708 659 740 durare
692 716 728 739 ac
752 705 931 749 respective
963 704 1070 738 absol-

329 772 405 794 vere
431 767 579 805 tempore
598 760 732 803 capituli
757 758 936 802 generalis;
959 758 1003 791 ita
1024 763 1069 790 ta-

331 826 405 848 men
431 814 662 848 committimus
680 820 712 846 et
731 813 922 845 mandamus
942 822 1070 845 servan-

331 868 404 900 dam
430 878 499 901 esse
525 867 648 911 pariter
678 865 926 910 dispositionem
952 865 1070 898 consti-

334 920 511 959 tutionum,
544 925 576 952 et
611 919 650 952 ad
687 929 798 952 earum
832 918 1070 961 praescriptum

333 974 408 1016 eligi
435 983 535 1006 novos
560 972 788 1016 provinciales,
807 972 936 1016 priores
955 977 985 1005 et
1003 971 1071 1005 offi-

332 1026 430 1061 ciales
455 1027 486 1059 in
513 1026 575 1059 hoc
600 1025 742 1069 capitulo
769 1025 963 1059 intermedio
984 1026 1070 1058 cele-

333 1079 470 1119 brando,
486 1078 681 1122 illorumque
706 1078 968 1122 provincialatus,
986 1077 1072 1121 prio-

335 1138 421 1164 ratus
458 1137 490 1164 et
525 1131 633 1164 officia
670 1131 846 1164 terminare
884 1130 1003 1163 debere
1040 1130 1070 1162 in

335 1186 485 1229 proximo
511 1185 653 1228 capitulo
683 1185 848 1228 generali,
874 1184 1011 1227 perinde
1036 1194 1072 1216 ac

335 1239 360 1271 si
388 1239 523 1271 fuissent
553 1249 611 1271 suo
646 1244 792 1281 tempore
817 1237 933 1278 electi;
961 1237 1003 1270 ita
1029 1242 1073 1270 ta-

336 1302 409 1323 men
432 1296 467 1322 ut
490 1290 550 1333 ipsi
577 1290 805 1333 provinciales,
830 1290 958 1332 priores
984 1295 1015 1322 et
1031 1289 1073 1322 os-

336 1343 456 1376 [iciales
481 1343 621 1385 gaudere
641 1347 673 1375 et
689 1342 789 1385 potiri
808 1342 948 1375 debeant
971 1342 1074 1375 omui-

335 1397 394 1428 bus
427 1395 568 1436 iuribus,
594 1395 828 1439 praerogativis
864 1400 896 1427 et
920 1395 1075 1438 praeemi-

337 1449 473 1488 nentiis,
499 1459 534 1481 ac
561 1448 674 1481 baberi
704 1453 734 1480 et
761 1449 905 1491 reputari
938 1449 1072 1489 debere,

337 1513 372 1535 ac
397 1503 423 1535 si
447 1502 578 1544 integro
605 1501 746 1534 triennio
771 1502 1025 1544 provincialatus
1043 1508 1075 1534 et

338 1554 444 1588 officia
462 1554 695 1594 exercuissent,
710 1554 742 1586 in
760 1553 870 1597 eisque
885 1554 1074 1595 extitissent,

338 1608 435 1640 etiam
468 1613 615 1650 respectu
648 1606 863 1639 intermediae
890 1607 1073 1647 vacationis,

339 1661 378 1694 de
409 1671 471 1704 qua
502 1660 539 1692 lit
572 1659 692 1692 mentio
718 1659 749 1692 ιιι
776 1659 862 1693 dicto
887 1670 957 1704 cap.
985 1671 1075 1694 xxxix

338 1713 607 1747 constitutionum
632 1712 781 1746 Ordinis:

384 1777 427 1800 iv.
455 1779 467 1797 n
491 1767 676 1806 Praeterea,
703 1766 743 1798 ad
770 1767 929 1800 tollendas
962 1778 1075 1801 omnes

340 1820 513 1852 dubiorum
541 1829 653 1851 causas
678 1823 774 1861 atque
799 1819 995 1859 occasiones,
1023 1821 1077 1853 de-

340 1874 499 1906 claramus
531 1882 642 1905 omnes
675 1871 824 1915 priores,
849 1872 994 1916 aliosque
1021 1874 1077 1907 ha-

339 1927 454 1960 bentes
484 1936 592 1958 vocem
629 1925 662 1958 in
696 1925 842 1969 capitulo
878 1927 1076 1961 intermedio

340 1980 427 2012 iuxta
442 1983 588 2012 tenorem
604 1979 791 2011 earumdem
807 1980 1077 2014 constitutionum

339 2032 372 2064 in
398 2031 493 2065 dictis
524 2042 595 2075 cap.
631 2042 722 2065 xxxix
747 2037 778 2065 et
803 2042 873 2075 cap.
900 2043 969 2073 xxv,
996 2033 1077 2066 iute-

340 2095 427 2118 resse
461 2084 604 2124 debere,
631 2095 667 2117 ac
704 2095 814 2118 vocem
847 2085 879 2117 in
915 2087 1077 2120 antedicto

340 2138 486 2181 proximo
521 2138 717 2171 intermedio
754 2139 898 2182 capitulo
935 2140 1077 2180 habere,

340 2191 465 2223 etiamsi
501 2192 650 2234 elapsum
689 2191 730 2224 sit
763 2194 889 2234 tempus
915 2191 1077 2225 triennale

341 2254 452 2277 corum
477 2244 583 2284 officii,
602 2250 633 2277 et
650 2245 828 2288 capitulum
847 2245 1077 2278 intermedium

331 2294 486 2340 ‘tempore
504 2308 521 2330 a
535 2297 824 2330 constitutionibus
841 2297 970 2331 Ordinis
992 2309 1080 2342 prae-

175 2408 215 2429 ΑΜ
218 2409 250 2429 otu
255 2409 283 2428 tio
295 2414 331 2435 pa-

148 2436 186 2454 tris
201 2442 219 2460 g·
221 2442 253 2455 *en
257 2436 304 2455 rasti
320 2441 332 2455 a

148 2467 197 2481 cens
201 2467 243 2481 uris
253 2465 273 2482 et
283 2467 331 2488 poe·

148 2493 188 2509 uu.

340 2350 461 2393 scripto
479 2351 679 2383 celebratum
697 2361 760 2384 non
782 2351 891 2385 suerit:

387 2413 416 2435 v.
442 2415 454 2433 n
481 2402 591 2441 Quom
586 2414 637 2435 ιιιι
663 2408 788 2443 autem,
816 2409 849 2436 ut
874 2405 1078 2447 praescitur,

343 2461 434 2499 pater
464 2455 598 2489 loannes
643 2457 682 2489 de
722 2456 883 2489 Cabaleda
916 2459 1079 2500 generalis

345 2508 403 2541 fuit
427 2519 464 2542 ex
488 2509 715 2543 commissione
749 2509 831 2542 tubi
837 2510 919 2543 ualis
950 2512 1080 2545 nuncia-

346 2567 433 2593 turae
458 2561 585 2604 publice
610 2562 912 2603 excommunicatus,
938 2563 1080 2606 privatus

347 2624 424 2647 voce
450 2614 551 2647 activa
577 2620 608 2648 et
633 2615 771 2658 passiva,
792 2621 823 2648 et
849 2615 882 2648 in
907 2615 983 2648 alias
1008 2627 1082 2660 poe·

1124 231 1178 254 vm
1203 232 1250 254 Pr.

1109 290 1165 312 nas
1182 280 1438 319 condemnatus;
1457 284 1643 322 propterea,
1657 281 1696 312 ad
1714 291 1844 313 omnem

1109 331 1228 365 bonum
1254 332 1350 365 linem
1368 338 1399 365 et
1416 334 1586 373 cautelam,
1602 334 1705 376 ipsum
1720 341 1844 378 patrem

1109 387 1297 428 generalem
1335 386 1567 420 absolvendum
1604 387 1673 420 sore
1709 393 1741 421 et
1775 400 1843 423 esse

1109 439 1267 478 (luximus,
1282 444 1379 482 prout
1397 440 1578 483 praesentis
1596 440 1717 474 decreti
1734 446 1845 475 tenore

1109 493 1148 526 ad
1173 494 1333 526 cautelam
1359 493 1398 526 ab
1424 494 1756 528 excommunicatione
1782 496 1845 528 sor-

1109 557 1165 579 san
1192 547 1330 587 incursa,
1352 557 1389 580 ex
1420 548 1614 590 supradictis
1641 549 1845 582 facultatibus

1110 599 1212 639 nobis,
1231 605 1266 632 ut
1283 610 1389 643 supra,
1411 601 1583 642 attributis,
1598 601 1793 635 absolvimus
1816 608 1847 635 et

1110 652 1299 693 liberamus,
1318 659 1414 696 atque
1440 653 1553 687 itidem
1577 655 1617 687 ab
1642 655 1795 688 omnibus
1816 662 1848 689 et

1111 705 1369 750 quibuscumque
1394 707 1464 740 aliis
1489 708 1604 750 poenis
1631 707 1781 751 irrogatis
1797 710 1847 742 vel

1111 759 1314 793 comminatis
1336 760 1539 794 liberandum
1560 766 1591 794 et
1614 761 1848 796 absolvendum

1112 812 1178 845 i'ore
1196 817 1227 845 et
1244 823 1324 854 esse,
1342 818 1438 857 atque
1456 814 1552 847 etiam
1569 825 1587 847 a
1603 815 1781 858 privatione
1800 827 1849 849 vo-

1112 865 1156 898 cis
1175 865 1294 899 activae
1316 871 1347 898 et
1363 866 1520 910 passivae,
1539 873 1636 911 prout
1652 869 1847 902 absolvimus

1112 922 1143 953 et
1171 919 1367 960 liberamuS,
1392 931 1429 953 ac
1454 921 1593 963 proinde
1619 922 1769 955 eumdem
1794 933 1849 965 pa-

1113 977 1195 1005 trem
1219 973 1420 1014 generalem,
1438 979 1596 1017 quatenus
1615 985 1696 1018 opus
1712 975 1760 1015 sit,
1779 986 1849 1008 esse

1113 1025 1144 1058 in
1177 1025 1351 1068 pristinum
1387 1026 1644 1067 restituendum,
1675 1027 1849 1071 ipsumque

1113 1079 1301 1112 continuare
1334 1079 1453 1112 debere
1486 1090 1543 1112 seu
1576 1081 1849 1114 manutenendum

1113 1142 1184 1164 esse
1204 1131 1234 1163 in
1253 1131 1410 1174 dignitate
1429 1137 1460 1165 et
1477 1143 1611 1166 munere
1630 1135 1848 1176 generalatus,

1114 1185 1269 1218 exercitio
1295 1185 1387 1218 totali
1411 1196 1488 1219 suae
1521 1186 1722 1219 auctoritatis
1748 1192 1779 1220 et
1803 1188 1851 1220 ιιι-

1115 1238 1315 1271 risdictionis
1333 1266 1340 1279 ,
1367 1249 1494 1273 necnon
1520 1239 1591 1274 iure
1617 1242 1704 1274 vocis
1730 1241 1851 1275 activae

1115 1297 1146 1324 et
1171 1292 1336 1334 passivae,
1363 1293 1513 1326 omnibus
1539 1299 1571 1327 et
1595 1294 1851 1338 quibuscumque

1115 1345 1187 1378 aliis
1223 1346 1488 1388 praeeminentiis
1525 1352 1557 1380 et
1594 1349 1827 1392 praerogativis
1842 1376 1850 1389 ,

1117 1402 1213 1440 prout
1238 1397 1270 1430 in
1294 1399 1656 1443 p1·istinum,quatenus
1682 1413 1764 1446 opus
1789 1403 1853 1443 sit,

1117 1451 1314 1484 restituimus
1332 1458 1363 1485 et
1386 1458 1646 1495 manutenemus,
1664 1465 1700 1488 ac
1714 1456 1853 1498 amplius

1117 1515 1175 1548 pro
1195 1505 1255 1537 hac
1272 1508 1377 1545 causa,
1396 1516 1454 1539 seu
1471 1507 1644 1541 occasione
1669 1508 1766 1541 huius
1783 1519 1857 1542 cau·

1117 1568 1178 1596 sae,
1198 1568 1264 1590 non
1286 1568 1355 1591 esse
1382 1559 1641 1601 molestandum,
1665 1567 1763 1605 prout
1787 1573 1854 1595 am-

1119 1611 1203 1654 plius
1228 1622 1293 1644 non
1319 1612 1421 1645 moles
1427 1613 1486 1645 tali
1516 1614 1719 1648 mandamus.

1162 1675 1205 1698 vi.
1233 1664 1300 1703 Quo
1326 1676 1401 1699 iero
1434 1667 1472 1699 ad
1497 1673 1624 1710 patrem
1658 1668 1696 1702 sr.

1119 1718 1199 1750 Fern
1205 1718 1306 1751 andez
1332 1719 1371 1751 de
1397 1720 1512 1763 A3llon
1547 1722 1758 1754 secretarium
1783 1723 1857 1755 reli·
1867 1733 1892 1748 r¹¹

1120 1771 1235 1814 gionis,
1258 1771 1393 1805 dicimus
1410 1773 1624 1815 privationem
1641 1785 1699 1807 seu
1718 1786 1857 1819 suspen-

1120 1824 1246 1858 sionem
1272 1825 1312 1858 ab
1337 1825 1446 1858 officio
1470 1827 1696 1860 secretariatus
1721 1839 1738 1861 a
1763 1835 1855 1872 patre

1121 1877 1264 1920 generali
1289 1879 1338 1910 vel
1364 1879 1433 1911 eius
1450 1879 1599 1921 delegato
1617 1881 1854 1922 demandatam,

1121 1931 1186 1963 sive
1213 1931 1252 1963 ab
1285 1931 1349 1964 alio
1385 1942 1591 1975 quocumque
1624 1933 1728 1967 iudice
1760 1934 1886 1968 etiam*

1122 1983 1292 2016 tribunalis
1316 1983 1527 2017 nunciaturae
1553 1985 1679 2026 saetam,
1707 1997 1741 2019 ac
1770 1988 1857 2020 simi-

1121 2038 1183 2070 lem
1198 2037 1414 2080 privationem
1427 2037 1513 2070 vocis
1525 2038 1647 2071 activae
1659 2045 1689 2072 et
1700 2041 1857 2083 passivae,

1123 2100 1248 2122 necnon
1273 2100 1414 2133 poenam
1436 2091 1645 2133 relegationis
1664 2099 1695 2125 et
1713 2104 1857 2127 carcera-

1122 2143 1237 2181 tionis,
1271 2142 1414 2185 aliasque
1449 2154 1585 2186 poenas,
1612 2145 1650 2177 de
1682 2146 1798 2188 quibus
1825 2148 1857 2180 ιιι

1122 2195 1284 2228 sententia
1300 2206 1356 2228 seu
1375 2206 1544 2238 processu,
1563 2207 1630 2230 non
1643 2198 1811 2239 sustineri;
1829 2205 1860 2232 et

1123 2249 1261 2292 proinde
1295 2248 1432 2281 dicimus
1469 2254 1500 2282 et
1542 2249 1743 2283 declaramus
1788 2252 1858 2285 illas

1121 2312 1232 2334 omnes
1249 2306 1281 2334 et
1298 2301 1440 2344 singulas
1457 2303 1653 2336 revocandas
1668 2313 1746 2343 esse,
1762 2311 1860 2348 prout

1123 2365 1311 2388 revocamus
1355 2361 1387 2388 et
1424 2355 1605 2389 abolemus.
1644 2357 1861 2391 Procedentes

1123 2414 1229 2440 tamen
1246 2418 1283 2441 ex
1302 2407 1440 2450 integro,
1456 2413 1488 2441 et
1506 2420 1542 2441 ex
1560 2409 1749 2443 auctoritate
1767 2411 1860 2444 nobis

1123 2460 1325 2500 demandata,
1350 2460 1553 2494 decernimus
1579 2467 1703 2505 patrem
1728 2463 1860 2496 fratrem

1123 2512 1253 2545 Petrum
1271 2513 1473 2554 Fernandez,
1493 2525 1530 2547 ex
1550 2525 1613 2557 quo
1637 2515 1715 2548 satis
1740 2515 1800 2547 luit
1817 2516 1858 2548 ob

1124 2566 1378 2598 carcerationem
1404 2572 1435 2598 et
1460 2567 1645 2599 diuturnam
1671 2568 1860 2610 suspensio-

1125 2628 1197 2650 nem
1234 2618 1273 2650 ab
1305 2618 1375 2661 ipso
1400 2628 1540 2662 passam,
1567 2619 1800 2653 absolvendum
1829 2625 1859 2653 et

1767 222 1808 254 85
1853 232 1901 258 An.
1919 231 1946 258 C.
1968 231 2037 259 1ιό’.ιο

1726 1669 1855 1702 Petrum
1866 1674 1925 1748 pf}-
1910 1674 1956 1694 ·¹==
1960 1677 1972 1693 ¹⁴
1969 1680 2015 1699 «ιι
2010 1675 2042 1694 ¹¹¹¹

1905 1704 2038 1721 1¹35k'tsffl
