2227 3225
117 276 166 302 An.
189 277 217 303 C.
241 275 308 303 tofto

145 1977 257 1999 Davi-atum
271 1977 303 1998 dt-

118 2005 147 2025 cti
162 2004 284 2026 cardinatis.

896 272 1016 298 ALEXAN
1023 273 1081 296 tuin
1106 273 1122 295 Y
1130 273 1161 295 ttt
1186 273 1231 295 FP.

312 326 416 359 dictae
453 325 720 368 congregationis
757 335 792 357 ev
820 325 920 357 altera
949 323 1047 367 parti-

311 381 381 420 bus,
400 380 438 413 de
461 386 493 412 et
516 391 614 423 super
639 381 711 413 loco
740 378 936 411 residentiae
962 378 1047 410 eius-

313 434 384 466 dem
411 433 588 476 superioris
615 432 790 475 generalis,
817 441 944 464 necnon
974 441 1048 462 eon-

311 487 478 519 vocatione
505 497 560 519 seu
582 486 803 519 celebratione
833 484 1046 527 capitulorum

312 539 514 582 generalium
558 545 590 572 et
632 539 902 571 intermediorum
943 538 1046 570 dietae

312 592 590 636 Congregationis,
617 602 651 624 ac
676 591 858 635 privatione
895 601 950 623 seu
977 601 1048 623 sus-

312 646 473 689 pensione
499 645 676 689 supradicti
697 645 782 677 Petri
810 645 849 677 ab
875 644 981 677 officio
998 654 1048 676 se-

312 699 500 731 cretariatus
536 698 803 740 Congregationis
841 697 1047 740 praedictae,

313 751 474 794 rebusque
497 751 567 784 aliis
594 751 688 783 latius
710 750 741 782 in
760 761 913 792 processu
932 760 1047 782 causae

312 804 469 843 deductis,
494 809 624 837 exortae
650 804 770 847 essent)
796 814 854 836 nos
882 803 1046 845 negotium

312 856 499 890 huiusmodi
537 857 719 890 remisimus
755 857 792 889 ad
833 857 988 889 dilectum
1013 855 1047 887 fi-

311 909 389 942 lium
416 915 561 942 nostrum
587 909 761 952 Gasparem
782 909 810 942 S.
838 909 874 942 R.
898 909 932 941 E.
958 919 1049 952 pres-

311 962 458 1005 byterum
499 963 697 996 cardinalem
734 962 927 1006 Carpineum
965 973 1047 994 nun-

312 1022 463 1059 cupatum
489 1016 617 1049 Ordinis
653 1016 788 1059 praefati
823 1016 906 1059 apud
933 1026 993 1048 nos
1019 1020 1049 1048 et

311 1069 427 1102 Sedem
467 1069 689 1112 Apostolicam
734 1075 974 1112 protectorem,
1015 1074 1047 1100 ut

311 1123 545 1155 controversias
569 1123 761 1165 praedictas,
779 1123 842 1155 iam
869 1122 995 1165 pridem
1015 1122 1047 1154 in

312 1175 573 1218 Congregatione
593 1175 825 1208 venerabilium
847 1176 977 1208 fratrum
992 1186 1049 1208 no-

312 1234 453 1260 strorum
478 1228 623 1260 ciusdem
649 1228 677 1261 S.
706 1229 741 1260 tt.
769 1229 803 1260 E.
837 1229 1049 1261 cardinalium

311 1281 450 1323 negotiis
486 1286 518 1312 et
554 1282 844 1314 consultationibus
877 1281 1050 1324 episcopo-

311 1345 382 1366 rum
405 1339 437 1366 et
454 1334 650 1376 regularium
669 1334 857 1377 praeposita
875 1339 1048 1374 vertentes,

312 1386 485 1426 decideret,
513 1386 625 1429 eisque
651 1386 795 1419 debitum
820 1386 915 1419 linem
948 1387 1050 1429 impo-

311 1445 414 1472 neret.
440 1439 530 1473 Unde
556 1440 639 1472 idem
665 1439 788 1482 Gaspar
821 1440 992 1472 cardinalis
1018 1445 1050 1472 et

310 1497 485 1536 protector,
502 1503 573 1525 cum
591 1492 714 1535 pluries
730 1499 760 1525 et
777 1503 853 1525 voce
873 1498 904 1525 et
919 1493 1048 1536 scriptis

310 1551 481 1588 utramque
517 1550 643 1588 partem
669 1555 776 1578 coram
803 1556 835 1578 se
861 1546 1047 1578 accersitam

310 1599 496 1638 audivisset,
521 1598 595 1631 visis
621 1598 758 1631 subinde
784 1604 815 1631 et
836 1598 1048 1632 consideratis

311 1651 387 1684 dicti
431 1650 561 1683 Ordinis
603 1651 912 1690 constitutionibus,
955 1651 1050 1684 docu-

310 1703 426 1736 mentis
452 1703 604 1746 publiciS,
629 1708 760 1747 totoque
790 1715 944 1747 processu
978 1715 1050 1737 cau-

311 1767 364 1790 sae
389 1762 420 1790 et
445 1768 613 1790 causarum
633 1757 662 1790 in
683 1758 829 1800 partibus
850 1758 945 1798 sacto,
968 1758 1050 1791 aliis-

311 1821 372 1853 que
397 1810 549 1843 omnibus
576 1811 768 1843 necessariis
794 1817 823 1843 ct
855 1811 1049 1854 opportunis

311 1869 435 1896 mature
460 1863 643 1907 perpensis,
676 1864 840 1895 decretum
866 1864 968 1896 edidit
1005 1871 1049 1897 te-

312 1917 403 1949 noris
430 1916 483 1959 qui
510 1916 667 1959 sequitur,
692 1916 858 1949 videlicet:

363 1982 375 2000 α
401 1969 523 2012 Gaspar
548 1969 642 2001 titulo
667 1969 697 2001 S.
725 1969 839 2002 Mariae
865 1969 1049 2013 Transtybe-

313 2023 372 2056 rim
397 2022 428 2055 S.
457 2022 493 2054 R.
521 2022 555 2054 E.
583 2021 755 2064 presbyter
780 2022 952 2055 cardinalis
976 2022 1049 2055 Car-

312 2076 440 2120 pineus,
465 2074 655 2106 sanctissimi
682 2074 803 2106 domiui
826 2076 926 2108 nostri
944 2076 1046 2119 Papae

310 2129 447 2162 vicarius
466 2127 637 2170 generalis,
658 2133 688 2160 et
705 2128 833 2160 Ordinis
855 2130 938 2162 beati
958 2130 1049 2163 loan-

313 2182 363 2215 nis
381 2182 436 2215 Dei
464 2182 547 2225 apud
566 2181 716 2214 Sanctam
737 2182 851 2215 Sedem
869 2189 1044 2226 protector.

356 2248 369 2266 v
395 2235 471 2268 Cum
498 2234 720 2267 sanctissimus
753 2235 903 2268 dominus
936 2243 1047 2269 noster

312 2288 495 2321 Alexander
511 2287 570 2319 Pr.
586 2287 649 2319 VIII
667 2287 823 2330 peculiari
843 2289 910 2321 eius
931 2291 1047 2323 rescri-

311 2347 366 2384 pto
384 2351 491 2374 coram
511 2339 603 2373 nobis
619 2341 765 2373 exhibito
784 2341 933 2384 dignatus
950 2343 1047 2375 suerit

311 2394 446 2428 arbitrio
473 2400 582 2427 nostro
608 2395 749 2436 benigne
774 2396 989 2436 committere,
1012 2403 1047 2429 ut,

311 2448 547 2481 controversias
572 2458 685 2480 omncs
704 2448 766 2480 iam
788 2448 912 2492 pridem
938 2449 969 2481 iu
996 2460 1046 2481 sa-

311 2503 364 2532 cra
384 2500 640 2543 Congregatione
659 2501 988 2534 eminentissimorum
1015 2508 1043 2534 et

311 2553 654 2585 reverendissimorum
673 2553 875 2586 dominorum
897 2554 927 2586 S.
950 2554 986 2586 R,
1008 2554 1041 2585 E.

311 2606 522 2639 cardinalium
545 2608 685 2649 negotiis
704 2613 734 2640 et
751 2608 1044 2640 consultationibus

312 2659 541 2703 cpiscoporum
570 2665 601 2691 et
634 2660 828 2702 regularium
857 2661 1044 2703 praeposita

1741 264 1783 296 85⁸)

1089 327 1250 353 vertentes
1271 321 1356 353 inter
1382 320 1495 353 fratres
1521 321 1725 354 Franciscum
1752 322 1824 353 Pre—

1091 375 1145 407 tell
1167 379 1198 407 et
1214 374 1419 407 Franciscum
1443 375 1573 407 Alvarcz
1599 376 1744 407 Azevedo
1768 374 1825 407 Or-

1091 427 1174 460 dinis
1195 427 1281 460 beati
1308 427 1437 460 Ioannis
1451 428 1505 461 Dei
1532 428 1564 460 in
1579 428 1686 470 regnis
1713 428 1826 470 llis-pa-

1091 480 1214 512 niarum
1235 507 1242 520 ,
1271 485 1333 512 tam
1367 481 1497 513 nomine
1535 481 1695 523 proprio,
1730 491 1824 523 quam

1090 534 1317 576 procuratorio
1332 534 1465 566 fratrum
1481 534 1564 567 Petri
1580 534 1765 566 Fernandez
1788 534 1826 567 de

1093 588 1232 631 Ayllon,
1266 588 1451 631 Hieronymi
1485 588 1657 627 Bau-herii,
1691 593 1722 619 et
1749 587 1827 620 alio-

1091 652 1159 673 rum
1188 641 1217 673 in
1245 641 1381 684 supplici
1409 642 1520 674 libello
1545 641 1598 674 SS.
1626 642 1661 674 D.
1688 641 1724 673 N.
1752 651 1828 684 por-

1091 700 1181 727 recto
1208 695 1466 733 enunciatorum,
1486 705 1522 728 ex
1548 697 1619 734 una,
1642 705 1677 727 ac
1701 699 1827 738 patrem

1091 748 1381 781 sr.Emmanus=lem
1398 749 1436 781 dc
1451 748 1565 781 Errera
1581 753 1828 792 procuratorem

1091 803 1279 843 generalem
1317 801 1391 835 dicti
1428 801 1556 834 Ordinis
1591 802 1682 844 regni
1715 802 1829 846 llispa-

1091 853 1216 886 niarum
1253 855 1285 887 in
1324 855 1470 888 Romana
1495 855 1588 888 Curia
1613 855 1802 888 existentem
1819 882 1826 896 ,

1090 907 1235 949 partibus
1261 919 1295 939 ex
1314 909 1424 945 altera,
1451 908 1489 940 de
1515 912 1545 940 et
1570 918 1667 951 super
1684 909 1830 941 residen-

1091 960 1133 993 tia
1169 961 1315 993 eiusdem
1346 962 1445 1004 patris
1471 962 1647 1003 generatis,
1674 972 1830 994 convoca-

1091 1014 1177 1047 tione
1202 1025 1257 1046 seu
1284 1015 1505 1047 celebratione
1532 1015 1747 1057 capitulorum
1775 1025 1830 1058 ge-

1091 1067 1248 1100 neralium
1271 1072 1302 1100 et
1328 1067 1752 1107 intermediorum,necnon
1782 1068 1828 1100 in-

1091 1120 1265 1163 quisitione
1291 1125 1322 1152 et
1347 1121 1524 1163 respective
1551 1121 1827 1154 condemnatione

1091 1172 1267 1216 supradicti
1306 1173 1405 1215 patris
1431 1174 1538 1205 fratris
1571 1174 1656 1206 Petri
1689 1174 1830 1208 Eernan-

1092 1225 1149 1258 dez
1175 1226 1213 1259 de
1239 1227 1353 1269 Ayllon
1380 1226 1421 1258 ob
1447 1237 1561 1259 causas
1588 1228 1626 1260 de
1653 1227 1769 1270 quibus
1796 1228 1829 1260 in

1092 1289 1247 1320 processu
1292 1280 1434 1322 desuper
1471 1281 1619 1313 consecto
1661 1286 1693 1313 et
1737 1281 1830 1314 nobis

1092 1332 1247 1371 exhibito,
1283 1333 1445 1375 rebusque
1483 1333 1553 1365 aliis
1591 1345 1697 1366 coram
1736 1335 1829 1368 nobis

1092 1385 1186 1417 latius
1206 1385 1361 1424 deductis,
1379 1385 1614 1426 decideremus,
1632 1397 1667 1419 ac
1685 1388 1831 1421 debitum

1092 1438 1188 1470 finem
1215 1438 1304 1471 bisce
1330 1438 1440 1471 litibus
1465 1444 1499 1471 et
1524 1441 1753 1473 controversiis
1779 1441 1832 1474 im-

1092 1501 1304 1533 poneremus,
1328 1502 1466 1535 cumque
1486 1492 1523 1524 ad
1545 1493 1623 1525 baec
1642 1495 1831 1536 peragenda

1091 1550 1188 1587 atque
1228 1544 1413 1577 definienda
1452 1545 1572 1588 pluries
1613 1552 1643 1579 et
1682 1557 1760 1580 voce
1800 1553 1832 1580 et

1093 1598 1224 1640 scriptis
1251 1603 1421 1640 utramque
1447 1604 1572 1640 partem
1599 1610 1707 1632 coram
1734 1601 1828 1633 nobis

1092 1651 1281 1683 accersitam
1307 1651 1536 1690 audiverimus,
1563 1658 1594 1684 et
1619 1652 1737 1685 deinde
1756 1653 1831 1686 visis
1873 1677 1876 1678 ν

1093 1710 1123 1736 et
1158 1704 1373 1737 consideratis
1410 1703 1539 1737 Ordinis
1571 1705 1726 1748 praedicti
1754 1701 1831 1739 con-

1092 1757 1332 1795 stitutionibus,
1359 1757 1562 1789 documentis
1595 1758 1754 1800 publicis,
1783 1764 1831 1792 to-

1094 1816 1189 1853 toque
1215 1820 1367 1853 processu
1405 1821 1521 1842 causae
1548 1816 1578 1843 et
1603 1821 1771 1844 causarum
1797 1812 1830 1844 in

1092 1863 1237 1905 partibus
1274 1864 1380 1903 sacto,
1418 1864 1556 1906 aliisque
1588 1865 1741 1898 omnibus
1776 1876 1830 1898 ne-

1092 1916 1239 1949 cessariis
1272 1922 1303 1948 et
1335 1917 1540 1959 opportunis,
1565 1917 1641 1949 visis
1666 1917 1826 1959 videndis,

1092 1976 1212 2002 mature
1239 1970 1418 2012 perpensis,
1457 1970 1587 2002 tandem
1620 1970 1657 2002 ad
1684 1971 1829 2004 omnium
1846 1976 1853 1979 “

1093 2023 1205 2055 barum
1242 2023 1538 2056 controversiarum
1565 2024 1829 2056 terminationem

1091 2077 1199 2118 vigore
1218 2077 1398 2119 praesentis
1418 2076 1517 2109 nostri
1535 2077 1656 2110 decreti
1677 2077 1827 2110 distincte

1091 2129 1243 2162 devenire
1269 2135 1301 2161 ut
1321 2129 1404 2161 infra
1423 2129 1608 2161 statuimus:

1134 2193 1154 2215 1.
1194 2193 1207 2213 να
1250 2182 1448 2214 Auctoritate
1493 2181 1592 2224 igitur

1090 2236 1142 2269 SS.
1158 2236 1193 2268 D.
1211 2235 1247 2268 N.
1264 2235 1358 2267 nobis
1378 2235 1540 2274 attributa,
1559 2235 1707 2267 volumus
1732 2241 1826 2279 atque

1091 2288 1305 2327 decernimus,
1330 2292 1362 2319 ut
1389 2287 1420 2319 in
1447 2293 1616 2330 posterum
1643 2293 1705 2320 tam
1734 2295 1828 2332 pater

1090 2344 1187 2374 frater
1204 2341 1339 2374 loannes
1362 2341 1400 2373 de
1415 2340 1585 2380 Cobaleda,
1603 2351 1758 2383 praesens
1773 2352 1827 2384 ge-

1090 2394 1218 2434 neralis,
1237 2405 1331 2437 quam
1350 2404 1463 2427 omnes
1482 2398 1513 2426 ct
1535 2394 1652 2435 singuli
1673 2394 1769 2427 futuri
1795 2400 1827 2428 et

1089 2459 1147 2491 pro
1175 2454 1318 2491 tempore
1340 2448 1516 2481 existentes
1542 2449 1710 2489 generales
1735 2459 1825 2481 suam

1089 2501 1294 2535 residentiam
1310 2501 1414 2534 facere
1431 2501 1639 2533 tencanturin
1655 2507 1825 2541 conventu,

1089 2556 1185 2587 domo
1204 2565 1259 2586 seu
1281 2554 1433 2596 hospitali
1449 2554 1652 2595 designando
1667 2553 1696 2585 in
1718 2554 1823 2586 futuro

1089 2608 1236 2650 proximo
1262 2607 1405 2650 capitulo
1424 2606 1567 2648 generali
1595 2616 1655 2637 suo
1681 2612 1823 2647 tempore

1087 2660 1293 2699 celebrando,
1309 2659 1401 2691 cuius
1419 2659 1552 2690 arbitrio
1568 2664 1662 2700 atque
1682 2658 1823 2692 det-lara-

1831 275 1878 300 Au.
1900 274 1929 301 C.
1951 275 2020 303 itt-“20

1637 2182 1677 2214 al)
1713 2183 1827 2216 COdem
1865 2188 2021 2212 Deranidentlfl

1839 2217 1952 2242 generalis.
