2227 3225
118 247 168 275 An.
184 246 213 274 C.
236 245 303 274 1697

896 241 1105 266 INNOCENTIUS
1131 242 1175 265 ΧΠ
1199 243 1247 266 ΡΡ.

312 292 498 337 approbatis
525 296 557 324 et
582 289 753 327 innovatis,
781 290 907 322 etiamsi
934 300 993 332 pro
1016 290 1054 322 il-

310 347 416 380 lorum
452 344 624 377 sufficienti
661 342 878 385 derogatione
915 342 954 374 de
988 342 1053 374 illis

311 408 490 442 eorumque
517 396 592 429 totis
616 396 782 429 tenoribus
801 401 832 428 et
853 395 964 428 formis
983 406 1055 438 spe—

311 452 402 486 cialis
427 457 459 485 et
483 450 661 490 individua,
689 460 725 482 ac
745 449 783 482 de
801 449 900 482 verbo
927 449 964 481 ad
987 459 1055 481 vcr-

309 507 398 546 hum,
425 516 491 539 non
517 511 624 538 autem
651 514 709 547 per
730 504 893 537 clausulas
920 513 1055 545 genera-

310 560 357 593 les
389 559 512 592 mentio
546 569 604 590 seu
629 557 759 601 quaevis
796 557 858 589 alia
890 556 1054 600 expressio

311 613 475 654 habenda,
502 618 558 646 aut
583 612 692 655 aliqua
725 611 787 644 alia
812 610 974 654 exquisita
992 610 1056 643 sor-

310 677 363 699 ma
387 666 547 700 servanda
572 671 669 705 esset,
695 671 826 698 tenores
852 663 1052 702 huiusmodi,

311 731 348 754 ac
374 721 401 753 si
428 720 467 753 de
492 720 593 753 verbo
620 719 658 752 ad
682 719 826 756 verbum,
852 717 936 750 nibil
962 716 1056 760 peni-

312 779 362 806 tus
389 773 509 806 omisso
535 778 567 806 et
592 772 696 805 forma
714 772 744 804 in
767 771 830 804 illis
856 770 974 803 tradita
997 770 1054 802 ob-

311 830 447 867 servata,
474 826 589 859 inserti
608 826 724 864 forent,
751 824 980 868 praesentibus
998 833 1056 866 pro

312 880 474 924 expressis
492 880 627 919 habens,
646 879 773 922 quibus,
793 877 899 921 quoad
918 888 955 909 ea
972 887 1055 920 quae

312 934 542 978 praesentibus
567 934 791 973 adversantur,
823 932 887 965 illis
912 931 992 964 alias
1024 931 1055 962 in

312 999 373 1021 suo
398 989 517 1022 robore
543 986 773 1031 permansuris,
801 996 890 1018 sacra
915 984 1057 1027 Congre-

313 1042 411 1085 gatto,
437 1041 622 1075 Sanctitatis
647 1040 731 1074 Suae
757 1039 959 1079 auctoritate,
984 1049 1056 1081 spe-

313 1096 441 1129 cialiter
467 1101 500 1128 et
522 1105 673 1138 expresse
693 1094 845 1137 derogat;
871 1092 1056 1135 ceterisque

312 1150 486 1183 contrariis
512 1149 788 1193 quibuscumque.

358 1216 371 1235 i>
401 1203 439 1236 Et
463 1214 502 1237 ne
535 1202 793 1247 praemissorum
825 1200 1015 1244 ignorantia
1040 1210 1056 1232 a

314 1268 481 1301 quoquam
508 1256 678 1300 praetendi
713 1255 840 1298 possit,
866 1255 970 1288 voluit
1005 1264 1057 1287 ea-

314 1311 389 1344 dem
426 1321 518 1343 sacra
558 1309 776 1352 Congregatio
821 1314 856 1340 ut
892 1317 1053 1351 praesen-

314 1370 362 1398 tes
388 1364 638 1403 ordinationes,
666 1363 698 1395 in
724 1362 822 1395 valvis
848 1362 1055 1394 basilicarum

312 1418 345 1451 S.
372 1417 501 1451 Ioannis
527 1416 760 1449 Lateranensis
786 1421 816 1448 et
836 1415 997 1457 Principis
1023 1415 1057 1446 A·

312 1472 520 1514 postolorun]
547 1471 586 1503 de
612 1469 711 1510 Urbe,
738 1479 774 1501 ac
798 1469 831 1501 in
857 1468 926 1501 acie
948 1467 1055 1511 Campi

312 1525 442 1565 Florae,
460 1529 495 1556 ut
518 1524 618 1557 moris
645 1528 706 1563 est,
729 1523 851 1562 affixae,
871 1533 996 1562 omnes,
1018 1522 1056 1555 ad

313 1589 395 1623 quos
422 1577 586 1626 pertinet,
613 1577 656 1610 ita
681 1582 808 1610 arctent
834 1581 866 1610 et
891 1576 1055 1616 afficiant,

312 1641 350 1665 ac
381 1631 408 1665 si
432 1631 610 1674 unicuique
644 1629 864 1674 personaliter
889 1629 1056 1662 intimatae

313 1685 469 1726 fuissent,
495 1689 594 1728 utque
621 1684 810 1717 earumdem
834 1682 1057 1727 praesentium

314 1738 533 1781 transumptis,
559 1737 658 1770 etiam
683 1737 865 1780 impressis,
891 1736 1058 1769 manuali-

314 1791 404 1825 euius
418 1790 537 1823 notarii
552 1790 676 1834 publici
691 1789 895 1833 subscriptis,
911 1789 1058 1832 etsigillo

313 1854 476 1888 personae
497 1844 530 1876 in
552 1844 711 1886 dignitate
739 1843 962 1876 ecclesiastica
982 1853 1059 1876 con-

313 1898 444 1932 stitutae
476 1898 612 1931 munitis
629 1926 636 1938 ‚
663 1898 777 1930 eadem
817 1908 951 1941 prorsus
978 1896 1057 1930 fides

312 1951 529 1991 adhibeatur,
556 1961 640 1994 quae
670 1950 900 1994 praesentibus
927 1950 1060 1983 adbibe-

314 2009 403 2037 retur
435 2005 460 2038 si
490 2004 597 2037 forent
625 2005 791 2037 exhibitae
809 2006 858 2038 vel
891 2010 1056 2037 ostensae.

313 2058 428 2092 Datum
455 2058 578 2091 Romae
604 2058 655 2091 die
679 2069 730 2092 xxl
756 2058 846 2098 iunii,
865 2068 993 2092 »mcxxv
1015 2076 1059 2082 ——

313 2112 435 2147 Cosmus
453 2113 540 2146 card.
564 2112 748 2146 DEToRREs.
772 2112 918 2146 Pnosrna
935 2112 1059 2145 Riem-

1098 291 1294 332 prohibetur
1330 300 1370 323 ne
1403 290 1551 333 episcopi
1583 289 1615 322 in
1648 290 1841 323 dioecesana

1098 344 1235 386 synodo,
1262 348 1315 376 aut
1340 344 1508 385 generales
1535 344 1567 375 in
1600 343 1749 386 capitulis
1785 354 1840 386 ge-

1099 397 1272 435 neralibus,
1288 397 1338 428 vel
1365 396 1442 429 alias
1468 407 1600 439 quoquo
1622 396 1731 434 modo,
1746 397 1842 428 redu-

1099 455 1173 482 cant
1190 460 1292 482 onera
1307 450 1361 482 illa
1373 450 1543 482 missarum
1559 449 1840 486 celebrandarum,

1100 508 1154 535 aut
1178 508 1254 546 post
1279 503 1363 536 idem
1390 503 1570 537 Concilium
1597 501 1760 545 imposita,
1788 508 1843 533 aut

1100 556 1131 589 in
1159 556 1271 590 limine
1298 556 1520 596 fundationis,
1549 556 1737 599 quaeritur.
1764 555 1841 598 quid

1099 610 1124 643 si
1151 611 1291 653 legatum
1330 611 1371 643 sit
1407 611 1452 642 ita
1486 615 1604 649 tenue,
1640 615 1764 641 utnon
1802 609 1844 640 sit

1100 664 1153 707 qui
1179 664 1255 697 velit
1281 674 1363 696 onus
1389 664 1435 696 illi
1462 664 1640 696 iniunctum
1662 663 1781 701 subire,
1801 668 1842 699 et,

1100 718 1126 750 si
1152 718 1386 750 recurrendum
1412 717 1454 750 sit
1478 717 1516 750 ad
1542 717 1657 750 Sedcm
1684 715 1844 759 Apostoli-

1100 780 1167 802 cani
1194 781 1255 813 pro
1276 770 1501 803 moderatione
1523 769 1646 809 oneris,
1666 774 1769 801 totum
1791 774 1845 801 aut

1101 824 1167 857 sere
1194 829 1296 857 totum
1323 823 1553 857 insumendum
1580 823 1620 855 sit
1638 833 1697 865 pro
1724 833 1845 865 expen-

1101 877 1143 910 sis
1169 878 1208 910 ad
1236 878 1266 910 id
1294 877 1511 910 necessariis?
1537 882 1568 909 et
1593 877 1681 919 quid,
1715 876 1740 908 si
1769 887 1845 919 per-

1101 931 1248 963 mittatur
1273 931 1428 974 cpiseopo
1456 931 1487 963 in
1508 930 1695 963 fundatione
1717 935 1751 963 ut
1772 940 1845 973 pos-

1100 984 1141 1017 sit
1166 985 1352 1017 huiusmodi
1372 995 1473 1018 onera
1497 984 1660 1017 moderari
1672 984 1687 1015 ⁶?

1145 1049 1181 1072 11.
1206 1037 1270 1071 An¹
1296 1049 1397 1081 super
1422 1039 1566 1071 secundo
1592 1038 1737 1071 eiusdem
1764 1037 1844 1071 Con-

1101 1091 1299 1134 gregationis
1327 1092 1465 1131 decreto,
1492 1102 1557 1135 quo
1583 1097 1713 1124 cavetur
1738 1097 1771 1124 ut
1796 1102 1843 1124 ce-

1102 1145 1269 1178 lebrentur
1293 1151 1340 1179 tot
1364 1146 1489 1185 missae,
1516 1151 1595 1189 quot
1616 1146 1655 1178 ad
1681 1146 1842 1178 rationem

1102 1199 1239 1232 tributae
1266 1200 1495 1244 eleemosynae
1525 1200 1748 1243 praescriptae
1775 1200 1842 1233 sue-

1101 1253 1175 1294 rint,
1203 1252 1380 1296 quaeritur,
1407 1263 1448 1285 an
1478 1253 1577 1286 verba
1601 1253 1658 1286 illa
1679 1253 1843 1296 praescri-

1100 1311 1174 1349 plne
1204 1307 1327 1349 suerint
1358 1307 1576 1350 intelligenda
1600 1308 1664 1340 sint
1692 1307 1731 1340 de
1751 1317 1844 1350 prae-

1101 1360 1277 1403 scriptione
1296 1361 1379 1393 facta
1396 1361 1435 1393 ab
1461 1360 1620 1394 oll'erente
1646 1361 1696 1394 vel
1721 1361 1761 1394 ab
1787 1361 1843 1394 Or-

1102 1413 1253 1446 dinario‘?

1145 1476 1191 1500 111.
1218 1468 1276 1507 An,
1292 1477 1365 1500 cum
1389 1467 1579 1501 Ordinarius
1597 1468 1846 1512 praescripserit

1101 1521 1340 1564 eleemosynam
1366 1531 1566 1564 congruam,
1593 1521 1681 1554 iuxta
1707 1522 1845 1565 qualita-

1102 1578 1166 1606 tem
1206 1573 1279 1613 loci,
1319 1584 1536 1617 personarum
1574 1585 1610 1608 ac
1651 1580 1843 1618 temporum,

1101 1627 1287 1660 sacerdotes
1305 1627 1504 1671 accipientes
1520 1628 1718 1672 stipendium
1736 1628 1844 1661 minus

1101 1691 1245 1723 congruo
1271 1686 1444 1714 teneantur
1468 1681 1583 1715 missas
1609 1681 1673 1715 illis
1699 1682 1738 1716 ab
1766 1681 1845 1715 offe-

1102 1741 1193 1768 rente
1218 1736 1439 1779 praescriptas
1456 1737 1624 1769 celebrare
1639 1736 1654 1768 ‘?

1145 1798 1188 1822 lv.
1215 1790 1264 1822 An
1289 1790 1484 1831 sacerdotes,
1511 1790 1565 1833 qui
1593 1795 1745 1823 tenentur
1768 1789 1845 1822 mis·

1101 1852 1151 1874 sas
1176 1843 1344 1876 celebrare
1369 1843 1494 1877 ratione
1518 1843 1669 1877 beneficii
1695 1854 1752 1877 seu
1774 1854 1846 1887 cap-

1102 1897 1219 1938 pellae,
1240 1898 1339 1940 legati
1365 1902 1420 1930 aut
1445 1897 1565 1939 salarii,
1592 1898 1721 1941 possint
1749 1898 1845 1931 etiam

1101 1951 1284 1983 manualem
1311 1951 1553 1994 eleemosynam
1578 1962 1638 1994 pro
1662 1951 1771 1984 missis
1792 1962 1846 1985 vo-

1103 2003 1173 2036 tivis
1198 2008 1252 2036 aut
1270 2004 1501 2037 defunctorum
1520 2004 1679 2048 recipere,
1699 2010 1730 2039 et
1748 2005 1844 2038 unico

1102 2057 1215 2091 missae
1241 2058 1399 2092 sacrificio
1431 2059 1561 2102 utrique
1594 2059 1686 2093 oneri
1720 2059 1847 2093 satissa-

1102 2111 1206 2144 cere?

1738 231 1798 267 811
1848 241 1897 268 An.
1915 240 1943 268 c.
1966 241 2032 268 1697

1889 1049 1918 1071 De
1934 1051 2040 1076 praescri-

1854 1079 2040 1102 monumen-omis-

1854 1109 1923 1124 sarum
1939 1111 1977 1130 pro
1989 1105 2039 1126 data

1855 1133 1999 1160 eleemosyna.

312 2176 371 2201 NUS
393 2177 503 2199 sacrae
521 2165 792 2209 Congregationis
809 2167 1002 2199 secretarius
1024 2179 1055 2200 ».

119 2225 302 2277 αξιιῗξὲῖίῦὲᾚᾞ
357 2219 395 2253 Il.
414 2232 428 2251 r>
450 2219 602 2253 Excitatis
618 2225 726 2252 autem
744 2231 842 2263 super
859 2221 1058 2264 praemisso-

119 2279 302 2327 tgffffssfcggg
313 2283 383 2306 rum
405 2274 613 2306 decretorum
630 2273 850 2316 intelligentia
876 2285 931 2307 seu
959 2274 1057 2307 inter-

313 2327 495 2370 pretatione
506 2326 722 2370 infrascriptis
736 2327 850 2367 dubiis,
863 2328 1057 2370 prodierunt

314 2389 332 2412 a
355 2381 534 2413 memorata
566 2379 845 2422 Congregatione,
881 2380 978 2413 simili
1004 2392 1057 2414 au-

315 2433 463 2466 ctoritate
478 2433 524 2467 illi
545 2444 562 2466 a
582 2434 728 2477 praefato
745 2433 874 2467 Urbano
894 2434 978 2478 Papa
991 2434 1056 2467 wll

315 2486 501 2529 specialiter
536 2487 714 2528 attributa,
742 2487 973 2531 responsiones
998 2499 1056 2521 seu

316 2538 553 2573 declarationes
580 2540 717 2574 inferius
738 2541 965 2584 apponendae.

360 2602 384 2626 1.
417 2604 430 2624 α
450 2592 555 2636 Super
583 2594 689 2637 primo
721 2594 753 2628 S.
784 2594 1056 2638 Congregationis

317 2645 448 2680 decreto
475 2646 514 2680 de
539 2647 759 2682 celebratione
786 2649 969 2690 missarum,
990 2660 1054 2692 quo

1145 2177 1173 2199 v.
1202 2166 1314 2200 Posito
1341 2167 1430 2211 quod
1457 2173 1590 2201 testator
1613 2168 1779 2214 relinquat
1810 2174 1846 2202 ut

1102 2219 1314 2253 celebrentur
1333 2231 1393 2264 pro
1413 2221 1482 2254 eius
1501 2222 1608 2254 anima
1628 2227 1758 2255 eentum
1774 2221 1846 2255 mis-

1100 2284 1166 2315 sae,
1192 2274 1314 2318 absque
1339 2276 1404 2308 ulla
1429 2275 1687 2319 praescriptione
1710 2276 1846 2310 eleemo-

1100 2338 1196 2371 synae
1212 2355 1219 2368 ,
1245 2328 1430 2372 quaeritur,
1457 2339 1497 2362 an
1534 2329 1673 2363 liberum
1703 2330 1744 2363 sit
1769 2330 1846 2363 hae-

1100 2382 1233 2426 redibus
1271 2383 1512 2427 eleemosynam
1551 2383 1612 2416 sibi
1656 2383 1844 2417 benevisam

1100 2435 1337 2479 praescribere,
1354 2447 1394 2469 an
1412 2447 1489 2469 vero
1509 2437 1623 2470 eadem
1638 2437 1844 2481 eleemosyna

1099 2489 1352 2532 praescribenda
1372 2489 1412 2522 sit
1432 2490 1471 2523 ab
1488 2489 1685 2523 Ordinario‘?

1142 2552 1186 2575 Π.
1215 2542 1321 2586 Super
1356 2543 1453 2576 tertio
1486 2543 1757 2586 Congregationis
1791 2543 2040 2596 dss·,„Po⁶c}f,³g'⁵¹²ss³⁵³

1100 2601 1197 2636 creto,
1224 2596 1257 2628 in
1283 2607 1346 2640 quo
1372 2596 1485 2629 eadem
1510 2596 1726 2639 Congregatio
1752 2607 1844 2631 revo-
1965 2591 1970 2596 ’

1139 2659 1146 2684 1
1167 2657 1304 2686 Particula
1320 2659 1365 2686 An
1382 2658 1498 2687 delenda
1513 2658 1618 2686 videtur
1631 2658 1669 2693 (n.
1687 2660 1735 2694 12).

143 2595 172 2626 De
181 2595 306 2618 reductione

122 2628 241 2645 missarum.
