2254 3225
232 282 281 308 An.
299 280 328 308 c.
351 279 421 308 1700
466 270 530 305 93⁶2

231 349 277 363 cum
293 344 336 363 suis
353 346 417 363 mtu-

231 372 264 393 tis,
298 371 417 390 :otuu-tione

231 397 416 416 votiobmhvatiae·

231 426 250 443 et
260 424 417 449 hospitalitatis,

231 456 257 470 at·-
294 450 416 475 pruurgh-

231 483 275 496 rum
298 482 417 497 tanin-rulo-

230 509 262 525 ue.

429 330 645 363 cidentalibus
680 330 843 374 hospitale
875 331 934 364 sub
966 331 1168 365 invocatione

428 383 458 417 S.
486 383 652 428 Hippolyti
679 385 849 428 martyris,
875 385 908 417 in
933 385 1023 418 cuius
1049 385 1169 418 festivi-

430 442 494 470 tate
513 438 589 471 olim
609 439 692 471 dicta
708 438 817 471 civitas
836 438 875 471 ab
894 439 1077 472 idololatris
1097 450 1170 482 gen-

429 491 538 524 tilibus
566 492 698 525 detenta
724 492 762 524 ad
789 492 1043 525 christianorum
1078 498 1190 535 pote-i

427 550 543 577 statem
567 545 752 584 devenerat,
773 556 877 588 prope
898 551 928 578 ct
950 552 1039 578 extra
1059 556 1168 578 muros
1188 569 1189 572 η

427 598 571 631 eiusdem
598 598 733 630 civitatis
759 608 817 640 pro
851 598 1050 641 pauperibus
1084 598 1169 630 chri-

426 652 619 684 stifidelibus
645 650 781 683 infirmis
807 656 838 684 et
864 651 1167 684 convalescentibus

427 705 587 744 curandis,
603 704 740 747 aliisque
756 704 886 746 pietatis
903 704 1058 747 operibus
1081 715 1168 737 exer·

426 758 537 791 cendis
555 786 562 799 ,
589 758 647 790 sub
682 758 781 790 certis
808 758 936 790 statutis
973 763 1004 790 et
1037 758 1168 791 ordina—

427 811 571 844 tionibus
597 811 636 844 de
662 811 824 844 Ordinarii
848 811 912 844 loci
935 812 1065 844 licentia
1086 811 1166 854 erigi

427 871 457 897 et
476 864 602 898 fundari
629 866 819 907 curaverat)
839 864 943 898 felicis
971 865 1168 898 recordatio-

425 919 474 951 nis
493 917 668 961 Gregorius
686 918 744 950 PP.
767 918 831 950 t'tlt
853 918 1089 960 praedecessor
1115 929 1168 951 no-

425 977 508 1012 ster,
537 971 832 1015 supplicationibus
855 972 956 1014 ipsius
976 971 1165 1005 Bernardini

425 1025 556 1058 nomine
582 1025 644 1058 sibi
671 1035 771 1068 super
804 1025 868 1058 hoc
896 1025 1069 1058 humiliter
1096 1035 1168 1068 por-

427 1078 524 1110 rectis
540 1078 723 1118 inclinatus,
744 1078 942 1111 erectionem
961 1082 992 1110 et
1012 1078 1168 1111 fundatio-

426 1142 500 1164 nem
527 1131 698 1175 hospitalis
724 1142 758 1164 ac
785 1136 902 1164 statuta
929 1135 960 1165 et
989 1131 1168 1164 ordinatio-

426 1195 484 1218 nes
511 1185 696 1219 huiusmodi
723 1185 925 1229 approbavit,
948 1184 1080 1228 illisque
1097 1195 1170 1228 per-

426 1244 544 1283 petuae
570 1238 732 1272 firmitatis
760 1239 862 1272 robur
880 1238 1006 1278 adiecit,
1027 1244 1058 1271 et
1076 1238 1167 1278 alias,

425 1298 525 1336 prout
558 1292 611 1325 in¹
645 1293 842 1326 recolendae
875 1292 1055 1325 memoriae
1091 1290 1191 1325 Sixti‘

426 1346 531 1391 Papae
556 1347 580 1379 V
604 1347 754 1380 similiter
779 1346 1045 1390 praedecessoris
1066 1346 1168 1378 nostri
1189 1352 1191 1383 ς

426 1400 562 1442 litteris,
588 1411 660 1433 eum
680 1400 866 1444 praedictus
885 1399 1060 1442 Gregorius
1081 1410 1169 1443 prae-

427 1454 601 1494 decessor,
628 1459 800 1497 antequam
827 1453 896 1486 eius
920 1453 1047 1486 litterae
1072 1462 1191 1495 super;

426 1507 614 1551 praemissis
636 1507 884 1546 conficerentur,
904 1505 1000 1538 rebus
1019 1505 1169 1538 humanis
1190 1521 1191 1551 i

428 1560 541 1593 fuisset
566 1565 747 1603 exemptus,
766 1560 824 1592 sub
846 1559 980 1602 plumbo
998 1559 1031 1591 in
1049 1557 1170 1591 Γοιίηεὶἲ

427 1613 564 1647 Rationi
583 1612 736 1656 eonyruit
754 1613 895 1655 desuper
914 1611 1082 1655 expeditis,
1097 1611 1169 1644 ube-

428 1667 495 1700 rius
528 1667 727 1700 continetur.
755 1665 963 1698 Postmodum
991 1675 1066 1698 vero
1096 1664 1168 1708 piae

428 1720 603 1754 memoriae
625 1719 772 1753 Clemens
794 1719 852 1751 PP.
871 1718 945 1759 Vlll,
962 1718 1057 1751 etiam
1076 1729 1169 1762 prae-

429 1773 582 1807 decessor
599 1778 719 1814 noster,
738 1771 800 1805 fide
821 1772 994 1815 dignorum
1010 1771 1168 1804 relatione

429 1832 585 1871 accepto,
613 1826 774 1870 hospitale
807 1825 1011 1869 praedictum
1031 1853 1037 1866 ,
1070 1825 1168 1858 bene·
1189 1839 1191 1855 i

429 1880 557 1913 dicente
582 1879 732 1919 Domino,
759 1879 840 1912 adeo
866 1878 1047 1911 excrevisse
1077 1885 1111 1911 ut
1136 1878 1168 1910 in

427 1933 669 1977 praedictarum
709 1932 874 1965 indiarum
911 1931 1168 1965 Occidentalium

428 1987 576 2030 partibus
602 1987 664 2020 alia
685 1986 861 2029 hospitalia
879 1991 910 2019 et
927 1986 1044 2019 similia
1063 1992 1170 2019 erecta

428 2047 461 2074 et
481 2041 613 2074 fundata
633 2039 824 2081 extitissent,
845 2050 904 2084 per
922 2040 1079 2083 quasdam
1098 2051 1170 2073 suas
1191 2053 1192 2062 ¹

428 2095 461 2128 in
475 2095 571 2128 simili
586 2095 689 2128 forma
702 2094 811 2128 Brevis
826 2095 877 2127 die
892 2105 914 2128 11
928 2094 1040 2138 aprilis
1050 2104 1170 2128 MDxcvl

429 2153 592 2182 emanatas
627 2148 754 2182 litteras
790 2148 874 2181 inter
910 2149 972 2181 alia
1007 2148 1171 2181 ordinavit

429 2213 488 2235 scu
510 2203 691 2242 concessit,
718 2203 804 2246 quod
829 2203 939 2236 omnia
973 2207 1005 2235 et
1041 2202 1170 2245 singula

430 2255 608 2298 hospitalia
632 2256 839 2296 huiusmodi,
870 2261 934 2288 tam
951 2261 1058 2288 erecta
1075 2266 1170 2299 quam

430 2308 462 2341 in
487 2314 657 2352 posterum
683 2308 863 2351 erigenda,
890 2319 1070 2353 eorumque
1096 2315 1193 2342 con-'

430 2362 562 2396 fratres³
579 2368 611 2395 et
627 2373 686 2406 pro
705 2368 853 2406 tempore
871 2363 1048 2396 existentes
1063 2363 1095 2395 in
1110 2363 1171 2396 eis·

430 2416 502 2449 dem
526 2415 626 2449 Indiis
658 2415 936 2456 Occidentalibus,
962 2417 1115 2450 omnibus
1141 2422 1172 2450 et

429 2469 568 2512 singulis
593 2469 726 2511 gratiis,
754 2469 936 2512 privilegiis
956 2497 963 2510 ‚
994 2480 1171 2513 praeroga—

430 2523 514 2563 tivis,
541 2522 757 2563 facultatibus,
779 2522 922 2563 indultis,
938 2523 1169 2566 indulgentiis,

466 2603 477 2628 1
502 2601 651 2637 praeposit.
672 2604 703 2629 m
723 2610 772 2629 nos
792 2601 916 2629 addimus
935 2606 972 2638 (a.
994 2604 1043 2637 Ἡ).

463 2646 480 2673 2
491 2646 593 2673 Forsan
604 2647 661 2682 leg.
670 2647 872 2683 incipientibus
883 2655 932 2683 pro
944 2648 974 2675 in
986 2649 1169 2684 formastis).

466 2692 480 2719 3
495 2690 577 2720 Deest
594 2694 659 2719 tunc
673 2693 714 2727 (a.
733 2693 783 2727 Τ.).

1012 282 1193 306 BULLARIUM
1217 281 1374 306 ROMANUM

1214 338 1275 364 tam
1300 331 1525 374 spiritualibus
1544 342 1642 375 quam
1662 331 1902 375 temporalibus,
1921 336 1954 363 et

1213 385 1403 426 favoribus,
1428 396 1445 418 a
1469 384 1582 419 similis
1614 384 1791 418 memoriae
1823 384 1880 418 Pio
1905 383 1953 423 V,

1213 449 1249 471 ac
1273 439 1449 482 praedictis
1475 438 1632 482 Gregorio
1658 444 1689 472 et
1712 438 1800 472 Sixto
1821 437 1954 482 praede-

1212 492 1420 532 cessoribus,
1457 502 1585 525 necnon
1623 503 1641 525 a
1679 491 1849 536 quibusvis
1882 491 1953 524 aliis

1212 545 1365 578 Romanis
1393 545 1613 584 Pontificibus,
1640 546 1734 578 etiam
1760 545 1953 589 praedeces-

1212 598 1340 631 soribus
1362 599 1490 638 nostris,
1511 598 1729 641 hospitalibus
1745 598 1875 632 loannis
1895 598 1952 632 Dei

1212 651 1265 693 (eo
1279 651 1431 684 nimirum
1446 651 1478 684 in
1489 651 1680 685 Sanctorum
1696 661 1866 684 numerum
1876 661 1954 685 non-

1212 705 1288 738 dum
1314 706 1428 745 relato,
1447 716 1507 738 nec
1525 705 1646 739 Ordine
1661 705 1793 738 fratrum
1809 705 1953 738 eiusdem

1212 758 1313 791 sancti
1336 758 1464 792 loannis
1490 759 1545 792 Dei
1568 760 1676 793 adhuc
1697 758 1860 802 instituto)
1878 762 1954 790 tunc

1211 813 1406 855 nuncupatis
1433 823 1608 855 regnorum
1624 812 1853 856 Hispaniarum
1879 822 1956 855 quo-

1211 866 1391 899 modolibet
1406 866 1579 905 concessis,
1600 867 1658 906 uti,
1676 867 1738 899 frui
1761 871 1792 899 et
1811 866 1954 909 gaudere

1212 919 1313 952 libere
1341 925 1372 951 et
1398 919 1486 952 licite
1513 925 1647 962 possent
1671 925 1702 952 et
1738 920 1886 952 valerent
1922 919 1952 950 in

1212 972 1362 1005 omnibus
1389 978 1420 1005 et
1447 983 1505 1015 per
1540 972 1669 1011 onmia,
1696 972 1832 1015 perinde
1859 982 1896 1004 ac
1927 972 1953 1004 si

1212 1026 1289 1069 ipsis
1316 1026 1508 1059 nominatim
1534 1031 1565 1058 et
1596 1036 1699 1069 aeque
1729 1025 1955 1068 principaliter

1212 1090 1368 1112 concessa
1394 1079 1541 1112 fuissent..
1568 1080 1611 1111 Ac
1636 1079 1755 1112 deinde
1793 1078 1852 1122 ipsi
1886 1077 1956 1111 Cle-

1188 1160 1190 1172 ,
1212 1132 1311 1165 menti
1331 1132 1593 1176 praedecessori,
1611 1143 1670 1175 pro
1689 1137 1781 1175 parte
1798 1137 1874 1164 tunc
1892 1131 1957 1164 exi·

1213 1186 1366 1218 stentium
1386 1185 1570 1229 superioris
1588 1185 1697 1218 fratris
1716 1184 1848 1218 maioris
1874 1194 1956 1217 nun-

1214 1239 1320 1283 cupati
1354 1239 1432 1272 dicti
1465 1239 1638 1282 hospitalis
1670 1238 1701 1272 S.
1729 1238 1893 1282 Hippolyti
1926 1244 1957 1271 ct

1213 1293 1415 1326 confratrum
1442 1299 1503 1326 tam
1529 1293 1675 1326 eiusdem
1702 1292 1803 1325 sancti
1835 1292 1957 1336 Hippo-

1213 1347 1267 1390 lyti
1295 1358 1391 1390 quam
1417 1348 1559 1380 aliorum
1583 1358 1639 1380 sex
1671 1346 1887 1390 hospitalium
1915 1345 1955 1378 ab

1213 1411 1250 1433 co
1277 1400 1544 1444 dependentium,
1572 1401 1730 1444 exposito,
1757 1399 1845 1443 quod
1871 1398 1956 1432 dicta

1214 1455 1389 1498 hospitalia
1414 1455 1473 1487 sub
1499 1455 1740 1499 praedictorum
1759 1458 1955 1486 statutorum

1214 1514 1245 1540 et
1262 1508 1505 1541 ordinationum
1522 1507 1750 1541 observatione
1770 1506 1876 1550 spatio
1891 1507 1957 1550 plu-

1214 1560 1294 1593 rium
1321 1571 1480 1593 annorum
1506 1570 1667 1603 prospere
1698 1565 1728 1592 et
1748 1559 1886 1592 feliciter
1903 1559 1958 1592 ad-

1213 1614 1413 1653 ministrata,
1449 1624 1484 1646 ac
1516 1619 1578 1646 tam
1609 1612 1834 1656 spiritualibus
1860 1623 1955 1656 quam

1215 1667 1452 1711 temporalibus
1477 1666 1689 1699 incrementis
1716 1670 1812 1699 aucta
1830 1692 1837 1706 ,
1866 1671 1899 1698 et
1923 1665 1956 1698 in

1213 1732 1309 1754 unam
1328 1720 1623 1763 Congregationem
1642 1719 1672 1752 S.
1693 1718 1858 1762 Hippolyti
1878 1728 1958 1751 nun-

1213 1780 1363 1818 cupatam
1390 1774 1518 1806 redacta
1544 1773 1692 1811 fuerant,
1719 1772 1777 1805 sed
1803 1782 1955 1805 successu

1214 1827 1368 1871 temporis
1410 1826 1577 1859 familiaris
1620 1825 1823 1869 experientia
1858 1835 1953 1859 usus-

1214 1892 1274 1924 que
1310 1880 1520 1924 quotidianus
1559 1880 1742 1919 docuerat,
1780 1880 1956 1923 plerosque

1213 1934 1357 1977 ipsorum
1384 1933 1594 1977 hospitalium
1621 1933 1813 1973 confratres,
1832 1932 1958 1966 emissis

1213 1987 1290 2020 licet
1315 1987 1353 2020 de
1379 1997 1470 2019 more
1504 1986 1661 2019 castitatis
1695 1991 1726 2019 et
1758 1985 1959 2029 paupertatis

1213 2040 1313 2081 votis,
1340 2040 1372 2072 in
1398 2045 1549 2083 suscepto
1578 2045 1683 2072 tamen
1710 2050 1769 2083 per
1793 2049 1849 2072 eos
1876 2039 1958 2072 vitae

1215 2094 1441 2138 hospitaliciae
1467 2093 1613 2132 istituto‚
1641 2104 1677 2126 ex
1704 2104 1742 2126 eo
1763 2092 1957 2137 praesertim

1214 2148 1301 2192 qnod
1338 2147 1399 2192 ipsi
1440 2153 1619 2192 perpetuae
1657 2146 1889 2190 hospitalitatis
1926 2151 1958 2179 et

1215 2201 1422 2235 obedientiae
1441 2201 1521 2234 votis
1548 2201 1580 2233 in
1599 2200 1707 2244 aliquo
1725 2200 1873 2233 obstricti
1891 2209 1957 2232 non

1215 2261 1337 2295 essent,
1361 2255 1493 2287 minime
1518 2264 1751 2298 perseverare,
1777 2253 1863 2285 idem
1887 2252 1957 2285 Cle-

1215 2319 1306 2342 mens
1339 2309 1590 2352 praedecessor‚
1617 2308 1656 2341 ad
1681 2306 1957 2351 supplicationem

1215 2362 1403 2396 eorumdem
1443 2361 1550 2395 fratris
1589 2360 1722 2394 maioris
1763 2366 1796 2393 et
1827 2359 1957 2392 confra-

1215 2421 1308 2456 trum,
1335 2415 1420 2459 quod
1447 2415 1486 2448 de
1512 2418 1618 2448 cetero
1645 2419 1676 2447 et
1701 2414 1732 2446 in
1758 2418 1956 2457 perpetuum

1215 2479 1328 2502 omnes
1353 2474 1384 2502 et
1409 2468 1527 2511 singuli
1554 2467 1714 2500 dictorum
1741 2465 1954 2509 hospitalium

1215 2523 1408 2564 confratres,
1424 2528 1499 2555 tuuc
1520 2527 1551 2555 et
1567 2531 1628 2565 pro
1647 2526 1796 2563 tempore
1815 2519 1957 2553 existen-

1215 2582 1274 2618 tes,
1301 2576 1365 2609 duo
1391 2581 1523 2614 tantum,
1548 2573 1701 2606 videlicet
1718 2572 1956 2616 hospitalitatis

1214 2637 1244 2664 et
1269 2629 1476 2663 obedientiae
1500 2631 1575 2660 vota
1600 2626 1749 2660 emittere
1776 2626 1956 2666 deberent,

1213 2694 1271 2727 per
1296 2684 1375 2717 alias
1397 2692 1469 2716 suas
1486 2682 1619 2722 litteras,
1648 2690 1734 2714 anno
1752 2679 1954 2714 Incarnatio-

1958 272 2011 309 An.
2026 281 2056 310 c.
2075 281 2148 310 «τοο
