<?xml version="1.0" encoding="UTF-8"?>
<!DOCTYPE html PUBLIC "-//W3C//DTD XHTML 1.0 Transitional//EN"
    "http://www.w3.org/TR/xhtml1/DTD/xhtml1-transitional.dtd">
<html xmlns="http://www.w3.org/1999/xhtml" xml:lang="en" lang="en">
 <head>
  <title>
</title>
<meta http-equiv="Content-Type" content="text/html;charset=utf-8" />
  <meta name='ocr-system' content='tesseract 3.04.00' />
  <meta name='ocr-capabilities' content='ocr_page ocr_carea ocr_par ocr_line ocrx_word'/>
</head>
<body>
  <div class='ocr_page' id='page_1' title='image "./bullarumdiplomat20cath_0448.png"; bbox 0 0 2254 3225; ppageno 0'>
   <div class='ocr_carea' id='block_1_1' title="bbox 196 204 492 241">
    <p class='ocr_par' dir='ltr' id='par_1_1' title="bbox 196 204 492 241">
     <span class='ocr_line' id='line_1_1' title="bbox 196 204 492 241; baseline -0.01 -2"><span class='ocrx_word' id='word_1_1' title='bbox 196 215 244 241; x_wconf 69' lang='lat' dir='ltr'>An.</span> <span class='ocrx_word' id='word_1_2' title='bbox 265 216 293 241; x_wconf 70' lang='lat' dir='ltr'>C.</span> <span class='ocrx_word' id='word_1_3' title='bbox 317 215 378 240; x_wconf 62' lang='lat' dir='ltr'>iuti!</span> <span class='ocrx_word' id='word_1_4' title='bbox 428 204 492 237; x_wconf 72' lang='grc'>386</span> 
     </span>
    </p>
   </div>
   <div class='ocr_carea' id='block_1_2' title="bbox 387 212 1150 2582">
    <p class='ocr_par' dir='ltr' id='par_1_2' title="bbox 387 212 1150 355">
     <span class='ocr_line' id='line_1_2' title="bbox 722 212 1146 246; baseline -0.014 -7"><span class='ocrx_word' id='word_1_5' title='bbox 722 243 723 246; x_wconf 14' lang='lat'>¹</span> <span class='ocrx_word' id='word_1_6' title='bbox 969 212 1146 235; x_wconf 60' lang='lat' dir='ltr'>unianimi</span> 
     </span>
     <span class='ocr_line' id='line_1_3' title="bbox 387 260 1150 305; baseline -0.004 -11"><span class='ocrx_word' id='word_1_7' title='bbox 387 262 656 305; x_wconf 84' lang='lat' dir='ltr'>praetermittant,</span> <span class='ocrx_word' id='word_1_8' title='bbox 682 270 788 305; x_wconf 86' lang='lat' dir='ltr'>neque</span> <span class='ocrx_word' id='word_1_9' title='bbox 814 261 870 294; x_wconf 78' lang='lat' dir='ltr'>illa</span> <span class='ocrx_word' id='word_1_10' title='bbox 889 260 997 294; x_wconf 84' lang='lat' dir='ltr'>sinant</span> <span class='ocrx_word' id='word_1_11' title='bbox 1014 260 1046 292; x_wconf 88' lang='lat' dir='ltr'>in</span> <span class='ocrx_word' id='word_1_12' title='bbox 1064 260 1127 291; x_wconf 86' lang='lat' dir='ltr'>sra-</span> <span class='ocrx_word' id='word_1_13' title='bbox 1146 262 1150 272; x_wconf 90' lang='lat'><strong>¹</strong></span> 
     </span>
     <span class='ocr_line' id='line_1_4' title="bbox 388 312 1126 355; baseline -0.004 -8"><span class='ocrx_word' id='word_1_14' title='bbox 388 315 492 347; x_wconf 90' lang='lat' dir='ltr'>tribus</span> <span class='ocrx_word' id='word_1_15' title='bbox 518 315 705 355; x_wconf 87' lang='lat' dir='ltr'>obscurari,</span> <span class='ocrx_word' id='word_1_16' title='bbox 733 319 787 348; x_wconf 85' lang='lat' dir='ltr'>aut</span> <span class='ocrx_word' id='word_1_17' title='bbox 819 324 874 347; x_wconf 88' lang='lat' dir='ltr'>eos</span> <span class='ocrx_word' id='word_1_18' title='bbox 899 313 968 346; x_wconf 87' lang='lat' dir='ltr'>sine</span> <span class='ocrx_word' id='word_1_19' title='bbox 999 312 1126 345; x_wconf 82' lang='lat' dir='ltr'>medico</span> 
     </span>
    </p>

    <p class='ocr_par' dir='ltr' id='par_1_3' title="bbox 388 365 1127 411">
     <span class='ocr_line' id='line_1_5' title="bbox 388 365 1127 411; baseline -0.007 -11"><span class='ocrx_word' id='word_1_20' title='bbox 388 372 420 400; x_wconf 88' lang='lat' dir='ltr'>et</span> <span class='ocrx_word' id='word_1_21' title='bbox 443 367 568 400; x_wconf 79' lang='lat' dir='ltr'>medela</span> <span class='ocrx_word' id='word_1_22' title='bbox 592 367 702 411; x_wconf 88' lang='lat' dir='ltr'>perire</span> <span class='ocrx_word' id='word_1_23' title='bbox 726 371 862 410; x_wconf 86' lang='lat' dir='ltr'>propter</span> <span class='ocrx_word' id='word_1_24' title='bbox 885 365 1049 398; x_wconf 87' lang='lat' dir='ltr'>modicum</span> <span class='ocrx_word' id='word_1_25' title='bbox 1074 374 1127 396; x_wconf 89' lang='lat' dir='ltr'>ru-</span> 
     </span>
    </p>

    <p class='ocr_par' dir='ltr' id='par_1_4' title="bbox 387 418 1123 461">
     <span class='ocr_line' id='line_1_6' title="bbox 387 418 1123 461; baseline -0.007 -8"><span class='ocrx_word' id='word_1_26' title='bbox 387 420 501 454; x_wconf 88' lang='lat' dir='ltr'>borem</span> <span class='ocrx_word' id='word_1_27' title='bbox 527 426 560 454; x_wconf 87' lang='lat' dir='ltr'>et</span> <span class='ocrx_word' id='word_1_28' title='bbox 584 422 731 454; x_wconf 88' lang='lat' dir='ltr'>dolorem</span> <span class='ocrx_word' id='word_1_29' title='bbox 756 420 857 453; x_wconf 85' lang='lat' dir='ltr'>famae</span> <span class='ocrx_word' id='word_1_30' title='bbox 891 419 975 461; x_wconf 90' lang='lat' dir='ltr'>apud</span> <span class='ocrx_word' id='word_1_31' title='bbox 1013 418 1123 456; x_wconf 87' lang='lat' dir='ltr'>illum·‚</span> 
     </span>
    </p>

    <p class='ocr_par' dir='ltr' id='par_1_5' title="bbox 389 471 1124 507">
     <span class='ocr_line' id='line_1_7' title="bbox 389 471 1124 507; baseline -0.008 0"><span class='ocrx_word' id='word_1_32' title='bbox 389 474 504 507; x_wconf 86' lang='lat' dir='ltr'>malint</span> <span class='ocrx_word' id='word_1_33' title='bbox 540 475 626 507; x_wconf 91' lang='lat' dir='ltr'>enim</span> <span class='ocrx_word' id='word_1_34' title='bbox 657 475 793 506; x_wconf 83' lang='lat' dir='ltr'>vulnera</span> <span class='ocrx_word' id='word_1_35' title='bbox 824 483 938 506; x_wconf 88' lang='lat' dir='ltr'>eorum</span> <span class='ocrx_word' id='word_1_36' title='bbox 971 475 1001 504; x_wconf 91' lang='lat' dir='ltr'>ct</span> <span class='ocrx_word' id='word_1_37' title='bbox 1031 471 1124 502; x_wconf 89' lang='lat' dir='ltr'>ulcus</span> 
     </span>
    </p>

    <p class='ocr_par' dir='ltr' id='par_1_6' title="bbox 389 521 1126 571">
     <span class='ocr_line' id='line_1_8' title="bbox 389 521 1126 571; baseline -0.008 -11"><span class='ocrx_word' id='word_1_38' title='bbox 389 527 525 571; x_wconf 89' lang='lat' dir='ltr'>praelati</span> <span class='ocrx_word' id='word_1_39' title='bbox 551 527 707 560; x_wconf 73' lang='lat' dir='ltr'>discretae</span> <span class='ocrx_word' id='word_1_40' title='bbox 739 524 963 569; x_wconf 85' lang='lat' dir='ltr'>providentiae</span> <span class='ocrx_word' id='word_1_41' title='bbox 994 533 1067 556; x_wconf 91' lang='lat' dir='ltr'>cum</span> <span class='ocrx_word' id='word_1_42' title='bbox 1091 521 1126 553; x_wconf 86' lang='lat' dir='ltr'>fi-</span> 
     </span>
    </p>

    <p class='ocr_par' dir='ltr' id='par_1_7' title="bbox 391 575 1125 621">
     <span class='ocr_line' id='line_1_9' title="bbox 391 575 1125 621; baseline -0.007 -9"><span class='ocrx_word' id='word_1_43' title='bbox 391 580 484 613; x_wconf 69' lang='lat' dir='ltr'>ducta</span> <span class='ocrx_word' id='word_1_44' title='bbox 508 580 687 619; x_wconf 88' lang='lat' dir='ltr'>subiicere,</span> <span class='ocrx_word' id='word_1_45' title='bbox 724 588 819 621; x_wconf 83' lang='lat' dir='ltr'>quam</span> <span class='ocrx_word' id='word_1_46' title='bbox 855 577 967 610; x_wconf 87' lang='lat' dir='ltr'>eadem</span> <span class='ocrx_word' id='word_1_47' title='bbox 999 575 1125 608; x_wconf 88' lang='lat' dir='ltr'>occulte</span> 
     </span>
    </p>

    <p class='ocr_par' dir='ltr' id='par_1_8' title="bbox 390 628 1125 676">
     <span class='ocr_line' id='line_1_10' title="bbox 390 628 1125 676; baseline -0.007 -12"><span class='ocrx_word' id='word_1_48' title='bbox 390 638 595 676; x_wconf 87' lang='lat' dir='ltr'>putrescere;</span> <span class='ocrx_word' id='word_1_49' title='bbox 620 632 783 675; x_wconf 84' lang='lat' dir='ltr'>praelatus</span> <span class='ocrx_word' id='word_1_50' title='bbox 807 639 884 663; x_wconf 89' lang='lat' dir='ltr'>vero</span> <span class='ocrx_word' id='word_1_51' title='bbox 910 629 942 661; x_wconf 90' lang='lat' dir='ltr'>in</span> <span class='ocrx_word' id='word_1_52' title='bbox 975 628 1125 661; x_wconf 89' lang='lat' dir='ltr'>omnibus</span> 
     </span>
    </p>

    <p class='ocr_par' dir='ltr' id='par_1_9' title="bbox 390 682 1123 726">
     <span class='ocr_line' id='line_1_11' title="bbox 390 682 1123 726; baseline -0.007 -8"><span class='ocrx_word' id='word_1_53' title='bbox 390 686 429 718; x_wconf 90' lang='lat' dir='ltr'>ad</span> <span class='ocrx_word' id='word_1_54' title='bbox 454 696 488 718; x_wconf 86' lang='lat' dir='ltr'>sc</span> <span class='ocrx_word' id='word_1_55' title='bbox 514 685 629 718; x_wconf 84' lang='lat' dir='ltr'>delatis</span> <span class='ocrx_word' id='word_1_56' title='bbox 663 685 705 716; x_wconf 91' lang='lat' dir='ltr'>ita</span> <span class='ocrx_word' id='word_1_57' title='bbox 737 682 917 726; x_wconf 77' lang='lat' dir='ltr'>prudenter</span> <span class='ocrx_word' id='word_1_58' title='bbox 948 691 981 714; x_wconf 87' lang='lat' dir='ltr'>se</span> <span class='ocrx_word' id='word_1_59' title='bbox 1014 686 1123 723; x_wconf 81' lang='lat' dir='ltr'>gerat,</span> 
     </span>
    </p>

    <p class='ocr_par' dir='ltr' id='par_1_10' title="bbox 389 734 1125 781">
     <span class='ocr_line' id='line_1_12' title="bbox 389 734 1125 781; baseline -0.005 -11"><span class='ocrx_word' id='word_1_60' title='bbox 389 744 426 770; x_wconf 84' lang='lat' dir='ltr'>ut</span> <span class='ocrx_word' id='word_1_61' title='bbox 457 749 622 781; x_wconf 85' lang='lat' dir='ltr'>nunquam</span> <span class='ocrx_word' id='word_1_62' title='bbox 649 743 769 770; x_wconf 86' lang='lat' dir='ltr'>temere</span> <span class='ocrx_word' id='word_1_63' title='bbox 796 741 828 768; x_wconf 89' lang='lat' dir='ltr'>et</span> <span class='ocrx_word' id='word_1_64' title='bbox 851 736 1038 768; x_wconf 89' lang='lat' dir='ltr'>inconsulto</span> <span class='ocrx_word' id='word_1_65' title='bbox 1064 734 1125 767; x_wconf 88' lang='lat' dir='ltr'>cri-</span> 
     </span>
    </p>

    <p class='ocr_par' dir='ltr' id='par_1_11' title="bbox 390 789 1125 833">
     <span class='ocr_line' id='line_1_13' title="bbox 390 789 1125 833; baseline -0.004 -10"><span class='ocrx_word' id='word_1_66' title='bbox 390 791 478 823; x_wconf 84' lang='lat' dir='ltr'>mina</span> <span class='ocrx_word' id='word_1_67' title='bbox 502 790 685 833; x_wconf 80' lang='lat' dir='ltr'>subrogat¹,</span> <span class='ocrx_word' id='word_1_68' title='bbox 713 789 768 822; x_wconf 89' lang='lat' dir='ltr'>sed</span> <span class='ocrx_word' id='word_1_69' title='bbox 795 799 831 822; x_wconf 85' lang='lat' dir='ltr'>ea</span> <span class='ocrx_word' id='word_1_70' title='bbox 854 789 1033 832; x_wconf 75' lang='lat' dir='ltr'>respective</span> <span class='ocrx_word' id='word_1_71' title='bbox 1058 798 1125 821; x_wconf 92' lang='lat' dir='ltr'>me-</span> 
     </span>
    </p>

    <p class='ocr_par' dir='ltr' id='par_1_12' title="bbox 391 841 1125 887">
     <span class='ocr_line' id='line_1_14' title="bbox 391 841 1125 887; baseline -0.004 -11"><span class='ocrx_word' id='word_1_72' title='bbox 391 844 496 877; x_wconf 89' lang='lat' dir='ltr'>denda</span> <span class='ocrx_word' id='word_1_73' title='bbox 517 844 670 887; x_wconf 85' lang='lat' dir='ltr'>suscipiat</span> <span class='ocrx_word' id='word_1_74' title='bbox 693 848 828 886; x_wconf 87' lang='lat' dir='ltr'>paterne</span> <span class='ocrx_word' id='word_1_75' title='bbox 844 843 896 875; x_wconf 90' lang='lat' dir='ltr'>vel</span> <span class='ocrx_word' id='word_1_76' title='bbox 919 841 1125 881; x_wconf 85' lang='lat' dir='ltr'>iudicialiter,</span> 
     </span>
    </p>

    <p class='ocr_par' dir='ltr' id='par_1_13' title="bbox 391 894 1125 940">
     <span class='ocr_line' id='line_1_15' title="bbox 391 894 1125 940; baseline -0.004 -11"><span class='ocrx_word' id='word_1_77' title='bbox 391 897 574 930; x_wconf 85' lang='lat' dir='ltr'>secundum</span> <span class='ocrx_word' id='word_1_78' title='bbox 610 897 699 940; x_wconf 90' lang='lat' dir='ltr'>quod</span> <span class='ocrx_word' id='word_1_79' title='bbox 730 896 769 929; x_wconf 92' lang='lat' dir='ltr'>de</span> <span class='ocrx_word' id='word_1_80' title='bbox 797 895 867 928; x_wconf 89' lang='lat' dir='ltr'>iure</span> <span class='ocrx_word' id='word_1_81' title='bbox 902 899 934 928; x_wconf 86' lang='lat' dir='ltr'>et</span> <span class='ocrx_word' id='word_1_82' title='bbox 968 894 1125 927; x_wconf 79' lang='lat' dir='ltr'>charitate</span> 
     </span>
    </p>

    <p class='ocr_par' dir='ltr' id='par_1_14' title="bbox 390 948 1128 992">
     <span class='ocr_line' id='line_1_16' title="bbox 390 948 1128 992; baseline -0.001 -10"><span class='ocrx_word' id='word_1_83' title='bbox 390 950 493 992; x_wconf 76' lang='lat' dir='ltr'>magis</span> <span class='ocrx_word' id='word_1_84' title='bbox 518 954 676 992; x_wconf 73' lang='lat' dir='ltr'>congruat</span> <span class='ocrx_word' id='word_1_85' title='bbox 693 948 915 982; x_wconf 82' lang='lat' dir='ltr'>emendationi</span> <span class='ocrx_word' id='word_1_86' title='bbox 933 948 1128 992; x_wconf 85' lang='lat' dir='ltr'>delinquen-</span> 
     </span>
    </p>

    <p class='ocr_par' dir='ltr' id='par_1_15' title="bbox 390 1001 1126 1045">
     <span class='ocr_line' id='line_1_17' title="bbox 390 1001 1126 1045; baseline 0 -10"><span class='ocrx_word' id='word_1_87' title='bbox 390 1003 442 1035; x_wconf 82' lang='lat' dir='ltr'>tis.</span> <span class='ocrx_word' id='word_1_88' title='bbox 467 1003 543 1036; x_wconf 88' lang='lat' dir='ltr'>Eam</span> <span class='ocrx_word' id='word_1_89' title='bbox 570 1008 674 1036; x_wconf 85' lang='lat' dir='ltr'>tamen</span> <span class='ocrx_word' id='word_1_90' title='bbox 698 1003 843 1045; x_wconf 81' lang='lat' dir='ltr'>regulam</span> <span class='ocrx_word' id='word_1_91' title='bbox 870 1001 931 1034; x_wconf 88' lang='lat' dir='ltr'>sibi</span> <span class='ocrx_word' id='word_1_92' title='bbox 952 1001 1126 1035; x_wconf 85' lang='lat' dir='ltr'>observan-</span> 
     </span>
    </p>

    <p class='ocr_par' dir='ltr' id='par_1_16' title="bbox 392 1056 1127 1099">
     <span class='ocr_line' id='line_1_18' title="bbox 392 1056 1127 1099; baseline 0.001 -11"><span class='ocrx_word' id='word_1_93' title='bbox 392 1056 464 1088; x_wconf 90' lang='lat' dir='ltr'>dam</span> <span class='ocrx_word' id='word_1_94' title='bbox 482 1062 610 1096; x_wconf 84' lang='lat' dir='ltr'>statuat,</span> <span class='ocrx_word' id='word_1_95' title='bbox 631 1061 666 1088; x_wconf 88' lang='lat' dir='ltr'>ut</span> <span class='ocrx_word' id='word_1_96' title='bbox 688 1061 814 1089; x_wconf 85' lang='lat' dir='ltr'>secreta</span> <span class='ocrx_word' id='word_1_97' title='bbox 831 1061 969 1097; x_wconf 84' lang='lat' dir='ltr'>secreto,</span> <span class='ocrx_word' id='word_1_98' title='bbox 997 1056 1127 1099; x_wconf 84' lang='lat' dir='ltr'>publica</span> 
     </span>
    </p>

    <p class='ocr_par' dir='ltr' id='par_1_17' title="bbox 391 1109 1126 1152">
     <span class='ocr_line' id='line_1_19' title="bbox 391 1109 1126 1152; baseline 0.001 -12"><span class='ocrx_word' id='word_1_99' title='bbox 391 1109 522 1152; x_wconf 84' lang='lat' dir='ltr'>publice</span> <span class='ocrx_word' id='word_1_100' title='bbox 547 1110 762 1152; x_wconf 75' lang='lat' dir='ltr'>corrigantur,</span> <span class='ocrx_word' id='word_1_101' title='bbox 790 1115 954 1142; x_wconf 79' lang='lat' dir='ltr'>etcoram</span> <span class='ocrx_word' id='word_1_102' title='bbox 978 1109 1126 1152; x_wconf 87' lang='lat' dir='ltr'>pluribus</span> 
     </span>
    </p>

    <p class='ocr_par' dir='ltr' id='par_1_18' title="bbox 392 1162 1127 1206">
     <span class='ocr_line' id='line_1_20' title="bbox 392 1162 1127 1206; baseline 0.003 -13"><span class='ocrx_word' id='word_1_103' title='bbox 392 1168 446 1194; x_wconf 86' lang='lat' dir='ltr'>aut</span> <span class='ocrx_word' id='word_1_104' title='bbox 470 1163 690 1206; x_wconf 76' lang='lat' dir='ltr'>paucioribus,</span> <span class='ocrx_word' id='word_1_105' title='bbox 716 1163 893 1196; x_wconf 85' lang='lat' dir='ltr'>secundum</span> <span class='ocrx_word' id='word_1_106' title='bbox 913 1163 1049 1206; x_wconf 80' lang='lat' dir='ltr'>gradum</span> <span class='ocrx_word' id='word_1_107' title='bbox 1070 1162 1127 1196; x_wconf 84' lang='lat' dir='ltr'>dis-</span> 
     </span>
    </p>

    <p class='ocr_par' dir='ltr' id='par_1_19' title="bbox 391 1215 719 1248">
     <span class='ocr_line' id='line_1_21' title="bbox 391 1215 719 1248; baseline 0 -1"><span class='ocrx_word' id='word_1_108' title='bbox 391 1215 572 1248; x_wconf 81' lang='lat' dir='ltr'>saniationis</span> <span class='ocrx_word' id='word_1_109' title='bbox 598 1215 719 1248; x_wconf 81' lang='lat' dir='ltr'>delicti.</span> 
     </span>
    </p>

    <p class='ocr_par' dir='ltr' id='par_1_20' title="bbox 391 1269 1138 2423">
     <span class='ocr_line' id='line_1_22' title="bbox 435 1269 1129 1312; baseline 0 -11"><span class='ocrx_word' id='word_1_110' title='bbox 435 1279 466 1301; x_wconf 87' lang='lat' dir='ltr'>v.</span> <span class='ocrx_word' id='word_1_111' title='bbox 493 1269 719 1312; x_wconf 78' lang='lat' dir='ltr'>Quaecumque</span> <span class='ocrx_word' id='word_1_112' title='bbox 745 1273 850 1302; x_wconf 89' lang='lat' dir='ltr'>autem</span> <span class='ocrx_word' id='word_1_113' title='bbox 876 1269 1050 1303; x_wconf 83' lang='lat' dir='ltr'>deserenda</span> <span class='ocrx_word' id='word_1_114' title='bbox 1065 1270 1129 1302; x_wconf 92' lang='lat' dir='ltr'>sint</span> 
     </span>
     <span class='ocr_line' id='line_1_23' title="bbox 392 1320 1129 1366; baseline 0.003 -13"><span class='ocrx_word' id='word_1_115' title='bbox 392 1320 596 1361; x_wconf 86' lang='lat' dir='ltr'>iudicialiter,</span> <span class='ocrx_word' id='word_1_116' title='bbox 624 1332 755 1364; x_wconf 84' lang='lat' dir='ltr'>semper</span> <span class='ocrx_word' id='word_1_117' title='bbox 773 1322 811 1355; x_wconf 91' lang='lat' dir='ltr'>de</span> <span class='ocrx_word' id='word_1_118' title='bbox 832 1322 897 1354; x_wconf 83' lang='lat' dir='ltr'>illis</span> <span class='ocrx_word' id='word_1_119' title='bbox 922 1322 1019 1355; x_wconf 86' lang='lat' dir='ltr'>debet</span> <span class='ocrx_word' id='word_1_120' title='bbox 1038 1333 1129 1366; x_wconf 85' lang='lat' dir='ltr'>prae-</span> 
     </span>
     <span class='ocr_line' id='line_1_24' title="bbox 392 1374 1128 1418; baseline 0.003 -12"><span class='ocrx_word' id='word_1_121' title='bbox 392 1374 510 1407; x_wconf 87' lang='lat' dir='ltr'>cedere</span> <span class='ocrx_word' id='word_1_122' title='bbox 536 1374 709 1407; x_wconf 80' lang='lat' dir='ltr'>dilsamatio</span> <span class='ocrx_word' id='word_1_123' title='bbox 735 1380 766 1407; x_wconf 90' lang='lat' dir='ltr'>et</span> <span class='ocrx_word' id='word_1_124' title='bbox 790 1375 954 1417; x_wconf 87' lang='lat' dir='ltr'>suspicio,</span> <span class='ocrx_word' id='word_1_125' title='bbox 982 1386 1063 1418; x_wconf 88' lang='lat' dir='ltr'>quae</span> <span class='ocrx_word' id='word_1_126' title='bbox 1089 1376 1128 1408; x_wconf 91' lang='lat' dir='ltr'>de</span> 
     </span>
     <span class='ocr_line' id='line_1_25' title="bbox 391 1426 1130 1461; baseline 0.003 -2"><span class='ocrx_word' id='word_1_127' title='bbox 391 1426 461 1459; x_wconf 87' lang='lat' dir='ltr'>iure</span> <span class='ocrx_word' id='word_1_128' title='bbox 494 1427 533 1460; x_wconf 91' lang='lat' dir='ltr'>ad</span> <span class='ocrx_word' id='word_1_129' title='bbox 568 1428 765 1460; x_wconf 78' lang='lat' dir='ltr'>delationem</span> <span class='ocrx_word' id='word_1_130' title='bbox 804 1427 952 1460; x_wconf 81' lang='lat' dir='ltr'>sufficiat.</span> <span class='ocrx_word' id='word_1_131' title='bbox 991 1428 1021 1461; x_wconf 86' lang='lat' dir='ltr'>Si</span> <span class='ocrx_word' id='word_1_132' title='bbox 1054 1438 1130 1461; x_wconf 86' lang='lat' dir='ltr'>reus</span> 
     </span>
     <span class='ocr_line' id='line_1_26' title="bbox 392 1479 1128 1523; baseline 0.003 -12"><span class='ocrx_word' id='word_1_133' title='bbox 392 1479 455 1511; x_wconf 90' lang='lat' dir='ltr'>iam</span> <span class='ocrx_word' id='word_1_134' title='bbox 480 1480 577 1512; x_wconf 87' lang='lat' dir='ltr'>suerit</span> <span class='ocrx_word' id='word_1_135' title='bbox 601 1481 744 1523; x_wconf 89' lang='lat' dir='ltr'>alioquin</span> <span class='ocrx_word' id='word_1_136' title='bbox 781 1481 972 1513; x_wconf 86' lang='lat' dir='ltr'>emendatus</span> <span class='ocrx_word' id='word_1_137' title='bbox 1009 1481 1040 1513; x_wconf 94' lang='lat' dir='ltr'>in</span> <span class='ocrx_word' id='word_1_138' title='bbox 1078 1491 1128 1513; x_wconf 85' lang='lat' dir='ltr'>ca-</span> 
     </span>
     <span class='ocr_line' id='line_1_27' title="bbox 393 1532 1127 1573; baseline 0.004 -9"><span class='ocrx_word' id='word_1_139' title='bbox 393 1532 483 1565; x_wconf 83' lang='lat' dir='ltr'>sibus</span> <span class='ocrx_word' id='word_1_140' title='bbox 509 1533 551 1565; x_wconf 87' lang='lat' dir='ltr'>ita</span> <span class='ocrx_word' id='word_1_141' title='bbox 574 1534 722 1573; x_wconf 87' lang='lat' dir='ltr'>occultis,</span> <span class='ocrx_word' id='word_1_142' title='bbox 740 1538 772 1566; x_wconf 87' lang='lat' dir='ltr'>et</span> <span class='ocrx_word' id='word_1_143' title='bbox 796 1544 833 1566; x_wconf 82' lang='lat' dir='ltr'>ex</span> <span class='ocrx_word' id='word_1_144' title='bbox 858 1533 923 1566; x_wconf 86' lang='lat' dir='ltr'>illis</span> <span class='ocrx_word' id='word_1_145' title='bbox 941 1534 1127 1567; x_wconf 88' lang='lat' dir='ltr'>scandalum</span> 
     </span>
     <span class='ocr_line' id='line_1_28' title="bbox 394 1585 1131 1629; baseline 0.004 -13"><span class='ocrx_word' id='word_1_146' title='bbox 394 1591 426 1617; x_wconf 88' lang='lat' dir='ltr'>et</span> <span class='ocrx_word' id='word_1_147' title='bbox 450 1585 609 1618; x_wconf 86' lang='lat' dir='ltr'>vindictae</span> <span class='ocrx_word' id='word_1_148' title='bbox 645 1586 794 1629; x_wconf 85' lang='lat' dir='ltr'>publicae</span> <span class='ocrx_word' id='word_1_149' title='bbox 825 1586 1044 1619; x_wconf 79' lang='lat' dir='ltr'>satisfaciendi</span> <span class='ocrx_word' id='word_1_150' title='bbox 1076 1597 1131 1619; x_wconf 90' lang='lat' dir='ltr'>ne-</span> 
     </span>
     <span class='ocr_line' id='line_1_29' title="bbox 395 1637 1129 1681; baseline 0.004 -12"><span class='ocrx_word' id='word_1_151' title='bbox 395 1637 528 1670; x_wconf 76' lang='lat' dir='ltr'>cessitas</span> <span class='ocrx_word' id='word_1_152' title='bbox 552 1648 617 1671; x_wconf 88' lang='lat' dir='ltr'>non</span> <span class='ocrx_word' id='word_1_153' title='bbox 643 1644 796 1681; x_wconf 75' lang='lat' dir='ltr'>emergat,</span> <span class='ocrx_word' id='word_1_154' title='bbox 823 1639 956 1672; x_wconf 89' lang='lat' dir='ltr'>omnino</span> <span class='ocrx_word' id='word_1_155' title='bbox 977 1640 1129 1672; x_wconf 86' lang='lat' dir='ltr'>celandus</span> 
     </span>
     <span class='ocr_line' id='line_1_30' title="bbox 394 1691 1130 1725; baseline 0.001 -1"><span class='ocrx_word' id='word_1_156' title='bbox 394 1696 442 1724; x_wconf 85' lang='lat' dir='ltr'>est</span> <span class='ocrx_word' id='word_1_157' title='bbox 465 1691 575 1724; x_wconf 88' lang='lat' dir='ltr'>iudici.</span> <span class='ocrx_word' id='word_1_158' title='bbox 603 1691 632 1724; x_wconf 85' lang='lat' dir='ltr'>Si</span> <span class='ocrx_word' id='word_1_159' title='bbox 655 1698 762 1724; x_wconf 89' lang='lat' dir='ltr'>autem</span> <span class='ocrx_word' id='word_1_160' title='bbox 796 1692 865 1724; x_wconf 87' lang='lat' dir='ltr'>sine</span> <span class='ocrx_word' id='word_1_161' title='bbox 895 1692 1047 1725; x_wconf 82' lang='lat' dir='ltr'>scandalo</span> <span class='ocrx_word' id='word_1_162' title='bbox 1084 1693 1130 1725; x_wconf 83' lang='lat' dir='ltr'>os-</span> 
     </span>
     <span class='ocr_line' id='line_1_31' title="bbox 394 1744 1128 1788; baseline 0.004 -12"><span class='ocrx_word' id='word_1_163' title='bbox 394 1744 519 1782; x_wconf 76' lang='lat' dir='ltr'>sendat,</span> <span class='ocrx_word' id='word_1_164' title='bbox 545 1749 576 1776; x_wconf 93' lang='lat' dir='ltr'>et</span> <span class='ocrx_word' id='word_1_165' title='bbox 593 1744 733 1776; x_wconf 80' lang='lat' dir='ltr'>sraterna</span> <span class='ocrx_word' id='word_1_166' title='bbox 754 1744 915 1777; x_wconf 87' lang='lat' dir='ltr'>correctio</span> <span class='ocrx_word' id='word_1_167' title='bbox 932 1755 995 1777; x_wconf 90' lang='lat' dir='ltr'>non</span> <span class='ocrx_word' id='word_1_168' title='bbox 1018 1745 1128 1788; x_wconf 80' lang='lat' dir='ltr'>prosit.</span> 
     </span>
     <span class='ocr_line' id='line_1_32' title="bbox 393 1796 1131 1839; baseline 0.003 -11"><span class='ocrx_word' id='word_1_169' title='bbox 393 1798 443 1829; x_wconf 88' lang='lat' dir='ltr'>vel</span> <span class='ocrx_word' id='word_1_170' title='bbox 470 1796 540 1839; x_wconf 84' lang='lat' dir='ltr'>quis</span> <span class='ocrx_word' id='word_1_171' title='bbox 566 1807 635 1829; x_wconf 85' lang='lat' dir='ltr'>eam</span> <span class='ocrx_word' id='word_1_172' title='bbox 661 1797 765 1829; x_wconf 79' lang='lat' dir='ltr'>facere</span> <span class='ocrx_word' id='word_1_173' title='bbox 789 1807 855 1829; x_wconf 90' lang='lat' dir='ltr'>non</span> <span class='ocrx_word' id='word_1_174' title='bbox 880 1798 1007 1837; x_wconf 80' lang='lat' dir='ltr'>audeat,</span> <span class='ocrx_word' id='word_1_175' title='bbox 1035 1808 1131 1830; x_wconf 88' lang='lat' dir='ltr'>evan-</span> 
     </span>
     <span class='ocr_line' id='line_1_33' title="bbox 396 1848 1132 1892; baseline 0.001 -11"><span class='ocrx_word' id='word_1_176' title='bbox 396 1848 531 1892; x_wconf 79' lang='lat' dir='ltr'>gelicam</span> <span class='ocrx_word' id='word_1_177' title='bbox 565 1855 686 1881; x_wconf 86' lang='lat' dir='ltr'>tantum</span> <span class='ocrx_word' id='word_1_178' title='bbox 723 1849 1009 1882; x_wconf 84' lang='lat' dir='ltr'>denunciationem</span> <span class='ocrx_word' id='word_1_179' title='bbox 1045 1850 1132 1882; x_wconf 84' lang='lat' dir='ltr'>adhi-</span> 
     </span>
     <span class='ocr_line' id='line_1_34' title="bbox 394 1903 1132 1945; baseline 0.001 -11"><span class='ocrx_word' id='word_1_180' title='bbox 394 1903 477 1942; x_wconf 86' lang='lat' dir='ltr'>beat,</span> <span class='ocrx_word' id='word_1_181' title='bbox 502 1908 537 1934; x_wconf 86' lang='lat' dir='ltr'>ut</span> <span class='ocrx_word' id='word_1_182' title='bbox 561 1908 695 1945; x_wconf 88' lang='lat' dir='ltr'>paterne</span> <span class='ocrx_word' id='word_1_183' title='bbox 721 1907 753 1935; x_wconf 92' lang='lat' dir='ltr'>et</span> <span class='ocrx_word' id='word_1_184' title='bbox 777 1903 846 1935; x_wconf 88' lang='lat' dir='ltr'>sine</span> <span class='ocrx_word' id='word_1_185' title='bbox 873 1903 1011 1945; x_wconf 84' lang='lat' dir='ltr'>strepitu</span> <span class='ocrx_word' id='word_1_186' title='bbox 1036 1903 1132 1935; x_wconf 77' lang='lat' dir='ltr'>corri-</span> 
     </span>
     <span class='ocr_line' id='line_1_35' title="bbox 396 1954 1134 1999; baseline 0.001 -12"><span class='ocrx_word' id='word_1_187' title='bbox 396 1956 517 1999; x_wconf 79' lang='lat' dir='ltr'>piatur.</span> <span class='ocrx_word' id='word_1_188' title='bbox 560 1954 644 1993; x_wconf 82' lang='lat' dir='ltr'>Quae</span> <span class='ocrx_word' id='word_1_189' title='bbox 670 1955 733 1987; x_wconf 89' lang='lat' dir='ltr'>iam</span> <span class='ocrx_word' id='word_1_190' title='bbox 770 1955 889 1988; x_wconf 84' lang='lat' dir='ltr'>suerint</span> <span class='ocrx_word' id='word_1_191' title='bbox 925 1955 1038 1998; x_wconf 84' lang='lat' dir='ltr'>punita</span> <span class='ocrx_word' id='word_1_192' title='bbox 1079 1961 1134 1988; x_wconf 87' lang='lat' dir='ltr'>aut</span> 
     </span>
     <span class='ocr_line' id='line_1_36' title="bbox 397 2009 1134 2051; baseline 0 -10"><span class='ocrx_word' id='word_1_193' title='bbox 397 2014 542 2041; x_wconf 82' lang='lat' dir='ltr'>correcta</span> <span class='ocrx_word' id='word_1_194' title='bbox 559 2036 566 2048; x_wconf 92' lang='lat'>,</span> <span class='ocrx_word' id='word_1_195' title='bbox 592 2019 651 2041; x_wconf 86' lang='lat' dir='ltr'>nee</span> <span class='ocrx_word' id='word_1_196' title='bbox 679 2014 813 2051; x_wconf 87' lang='lat' dir='ltr'>paterne</span> <span class='ocrx_word' id='word_1_197' title='bbox 846 2019 905 2041; x_wconf 86' lang='lat' dir='ltr'>nec</span> <span class='ocrx_word' id='word_1_198' title='bbox 940 2009 1134 2042; x_wconf 88' lang='lat' dir='ltr'>iudicialiter</span> 
     </span>
     <span class='ocr_line' id='line_1_37' title="bbox 399 2061 1134 2104; baseline 0 -10"><span class='ocrx_word' id='word_1_199' title='bbox 399 2061 639 2094; x_wconf 77' lang='lat' dir='ltr'>(lenuncientur</span> <span class='ocrx_word' id='word_1_200' title='bbox 663 2063 821 2104; x_wconf 84' lang='lat' dir='ltr'>praelato,</span> <span class='ocrx_word' id='word_1_201' title='bbox 846 2061 909 2093; x_wconf 89' lang='lat' dir='ltr'>nisi</span> <span class='ocrx_word' id='word_1_202' title='bbox 934 2062 1055 2094; x_wconf 87' lang='lat' dir='ltr'>morale</span> <span class='ocrx_word' id='word_1_203' title='bbox 1077 2062 1134 2094; x_wconf 86' lang='lat' dir='ltr'>im-</span> 
     </span>
     <span class='ocr_line' id='line_1_38' title="bbox 398 2114 1134 2158; baseline 0 -11"><span class='ocrx_word' id='word_1_204' title='bbox 398 2114 521 2147; x_wconf 81' lang='lat' dir='ltr'>mineat</span> <span class='ocrx_word' id='word_1_205' title='bbox 545 2114 711 2147; x_wconf 87' lang='lat' dir='ltr'>relabendi</span> <span class='ocrx_word' id='word_1_206' title='bbox 737 2114 935 2157; x_wconf 86' lang='lat' dir='ltr'>periculum;</span> <span class='ocrx_word' id='word_1_207' title='bbox 969 2125 1040 2147; x_wconf 90' lang='lat' dir='ltr'>cum</span> <span class='ocrx_word' id='word_1_208' title='bbox 1072 2115 1134 2158; x_wconf 89' lang='lat' dir='ltr'>ipsi</span> 
     </span>
     <span class='ocr_line' id='line_1_39' title="bbox 401 2167 1135 2210; baseline 0 -10"><span class='ocrx_word' id='word_1_209' title='bbox 401 2168 522 2210; x_wconf 87' lang='lat' dir='ltr'>aliquid</span> <span class='ocrx_word' id='word_1_210' title='bbox 554 2167 844 2207; x_wconf 74' lang='lat' dir='ltr'>manifestaverint,</span> <span class='ocrx_word' id='word_1_211' title='bbox 884 2167 1004 2200; x_wconf 84' lang='lat' dir='ltr'>debent</span> <span class='ocrx_word' id='word_1_212' title='bbox 1040 2168 1135 2200; x_wconf 84' lang='lat' dir='ltr'>etiam</span> 
     </span>
     <span class='ocr_line' id='line_1_40' title="bbox 402 2219 1138 2263; baseline -0.001 -9"><span class='ocrx_word' id='word_1_213' title='bbox 402 2221 567 2254; x_wconf 86' lang='lat' dir='ltr'>declarare</span> <span class='ocrx_word' id='word_1_214' title='bbox 592 2220 709 2259; x_wconf 89' lang='lat' dir='ltr'>omnia,</span> <span class='ocrx_word' id='word_1_215' title='bbox 728 2230 809 2262; x_wconf 86' lang='lat' dir='ltr'>quae</span> <span class='ocrx_word' id='word_1_216' title='bbox 826 2219 916 2252; x_wconf 86' lang='lat' dir='ltr'>illum</span> <span class='ocrx_word' id='word_1_217' title='bbox 937 2220 1045 2253; x_wconf 89' lang='lat' dir='ltr'>iuvare</span> <span class='ocrx_word' id='word_1_218' title='bbox 1063 2231 1138 2263; x_wconf 83' lang='lat' dir='ltr'>pos-</span> 
     </span>
     <span class='ocr_line' id='line_1_41' title="bbox 402 2272 1134 2316; baseline 0 -10"><span class='ocrx_word' id='word_1_219' title='bbox 402 2274 465 2306; x_wconf 86' lang='lat' dir='ltr'>sint</span> <span class='ocrx_word' id='word_1_220' title='bbox 497 2273 535 2305; x_wconf 89' lang='lat' dir='ltr'>ad</span> <span class='ocrx_word' id='word_1_221' title='bbox 573 2273 827 2305; x_wconf 85' lang='lat' dir='ltr'>convincendum</span> <span class='ocrx_word' id='word_1_222' title='bbox 863 2272 1134 2316; x_wconf 76' lang='lat' dir='ltr'>delinquentem3</span> 
     </span>
     <span class='ocr_line' id='line_1_42' title="bbox 403 2326 1138 2368; baseline 0 -8"><span class='ocrx_word' id='word_1_223' title='bbox 403 2338 439 2360; x_wconf 83' lang='lat' dir='ltr'>cx</span> <span class='ocrx_word' id='word_1_224' title='bbox 464 2326 573 2359; x_wconf 88' lang='lat' dir='ltr'>audito</span> <span class='ocrx_word' id='word_1_225' title='bbox 599 2326 681 2358; x_wconf 85' lang='lat' dir='ltr'>nihil</span> <span class='ocrx_word' id='word_1_226' title='bbox 706 2326 882 2368; x_wconf 76' lang='lat' dir='ltr'>proferant,</span> <span class='ocrx_word' id='word_1_227' title='bbox 902 2326 963 2359; x_wconf 86' lang='lat' dir='ltr'>nisi</span> <span class='ocrx_word' id='word_1_228' title='bbox 982 2327 1075 2359; x_wconf 82' lang='lat' dir='ltr'>simul</span> <span class='ocrx_word' id='word_1_229' title='bbox 1093 2338 1138 2360; x_wconf 92' lang='lat' dir='ltr'>re-</span> 
     </span>
     <span class='ocr_line' id='line_1_43' title="bbox 402 2379 1070 2423; baseline -0.003 -9"><span class='ocrx_word' id='word_1_230' title='bbox 402 2381 510 2414; x_wconf 83' lang='lat' dir='ltr'>serant</span> <span class='ocrx_word' id='word_1_231' title='bbox 534 2391 551 2412; x_wconf 86' lang='lat' dir='ltr'>a</span> <span class='ocrx_word' id='word_1_232' title='bbox 573 2390 635 2423; x_wconf 89' lang='lat' dir='ltr'>quo</span> <span class='ocrx_word' id='word_1_233' title='bbox 662 2380 711 2411; x_wconf 89' lang='lat' dir='ltr'>vel</span> <span class='ocrx_word' id='word_1_234' title='bbox 736 2379 852 2422; x_wconf 85' lang='lat' dir='ltr'>quibus</span> <span class='ocrx_word' id='word_1_235' title='bbox 876 2380 1070 2413; x_wconf 76' lang='lat' dir='ltr'>audiverint.</span> 
     </span>
    </p>

    <p class='ocr_par' dir='ltr' id='par_1_21' title="bbox 404 2432 1140 2582">
     <span class='ocr_line' id='line_1_44' title="bbox 446 2432 1137 2475; baseline -0.003 -8"><span class='ocrx_word' id='word_1_236' title='bbox 446 2443 489 2467; x_wconf 80' lang='lat' dir='ltr'>vl.</span> <span class='ocrx_word' id='word_1_237' title='bbox 516 2433 609 2465; x_wconf 80' lang='lat' dir='ltr'>Facta</span> <span class='ocrx_word' id='word_1_238' title='bbox 628 2432 737 2475; x_wconf 85' lang='lat' dir='ltr'>itaque</span> <span class='ocrx_word' id='word_1_239' title='bbox 754 2432 965 2474; x_wconf 68' lang='lat' dir='ltr'>inquisitione</span> <span class='ocrx_word' id='word_1_240' title='bbox 982 2434 1137 2475; x_wconf 80' lang='lat' dir='ltr'>generali,</span> 
     </span>
     <span class='ocr_line' id='line_1_45' title="bbox 404 2485 1138 2530; baseline -0.003 -9"><span class='ocrx_word' id='word_1_241' title='bbox 404 2497 500 2530; x_wconf 73' lang='lat' dir='ltr'>agere</span> <span class='ocrx_word' id='word_1_242' title='bbox 536 2485 632 2519; x_wconf 86' lang='lat' dir='ltr'>debet</span> <span class='ocrx_word' id='word_1_243' title='bbox 665 2485 813 2518; x_wconf 76' lang='lat' dir='ltr'>visitator</span> <span class='ocrx_word' id='word_1_244' title='bbox 844 2486 1020 2517; x_wconf 88' lang='lat' dir='ltr'>secundum</span> <span class='ocrx_word' id='word_1_245' title='bbox 1052 2488 1138 2529; x_wconf 87' lang='lat' dir='ltr'>quod</span> 
     </span>
     <span class='ocr_line' id='line_1_46' title="bbox 405 2537 1140 2582; baseline 0 -10"><span class='ocrx_word' id='word_1_246' title='bbox 405 2550 439 2573; x_wconf 76' lang='lat' dir='ltr'>ex</span> <span class='ocrx_word' id='word_1_247' title='bbox 466 2540 522 2572; x_wconf 80' lang='lat' dir='ltr'>illa</span> <span class='ocrx_word' id='word_1_248' title='bbox 547 2537 827 2582; x_wconf 87' lang='lat' dir='ltr'>deprehenderit,</span> <span class='ocrx_word' id='word_1_249' title='bbox 866 2548 947 2581; x_wconf 89' lang='lat' dir='ltr'>quae</span> <span class='ocrx_word' id='word_1_250' title='bbox 984 2538 1071 2571; x_wconf 89' lang='lat' dir='ltr'>enim</span> <span class='ocrx_word' id='word_1_251' title='bbox 1106 2546 1140 2572; x_wconf 89' lang='lat' dir='ltr'>ut</span> 
     </span>
    </p>
   </div>
   <div class='ocr_carea' id='block_1_3' title="bbox 441 2599 1128 2637">
    <p class='ocr_par' dir='ltr' id='par_1_22' title="bbox 441 2599 1128 2637">
     <span class='ocr_line' id='line_1_47' title="bbox 441 2599 1128 2637; baseline -0.001 -10"><span class='ocrx_word' id='word_1_252' title='bbox 441 2603 452 2630; x_wconf 85' lang='lat'>1</span> <span class='ocrx_word' id='word_1_253' title='bbox 469 2600 535 2633; x_wconf 85' lang='lat' dir='ltr'>Quid</span> <span class='ocrx_word' id='word_1_254' title='bbox 555 2608 604 2637; x_wconf 89' lang='lat' dir='ltr'>pro</span> <span class='ocrx_word' id='word_1_255' title='bbox 618 2600 754 2636; x_wconf 65' lang='lat' dir='ltr'>subrogat</span> <span class='ocrx_word' id='word_1_256' title='bbox 769 2599 914 2636; x_wconf 77' lang='lat' dir='ltr'>legendum</span> <span class='ocrx_word' id='word_1_257' title='bbox 930 2599 1023 2627; x_wconf 88' lang='lat' dir='ltr'>nescio</span> <span class='ocrx_word' id='word_1_258' title='bbox 1038 2601 1076 2634; x_wconf 81' lang='lat' dir='ltr'>(a.</span> <span class='ocrx_word' id='word_1_259' title='bbox 1093 2601 1128 2634; x_wconf 78' lang='lat' dir='ltr'>T.)</span> 
     </span>
    </p>
   </div>
   <div class='ocr_carea' id='block_1_4' title="bbox 1166 210 1918 2635">
    <p class='ocr_par' dir='ltr' id='par_1_23' title="bbox 1166 210 1906 926">
     <span class='ocr_line' id='line_1_48' title="bbox 1172 210 1716 245; baseline -0.006 -12"><span class='ocrx_word' id='word_1_260' title='bbox 1172 210 1326 233; x_wconf 59' lang='lat' dir='ltr'>aonixru</span> <span class='ocrx_word' id='word_1_261' title='bbox 1652 242 1655 245; x_wconf 80' lang='lat'>.</span> <span class='ocrx_word' id='word_1_262' title='bbox 1713 242 1716 244; x_wconf 19' lang='lat' dir='ltr'>v</span> 
     </span>
     <span class='ocr_line' id='line_1_49' title="bbox 1168 257 1906 302; baseline 0.001 -12"><span class='ocrx_word' id='word_1_263' title='bbox 1168 264 1261 301; x_wconf 85' lang='lat' dir='ltr'>pater</span> <span class='ocrx_word' id='word_1_264' title='bbox 1296 257 1488 300; x_wconf 83' lang='lat' dir='ltr'>agnoverit,</span> <span class='ocrx_word' id='word_1_265' title='bbox 1525 263 1659 301; x_wconf 86' lang='lat' dir='ltr'>paterne</span> <span class='ocrx_word' id='word_1_266' title='bbox 1699 259 1906 302; x_wconf 85' lang='lat' dir='ltr'>corripienda</span> 
     </span>
     <span class='ocr_line' id='line_1_50' title="bbox 1169 310 1904 354; baseline 0.003 -12"><span class='ocrx_word' id='word_1_267' title='bbox 1169 310 1339 353; x_wconf 83' lang='lat' dir='ltr'>suscipiat,</span> <span class='ocrx_word' id='word_1_268' title='bbox 1367 316 1398 343; x_wconf 88' lang='lat' dir='ltr'>et</span> <span class='ocrx_word' id='word_1_269' title='bbox 1422 311 1447 343; x_wconf 92' lang='lat' dir='ltr'>si</span> <span class='ocrx_word' id='word_1_270' title='bbox 1485 321 1543 354; x_wconf 85' lang='lat' dir='ltr'>per</span> <span class='ocrx_word' id='word_1_271' title='bbox 1575 311 1771 344; x_wconf 87' lang='lat' dir='ltr'>amotionem</span> <span class='ocrx_word' id='word_1_272' title='bbox 1797 322 1813 343; x_wconf 85' lang='lat' dir='ltr'>a</span> <span class='ocrx_word' id='word_1_273' title='bbox 1833 312 1904 344; x_wconf 88' lang='lat' dir='ltr'>loco</span> 
     </span>
     <span class='ocr_line' id='line_1_51' title="bbox 1169 363 1905 407; baseline 0.003 -12"><span class='ocrx_word' id='word_1_274' title='bbox 1169 368 1223 395; x_wconf 92' lang='lat' dir='ltr'>aut</span> <span class='ocrx_word' id='word_1_275' title='bbox 1253 363 1316 396; x_wconf 87' lang='lat' dir='ltr'>alia</span> <span class='ocrx_word' id='word_1_276' title='bbox 1347 363 1452 396; x_wconf 87' lang='lat' dir='ltr'>media</span> <span class='ocrx_word' id='word_1_277' title='bbox 1486 364 1594 396; x_wconf 89' lang='lat' dir='ltr'>suavia</span> <span class='ocrx_word' id='word_1_278' title='bbox 1626 364 1732 407; x_wconf 88' lang='lat' dir='ltr'>possit</span> <span class='ocrx_word' id='word_1_279' title='bbox 1760 369 1905 397; x_wconf 84' lang='lat' dir='ltr'>avertere</span> 
     </span>
     <span class='ocr_line' id='line_1_52' title="bbox 1169 416 1905 460; baseline 0 -11"><span class='ocrx_word' id='word_1_280' title='bbox 1169 416 1416 460; x_wconf 83' lang='lat' dir='ltr'>delinquentem</span> <span class='ocrx_word' id='word_1_281' title='bbox 1434 427 1450 449; x_wconf 87' lang='lat' dir='ltr'>a</span> <span class='ocrx_word' id='word_1_282' title='bbox 1467 416 1678 450; x_wconf 83' lang='lat' dir='ltr'>reiteratione</span> <span class='ocrx_word' id='word_1_283' title='bbox 1702 417 1814 460; x_wconf 88' lang='lat' dir='ltr'>lapsus</span> <span class='ocrx_word' id='word_1_284' title='bbox 1834 418 1905 449; x_wconf 85' lang='lat' dir='ltr'>abs-</span> 
     </span>
     <span class='ocr_line' id='line_1_53' title="bbox 1169 469 1905 512; baseline 0.003 -12"><span class='ocrx_word' id='word_1_285' title='bbox 1169 479 1231 511; x_wconf 89' lang='lat' dir='ltr'>que</span> <span class='ocrx_word' id='word_1_286' title='bbox 1256 470 1334 502; x_wconf 76' lang='lat' dir='ltr'>nota</span> <span class='ocrx_word' id='word_1_287' title='bbox 1366 469 1516 501; x_wconf 79' lang='lat' dir='ltr'>infamiae</span> <span class='ocrx_word' id='word_1_288' title='bbox 1535 496 1542 508; x_wconf 91' lang='lat'><em>‚</em></span> <span class='ocrx_word' id='word_1_289' title='bbox 1567 469 1620 502; x_wconf 89' lang='lat' dir='ltr'>&#39;ita</span> <span class='ocrx_word' id='word_1_290' title='bbox 1654 470 1800 512; x_wconf 79' lang='lat' dir='ltr'>profecto</span> <span class='ocrx_word' id='word_1_291' title='bbox 1833 480 1905 502; x_wconf 79' lang='lat' dir='ltr'>exe-</span> 
     </span>
     <span class='ocr_line' id='line_1_54' title="bbox 1169 521 1904 564; baseline 0.003 -10"><span class='ocrx_word' id='word_1_292' title='bbox 1169 526 1296 564; x_wconf 84' lang='lat' dir='ltr'>quatur.</span> <span class='ocrx_word' id='word_1_293' title='bbox 1323 521 1355 554; x_wconf 91' lang='lat' dir='ltr'>Si</span> <span class='ocrx_word' id='word_1_294' title='bbox 1387 526 1495 554; x_wconf 86' lang='lat' dir='ltr'>autem</span> <span class='ocrx_word' id='word_1_295' title='bbox 1521 522 1638 555; x_wconf 84' lang='lat' dir='ltr'>delicta</span> <span class='ocrx_word' id='word_1_296' title='bbox 1662 522 1793 564; x_wconf 87' lang='lat' dir='ltr'>publica</span> <span class='ocrx_word' id='word_1_297' title='bbox 1818 522 1904 556; x_wconf 86' lang='lat' dir='ltr'>inve—</span> 
     </span>
     <span class='ocr_line' id='line_1_55' title="bbox 1168 574 1904 618; baseline 0.003 -12"><span class='ocrx_word' id='word_1_298' title='bbox 1168 574 1267 614; x_wconf 87' lang='lat' dir='ltr'>nerit,</span> <span class='ocrx_word' id='word_1_299' title='bbox 1290 574 1340 607; x_wconf 92' lang='lat' dir='ltr'>vel</span> <span class='ocrx_word' id='word_1_300' title='bbox 1366 584 1449 617; x_wconf 83' lang='lat' dir='ltr'>quae</span> <span class='ocrx_word' id='word_1_301' title='bbox 1476 574 1592 607; x_wconf 90' lang='lat' dir='ltr'>deduci</span> <span class='ocrx_word' id='word_1_302' title='bbox 1617 575 1743 617; x_wconf 80' lang='lat' dir='ltr'>possint</span> <span class='ocrx_word' id='word_1_303' title='bbox 1770 579 1802 607; x_wconf 91' lang='lat' dir='ltr'>et</span> <span class='ocrx_word' id='word_1_304' title='bbox 1833 586 1904 618; x_wconf 91' lang='lat' dir='ltr'>pro-</span> 
     </span>
     <span class='ocr_line' id='line_1_56' title="bbox 1168 626 1906 669; baseline 0.005 -11"><span class='ocrx_word' id='word_1_305' title='bbox 1168 626 1236 659; x_wconf 80' lang='lat' dir='ltr'>bari</span> <span class='ocrx_word' id='word_1_306' title='bbox 1255 627 1289 659; x_wconf 89' lang='lat' dir='ltr'>in</span> <span class='ocrx_word' id='word_1_307' title='bbox 1303 626 1433 666; x_wconf 84' lang='lat' dir='ltr'>iudicio,</span> <span class='ocrx_word' id='word_1_308' title='bbox 1452 631 1484 659; x_wconf 90' lang='lat' dir='ltr'>et</span> <span class='ocrx_word' id='word_1_309' title='bbox 1500 627 1545 659; x_wconf 91' lang='lat' dir='ltr'>sic</span> <span class='ocrx_word' id='word_1_310' title='bbox 1566 632 1715 669; x_wconf 82' lang='lat' dir='ltr'>oporteat</span> <span class='ocrx_word' id='word_1_311' title='bbox 1730 627 1811 668; x_wconf 82' lang='lat' dir='ltr'>fieri,</span> <span class='ocrx_word' id='word_1_312' title='bbox 1831 633 1906 662; x_wconf 85' lang='lat' dir='ltr'>tunc</span> 
     </span>
     <span class='ocr_line' id='line_1_57' title="bbox 1168 678 1905 724; baseline 0.003 -12"><span class='ocrx_word' id='word_1_313' title='bbox 1168 678 1342 722; x_wconf 90' lang='lat' dir='ltr'>procedat¹</span> <span class='ocrx_word' id='word_1_314' title='bbox 1368 679 1407 712; x_wconf 81' lang='lat' dir='ltr'>ad</span> <span class='ocrx_word' id='word_1_315' title='bbox 1433 679 1676 722; x_wconf 84' lang='lat' dir='ltr'>inquisitionem</span> <span class='ocrx_word' id='word_1_316' title='bbox 1707 681 1881 724; x_wconf 80' lang='lat' dir='ltr'>specialem</span> <span class='ocrx_word' id='word_1_317' title='bbox 1898 708 1905 722; x_wconf 88' lang='lat'><em>‚</em></span> 
     </span>
     <span class='ocr_line' id='line_1_58' title="bbox 1168 732 1905 778; baseline 0.003 -14"><span class='ocrx_word' id='word_1_318' title='bbox 1168 733 1295 776; x_wconf 72' lang='lat' dir='ltr'>praevia</span> <span class='ocrx_word' id='word_1_319' title='bbox 1318 742 1448 776; x_wconf 83' lang='lat' dir='ltr'>semper</span> <span class='ocrx_word' id='word_1_320' title='bbox 1472 732 1690 766; x_wconf 86' lang='lat' dir='ltr'>insinuatione</span> <span class='ocrx_word' id='word_1_321' title='bbox 1715 734 1905 778; x_wconf 80' lang='lat' dir='ltr'>clamorosa,</span> 
     </span>
     <span class='ocr_line' id='line_1_59' title="bbox 1168 785 1904 831; baseline 0.004 -13"><span class='ocrx_word' id='word_1_322' title='bbox 1168 796 1233 818; x_wconf 91' lang='lat' dir='ltr'>non</span> <span class='ocrx_word' id='word_1_323' title='bbox 1259 785 1392 829; x_wconf 90' lang='lat' dir='ltr'>quidem</span> <span class='ocrx_word' id='word_1_324' title='bbox 1417 785 1532 818; x_wconf 84' lang='lat' dir='ltr'>leviter</span> <span class='ocrx_word' id='word_1_325' title='bbox 1562 785 1648 819; x_wconf 89' lang='lat' dir='ltr'>inter</span> <span class='ocrx_word' id='word_1_326' title='bbox 1680 797 1904 831; x_wconf 88' lang='lat' dir='ltr'>quoscumque</span> 
     </span>
     <span class='ocr_line' id='line_1_60' title="bbox 1166 838 1904 884; baseline 0.004 -13"><span class='ocrx_word' id='word_1_327' title='bbox 1166 844 1310 882; x_wconf 76' lang='lat' dir='ltr'>vagante,</span> <span class='ocrx_word' id='word_1_328' title='bbox 1335 838 1393 872; x_wconf 90' lang='lat' dir='ltr'>sed</span> <span class='ocrx_word' id='word_1_329' title='bbox 1417 849 1435 871; x_wconf 87' lang='lat' dir='ltr'>a</span> <span class='ocrx_word' id='word_1_330' title='bbox 1460 839 1618 873; x_wconf 84' lang='lat' dir='ltr'>timoratis</span> <span class='ocrx_word' id='word_1_331' title='bbox 1635 845 1667 873; x_wconf 91' lang='lat' dir='ltr'>et</span> <span class='ocrx_word' id='word_1_332' title='bbox 1686 841 1904 884; x_wconf 85' lang='lat' dir='ltr'>prudentibus</span> 
     </span>
     <span class='ocr_line' id='line_1_61' title="bbox 1167 894 1326 926; baseline 0 0"><span class='ocrx_word' id='word_1_333' title='bbox 1167 894 1326 926; x_wconf 72' lang='lat' dir='ltr'>attestata.</span> 
     </span>
    </p>

    <p class='ocr_par' dir='ltr' id='par_1_24' title="bbox 1168 945 1913 2367">
     <span class='ocr_line' id='line_1_62' title="bbox 1211 945 1906 991; baseline 0.003 -12"><span class='ocrx_word' id='word_1_334' title='bbox 1211 956 1267 980; x_wconf 90' lang='lat' dir='ltr'>v11.</span> <span class='ocrx_word' id='word_1_335' title='bbox 1295 946 1327 980; x_wconf 87' lang='lat' dir='ltr'>Si</span> <span class='ocrx_word' id='word_1_336' title='bbox 1352 950 1459 980; x_wconf 88' lang='lat' dir='ltr'>autem</span> <span class='ocrx_word' id='word_1_337' title='bbox 1482 945 1639 979; x_wconf 88' lang='lat' dir='ltr'>iudicium</span> <span class='ocrx_word' id='word_1_338' title='bbox 1659 947 1699 980; x_wconf 88' lang='lat' dir='ltr'>de</span> <span class='ocrx_word' id='word_1_339' title='bbox 1718 947 1826 991; x_wconf 88' lang='lat' dir='ltr'>aliquo</span> <span class='ocrx_word' id='word_1_340' title='bbox 1847 948 1906 981; x_wconf 85' lang='lat' dir='ltr'>cri-</span> 
     </span>
     <span class='ocr_line' id='line_1_63' title="bbox 1168 999 1904 1044; baseline 0.004 -13"><span class='ocrx_word' id='word_1_341' title='bbox 1168 999 1254 1032; x_wconf 90' lang='lat' dir='ltr'>mine</span> <span class='ocrx_word' id='word_1_342' title='bbox 1278 999 1436 1040; x_wconf 83' lang='lat' dir='ltr'>instituat,</span> <span class='ocrx_word' id='word_1_343' title='bbox 1456 1009 1528 1032; x_wconf 92' lang='lat' dir='ltr'>cum</span> <span class='ocrx_word' id='word_1_344' title='bbox 1549 1000 1613 1032; x_wconf 90' lang='lat' dir='ltr'>hoc</span> <span class='ocrx_word' id='word_1_345' title='bbox 1632 999 1703 1032; x_wconf 88' lang='lat' dir='ltr'>fieri</span> <span class='ocrx_word' id='word_1_346' title='bbox 1722 1001 1828 1044; x_wconf 84' lang='lat' dir='ltr'>possit</span> <span class='ocrx_word' id='word_1_347' title='bbox 1844 1011 1904 1044; x_wconf 90' lang='lat' dir='ltr'>per</span> 
     </span>
     <span class='ocr_line' id='line_1_64' title="bbox 1169 1051 1906 1086; baseline 0.003 -2"><span class='ocrx_word' id='word_1_348' title='bbox 1169 1051 1405 1085; x_wconf 83' lang='lat' dir='ltr'>accusationem</span> <span class='ocrx_word' id='word_1_349' title='bbox 1429 1057 1484 1084; x_wconf 85' lang='lat' dir='ltr'>aut</span> <span class='ocrx_word' id='word_1_350' title='bbox 1514 1052 1794 1085; x_wconf 85' lang='lat' dir='ltr'>denuntiationem</span> <span class='ocrx_word' id='word_1_351' title='bbox 1824 1053 1906 1086; x_wconf 91' lang='lat' dir='ltr'>iudi-</span> 
     </span>
     <span class='ocr_line' id='line_1_65' title="bbox 1169 1104 1905 1148; baseline 0.001 -10"><span class='ocrx_word' id='word_1_352' title='bbox 1169 1104 1284 1138; x_wconf 87' lang='lat' dir='ltr'>cialem</span> <span class='ocrx_word' id='word_1_353' title='bbox 1307 1114 1390 1148; x_wconf 90' lang='lat' dir='ltr'>quae</span> <span class='ocrx_word' id='word_1_354' title='bbox 1416 1105 1547 1148; x_wconf 90' lang='lat' dir='ltr'>saepius</span> <span class='ocrx_word' id='word_1_355' title='bbox 1575 1115 1687 1148; x_wconf 83' lang='lat' dir='ltr'>pacem</span> <span class='ocrx_word' id='word_1_356' title='bbox 1718 1106 1848 1139; x_wconf 88' lang='lat' dir='ltr'>turbant</span> <span class='ocrx_word' id='word_1_357' title='bbox 1871 1106 1905 1139; x_wconf 90' lang='lat' dir='ltr'>in</span> 
     </span>
     <span class='ocr_line' id='line_1_66' title="bbox 1168 1157 1906 1201; baseline 0.003 -12"><span class='ocrx_word' id='word_1_358' title='bbox 1168 1157 1299 1198; x_wconf 82' lang='lat' dir='ltr'>Ordine,</span> <span class='ocrx_word' id='word_1_359' title='bbox 1314 1157 1590 1200; x_wconf 84' lang='lat' dir='ltr'>seminariumque</span> <span class='ocrx_word' id='word_1_360' title='bbox 1608 1158 1770 1201; x_wconf 91' lang='lat' dir='ltr'>prodeunt</span> <span class='ocrx_word' id='word_1_361' title='bbox 1788 1158 1906 1191; x_wconf 82' lang='lat' dir='ltr'>discor-</span> 
     </span>
     <span class='ocr_line' id='line_1_67' title="bbox 1170 1210 1904 1253; baseline 0.003 -10"><span class='ocrx_word' id='word_1_362' title='bbox 1170 1210 1240 1244; x_wconf 86' lang='lat' dir='ltr'>diae</span> <span class='ocrx_word' id='word_1_363' title='bbox 1266 1221 1302 1244; x_wconf 86' lang='lat' dir='ltr'>ac</span> <span class='ocrx_word' id='word_1_364' title='bbox 1337 1211 1465 1244; x_wconf 81' lang='lat' dir='ltr'>fomites</span> <span class='ocrx_word' id='word_1_365' title='bbox 1490 1211 1629 1244; x_wconf 83' lang='lat' dir='ltr'>invidiae</span> <span class='ocrx_word' id='word_1_366' title='bbox 1661 1212 1745 1244; x_wconf 90' lang='lat' dir='ltr'>inter</span> <span class='ocrx_word' id='word_1_367' title='bbox 1769 1212 1904 1253; x_wconf 80' lang='lat' dir='ltr'>fratres;</span> 
     </span>
     <span class='ocr_line' id='line_1_68' title="bbox 1170 1263 1907 1308; baseline 0.003 -12"><span class='ocrx_word' id='word_1_368' title='bbox 1170 1264 1291 1297; x_wconf 89' lang='lat' dir='ltr'>idcirco</span> <span class='ocrx_word' id='word_1_369' title='bbox 1316 1265 1413 1298; x_wconf 68' lang='lat' dir='ltr'>tertia</span> <span class='ocrx_word' id='word_1_370' title='bbox 1428 1263 1475 1297; x_wconf 75' lang='lat' dir='ltr'>via</span> <span class='ocrx_word' id='word_1_371' title='bbox 1492 1264 1644 1298; x_wconf 84' lang='lat' dir='ltr'>incedere</span> <span class='ocrx_word' id='word_1_372' title='bbox 1668 1265 1814 1308; x_wconf 87' lang='lat' dir='ltr'>praelato</span> <span class='ocrx_word' id='word_1_373' title='bbox 1832 1275 1907 1298; x_wconf 90' lang='lat' dir='ltr'>con-</span> 
     </span>
     <span class='ocr_line' id='line_1_69' title="bbox 1170 1317 1908 1361; baseline 0 -11"><span class='ocrx_word' id='word_1_374' title='bbox 1170 1317 1310 1358; x_wconf 86' lang='lat' dir='ltr'>sulimus,</span> <span class='ocrx_word' id='word_1_375' title='bbox 1336 1328 1418 1360; x_wconf 85' lang='lat' dir='ltr'>quae</span> <span class='ocrx_word' id='word_1_376' title='bbox 1442 1317 1542 1361; x_wconf 88' lang='lat' dir='ltr'>quieti</span> <span class='ocrx_word' id='word_1_377' title='bbox 1568 1323 1600 1350; x_wconf 88' lang='lat' dir='ltr'>et</span> <span class='ocrx_word' id='word_1_378' title='bbox 1623 1318 1767 1351; x_wconf 71' lang='lat' dir='ltr'>societati</span> <span class='ocrx_word' id='word_1_379' title='bbox 1792 1318 1908 1351; x_wconf 81' lang='lat' dir='ltr'>frater-</span> 
     </span>
     <span class='ocr_line' id='line_1_70' title="bbox 1171 1370 1906 1414; baseline 0.001 -12"><span class='ocrx_word' id='word_1_380' title='bbox 1171 1381 1230 1403; x_wconf 89' lang='lat' dir='ltr'>nae</span> <span class='ocrx_word' id='word_1_381' title='bbox 1255 1370 1355 1413; x_wconf 80' lang='lat' dir='ltr'>magis</span> <span class='ocrx_word' id='word_1_382' title='bbox 1380 1370 1539 1411; x_wconf 84' lang='lat' dir='ltr'>convenit,</span> <span class='ocrx_word' id='word_1_383' title='bbox 1558 1371 1684 1414; x_wconf 87' lang='lat' dir='ltr'>iamque</span> <span class='ocrx_word' id='word_1_384' title='bbox 1707 1376 1755 1403; x_wconf 88' lang='lat' dir='ltr'>est</span> <span class='ocrx_word' id='word_1_385' title='bbox 1772 1382 1790 1403; x_wconf 89' lang='lat' dir='ltr'>a</span> <span class='ocrx_word' id='word_1_386' title='bbox 1810 1381 1906 1413; x_wconf 81' lang='lat' dir='ltr'>regu-</span> 
     </span>
     <span class='ocr_line' id='line_1_71' title="bbox 1171 1423 1906 1467; baseline 0.001 -11"><span class='ocrx_word' id='word_1_387' title='bbox 1171 1423 1293 1456; x_wconf 86' lang='lat' dir='ltr'>laribus</span> <span class='ocrx_word' id='word_1_388' title='bbox 1319 1424 1352 1455; x_wconf 90' lang='lat' dir='ltr'>in</span> <span class='ocrx_word' id='word_1_389' title='bbox 1376 1423 1644 1456; x_wconf 87' lang='lat' dir='ltr'>consuetudinem</span> <span class='ocrx_word' id='word_1_390' title='bbox 1670 1424 1781 1464; x_wconf 86' lang='lat' dir='ltr'>dueta;</span> <span class='ocrx_word' id='word_1_391' title='bbox 1819 1424 1906 1467; x_wconf 87' lang='lat' dir='ltr'>quod</span> 
     </span>
     <span class='ocr_line' id='line_1_72' title="bbox 1170 1476 1906 1519; baseline -0.001 -10"><span class='ocrx_word' id='word_1_392' title='bbox 1170 1476 1319 1509; x_wconf 87' lang='lat' dir='ltr'>videlicet</span> <span class='ocrx_word' id='word_1_393' title='bbox 1331 1476 1476 1509; x_wconf 88' lang='lat' dir='ltr'>visitator</span> <span class='ocrx_word' id='word_1_394' title='bbox 1488 1477 1643 1519; x_wconf 87' lang='lat' dir='ltr'>procedat</span> <span class='ocrx_word' id='word_1_395' title='bbox 1660 1477 1699 1509; x_wconf 84' lang='lat' dir='ltr'>ad</span> <span class='ocrx_word' id='word_1_396' title='bbox 1720 1476 1906 1509; x_wconf 81' lang='lat' dir='ltr'>instantiam</span> 
     </span>
     <span class='ocr_line' id='line_1_73' title="bbox 1170 1529 1905 1570; baseline 0 -9"><span class='ocrx_word' id='word_1_397' title='bbox 1170 1530 1339 1563; x_wconf 81' lang='lat' dir='ltr'>juridicam</span> <span class='ocrx_word' id='word_1_398' title='bbox 1365 1530 1544 1563; x_wconf 81' lang='lat' dir='ltr'>accusantis</span> <span class='ocrx_word' id='word_1_399' title='bbox 1575 1535 1628 1562; x_wconf 87' lang='lat' dir='ltr'>aut</span> <span class='ocrx_word' id='word_1_400' title='bbox 1664 1529 1905 1570; x_wconf 79' lang='lat' dir='ltr'>denuntiantis,</span> 
     </span>
     <span class='ocr_line' id='line_1_74' title="bbox 1171 1582 1907 1626; baseline 0 -11"><span class='ocrx_word' id='word_1_401' title='bbox 1171 1583 1229 1616; x_wconf 88' lang='lat' dir='ltr'>sed</span> <span class='ocrx_word' id='word_1_402' title='bbox 1254 1593 1290 1615; x_wconf 83' lang='lat' dir='ltr'>ex</span> <span class='ocrx_word' id='word_1_403' title='bbox 1315 1584 1383 1616; x_wconf 88' lang='lat' dir='ltr'>solo</span> <span class='ocrx_word' id='word_1_404' title='bbox 1408 1582 1534 1623; x_wconf 80' lang='lat' dir='ltr'>officio,</span> <span class='ocrx_word' id='word_1_405' title='bbox 1569 1583 1655 1615; x_wconf 90' lang='lat' dir='ltr'>idest</span> <span class='ocrx_word' id='word_1_406' title='bbox 1679 1583 1800 1615; x_wconf 86' lang='lat' dir='ltr'>utendo</span> <span class='ocrx_word' id='word_1_407' title='bbox 1826 1582 1907 1626; x_wconf 89' lang='lat' dir='ltr'>ipso-</span> 
     </span>
     <span class='ocr_line' id='line_1_75' title="bbox 1171 1635 1906 1669; baseline 0 -1"><span class='ocrx_word' id='word_1_408' title='bbox 1171 1647 1240 1668; x_wconf 88' lang='lat' dir='ltr'>rum</span> <span class='ocrx_word' id='word_1_409' title='bbox 1262 1636 1426 1669; x_wconf 90' lang='lat' dir='ltr'>delatione</span> <span class='ocrx_word' id='word_1_410' title='bbox 1444 1641 1475 1669; x_wconf 92' lang='lat' dir='ltr'>et</span> <span class='ocrx_word' id='word_1_411' title='bbox 1492 1636 1606 1668; x_wconf 79' lang='lat' dir='ltr'>notitia</span> <span class='ocrx_word' id='word_1_412' title='bbox 1628 1635 1800 1668; x_wconf 81' lang='lat' dir='ltr'>sufficienti</span> <span class='ocrx_word' id='word_1_413' title='bbox 1819 1641 1849 1669; x_wconf 91' lang='lat' dir='ltr'>et</span> <span class='ocrx_word' id='word_1_414' title='bbox 1867 1637 1906 1669; x_wconf 92' lang='lat' dir='ltr'>le-</span> 
     </span>
     <span class='ocr_line' id='line_1_76' title="bbox 1173 1688 1907 1733; baseline -0.003 -11"><span class='ocrx_word' id='word_1_415' title='bbox 1173 1690 1283 1732; x_wconf 73' lang='lat' dir='ltr'>gitima</span> <span class='ocrx_word' id='word_1_416' title='bbox 1308 1689 1340 1721; x_wconf 91' lang='lat' dir='ltr'>in</span> <span class='ocrx_word' id='word_1_417' title='bbox 1357 1689 1523 1733; x_wconf 86' lang='lat' dir='ltr'>praedicto</span> <span class='ocrx_word' id='word_1_418' title='bbox 1546 1688 1713 1728; x_wconf 75' lang='lat' dir='ltr'>scrutinio,</span> <span class='ocrx_word' id='word_1_419' title='bbox 1737 1690 1784 1722; x_wconf 88' lang='lat' dir='ltr'>vel</span> <span class='ocrx_word' id='word_1_420' title='bbox 1808 1695 1907 1729; x_wconf 73' lang='lat' dir='ltr'>extra,</span> 
     </span>
     <span class='ocr_line' id='line_1_77' title="bbox 1171 1741 1908 1785; baseline -0.001 -10"><span class='ocrx_word' id='word_1_421' title='bbox 1171 1743 1220 1775; x_wconf 77' lang='lat' dir='ltr'>vel</span> <span class='ocrx_word' id='word_1_422' title='bbox 1247 1743 1286 1775; x_wconf 88' lang='lat' dir='ltr'>ab</span> <span class='ocrx_word' id='word_1_423' title='bbox 1303 1742 1374 1785; x_wconf 91' lang='lat' dir='ltr'>ipso</span> <span class='ocrx_word' id='word_1_424' title='bbox 1392 1743 1533 1775; x_wconf 87' lang='lat' dir='ltr'>clamore</span> <span class='ocrx_word' id='word_1_425' title='bbox 1552 1741 1626 1774; x_wconf 85' lang='lat' dir='ltr'>sacti</span> <span class='ocrx_word' id='word_1_426' title='bbox 1644 1742 1737 1783; x_wconf 80' lang='lat' dir='ltr'>legis,</span> <span class='ocrx_word' id='word_1_427' title='bbox 1764 1746 1819 1774; x_wconf 89' lang='lat' dir='ltr'>aut</span> <span class='ocrx_word' id='word_1_428' title='bbox 1836 1744 1908 1774; x_wconf 76' lang='lat' dir='ltr'>vera</span> 
     </span>
     <span class='ocr_line' id='line_1_78' title="bbox 1172 1794 1908 1838; baseline 0 -10"><span class='ocrx_word' id='word_1_429' title='bbox 1172 1795 1303 1828; x_wconf 75' lang='lat' dir='ltr'>infamia</span> <span class='ocrx_word' id='word_1_430' title='bbox 1328 1795 1437 1828; x_wconf 89' lang='lat' dir='ltr'>delicti</span> <span class='ocrx_word' id='word_1_431' title='bbox 1471 1800 1633 1838; x_wconf 87' lang='lat' dir='ltr'>tamquam</span> <span class='ocrx_word' id='word_1_432' title='bbox 1666 1794 1908 1828; x_wconf 81' lang='lat' dir='ltr'>accusatoribus</span> 
     </span>
     <span class='ocr_line' id='line_1_79' title="bbox 1174 1847 1909 1892; baseline 0.001 -12"><span class='ocrx_word' id='word_1_433' title='bbox 1174 1848 1254 1881; x_wconf 83' lang='lat' dir='ltr'>lictis</span> <span class='ocrx_word' id='word_1_434' title='bbox 1279 1850 1427 1892; x_wconf 77' lang='lat' dir='ltr'>accepta;</span> <span class='ocrx_word' id='word_1_435' title='bbox 1455 1848 1487 1880; x_wconf 90' lang='lat' dir='ltr'>in</span> <span class='ocrx_word' id='word_1_436' title='bbox 1513 1848 1574 1880; x_wconf 89' lang='lat' dir='ltr'>hac</span> <span class='ocrx_word' id='word_1_437' title='bbox 1599 1847 1686 1880; x_wconf 89' lang='lat' dir='ltr'>enim</span> <span class='ocrx_word' id='word_1_438' title='bbox 1711 1847 1813 1881; x_wconf 74' lang='lat' dir='ltr'>forma</span> <span class='ocrx_word' id='word_1_439' title='bbox 1837 1848 1909 1881; x_wconf 89' lang='lat' dir='ltr'>nul·-</span> 
     </span>
     <span class='ocr_line' id='line_1_80' title="bbox 1174 1899 1910 1944; baseline -0.003 -10"><span class='ocrx_word' id='word_1_440' title='bbox 1174 1901 1236 1934; x_wconf 87' lang='lat' dir='ltr'>lius</span> <span class='ocrx_word' id='word_1_441' title='bbox 1253 1910 1412 1944; x_wconf 87' lang='lat' dir='ltr'>personae</span> <span class='ocrx_word' id='word_1_442' title='bbox 1429 1900 1610 1933; x_wconf 85' lang='lat' dir='ltr'>accusantis</span> <span class='ocrx_word' id='word_1_443' title='bbox 1620 1901 1670 1933; x_wconf 89' lang='lat' dir='ltr'>vel</span> <span class='ocrx_word' id='word_1_444' title='bbox 1685 1899 1910 1933; x_wconf 88' lang='lat' dir='ltr'>denuntiantis</span> 
     </span>
     <span class='ocr_line' id='line_1_81' title="bbox 1175 1952 1908 1996; baseline -0.001 -10"><span class='ocrx_word' id='word_1_445' title='bbox 1175 1962 1294 1986; x_wconf 85' lang='lat' dir='ltr'>nomen</span> <span class='ocrx_word' id='word_1_446' title='bbox 1316 1952 1470 1996; x_wconf 87' lang='lat' dir='ltr'>scriptum</span> <span class='ocrx_word' id='word_1_447' title='bbox 1495 1958 1649 1996; x_wconf 84' lang='lat' dir='ltr'>appareat</span> <span class='ocrx_word' id='word_1_448' title='bbox 1681 1953 1712 1985; x_wconf 92' lang='lat' dir='ltr'>in</span> <span class='ocrx_word' id='word_1_449' title='bbox 1744 1963 1908 1996; x_wconf 84' lang='lat' dir='ltr'>processu,</span> 
     </span>
     <span class='ocr_line' id='line_1_82' title="bbox 1175 2005 1909 2049; baseline 0 -11"><span class='ocrx_word' id='word_1_450' title='bbox 1175 2007 1231 2039; x_wconf 85' lang='lat' dir='ltr'>sed</span> <span class='ocrx_word' id='word_1_451' title='bbox 1257 2011 1352 2039; x_wconf 85' lang='lat' dir='ltr'>testes</span> <span class='ocrx_word' id='word_1_452' title='bbox 1377 2016 1394 2038; x_wconf 88' lang='lat' dir='ltr'>a</span> <span class='ocrx_word' id='word_1_453' title='bbox 1418 2007 1566 2049; x_wconf 85' lang='lat' dir='ltr'>praelato</span> <span class='ocrx_word' id='word_1_454' title='bbox 1602 2017 1639 2039; x_wconf 83' lang='lat' dir='ltr'>ex</span> <span class='ocrx_word' id='word_1_455' title='bbox 1669 2005 1777 2039; x_wconf 77' lang='lat' dir='ltr'>officio</span> <span class='ocrx_word' id='word_1_456' title='bbox 1808 2006 1909 2039; x_wconf 74' lang='lat' dir='ltr'>vocati</span> 
     </span>
     <span class='ocr_line' id='line_1_83' title="bbox 1176 2058 1910 2102; baseline -0.001 -10"><span class='ocrx_word' id='word_1_457' title='bbox 1176 2065 1335 2102; x_wconf 72' lang='lat' dir='ltr'>coguntur</span> <span class='ocrx_word' id='word_1_458' title='bbox 1366 2058 1511 2091; x_wconf 86' lang='lat' dir='ltr'>attestari</span> <span class='ocrx_word' id='word_1_459' title='bbox 1544 2059 1628 2102; x_wconf 90' lang='lat' dir='ltr'>quod</span> <span class='ocrx_word' id='word_1_460' title='bbox 1661 2060 1810 2092; x_wconf 76' lang='lat' dir='ltr'>noverint</span> <span class='ocrx_word' id='word_1_461' title='bbox 1841 2059 1910 2092; x_wconf 89' lang='lat' dir='ltr'>sine</span> 
     </span>
     <span class='ocr_line' id='line_1_84' title="bbox 1176 2110 1910 2155; baseline -0.001 -10"><span class='ocrx_word' id='word_1_462' title='bbox 1176 2112 1313 2155; x_wconf 79' lang='lat' dir='ltr'>strepitu</span> <span class='ocrx_word' id='word_1_463' title='bbox 1340 2116 1372 2144; x_wconf 87' lang='lat' dir='ltr'>et</span> <span class='ocrx_word' id='word_1_464' title='bbox 1394 2113 1471 2144; x_wconf 78' lang='lat' dir='ltr'>nota</span> <span class='ocrx_word' id='word_1_465' title='bbox 1494 2110 1604 2144; x_wconf 83' lang='lat' dir='ltr'>livoris</span> <span class='ocrx_word' id='word_1_466' title='bbox 1623 2111 1719 2144; x_wconf 88' lang='lat' dir='ltr'>unius</span> <span class='ocrx_word' id='word_1_467' title='bbox 1746 2111 1853 2144; x_wconf 81' lang='lat' dir='ltr'>fratris</span> <span class='ocrx_word' id='word_1_468' title='bbox 1878 2111 1910 2144; x_wconf 92' lang='lat' dir='ltr'>in</span> 
     </span>
     <span class='ocr_line' id='line_1_85' title="bbox 1177 2164 1912 2204; baseline 0 -6"><span class='ocrx_word' id='word_1_469' title='bbox 1177 2166 1284 2204; x_wconf 79' lang='lat' dir='ltr'>alium,</span> <span class='ocrx_word' id='word_1_470' title='bbox 1300 2175 1370 2197; x_wconf 88' lang='lat' dir='ltr'>cum</span> <span class='ocrx_word' id='word_1_471' title='bbox 1384 2165 1464 2197; x_wconf 87' lang='lat' dir='ltr'>haec</span> <span class='ocrx_word' id='word_1_472' title='bbox 1477 2164 1585 2197; x_wconf 87' lang='lat' dir='ltr'>omnia</span> <span class='ocrx_word' id='word_1_473' title='bbox 1603 2170 1679 2197; x_wconf 90' lang='lat' dir='ltr'>tunc</span> <span class='ocrx_word' id='word_1_474' title='bbox 1695 2164 1774 2198; x_wconf 84' lang='lat' dir='ltr'>fiant</span> <span class='ocrx_word' id='word_1_475' title='bbox 1789 2175 1824 2198; x_wconf 81' lang='lat' dir='ltr'>cx</span> <span class='ocrx_word' id='word_1_476' title='bbox 1843 2165 1912 2198; x_wconf 74' lang='lat' dir='ltr'>sola</span> 
     </span>
     <span class='ocr_line' id='line_1_86' title="bbox 1178 2217 1913 2261; baseline -0.001 -10"><span class='ocrx_word' id='word_1_477' title='bbox 1178 2219 1294 2251; x_wconf 80' lang='lat' dir='ltr'>iudicis</span> <span class='ocrx_word' id='word_1_478' title='bbox 1318 2219 1478 2261; x_wconf 86' lang='lat' dir='ltr'>aequitate</span> <span class='ocrx_word' id='word_1_479' title='bbox 1504 2223 1536 2251; x_wconf 86' lang='lat' dir='ltr'>et</span> <span class='ocrx_word' id='word_1_480' title='bbox 1560 2217 1686 2258; x_wconf 80' lang='lat' dir='ltr'>officio,</span> <span class='ocrx_word' id='word_1_481' title='bbox 1718 2218 1805 2251; x_wconf 81' lang='lat' dir='ltr'>iuxta</span> <span class='ocrx_word' id='word_1_482' title='bbox 1829 2218 1913 2250; x_wconf 91' lang='lat' dir='ltr'>noti-</span> 
     </span>
     <span class='ocr_line' id='line_1_87' title="bbox 1180 2271 1913 2315; baseline 0.001 -11"><span class='ocrx_word' id='word_1_483' title='bbox 1180 2273 1255 2306; x_wconf 87' lang='lat' dir='ltr'>tiam</span> <span class='ocrx_word' id='word_1_484' title='bbox 1280 2272 1312 2304; x_wconf 91' lang='lat' dir='ltr'>in</span> <span class='ocrx_word' id='word_1_485' title='bbox 1348 2271 1493 2314; x_wconf 67' lang='lat' dir='ltr'>praefat-&lt;⁴1</span> <span class='ocrx_word' id='word_1_486' title='bbox 1527 2271 1673 2314; x_wconf 84' lang='lat' dir='ltr'>generali</span> <span class='ocrx_word' id='word_1_487' title='bbox 1703 2271 1913 2315; x_wconf 86' lang='lat' dir='ltr'>inquisitione</span> 
     </span>
     <span class='ocr_line' id='line_1_88' title="bbox 1180 2330 1377 2367; baseline -0.01 -9"><span class='ocrx_word' id='word_1_488' title='bbox 1180 2330 1377 2367; x_wconf 81' lang='lat' dir='ltr'>susceptam.</span> 
     </span>
    </p>

    <p class='ocr_par' dir='ltr' id='par_1_25' title="bbox 1181 2376 1918 2580">
     <span class='ocr_line' id='line_1_89' title="bbox 1223 2376 1914 2421; baseline 0 -11"><span class='ocrx_word' id='word_1_489' title='bbox 1223 2387 1293 2411; x_wconf 70' lang='lat' dir='ltr'>riti.</span> <span class='ocrx_word' id='word_1_490' title='bbox 1334 2378 1419 2410; x_wconf 90' lang='lat' dir='ltr'>Haec</span> <span class='ocrx_word' id='word_1_491' title='bbox 1455 2382 1504 2410; x_wconf 87' lang='lat' dir='ltr'>est</span> <span class='ocrx_word' id='word_1_492' title='bbox 1527 2376 1612 2410; x_wconf 89' lang='lat' dir='ltr'>enim</span> <span class='ocrx_word' id='word_1_493' title='bbox 1636 2376 1685 2410; x_wconf 86' lang='lat' dir='ltr'>via</span> <span class='ocrx_word' id='word_1_494' title='bbox 1715 2377 1914 2421; x_wconf 89' lang='lat' dir='ltr'>corripiendi</span> 
     </span>
     <span class='ocr_line' id='line_1_90' title="bbox 1182 2430 1917 2464; baseline 0 0"><span class='ocrx_word' id='word_1_495' title='bbox 1182 2437 1212 2464; x_wconf 89' lang='lat' dir='ltr'>et</span> <span class='ocrx_word' id='word_1_496' title='bbox 1235 2431 1399 2464; x_wconf 89' lang='lat' dir='ltr'>iudicandi</span> <span class='ocrx_word' id='word_1_497' title='bbox 1425 2430 1589 2464; x_wconf 83' lang='lat' dir='ltr'>salubrior</span> <span class='ocrx_word' id='word_1_498' title='bbox 1613 2434 1645 2463; x_wconf 91' lang='lat' dir='ltr'>et</span> <span class='ocrx_word' id='word_1_499' title='bbox 1670 2430 1818 2463; x_wconf 86' lang='lat' dir='ltr'>charitati</span> <span class='ocrx_word' id='word_1_500' title='bbox 1844 2441 1917 2464; x_wconf 92' lang='lat' dir='ltr'>con-</span> 
     </span>
     <span class='ocr_line' id='line_1_91' title="bbox 1181 2483 1918 2527; baseline 0 -10"><span class='ocrx_word' id='word_1_501' title='bbox 1181 2484 1326 2525; x_wconf 85' lang='lat' dir='ltr'>formior,</span> <span class='ocrx_word' id='word_1_502' title='bbox 1351 2489 1382 2517; x_wconf 90' lang='lat' dir='ltr'>et</span> <span class='ocrx_word' id='word_1_503' title='bbox 1405 2484 1454 2516; x_wconf 83' lang='lat' dir='ltr'>vix</span> <span class='ocrx_word' id='word_1_504' title='bbox 1472 2483 1502 2516; x_wconf 93' lang='lat' dir='ltr'>in</span> <span class='ocrx_word' id='word_1_505' title='bbox 1521 2483 1641 2516; x_wconf 87' lang='lat' dir='ltr'>Ordine</span> <span class='ocrx_word' id='word_1_506' title='bbox 1666 2483 1850 2527; x_wconf 89' lang='lat' dir='ltr'>reperietur</span> <span class='ocrx_word' id='word_1_507' title='bbox 1867 2484 1918 2517; x_wconf 88' lang='lat' dir='ltr'>de·</span> 
     </span>
     <span class='ocr_line' id='line_1_92' title="bbox 1182 2536 1917 2580; baseline 0 -10"><span class='ocrx_word' id='word_1_508' title='bbox 1182 2538 1313 2577; x_wconf 88' lang='lat' dir='ltr'>lictum,</span> <span class='ocrx_word' id='word_1_509' title='bbox 1340 2537 1426 2580; x_wconf 88' lang='lat' dir='ltr'>quod</span> <span class='ocrx_word' id='word_1_510' title='bbox 1464 2537 1513 2569; x_wconf 77' lang='lat' dir='ltr'>vel</span> <span class='ocrx_word' id='word_1_511' title='bbox 1550 2537 1683 2579; x_wconf 78' lang='lat' dir='ltr'>paterna</span> <span class='ocrx_word' id='word_1_512' title='bbox 1713 2536 1917 2570; x_wconf 85' lang='lat' dir='ltr'>correctione</span> 
     </span>
    </p>

    <p class='ocr_par' dir='ltr' id='par_1_26' title="bbox 1218 2597 1811 2635">
     <span class='ocr_line' id='line_1_93' title="bbox 1218 2597 1811 2635; baseline -0.002 -8"><span class='ocrx_word' id='word_1_513' title='bbox 1218 2601 1228 2627; x_wconf 90' lang='lat'>1</span> <span class='ocrx_word' id='word_1_514' title='bbox 1251 2599 1321 2627; x_wconf 82' lang='lat' dir='ltr'>Edit.</span> <span class='ocrx_word' id='word_1_515' title='bbox 1343 2598 1421 2625; x_wconf 77' lang='lat' dir='ltr'>tlain.</span> <span class='ocrx_word' id='word_1_516' title='bbox 1443 2597 1508 2635; x_wconf 79' lang='lat' dir='ltr'>legit</span> <span class='ocrx_word' id='word_1_517' title='bbox 1524 2598 1683 2633; x_wconf 76' lang='lat' dir='ltr'>procedant</span> <span class='ocrx_word' id='word_1_518' title='bbox 1705 2598 1743 2635; x_wconf 70' lang='lat' dir='ltr'>(a.</span> <span class='ocrx_word' id='word_1_519' title='bbox 1762 2599 1811 2631; x_wconf 75' lang='lat' dir='ltr'>T.)-</span> 
     </span>
    </p>
   </div>
   <div class='ocr_carea' id='block_1_5' title="bbox 1908 211 2092 238">
    <p class='ocr_par' dir='ltr' id='par_1_27' title="bbox 1908 211 2092 238">
     <span class='ocr_line' id='line_1_94' title="bbox 1908 211 2092 238; baseline 0.005 -1"><span class='ocrx_word' id='word_1_520' title='bbox 1908 211 1956 237; x_wconf 81' lang='grc' dir='ltr'><strong>Αιι.</strong></span> <span class='ocrx_word' id='word_1_521' title='bbox 1977 211 2005 237; x_wconf 89' lang='lat' dir='ltr'>C.</span> <span class='ocrx_word' id='word_1_522' title='bbox 2031 212 2092 238; x_wconf 71' lang='lat' dir='ltr'>lGGt</span> 
     </span>
    </p>
   </div>
  </div>
 </body>
</html>
