<?xml version="1.0" encoding="UTF-8"?>
<!DOCTYPE html PUBLIC "-//W3C//DTD XHTML 1.0 Transitional//EN"
    "http://www.w3.org/TR/xhtml1/DTD/xhtml1-transitional.dtd">
<html xmlns="http://www.w3.org/1999/xhtml" xml:lang="en" lang="en">
 <head>
  <title>
</title>
<meta http-equiv="Content-Type" content="text/html;charset=utf-8" />
  <meta name='ocr-system' content='tesseract 3.04.00' />
  <meta name='ocr-capabilities' content='ocr_page ocr_carea ocr_par ocr_line ocrx_word'/>
</head>
<body>
  <div class='ocr_page' id='page_1' title='image "./bullarumdiplomat20cath_0945.png"; bbox 0 0 2227 3225; ppageno 0'>
   <div class='ocr_carea' id='block_1_1' title="bbox 126 246 314 277">
    <p class='ocr_par' dir='ltr' id='par_1_1' title="bbox 126 246 314 277">
     <span class='ocr_line' id='line_1_1' title="bbox 126 246 314 277; baseline -0.011 -1"><span class='ocrx_word' id='word_1_1' title='bbox 126 249 178 277; x_wconf 74' lang='lat' dir='ltr'>An.</span> <span class='ocrx_word' id='word_1_2' title='bbox 199 249 228 275; x_wconf 88' lang='lat' dir='ltr'>C.</span> <span class='ocrx_word' id='word_1_3' title='bbox 246 246 314 275; x_wconf 74' lang='lat'>1698</span> 
     </span>
    </p>
   </div>
   <div class='ocr_carea' id='block_1_2' title="bbox 119 2277 305 2331">
    <p class='ocr_par' dir='ltr' id='par_1_2' title="bbox 119 2277 305 2331">
     <span class='ocr_line' id='line_1_2' title="bbox 159 2277 305 2299; baseline 0.007 -1"><span class='ocrx_word' id='word_1_4' title='bbox 159 2277 223 2299; x_wconf 78' lang='lat' dir='ltr'>Fides</span> <span class='ocrx_word' id='word_1_5' title='bbox 247 2281 305 2299; x_wconf 81' lang='lat' dir='ltr'>tran-</span> 
     </span>
     <span class='ocr_line' id='line_1_3' title="bbox 119 2308 257 2331; baseline 0.014 -6"><span class='ocrx_word' id='word_1_6' title='bbox 119 2308 257 2331; x_wconf 68' lang='lat' dir='ltr'>sumptorum.</span> 
     </span>
    </p>
   </div>
   <div class='ocr_carea' id='block_1_3' title="bbox 920 243 1268 268">
    <p class='ocr_par' dir='ltr' id='par_1_3' title="bbox 920 243 1268 268">
     <span class='ocr_line' id='line_1_4' title="bbox 920 243 1268 268; baseline 0.003 -1"><span class='ocrx_word' id='word_1_7' title='bbox 920 243 1127 268; x_wconf 66' lang='lat' dir='ltr'>tNNOCtixTIUS</span> <span class='ocrx_word' id='word_1_8' title='bbox 1154 245 1170 267; x_wconf 78' lang='grc' dir='ltr'>Χ</span> <span class='ocrx_word' id='word_1_9' title='bbox 1179 245 1197 267; x_wconf 86' lang='lat' dir='ltr'>tl</span> <span class='ocrx_word' id='word_1_10' title='bbox 1222 245 1268 268; x_wconf 77' lang='lat' dir='ltr'>FP.</span> 
     </span>
    </p>
   </div>
   <div class='ocr_carea' id='block_1_4' title="bbox 315 291 1062 1084">
    <p class='ocr_par' dir='ltr' id='par_1_4' title="bbox 315 291 1062 1084">
     <span class='ocr_line' id='line_1_5' title="bbox 320 291 1061 337; baseline -0.005 -9"><span class='ocrx_word' id='word_1_11' title='bbox 320 293 447 336; x_wconf 79' lang='lat' dir='ltr'>vilegiis</span> <span class='ocrx_word' id='word_1_12' title='bbox 468 302 611 337; x_wconf 84' lang='lat' dir='ltr'>quoque,</span> <span class='ocrx_word' id='word_1_13' title='bbox 630 292 766 325; x_wconf 86' lang='lat' dir='ltr'>indultis</span> <span class='ocrx_word' id='word_1_14' title='bbox 791 298 819 325; x_wconf 90' lang='lat' dir='ltr'>et</span> <span class='ocrx_word' id='word_1_15' title='bbox 843 291 959 325; x_wconf 85' lang='lat' dir='ltr'>litteris</span> <span class='ocrx_word' id='word_1_16' title='bbox 985 301 1061 334; x_wconf 82' lang='lat' dir='ltr'>apo-</span> 
     </span>
     <span class='ocr_line' id='line_1_6' title="bbox 318 344 1062 388; baseline -0.005 -8"><span class='ocrx_word' id='word_1_17' title='bbox 318 346 452 386; x_wconf 89' lang='lat' dir='ltr'>stolicis,</span> <span class='ocrx_word' id='word_1_18' title='bbox 480 345 544 378; x_wconf 90' lang='lat' dir='ltr'>illis</span> <span class='ocrx_word' id='word_1_19' title='bbox 570 355 753 388; x_wconf 81' lang='lat' dir='ltr'>eorumque</span> <span class='ocrx_word' id='word_1_20' title='bbox 780 344 1004 388; x_wconf 84' lang='lat' dir='ltr'>superioribus</span> <span class='ocrx_word' id='word_1_21' title='bbox 1031 349 1062 377; x_wconf 84' lang='lat' dir='ltr'>et</span> 
     </span>
     <span class='ocr_line' id='line_1_7' title="bbox 317 398 1060 443; baseline -0.003 -11"><span class='ocrx_word' id='word_1_22' title='bbox 317 399 467 443; x_wconf 84' lang='lat' dir='ltr'>personis</span> <span class='ocrx_word' id='word_1_23' title='bbox 493 398 677 443; x_wconf 72' lang='lat' dir='ltr'>quibusvis,</span> <span class='ocrx_word' id='word_1_24' title='bbox 714 398 774 430; x_wconf 92' lang='lat' dir='ltr'>sub</span> <span class='ocrx_word' id='word_1_25' title='bbox 800 398 1060 441; x_wconf 80' lang='lat' dir='ltr'>quilmscumquc</span> 
     </span>
     <span class='ocr_line' id='line_1_8' title="bbox 318 452 1060 491; baseline -0.004 -5"><span class='ocrx_word' id='word_1_26' title='bbox 318 454 493 486; x_wconf 76' lang='lat' dir='ltr'>verborum</span> <span class='ocrx_word' id='word_1_27' title='bbox 521 452 686 485; x_wconf 85' lang='lat' dir='ltr'>tenoribus</span> <span class='ocrx_word' id='word_1_28' title='bbox 712 457 744 485; x_wconf 87' lang='lat' dir='ltr'>et</span> <span class='ocrx_word' id='word_1_29' title='bbox 769 452 893 491; x_wconf 72' lang='lat' dir='ltr'>forulis,</span> <span class='ocrx_word' id='word_1_30' title='bbox 921 462 957 484; x_wconf 81' lang='lat' dir='ltr'>ac</span> <span class='ocrx_word' id='word_1_31' title='bbox 990 462 1060 483; x_wconf 82' lang='lat' dir='ltr'>eum</span> 
     </span>
     <span class='ocr_line' id='line_1_9' title="bbox 318 504 1062 550; baseline 0 -13"><span class='ocrx_word' id='word_1_32' title='bbox 318 505 482 550; x_wconf 77' lang='lat' dir='ltr'>quibusvis</span> <span class='ocrx_word' id='word_1_33' title='bbox 515 506 611 539; x_wconf 83' lang='lat' dir='ltr'>etiam</span> <span class='ocrx_word' id='word_1_34' title='bbox 647 504 926 547; x_wconf 77' lang='lat' dir='ltr'>derogatoriarum</span> <span class='ocrx_word' id='word_1_35' title='bbox 961 505 1062 537; x_wconf 88' lang='lat' dir='ltr'>dero-</span> 
     </span>
     <span class='ocr_line' id='line_1_10' title="bbox 317 557 1062 603; baseline -0.004 -10"><span class='ocrx_word' id='word_1_36' title='bbox 317 559 462 603; x_wconf 80' lang='lat' dir='ltr'>gatoriis,</span> <span class='ocrx_word' id='word_1_37' title='bbox 487 560 625 603; x_wconf 80' lang='lat' dir='ltr'>aliisque</span> <span class='ocrx_word' id='word_1_38' title='bbox 652 558 890 592; x_wconf 79' lang='lat' dir='ltr'>efficacioribus</span> <span class='ocrx_word' id='word_1_39' title='bbox 917 563 948 591; x_wconf 85' lang='lat' dir='ltr'>et</span> <span class='ocrx_word' id='word_1_40' title='bbox 975 557 1062 590; x_wconf 90' lang='lat' dir='ltr'>inso-</span> 
     </span>
     <span class='ocr_line' id='line_1_11' title="bbox 318 611 1060 655; baseline -0.005 -8"><span class='ocrx_word' id='word_1_41' title='bbox 318 613 384 647; x_wconf 90' lang='lat' dir='ltr'>litis</span> <span class='ocrx_word' id='word_1_42' title='bbox 424 614 588 651; x_wconf 84' lang='lat' dir='ltr'>clausulis,</span> <span class='ocrx_word' id='word_1_43' title='bbox 630 612 899 655; x_wconf 79' lang='lat' dir='ltr'>irritantibusque</span> <span class='ocrx_word' id='word_1_44' title='bbox 932 617 964 644; x_wconf 85' lang='lat' dir='ltr'>et</span> <span class='ocrx_word' id='word_1_45' title='bbox 988 611 1060 644; x_wconf 85' lang='lat' dir='ltr'>aliis</span> 
     </span>
     <span class='ocr_line' id='line_1_12' title="bbox 318 666 1062 708; baseline -0.004 -8"><span class='ocrx_word' id='word_1_46' title='bbox 318 667 459 701; x_wconf 85' lang='lat' dir='ltr'>decretis</span> <span class='ocrx_word' id='word_1_47' title='bbox 475 694 482 707; x_wconf 92' lang='lat'><em>,</em></span> <span class='ocrx_word' id='word_1_48' title='bbox 508 666 605 699; x_wconf 85' lang='lat' dir='ltr'>eliam</span> <span class='ocrx_word' id='word_1_49' title='bbox 624 672 727 705; x_wconf 87' lang='lat' dir='ltr'>motu,</span> <span class='ocrx_word' id='word_1_50' title='bbox 754 666 890 698; x_wconf 76' lang='lat' dir='ltr'>scientia</span> <span class='ocrx_word' id='word_1_51' title='bbox 916 670 947 698; x_wconf 88' lang='lat' dir='ltr'>et</span> <span class='ocrx_word' id='word_1_52' title='bbox 971 670 1062 708; x_wconf 86' lang='lat' dir='ltr'>pote-</span> 
     </span>
     <span class='ocr_line' id='line_1_13' title="bbox 317 719 1060 764; baseline -0.004 -10"><span class='ocrx_word' id='word_1_53' title='bbox 317 720 407 754; x_wconf 81' lang='lat' dir='ltr'>statis</span> <span class='ocrx_word' id='word_1_54' title='bbox 432 720 635 764; x_wconf 84' lang='lat' dir='ltr'>plenitudine</span> <span class='ocrx_word' id='word_1_55' title='bbox 655 719 796 762; x_wconf 83' lang='lat' dir='ltr'>paribus,</span> <span class='ocrx_word' id='word_1_56' title='bbox 816 719 847 751; x_wconf 89' lang='lat' dir='ltr'>in</span> <span class='ocrx_word' id='word_1_57' title='bbox 870 730 990 761; x_wconf 73' lang='lat' dir='ltr'>genere</span> <span class='ocrx_word' id='word_1_58' title='bbox 1012 719 1060 751; x_wconf 75' lang='lat' dir='ltr'>vel</span> 
     </span>
     <span class='ocr_line' id='line_1_14' title="bbox 318 773 1060 817; baseline -0.004 -10"><span class='ocrx_word' id='word_1_59' title='bbox 318 775 350 807; x_wconf 90' lang='lat' dir='ltr'>in</span> <span class='ocrx_word' id='word_1_60' title='bbox 375 773 497 817; x_wconf 85' lang='lat' dir='ltr'>speeie,</span> <span class='ocrx_word' id='word_1_61' title='bbox 530 784 587 806; x_wconf 84' lang='lat' dir='ltr'>seu</span> <span class='ocrx_word' id='word_1_62' title='bbox 625 773 704 806; x_wconf 78' lang='lat' dir='ltr'>alias</span> <span class='ocrx_word' id='word_1_63' title='bbox 741 773 992 816; x_wconf 85' lang='lat' dir='ltr'>quomodolibet</span> <span class='ocrx_word' id='word_1_64' title='bbox 1027 773 1060 805; x_wconf 90' lang='lat' dir='ltr'>in</span> 
     </span>
     <span class='ocr_line' id='line_1_15' title="bbox 317 825 1061 869; baseline -0.004 -9"><span class='ocrx_word' id='word_1_65' title='bbox 317 828 516 860; x_wconf 83' lang='lat' dir='ltr'>eontrarium</span> <span class='ocrx_word' id='word_1_66' title='bbox 541 826 790 869; x_wconf 85' lang='lat' dir='ltr'>praemissorum</span> <span class='ocrx_word' id='word_1_67' title='bbox 812 825 1061 869; x_wconf 72' lang='lat' dir='ltr'>quomodolibet</span> 
     </span>
     <span class='ocr_line' id='line_1_16' title="bbox 317 879 1060 922; baseline -0.004 -9"><span class='ocrx_word' id='word_1_68' title='bbox 317 880 493 920; x_wconf 81' lang='lat' dir='ltr'><strong>concessis,</strong></span> <span class='ocrx_word' id='word_1_69' title='bbox 519 879 718 913; x_wconf 75' lang='lat' dir='ltr'>confirmatis</span> <span class='ocrx_word' id='word_1_70' title='bbox 744 884 773 912; x_wconf 88' lang='lat' dir='ltr'>et</span> <span class='ocrx_word' id='word_1_71' title='bbox 793 879 969 918; x_wconf 57' lang='lat' dir='ltr'>innovatis«,</span> <span class='ocrx_word' id='word_1_72' title='bbox 996 879 1060 922; x_wconf 88' lang='lat' dir='ltr'>qui-</span> 
     </span>
     <span class='ocr_line' id='line_1_17' title="bbox 315 931 1058 975; baseline -0.003 -9"><span class='ocrx_word' id='word_1_73' title='bbox 315 933 376 966; x_wconf 89' lang='lat' dir='ltr'>bus</span> <span class='ocrx_word' id='word_1_74' title='bbox 409 934 562 967; x_wconf 90' lang='lat' dir='ltr'>omnibus</span> <span class='ocrx_word' id='word_1_75' title='bbox 589 938 621 966; x_wconf 83' lang='lat' dir='ltr'>et</span> <span class='ocrx_word' id='word_1_76' title='bbox 651 932 806 975; x_wconf 77' lang='lat' dir='ltr'>singulis,</span> <span class='ocrx_word' id='word_1_77' title='bbox 836 931 961 965; x_wconf 84' lang='lat' dir='ltr'>etiamsi</span> <span class='ocrx_word' id='word_1_78' title='bbox 998 942 1058 975; x_wconf 90' lang='lat' dir='ltr'>pro</span> 
     </span>
     <span class='ocr_line' id='line_1_18' title="bbox 316 984 1057 1028; baseline -0.004 -8"><span class='ocrx_word' id='word_1_79' title='bbox 316 987 450 1020; x_wconf 87' lang='lat' dir='ltr'>illorum</span> <span class='ocrx_word' id='word_1_80' title='bbox 483 985 658 1019; x_wconf 85' lang='lat' dir='ltr'>sufficienti</span> <span class='ocrx_word' id='word_1_81' title='bbox 690 985 902 1028; x_wconf 68' lang='lat' dir='ltr'>derogatione</span> <span class='ocrx_word' id='word_1_82' title='bbox 933 985 971 1017; x_wconf 87' lang='lat' dir='ltr'>de</span> <span class='ocrx_word' id='word_1_83' title='bbox 994 984 1057 1018; x_wconf 87' lang='lat' dir='ltr'>illis</span> 
     </span>
     <span class='ocr_line' id='line_1_19' title="bbox 317 1039 1060 1084; baseline -0.004 -10"><span class='ocrx_word' id='word_1_84' title='bbox 317 1051 501 1084; x_wconf 88' lang='lat' dir='ltr'>eorumque</span> <span class='ocrx_word' id='word_1_85' title='bbox 528 1040 602 1073; x_wconf 84' lang='lat' dir='ltr'>totis</span> <span class='ocrx_word' id='word_1_86' title='bbox 621 1039 790 1072; x_wconf 87' lang='lat' dir='ltr'>tenoribus</span> <span class='ocrx_word' id='word_1_87' title='bbox 808 1039 970 1082; x_wconf 79' lang='lat' dir='ltr'>specialis,</span> <span class='ocrx_word' id='word_1_88' title='bbox 989 1049 1060 1082; x_wconf 83' lang='lat' dir='ltr'>spe-</span> 
     </span>
    </p>
   </div>
   <div class='ocr_carea' id='block_1_5' title="bbox 316 1090 1082 1138">
    <p class='ocr_par' dir='ltr' id='par_1_5' title="bbox 316 1090 1082 1138">
     <span class='ocr_line' id='line_1_20' title="bbox 316 1090 1082 1138; baseline -0.001 -12"><span class='ocrx_word' id='word_1_89' title='bbox 316 1093 419 1135; x_wconf 84' lang='lat' dir='ltr'>cifica,</span> <span class='ocrx_word' id='word_1_90' title='bbox 436 1104 589 1138; x_wconf 68' lang='lat' dir='ltr'>expressa</span> <span class='ocrx_word' id='word_1_91' title='bbox 609 1098 641 1126; x_wconf 88' lang='lat' dir='ltr'>et</span> <span class='ocrx_word' id='word_1_92' title='bbox 659 1092 834 1130; x_wconf 75' lang='lat' dir='ltr'>individua„</span> <span class='ocrx_word' id='word_1_93' title='bbox 854 1103 889 1125; x_wconf 89' lang='lat' dir='ltr'>ac</span> <span class='ocrx_word' id='word_1_94' title='bbox 904 1093 942 1125; x_wconf 90' lang='lat' dir='ltr'>de</span> <span class='ocrx_word' id='word_1_95' title='bbox 961 1093 1059 1125; x_wconf 81' lang='lat' dir='ltr'>verbo</span> <span class='ocrx_word' id='word_1_96' title='bbox 1081 1090 1082 1138; x_wconf 36' lang='grc' dir='ltr'>ζ</span> 
     </span>
    </p>
   </div>
   <div class='ocr_carea' id='block_1_6' title="bbox 316 1147 1059 1354">
    <p class='ocr_par' dir='ltr' id='par_1_6' title="bbox 316 1147 1059 1354">
     <span class='ocr_line' id='line_1_21' title="bbox 317 1147 1058 1190; baseline -0.003 -9"><span class='ocrx_word' id='word_1_97' title='bbox 317 1149 355 1181; x_wconf 90' lang='lat' dir='ltr'>ad</span> <span class='ocrx_word' id='word_1_98' title='bbox 388 1148 533 1188; x_wconf 87' lang='lat' dir='ltr'>verbum,</span> <span class='ocrx_word' id='word_1_99' title='bbox 560 1158 626 1180; x_wconf 87' lang='lat' dir='ltr'>non</span> <span class='ocrx_word' id='word_1_100' title='bbox 658 1153 764 1180; x_wconf 88' lang='lat' dir='ltr'>autem</span> <span class='ocrx_word' id='word_1_101' title='bbox 802 1157 861 1190; x_wconf 84' lang='lat' dir='ltr'>per</span> <span class='ocrx_word' id='word_1_102' title='bbox 896 1147 1058 1179; x_wconf 75' lang='lat' dir='ltr'>clausulas</span> 
     </span>
     <span class='ocr_line' id='line_1_22' title="bbox 316 1201 1057 1245; baseline -0.005 -9"><span class='ocrx_word' id='word_1_103' title='bbox 316 1203 487 1245; x_wconf 76' lang='lat' dir='ltr'>generales</span> <span class='ocrx_word' id='word_1_104' title='bbox 512 1202 599 1235; x_wconf 88' lang='lat' dir='ltr'>idem</span> <span class='ocrx_word' id='word_1_105' title='bbox 619 1202 840 1245; x_wconf 74' lang='lat' dir='ltr'>importanteS,</span> <span class='ocrx_word' id='word_1_106' title='bbox 862 1201 983 1234; x_wconf 89' lang='lat' dir='ltr'>mentio</span> <span class='ocrx_word' id='word_1_107' title='bbox 1003 1211 1057 1233; x_wconf 89' lang='lat' dir='ltr'>seu</span> 
     </span>
     <span class='ocr_line' id='line_1_23' title="bbox 316 1254 1059 1301; baseline -0.004 -12"><span class='ocrx_word' id='word_1_108' title='bbox 316 1256 446 1301; x_wconf 84' lang='lat' dir='ltr'>quaevis</span> <span class='ocrx_word' id='word_1_109' title='bbox 471 1256 534 1289; x_wconf 87' lang='lat' dir='ltr'>alia</span> <span class='ocrx_word' id='word_1_110' title='bbox 560 1255 725 1298; x_wconf 76' lang='lat' dir='ltr'>expressio</span> <span class='ocrx_word' id='word_1_111' title='bbox 744 1255 906 1293; x_wconf 82' lang='lat' dir='ltr'>habenda,</span> <span class='ocrx_word' id='word_1_112' title='bbox 931 1260 985 1287; x_wconf 85' lang='lat' dir='ltr'>aut</span> <span class='ocrx_word' id='word_1_113' title='bbox 1001 1254 1059 1286; x_wconf 86' lang='lat' dir='ltr'>ali-</span> 
     </span>
     <span class='ocr_line' id='line_1_24' title="bbox 317 1309 1058 1354; baseline -0.001 -13"><span class='ocrx_word' id='word_1_114' title='bbox 317 1321 382 1354; x_wconf 84' lang='lat' dir='ltr'>qua</span> <span class='ocrx_word' id='word_1_115' title='bbox 406 1310 469 1343; x_wconf 82' lang='lat' dir='ltr'>alia</span> <span class='ocrx_word' id='word_1_116' title='bbox 495 1309 653 1353; x_wconf 76' lang='lat' dir='ltr'>exquisita</span> <span class='ocrx_word' id='word_1_117' title='bbox 687 1310 791 1341; x_wconf 77' lang='lat' dir='ltr'>forma</span> <span class='ocrx_word' id='word_1_118' title='bbox 824 1309 863 1341; x_wconf 89' lang='lat' dir='ltr'>ad</span> <span class='ocrx_word' id='word_1_119' title='bbox 898 1309 960 1341; x_wconf 87' lang='lat' dir='ltr'>hoc</span> <span class='ocrx_word' id='word_1_120' title='bbox 993 1318 1058 1340; x_wconf 76' lang='lat' dir='ltr'>ser-</span> 
     </span>
    </p>
   </div>
   <div class='ocr_carea' id='block_1_7' title="bbox 315 1362 1847 1422">
    <p class='ocr_par' dir='ltr' id='par_1_7' title="bbox 315 1362 1847 1422">
     <span class='ocr_line' id='line_1_25' title="bbox 315 1362 1847 1422; baseline -0.004 -6"><span class='ocrx_word' id='word_1_121' title='bbox 315 1363 418 1396; x_wconf 62' lang='lat' dir='ltr'>vanda</span> <span class='ocrx_word' id='word_1_122' title='bbox 443 1364 537 1402; x_wconf 45' lang='lat' dir='ltr'>sorel’</span> <span class='ocrx_word' id='word_1_123' title='bbox 562 1363 693 1395; x_wconf 56' lang='lat' dir='ltr'>illorum</span> <span class='ocrx_word' id='word_1_124' title='bbox 723 1362 868 1394; x_wconf 64' lang='lat' dir='ltr'>omnium</span> <span class='ocrx_word' id='word_1_125' title='bbox 895 1368 925 1394; x_wconf 46' lang='grc' dir='ltr'>Εἰ</span> <span class='ocrx_word' id='word_1_126' title='bbox 950 1362 1058 1404; x_wconf 46' lang='grc' dir='ltr'>’ςὶῃςψ</span> <span class='ocrx_word' id='word_1_127' title='bbox 1078 1391 1080 1415; x_wconf 56' lang='grc' dir='ltr'>ᾳ</span> <span class='ocrx_word' id='word_1_128' title='bbox 1101 1382 1267 1415; x_wconf 71' lang='lat' dir='ltr'>Statuitur</span> <span class='ocrx_word' id='word_1_129' title='bbox 1291 1385 1326 1413; x_wconf 81' lang='lat' dir='ltr'>ut</span> <span class='ocrx_word' id='word_1_130' title='bbox 1352 1381 1501 1414; x_wconf 76' lang='lat' dir='ltr'>canonici</span> <span class='ocrx_word' id='word_1_131' title='bbox 1526 1379 1694 1420; x_wconf 71' lang='lat' dir='ltr'>requlares</span> <span class='ocrx_word' id='word_1_132' title='bbox 1712 1379 1847 1422; x_wconf 66' lang='lat' dir='ltr'>conare-</span> 
     </span>
    </p>
   </div>
   <div class='ocr_carea' id='block_1_8' title="bbox 316 1415 1055 1455">
    <p class='ocr_par' dir='ltr' id='par_1_8' title="bbox 316 1415 1055 1455">
     <span class='ocr_line' id='line_1_26' title="bbox 316 1415 1055 1455; baseline -0.004 -6"><span class='ocrx_word' id='word_1_133' title='bbox 316 1418 419 1450; x_wconf 85' lang='lat' dir='ltr'>lorum</span> <span class='ocrx_word' id='word_1_134' title='bbox 435 1423 574 1455; x_wconf 82' lang='lat' dir='ltr'>tenores,</span> <span class='ocrx_word' id='word_1_135' title='bbox 597 1426 632 1448; x_wconf 90' lang='lat' dir='ltr'>ac</span> <span class='ocrx_word' id='word_1_136' title='bbox 653 1416 677 1448; x_wconf 91' lang='lat' dir='ltr'>si</span> <span class='ocrx_word' id='word_1_137' title='bbox 696 1416 734 1448; x_wconf 88' lang='lat' dir='ltr'>de</span> <span class='ocrx_word' id='word_1_138' title='bbox 753 1416 850 1447; x_wconf 82' lang='lat' dir='ltr'>verbo</span> <span class='ocrx_word' id='word_1_139' title='bbox 869 1415 907 1447; x_wconf 83' lang='lat' dir='ltr'>ad</span> <span class='ocrx_word' id='word_1_140' title='bbox 923 1415 1055 1447; x_wconf 80' lang='lat' dir='ltr'>verbum</span> 
     </span>
    </p>
   </div>
   <div class='ocr_carea' id='block_1_9' title="bbox 315 1467 1079 1512">
    <p class='ocr_par' dir='ltr' id='par_1_9' title="bbox 315 1467 1079 1512">
     <span class='ocr_line' id='line_1_27' title="bbox 315 1467 1079 1512; baseline -0.004 -10"><span class='ocrx_word' id='word_1_141' title='bbox 315 1469 579 1512; x_wconf 76' lang='lat' dir='ltr'>exprimerentur</span> <span class='ocrx_word' id='word_1_142' title='bbox 622 1474 653 1500; x_wconf 87' lang='lat' dir='ltr'>et</span> <span class='ocrx_word' id='word_1_143' title='bbox 692 1468 932 1507; x_wconf 75' lang='lat' dir='ltr'>insererentur,</span> <span class='ocrx_word' id='word_1_144' title='bbox 974 1467 1079 1507; x_wconf 56' lang='lat' dir='ltr'>nibil]</span> 
     </span>
    </p>
   </div>
   <div class='ocr_carea' id='block_1_10' title="bbox 313 1520 1057 1885">
    <p class='ocr_par' dir='ltr' id='par_1_10' title="bbox 313 1520 1057 1885">
     <span class='ocr_line' id='line_1_28' title="bbox 313 1520 1055 1565; baseline -0.003 -11"><span class='ocrx_word' id='word_1_145' title='bbox 313 1521 443 1565; x_wconf 91' lang='lat' dir='ltr'>penitus</span> <span class='ocrx_word' id='word_1_146' title='bbox 468 1521 601 1562; x_wconf 84' lang='lat' dir='ltr'>omisso,</span> <span class='ocrx_word' id='word_1_147' title='bbox 617 1526 648 1554; x_wconf 91' lang='lat' dir='ltr'>et</span> <span class='ocrx_word' id='word_1_148' title='bbox 674 1521 775 1553; x_wconf 76' lang='lat' dir='ltr'>forma</span> <span class='ocrx_word' id='word_1_149' title='bbox 800 1521 913 1553; x_wconf 86' lang='lat' dir='ltr'>inillis</span> <span class='ocrx_word' id='word_1_150' title='bbox 940 1520 1055 1553; x_wconf 77' lang='lat' dir='ltr'>tradita</span> 
     </span>
     <span class='ocr_line' id='line_1_29' title="bbox 313 1574 1056 1618; baseline -0.003 -10"><span class='ocrx_word' id='word_1_151' title='bbox 313 1575 492 1615; x_wconf 78' lang='lat' dir='ltr'>observata,</span> <span class='ocrx_word' id='word_1_152' title='bbox 520 1575 643 1608; x_wconf 82' lang='lat' dir='ltr'>eisdem</span> <span class='ocrx_word' id='word_1_153' title='bbox 669 1574 898 1618; x_wconf 86' lang='lat' dir='ltr'>praesentibus</span> <span class='ocrx_word' id='word_1_154' title='bbox 916 1585 975 1617; x_wconf 89' lang='lat' dir='ltr'>pro</span> <span class='ocrx_word' id='word_1_155' title='bbox 1003 1585 1056 1607; x_wconf 79' lang='lat' dir='ltr'>ex-</span> 
     </span>
     <span class='ocr_line' id='line_1_30' title="bbox 313 1627 1056 1672; baseline -0.003 -11"><span class='ocrx_word' id='word_1_156' title='bbox 313 1628 436 1672; x_wconf 76' lang='lat' dir='ltr'>pressis</span> <span class='ocrx_word' id='word_1_157' title='bbox 463 1634 494 1661; x_wconf 92' lang='lat' dir='ltr'>et</span> <span class='ocrx_word' id='word_1_158' title='bbox 516 1628 648 1661; x_wconf 85' lang='lat' dir='ltr'>insertis</span> <span class='ocrx_word' id='word_1_159' title='bbox 680 1628 854 1667; x_wconf 83' lang='lat' dir='ltr'>babentes,</span> <span class='ocrx_word' id='word_1_160' title='bbox 884 1627 949 1660; x_wconf 89' lang='lat' dir='ltr'>illis</span> <span class='ocrx_word' id='word_1_161' title='bbox 978 1627 1056 1659; x_wconf 71' lang='lat' dir='ltr'>alias</span> 
     </span>
     <span class='ocr_line' id='line_1_31' title="bbox 314 1681 1057 1725; baseline -0.001 -11"><span class='ocrx_word' id='word_1_162' title='bbox 314 1682 347 1714; x_wconf 91' lang='lat' dir='ltr'>in</span> <span class='ocrx_word' id='word_1_163' title='bbox 384 1692 442 1714; x_wconf 90' lang='lat' dir='ltr'>suo</span> <span class='ocrx_word' id='word_1_164' title='bbox 472 1682 589 1715; x_wconf 85' lang='lat' dir='ltr'>robore</span> <span class='ocrx_word' id='word_1_165' title='bbox 626 1681 866 1725; x_wconf 79' lang='lat' dir='ltr'>permansuris,</span> <span class='ocrx_word' id='word_1_166' title='bbox 895 1681 933 1713; x_wconf 92' lang='lat' dir='ltr'>ad</span> <span class='ocrx_word' id='word_1_167' title='bbox 964 1691 1057 1724; x_wconf 87' lang='lat' dir='ltr'>prae-</span> 
     </span>
     <span class='ocr_line' id='line_1_32' title="bbox 314 1734 1055 1774; baseline -0.003 -7"><span class='ocrx_word' id='word_1_168' title='bbox 314 1734 488 1767; x_wconf 84' lang='lat' dir='ltr'>missorum</span> <span class='ocrx_word' id='word_1_169' title='bbox 510 1734 656 1767; x_wconf 85' lang='lat' dir='ltr'>etl&#39;ectum</span> <span class='ocrx_word' id='word_1_170' title='bbox 673 1762 680 1774; x_wconf 90' lang='lat'><em>,</em></span> <span class='ocrx_word' id='word_1_171' title='bbox 709 1734 769 1766; x_wconf 85' lang='lat' dir='ltr'>hac</span> <span class='ocrx_word' id='word_1_172' title='bbox 790 1734 858 1766; x_wconf 84' lang='lat' dir='ltr'>vice</span> <span class='ocrx_word' id='word_1_173' title='bbox 883 1734 1055 1771; x_wconf 74' lang='lat' dir='ltr'>dumtaxat,</span> 
     </span>
     <span class='ocr_line' id='line_1_33' title="bbox 313 1787 1056 1831; baseline -0.003 -11"><span class='ocrx_word' id='word_1_174' title='bbox 313 1787 500 1831; x_wconf 75' lang='lat' dir='ltr'>specialiter</span> <span class='ocrx_word' id='word_1_175' title='bbox 524 1793 556 1820; x_wconf 92' lang='lat' dir='ltr'>et</span> <span class='ocrx_word' id='word_1_176' title='bbox 580 1798 731 1830; x_wconf 81' lang='lat' dir='ltr'>expresse</span> <span class='ocrx_word' id='word_1_177' title='bbox 757 1788 975 1830; x_wconf 79' lang='lat' dir='ltr'>derogamus;</span> <span class='ocrx_word' id='word_1_178' title='bbox 1005 1797 1056 1819; x_wconf 90' lang='lat' dir='ltr'>ce-</span> 
     </span>
     <span class='ocr_line' id='line_1_34' title="bbox 314 1841 1054 1885; baseline -0.004 -11"><span class='ocrx_word' id='word_1_179' title='bbox 314 1842 460 1885; x_wconf 82' lang='lat' dir='ltr'>terisque</span> <span class='ocrx_word' id='word_1_180' title='bbox 492 1841 665 1874; x_wconf 74' lang='lat' dir='ltr'>contrariis</span> <span class='ocrx_word' id='word_1_181' title='bbox 697 1841 976 1885; x_wconf 83' lang='lat' dir='ltr'>quibuscumque;</span> <span class='ocrx_word' id='word_1_182' title='bbox 1004 1846 1054 1872; x_wconf 84' lang='lat' dir='ltr'>aut</span> 
     </span>
    </p>
   </div>
   <div class='ocr_carea' id='block_1_11' title="bbox 313 1886 1080 2099">
    <p class='ocr_par' dir='ltr' id='par_1_11' title="bbox 313 1886 1080 2099">
     <span class='ocr_line' id='line_1_35' title="bbox 314 1886 1080 1940; baseline -0.001 -13"><span class='ocrx_word' id='word_1_183' title='bbox 314 1896 338 1928; x_wconf 91' lang='lat' dir='ltr'>si</span> <span class='ocrx_word' id='word_1_184' title='bbox 365 1895 520 1939; x_wconf 79' lang='lat' dir='ltr'>praefatis</span> <span class='ocrx_word' id='word_1_185' title='bbox 554 1896 604 1928; x_wconf 85' lang='lat' dir='ltr'>vel</span> <span class='ocrx_word' id='word_1_186' title='bbox 641 1894 936 1938; x_wconf 55' lang='lat' dir='ltr'>aliisjquibuslibet</span> <span class='ocrx_word' id='word_1_187' title='bbox 971 1886 1080 1940; x_wconf 23' lang='lat' dir='ltr'>com-7</span> 
     </span>
     <span class='ocr_line' id='line_1_36' title="bbox 313 1946 1080 1982; baseline -0.003 -1"><span class='ocrx_word' id='word_1_188' title='bbox 313 1948 456 1981; x_wconf 78' lang='lat' dir='ltr'>munitet·</span> <span class='ocrx_word' id='word_1_189' title='bbox 476 1950 527 1982; x_wconf 83' lang='lat' dir='ltr'>vel</span> <span class='ocrx_word' id='word_1_190' title='bbox 553 1948 679 1981; x_wconf 79' lang='lat' dir='ltr'>divisim</span> <span class='ocrx_word' id='word_1_191' title='bbox 707 1948 744 1980; x_wconf 88' lang='lat' dir='ltr'>ab</span> <span class='ocrx_word' id='word_1_192' title='bbox 771 1948 886 1980; x_wconf 73' lang='lat' dir='ltr'>eadem</span> <span class='ocrx_word' id='word_1_193' title='bbox 913 1948 953 1980; x_wconf 63' lang='lat' dir='ltr'>sit,</span> <span class='ocrx_word' id='word_1_194' title='bbox 973 1947 1056 1980; x_wconf 86' lang='lat' dir='ltr'>Sede</span> <span class='ocrx_word' id='word_1_195' title='bbox 1078 1946 1080 1978; x_wconf 72' lang='grc' dir='ltr'><strong><em>ἶ</em></strong></span> 
     </span>
     <span class='ocr_line' id='line_1_37' title="bbox 315 2001 1079 2046; baseline -0.001 -11"><span class='ocrx_word' id='word_1_196' title='bbox 315 2003 487 2042; x_wconf 89' lang='lat' dir='ltr'>indultum,</span> <span class='ocrx_word' id='word_1_197' title='bbox 515 2003 600 2046; x_wconf 84' lang='lat' dir='ltr'>quod</span> <span class='ocrx_word' id='word_1_198' title='bbox 627 2002 792 2041; x_wconf 71' lang='lat' dir='ltr'>interdici,</span> <span class='ocrx_word' id='word_1_199' title='bbox 822 2001 979 2045; x_wconf 83' lang='lat' dir='ltr'>suspendi</span> <span class='ocrx_word' id='word_1_200' title='bbox 1005 2003 1056 2034; x_wconf 88' lang='lat' dir='ltr'>vel</span> <span class='ocrx_word' id='word_1_201' title='bbox 1078 2007 1079 2043; x_wconf 65' lang='lat' dir='ltr'><strong>f</strong></span> 
     </span>
     <span class='ocr_line' id='line_1_38' title="bbox 315 2055 1079 2099; baseline -0.005 -9"><span class='ocrx_word' id='word_1_202' title='bbox 315 2057 587 2090; x_wconf 81' lang='lat' dir='ltr'>excommunicari</span> <span class='ocrx_word' id='word_1_203' title='bbox 615 2066 677 2088; x_wconf 88' lang='lat' dir='ltr'>non</span> <span class='ocrx_word' id='word_1_204' title='bbox 703 2055 832 2099; x_wconf 77' lang='lat' dir='ltr'>possint</span> <span class='ocrx_word' id='word_1_205' title='bbox 855 2066 915 2098; x_wconf 88' lang='lat' dir='ltr'>per</span> <span class='ocrx_word' id='word_1_206' title='bbox 932 2055 1056 2088; x_wconf 77' lang='lat' dir='ltr'>litteras</span> <span class='ocrx_word' id='word_1_207' title='bbox 1078 2060 1079 2081; x_wconf 75' lang='lat'>1</span> 
     </span>
    </p>
   </div>
   <div class='ocr_carea' id='block_1_12' title="bbox 313 2109 1057 2153">
    <p class='ocr_par' dir='ltr' id='par_1_12' title="bbox 313 2109 1057 2153">
     <span class='ocr_line' id='line_1_39' title="bbox 313 2109 1057 2153; baseline -0.003 -11"><span class='ocrx_word' id='word_1_208' title='bbox 313 2109 508 2153; x_wconf 85' lang='lat' dir='ltr'>apostolicas</span> <span class='ocrx_word' id='word_1_209' title='bbox 534 2119 598 2142; x_wconf 90' lang='lat' dir='ltr'>non</span> <span class='ocrx_word' id='word_1_210' title='bbox 625 2109 779 2141; x_wconf 76' lang='lat' dir='ltr'>facientes</span> <span class='ocrx_word' id='word_1_211' title='bbox 797 2110 929 2152; x_wconf 79' lang='lat' dir='ltr'>plenam</span> <span class='ocrx_word' id='word_1_212' title='bbox 955 2114 986 2140; x_wconf 90' lang='lat' dir='ltr'>et</span> <span class='ocrx_word' id='word_1_213' title='bbox 1007 2119 1057 2141; x_wconf 80' lang='lat' dir='ltr'>ex-</span> 
     </span>
    </p>
   </div>
   <div class='ocr_carea' id='block_1_13' title="bbox 313 2162 1843 2258">
    <p class='ocr_par' dir='ltr' id='par_1_13' title="bbox 313 2162 1843 2258">
     <span class='ocr_line' id='line_1_40' title="bbox 313 2162 1079 2206; baseline -0.003 -10"><span class='ocrx_word' id='word_1_214' title='bbox 313 2173 457 2206; x_wconf 78' lang='lat' dir='ltr'>pressam</span> <span class='ocrx_word' id='word_1_215' title='bbox 493 2173 530 2195; x_wconf 85' lang='lat' dir='ltr'>ac</span> <span class='ocrx_word' id='word_1_216' title='bbox 553 2162 592 2195; x_wconf 87' lang='lat' dir='ltr'>de</span> <span class='ocrx_word' id='word_1_217' title='bbox 617 2162 718 2195; x_wconf 90' lang='lat' dir='ltr'>verbo</span> <span class='ocrx_word' id='word_1_218' title='bbox 736 2162 774 2194; x_wconf 88' lang='lat' dir='ltr'>ad</span> <span class='ocrx_word' id='word_1_219' title='bbox 797 2162 929 2194; x_wconf 83' lang='lat' dir='ltr'>verbum</span> <span class='ocrx_word' id='word_1_220' title='bbox 953 2162 992 2194; x_wconf 88' lang='lat' dir='ltr'>de</span> <span class='ocrx_word' id='word_1_221' title='bbox 1011 2162 1056 2194; x_wconf 87' lang='lat' dir='ltr'>in-</span> <span class='ocrx_word' id='word_1_222' title='bbox 1077 2193 1079 2205; x_wconf 42' lang='grc' dir='ltr'>Ι</span> 
     </span>
     <span class='ocr_line' id='line_1_41' title="bbox 1077 2217 1843 2258; baseline -0.003 -7"><span class='ocrx_word' id='word_1_223' title='bbox 1077 2251 1079 2254; x_wconf 78' lang='grc'>,</span> <span class='ocrx_word' id='word_1_224' title='bbox 1100 2219 1140 2251; x_wconf 85' lang='lat' dir='ltr'>ab</span> <span class='ocrx_word' id='word_1_225' title='bbox 1166 2218 1252 2250; x_wconf 88' lang='lat' dir='ltr'>illius</span> <span class='ocrx_word' id='word_1_226' title='bbox 1277 2217 1501 2250; x_wconf 88' lang='lat' dir='ltr'>iurisdictione</span> <span class='ocrx_word' id='word_1_227' title='bbox 1527 2217 1716 2258; x_wconf 78' lang='lat' dir='ltr'>eximerent,</span> <span class='ocrx_word' id='word_1_228' title='bbox 1743 2228 1760 2249; x_wconf 88' lang='lat' dir='ltr'>a</span> <span class='ocrx_word' id='word_1_229' title='bbox 1784 2217 1843 2250; x_wconf 90' lang='lat' dir='ltr'>ho-</span> 
     </span>
    </p>
   </div>
   <div class='ocr_carea' id='block_1_14' title="bbox 315 2215 1055 2312">
    <p class='ocr_par' dir='ltr' id='par_1_14' title="bbox 315 2215 1055 2312">
     <span class='ocr_line' id='line_1_42' title="bbox 315 2215 855 2250; baseline -0.004 -1"><span class='ocrx_word' id='word_1_230' title='bbox 315 2217 405 2250; x_wconf 89' lang='lat' dir='ltr'>dulto</span> <span class='ocrx_word' id='word_1_231' title='bbox 430 2215 618 2249; x_wconf 91' lang='lat' dir='ltr'>huiusmodi</span> <span class='ocrx_word' id='word_1_232' title='bbox 644 2215 855 2249; x_wconf 71' lang='lat' dir='ltr'>mentionem.</span> 
     </span>
     <span class='ocr_line' id='line_1_43' title="bbox 360 2269 1055 2312; baseline -0.001 -10"><span class='ocrx_word' id='word_1_233' title='bbox 360 2270 374 2312; x_wconf 56' lang='grc' dir='ltr'>ᾗ</span> <span class='ocrx_word' id='word_1_234' title='bbox 406 2269 437 2302; x_wconf 88' lang='lat'>5.</span> <span class='ocrx_word' id='word_1_235' title='bbox 472 2269 628 2303; x_wconf 69' lang='lat' dir='ltr'>Volumus</span> <span class='ocrx_word' id='word_1_236' title='bbox 664 2274 771 2302; x_wconf 85' lang='lat' dir='ltr'>autem</span> <span class='ocrx_word' id='word_1_237' title='bbox 803 2274 838 2301; x_wconf 91' lang='lat' dir='ltr'>ut</span> <span class='ocrx_word' id='word_1_238' title='bbox 865 2275 1055 2312; x_wconf 86' lang='lat' dir='ltr'>praesentes</span> 
     </span>
    </p>
   </div>
   <div class='ocr_carea' id='block_1_15' title="bbox 313 2323 1078 2364">
    <p class='ocr_par' dir='ltr' id='par_1_15' title="bbox 313 2323 1078 2364">
     <span class='ocr_line' id='line_1_44' title="bbox 313 2323 1078 2364; baseline 0 -8"><span class='ocrx_word' id='word_1_239' title='bbox 313 2323 440 2357; x_wconf 86' lang='lat' dir='ltr'>litterae</span> <span class='ocrx_word' id='word_1_240' title='bbox 466 2323 496 2356; x_wconf 90' lang='lat' dir='ltr'>in</span> <span class='ocrx_word' id='word_1_241' title='bbox 523 2324 623 2356; x_wconf 90' lang='lat' dir='ltr'>valvis</span> <span class='ocrx_word' id='word_1_242' title='bbox 642 2324 800 2356; x_wconf 85' lang='lat' dir='ltr'>ecclesiae</span> <span class='ocrx_word' id='word_1_243' title='bbox 818 2323 1055 2363; x_wconf 83' lang='lat' dir='ltr'>Lateranensis,</span> <span class='ocrx_word' id='word_1_244' title='bbox 1077 2355 1078 2364; x_wconf 57' lang='grc'>,</span> 
     </span>
    </p>
   </div>
   <div class='ocr_carea' id='block_1_16' title="bbox 314 2376 1057 2736">
    <p class='ocr_par' dir='ltr' id='par_1_16' title="bbox 314 2376 1057 2736">
     <span class='ocr_line' id='line_1_45' title="bbox 314 2376 1057 2420; baseline -0.001 -11"><span class='ocrx_word' id='word_1_245' title='bbox 314 2387 351 2410; x_wconf 85' lang='lat' dir='ltr'>ac</span> <span class='ocrx_word' id='word_1_246' title='bbox 374 2377 530 2410; x_wconf 74' lang='lat' dir='ltr'>basilicae</span> <span class='ocrx_word' id='word_1_247' title='bbox 543 2376 704 2420; x_wconf 83' lang='lat' dir='ltr'>Principis</span> <span class='ocrx_word' id='word_1_248' title='bbox 722 2378 960 2420; x_wconf 77' lang='lat' dir='ltr'>Apostolorum,</span> <span class='ocrx_word' id='word_1_249' title='bbox 981 2387 1057 2409; x_wconf 87' lang='lat' dir='ltr'>nec-</span> 
     </span>
     <span class='ocr_line' id='line_1_46' title="bbox 314 2430 1055 2474; baseline 0.001 -12"><span class='ocrx_word' id='word_1_250' title='bbox 314 2440 381 2462; x_wconf 92' lang='lat' dir='ltr'>non</span> <span class='ocrx_word' id='word_1_251' title='bbox 405 2430 623 2463; x_wconf 85' lang='lat' dir='ltr'>Cancellariae</span> <span class='ocrx_word' id='word_1_252' title='bbox 644 2430 853 2473; x_wconf 83' lang='lat' dir='ltr'>apostolicae,</span> <span class='ocrx_word' id='word_1_253' title='bbox 875 2430 1055 2474; x_wconf 83' lang='lat' dir='ltr'>Cariaeque</span> 
     </span>
     <span class='ocr_line' id='line_1_47' title="bbox 315 2484 1054 2525; baseline 0.001 -10"><span class='ocrx_word' id='word_1_254' title='bbox 315 2484 477 2525; x_wconf 82' lang='lat' dir='ltr'>generalis</span> <span class='ocrx_word' id='word_1_255' title='bbox 501 2485 534 2516; x_wconf 92' lang='lat' dir='ltr'>in</span> <span class='ocrx_word' id='word_1_256' title='bbox 559 2484 665 2517; x_wconf 89' lang='lat' dir='ltr'>Monte</span> <span class='ocrx_word' id='word_1_257' title='bbox 691 2484 822 2523; x_wconf 81' lang='lat' dir='ltr'>Citorio,</span> <span class='ocrx_word' id='word_1_258' title='bbox 858 2494 895 2516; x_wconf 86' lang='lat' dir='ltr'>ac</span> <span class='ocrx_word' id='word_1_259' title='bbox 923 2484 955 2516; x_wconf 91' lang='lat' dir='ltr'>in</span> <span class='ocrx_word' id='word_1_260' title='bbox 986 2485 1054 2516; x_wconf 83' lang='lat' dir='ltr'>acie</span> 
     </span>
     <span class='ocr_line' id='line_1_48' title="bbox 315 2535 1056 2580; baseline 0.001 -13"><span class='ocrx_word' id='word_1_261' title='bbox 315 2535 525 2578; x_wconf 82' lang='lat' dir='ltr'>Campiflorae</span> <span class='ocrx_word' id='word_1_262' title='bbox 549 2537 588 2569; x_wconf 91' lang='lat' dir='ltr'>de</span> <span class='ocrx_word' id='word_1_263' title='bbox 614 2536 711 2577; x_wconf 76' lang='lat' dir='ltr'>L&#39;rbe,</span> <span class='ocrx_word' id='word_1_264' title='bbox 736 2542 770 2568; x_wconf 77' lang='lat' dir='ltr'>ut</span> <span class='ocrx_word' id='word_1_265' title='bbox 795 2537 895 2569; x_wconf 86' lang='lat' dir='ltr'>moris</span> <span class='ocrx_word' id='word_1_266' title='bbox 920 2542 977 2576; x_wconf 85' lang='lat' dir='ltr'>est,</span> <span class='ocrx_word' id='word_1_267' title='bbox 996 2548 1056 2580; x_wconf 90' lang='lat' dir='ltr'>pu-</span> 
     </span>
     <span class='ocr_line' id='line_1_49' title="bbox 314 2588 1054 2633; baseline 0 -11"><span class='ocrx_word' id='word_1_268' title='bbox 314 2588 478 2622; x_wconf 86' lang='lat' dir='ltr'>blicentur</span> <span class='ocrx_word' id='word_1_269' title='bbox 515 2594 546 2621; x_wconf 87' lang='lat' dir='ltr'>et</span> <span class='ocrx_word' id='word_1_270' title='bbox 575 2589 757 2632; x_wconf 80' lang='lat' dir='ltr'>affigantur,</span> <span class='ocrx_word' id='word_1_271' title='bbox 796 2590 909 2633; x_wconf 80' lang='lat' dir='ltr'>sieque</span> <span class='ocrx_word' id='word_1_272' title='bbox 946 2591 1054 2633; x_wconf 87' lang='lat' dir='ltr'>publi-</span> 
     </span>
     <span class='ocr_line' id='line_1_50' title="bbox 316 2641 1054 2687; baseline 0.001 -11"><span class='ocrx_word' id='word_1_273' title='bbox 316 2647 406 2676; x_wconf 84' lang='lat' dir='ltr'>catae</span> <span class='ocrx_word' id='word_1_274' title='bbox 423 2647 455 2674; x_wconf 89' lang='lat' dir='ltr'>et</span> <span class='ocrx_word' id='word_1_275' title='bbox 474 2641 586 2675; x_wconf 86' lang='lat' dir='ltr'>affixae</span> <span class='ocrx_word' id='word_1_276' title='bbox 604 2654 718 2676; x_wconf 89' lang='lat' dir='ltr'>omnes</span> <span class='ocrx_word' id='word_1_277' title='bbox 748 2648 779 2676; x_wconf 89' lang='lat' dir='ltr'>et</span> <span class='ocrx_word' id='word_1_278' title='bbox 796 2643 953 2686; x_wconf 81' lang='lat' dir='ltr'>singulos,</span> <span class='ocrx_word' id='word_1_279' title='bbox 973 2654 1054 2687; x_wconf 84' lang='lat' dir='ltr'>quos</span> 
     </span>
     <span class='ocr_line' id='line_1_51' title="bbox 419 2704 1000 2736; baseline 0.005 -3"><span class='ocrx_word' id='word_1_280' title='bbox 419 2704 500 2733; x_wconf 77' lang='lat' dir='ltr'><em>Bull.</em></span> <span class='ocrx_word' id='word_1_281' title='bbox 516 2706 597 2735; x_wconf 86' lang='lat' dir='ltr'>Rom.</span> <span class='ocrx_word' id='word_1_282' title='bbox 613 2722 649 2728; x_wconf 91' lang='lat'><strong>—</strong></span> <span class='ocrx_word' id='word_1_283' title='bbox 667 2708 728 2736; x_wconf 82' lang='lat' dir='ltr'><em>Vol.</em></span> <span class='ocrx_word' id='word_1_284' title='bbox 744 2708 804 2735; x_wconf 82' lang='lat' dir='ltr'>XX.</span> <span class='ocrx_word' id='word_1_285' title='bbox 951 2709 1000 2736; x_wconf 86' lang='lat'>109</span> 
     </span>
    </p>
   </div>
   <div class='ocr_carea' id='block_1_17' title="bbox 1077 331 1085 2683">
    <p class='ocr_par' dir='ltr' id='par_1_17' title="bbox 1077 331 1085 2683">
     <span class='ocr_line' id='line_1_52' title="bbox 1077 331 1085 2683; baseline 0 0"><span class='ocrx_word' id='word_1_286' title='bbox 1077 331 1085 2683; x_wconf 95' lang='lat' dir='ltr'> </span> 
     </span>
    </p>
   </div>
   <div class='ocr_carea' id='block_1_18' title="bbox 1743 233 1806 268">
    <p class='ocr_par' dir='ltr' id='par_1_18' title="bbox 1743 233 1806 268">
     <span class='ocr_line' id='line_1_53' title="bbox 1743 233 1806 268; baseline 0 -1"><span class='ocrx_word' id='word_1_287' title='bbox 1743 233 1806 268; x_wconf 73' lang='lat'>865</span> 
     </span>
    </p>
   </div>
   <div class='ocr_carea' id='block_1_19' title="bbox 1103 291 1849 1191">
    <p class='ocr_par' dir='ltr' id='par_1_19' title="bbox 1105 291 1849 913">
     <span class='ocr_line' id='line_1_54' title="bbox 1105 291 1849 334; baseline 0.003 -11"><span class='ocrx_word' id='word_1_288' title='bbox 1105 291 1182 324; x_wconf 84' lang='lat' dir='ltr'>illae</span> <span class='ocrx_word' id='word_1_289' title='bbox 1209 291 1571 334; x_wconf 80' lang='lat' dir='ltr'>concernunt,perinde</span> <span class='ocrx_word' id='word_1_290' title='bbox 1596 297 1721 325; x_wconf 75' lang='lat' dir='ltr'>aretent</span> <span class='ocrx_word' id='word_1_291' title='bbox 1747 297 1779 325; x_wconf 87' lang='lat' dir='ltr'>et</span> <span class='ocrx_word' id='word_1_292' title='bbox 1804 292 1849 325; x_wconf 76' lang='lat' dir='ltr'>af-</span> 
     </span>
     <span class='ocr_line' id='line_1_55' title="bbox 1105 344 1848 389; baseline 0.005 -14"><span class='ocrx_word' id='word_1_293' title='bbox 1105 344 1225 384; x_wconf 76' lang='lat' dir='ltr'>ficiant,</span> <span class='ocrx_word' id='word_1_294' title='bbox 1265 355 1301 377; x_wconf 83' lang='lat' dir='ltr'>ac</span> <span class='ocrx_word' id='word_1_295' title='bbox 1334 345 1359 377; x_wconf 87' lang='lat' dir='ltr'>si</span> <span class='ocrx_word' id='word_1_296' title='bbox 1386 345 1563 388; x_wconf 81' lang='lat' dir='ltr'>unicuique</span> <span class='ocrx_word' id='word_1_297' title='bbox 1590 355 1703 378; x_wconf 87' lang='lat' dir='ltr'>eorum</span> <span class='ocrx_word' id='word_1_298' title='bbox 1734 356 1848 389; x_wconf 86' lang='lat' dir='ltr'>perso-</span> 
     </span>
     <span class='ocr_line' id='line_1_56' title="bbox 1105 398 1848 442; baseline 0.004 -12"><span class='ocrx_word' id='word_1_299' title='bbox 1105 400 1223 432; x_wconf 79' lang='lat' dir='ltr'>naliter</span> <span class='ocrx_word' id='word_1_300' title='bbox 1248 398 1417 431; x_wconf 82' lang='lat' dir='ltr'>intimatae</span> <span class='ocrx_word' id='word_1_301' title='bbox 1441 398 1593 438; x_wconf 86' lang='lat' dir='ltr'>suissent;</span> <span class='ocrx_word' id='word_1_302' title='bbox 1621 399 1774 442; x_wconf 87' lang='lat' dir='ltr'>quodque</span> <span class='ocrx_word' id='word_1_303' title='bbox 1796 410 1848 433; x_wconf 78' lang='lat' dir='ltr'>ea-</span> 
     </span>
     <span class='ocr_line' id='line_1_57' title="bbox 1106 452 1846 496; baseline 0.003 -13"><span class='ocrx_word' id='word_1_304' title='bbox 1106 453 1250 485; x_wconf 85' lang='lat' dir='ltr'>rumdem</span> <span class='ocrx_word' id='word_1_305' title='bbox 1277 452 1498 496; x_wconf 84' lang='lat' dir='ltr'>praesentium</span> <span class='ocrx_word' id='word_1_306' title='bbox 1533 452 1753 495; x_wconf 86' lang='lat' dir='ltr'>transumptis,</span> <span class='ocrx_word' id='word_1_307' title='bbox 1791 463 1846 485; x_wconf 87' lang='lat' dir='ltr'>seu</span> 
     </span>
     <span class='ocr_line' id='line_1_58' title="bbox 1105 506 1847 550; baseline -0.001 -12"><span class='ocrx_word' id='word_1_308' title='bbox 1105 506 1274 550; x_wconf 77' lang='lat' dir='ltr'>exemplis,</span> <span class='ocrx_word' id='word_1_309' title='bbox 1303 506 1398 539; x_wconf 89' lang='lat' dir='ltr'>etiam</span> <span class='ocrx_word' id='word_1_310' title='bbox 1424 506 1602 549; x_wconf 81' lang='lat' dir='ltr'>impressis,</span> <span class='ocrx_word' id='word_1_311' title='bbox 1629 516 1724 537; x_wconf 88' lang='lat' dir='ltr'>manu</span> <span class='ocrx_word' id='word_1_312' title='bbox 1751 506 1847 538; x_wconf 84' lang='lat' dir='ltr'>alicu-</span> 
     </span>
     <span class='ocr_line' id='line_1_59' title="bbox 1106 558 1846 602; baseline 0.001 -12"><span class='ocrx_word' id='word_1_313' title='bbox 1106 559 1152 591; x_wconf 89' lang='lat' dir='ltr'>ius</span> <span class='ocrx_word' id='word_1_314' title='bbox 1177 560 1296 592; x_wconf 87' lang='lat' dir='ltr'>notarii</span> <span class='ocrx_word' id='word_1_315' title='bbox 1323 559 1445 602; x_wconf 79' lang='lat' dir='ltr'>publici</span> <span class='ocrx_word' id='word_1_316' title='bbox 1472 558 1664 601; x_wconf 82' lang='lat' dir='ltr'>subscriptis</span> <span class='ocrx_word' id='word_1_317' title='bbox 1684 563 1715 591; x_wconf 89' lang='lat' dir='ltr'>et</span> <span class='ocrx_word' id='word_1_318' title='bbox 1739 558 1846 600; x_wconf 76' lang='lat' dir='ltr'>sigillo</span> 
     </span>
     <span class='ocr_line' id='line_1_60' title="bbox 1105 611 1847 656; baseline -0.003 -11"><span class='ocrx_word' id='word_1_319' title='bbox 1105 613 1238 645; x_wconf 85' lang='lat' dir='ltr'>alicuius</span> <span class='ocrx_word' id='word_1_320' title='bbox 1264 623 1423 656; x_wconf 86' lang='lat' dir='ltr'>personae</span> <span class='ocrx_word' id='word_1_321' title='bbox 1449 612 1480 644; x_wconf 88' lang='lat' dir='ltr'>in</span> <span class='ocrx_word' id='word_1_322' title='bbox 1509 612 1666 655; x_wconf 73' lang='lat' dir='ltr'>dignitate</span> <span class='ocrx_word' id='word_1_323' title='bbox 1695 611 1847 644; x_wconf 84' lang='lat' dir='ltr'>ecclesia-</span> 
     </span>
     <span class='ocr_line' id='line_1_61' title="bbox 1105 665 1846 708; baseline -0.004 -9"><span class='ocrx_word' id='word_1_324' title='bbox 1105 667 1181 699; x_wconf 72' lang='lat' dir='ltr'>stica</span> <span class='ocrx_word' id='word_1_325' title='bbox 1208 667 1400 699; x_wconf 87' lang='lat' dir='ltr'>constitutae</span> <span class='ocrx_word' id='word_1_326' title='bbox 1419 666 1561 704; x_wconf 84' lang='lat' dir='ltr'>munitis,</span> <span class='ocrx_word' id='word_1_327' title='bbox 1580 665 1691 698; x_wconf 84' lang='lat' dir='ltr'>eadem</span> <span class='ocrx_word' id='word_1_328' title='bbox 1711 675 1846 708; x_wconf 87' lang='lat' dir='ltr'>prorsus</span> 
     </span>
     <span class='ocr_line' id='line_1_62' title="bbox 1106 717 1846 763; baseline 0 -12"><span class='ocrx_word' id='word_1_329' title='bbox 1106 720 1184 752; x_wconf 72' lang='lat' dir='ltr'>tides</span> <span class='ocrx_word' id='word_1_330' title='bbox 1210 720 1332 763; x_wconf 54' lang='lat' dir='ltr'>tamjn</span> <span class='ocrx_word' id='word_1_331' title='bbox 1359 719 1480 752; x_wconf 88' lang='lat' dir='ltr'>iudicio</span> <span class='ocrx_word' id='word_1_332' title='bbox 1512 730 1608 762; x_wconf 86' lang='lat' dir='ltr'>quam</span> <span class='ocrx_word' id='word_1_333' title='bbox 1641 723 1731 751; x_wconf 81' lang='lat' dir='ltr'>extra</span> <span class='ocrx_word' id='word_1_334' title='bbox 1766 717 1846 751; x_wconf 88' lang='lat' dir='ltr'>illud</span> 
     </span>
     <span class='ocr_line' id='line_1_63' title="bbox 1105 773 1848 816; baseline 0 -12"><span class='ocrx_word' id='word_1_335' title='bbox 1105 773 1225 816; x_wconf 86' lang='lat' dir='ltr'>ubique</span> <span class='ocrx_word' id='word_1_336' title='bbox 1252 774 1456 813; x_wconf 83' lang='lat' dir='ltr'>adhibeatur,</span> <span class='ocrx_word' id='word_1_337' title='bbox 1484 784 1567 816; x_wconf 78' lang='lat' dir='ltr'>quae</span> <span class='ocrx_word' id='word_1_338' title='bbox 1593 773 1671 816; x_wconf 89' lang='lat' dir='ltr'>ipsis</span> <span class='ocrx_word' id='word_1_339' title='bbox 1699 782 1848 815; x_wconf 87' lang='lat' dir='ltr'>praesen·</span> 
     </span>
     <span class='ocr_line' id='line_1_64' title="bbox 1106 825 1847 860; baseline -0.003 -2"><span class='ocrx_word' id='word_1_340' title='bbox 1106 826 1191 859; x_wconf 87' lang='lat' dir='ltr'>tibus</span> <span class='ocrx_word' id='word_1_341' title='bbox 1228 827 1441 860; x_wconf 84' lang='lat' dir='ltr'>adhiberetur</span> <span class='ocrx_word' id='word_1_342' title='bbox 1477 827 1502 859; x_wconf 85' lang='lat' dir='ltr'>si</span> <span class='ocrx_word' id='word_1_343' title='bbox 1538 827 1645 859; x_wconf 79' lang='lat' dir='ltr'>forent</span> <span class='ocrx_word' id='word_1_344' title='bbox 1682 825 1847 858; x_wconf 78' lang='lat' dir='ltr'>exhibitae</span> 
     </span>
     <span class='ocr_line' id='line_1_65' title="bbox 1105 880 1342 913; baseline 0.004 -1"><span class='ocrx_word' id='word_1_345' title='bbox 1105 880 1153 912; x_wconf 88' lang='lat' dir='ltr'>vel</span> <span class='ocrx_word' id='word_1_346' title='bbox 1180 885 1342 913; x_wconf 77' lang='lat' dir='ltr'>ostensae.</span> 
     </span>
    </p>

    <p class='ocr_par' dir='ltr' id='par_1_20' title="bbox 1103 931 1848 1128">
     <span class='ocr_line' id='line_1_66' title="bbox 1147 931 1848 976; baseline -0.003 -10"><span class='ocrx_word' id='word_1_347' title='bbox 1147 934 1262 966; x_wconf 74' lang='lat' dir='ltr'>Datum</span> <span class='ocrx_word' id='word_1_348' title='bbox 1286 934 1419 973; x_wconf 85' lang='lat' dir='ltr'>Romae,</span> <span class='ocrx_word' id='word_1_349' title='bbox 1451 933 1537 976; x_wconf 90' lang='lat' dir='ltr'>apud</span> <span class='ocrx_word' id='word_1_350' title='bbox 1564 932 1596 966; x_wconf 89' lang='lat' dir='ltr'>S.</span> <span class='ocrx_word' id='word_1_351' title='bbox 1628 932 1758 965; x_wconf 84' lang='lat' dir='ltr'>Mariam</span> <span class='ocrx_word' id='word_1_352' title='bbox 1785 931 1848 964; x_wconf 86' lang='lat' dir='ltr'>Ma-</span> 
     </span>
     <span class='ocr_line' id='line_1_67' title="bbox 1104 985 1848 1025; baseline -0.001 -6"><span class='ocrx_word' id='word_1_353' title='bbox 1104 987 1219 1025; x_wconf 82' lang='lat' dir='ltr'>iorem,</span> <span class='ocrx_word' id='word_1_354' title='bbox 1243 987 1303 1020; x_wconf 89' lang='lat' dir='ltr'>sub</span> <span class='ocrx_word' id='word_1_355' title='bbox 1325 988 1447 1020; x_wconf 84' lang='lat' dir='ltr'>annulo</span> <span class='ocrx_word' id='word_1_356' title='bbox 1466 986 1652 1025; x_wconf 85' lang='lat' dir='ltr'>Piscatoris,</span> <span class='ocrx_word' id='word_1_357' title='bbox 1673 985 1725 1019; x_wconf 86' lang='lat' dir='ltr'>die</span> <span class='ocrx_word' id='word_1_358' title='bbox 1740 995 1777 1018; x_wconf 81' lang='lat' dir='ltr'>xx</span> <span class='ocrx_word' id='word_1_359' title='bbox 1792 995 1848 1018; x_wconf 85' lang='lat' dir='ltr'>no-</span> 
     </span>
     <span class='ocr_line' id='line_1_68' title="bbox 1104 1037 1847 1082; baseline -0.003 -10"><span class='ocrx_word' id='word_1_360' title='bbox 1104 1040 1244 1073; x_wconf 84' lang='lat' dir='ltr'>vembris</span> <span class='ocrx_word' id='word_1_361' title='bbox 1274 1049 1459 1079; x_wconf 66' lang='lat' dir='ltr'>arocxcwu,</span> <span class='ocrx_word' id='word_1_362' title='bbox 1499 1038 1711 1082; x_wconf 82' lang='lat' dir='ltr'>pontificatus</span> <span class='ocrx_word' id='word_1_363' title='bbox 1742 1037 1847 1071; x_wconf 90' lang='lat' dir='ltr'>nostri</span> 
     </span>
     <span class='ocr_line' id='line_1_69' title="bbox 1103 1105 1279 1128; baseline -0.006 -1"><span class='ocrx_word' id='word_1_364' title='bbox 1103 1105 1189 1127; x_wconf 93' lang='lat' dir='ltr'>anuo</span> <span class='ocrx_word' id='word_1_365' title='bbox 1211 1105 1279 1128; x_wconf 85' lang='lat' dir='ltr'>v111.</span> 
     </span>
    </p>

    <p class='ocr_par' dir='ltr' id='par_1_21' title="bbox 1139 1154 1845 1191">
     <span class='ocr_line' id='line_1_70' title="bbox 1139 1154 1845 1191; baseline -0.004 -8"><span class='ocrx_word' id='word_1_366' title='bbox 1139 1156 1200 1183; x_wconf 84' lang='lat' dir='ltr'>Dat.</span> <span class='ocrx_word' id='word_1_367' title='bbox 1217 1156 1261 1183; x_wconf 85' lang='lat' dir='ltr'>die</span> <span class='ocrx_word' id='word_1_368' title='bbox 1276 1156 1310 1183; x_wconf 66' lang='grc' dir='ltr'>ΞΟ</span> <span class='ocrx_word' id='word_1_369' title='bbox 1326 1155 1482 1183; x_wconf 87' lang='lat' dir='ltr'>novembris</span> <span class='ocrx_word' id='word_1_370' title='bbox 1495 1155 1573 1190; x_wconf 74' lang='lat'><strong>1098,</strong></span> <span class='ocrx_word' id='word_1_371' title='bbox 1590 1154 1688 1191; x_wconf 76' lang='lat' dir='ltr'>pontif.</span> <span class='ocrx_word' id='word_1_372' title='bbox 1702 1161 1774 1182; x_wconf 85' lang='lat' dir='ltr'>anuo</span> <span class='ocrx_word' id='word_1_373' title='bbox 1788 1159 1845 1181; x_wconf 82' lang='lat' dir='ltr'>vttt.</span> 
     </span>
    </p>
   </div>
   <div class='ocr_carea' id='block_1_20' title="bbox 1370 1222 1566 1229">
    <p class='ocr_par' dir='ltr' id='par_1_22' title="bbox 1370 1222 1566 1229">
     <span class='ocr_line' id='line_1_71' title="bbox 1370 1222 1566 1229; baseline 0 0"><span class='ocrx_word' id='word_1_374' title='bbox 1370 1222 1566 1229; x_wconf 95' lang='lat' dir='ltr'> </span> 
     </span>
    </p>
   </div>
   <div class='ocr_carea' id='block_1_21' title="bbox 1398 1300 1551 1334">
    <p class='ocr_par' dir='ltr' id='par_1_23' title="bbox 1398 1300 1551 1334">
     <span class='ocr_line' id='line_1_72' title="bbox 1398 1300 1551 1334; baseline -0.02 0"><span class='ocrx_word' id='word_1_375' title='bbox 1398 1300 1551 1334; x_wconf 76' lang='lat' dir='ltr'>CLXXIV.</span> 
     </span>
    </p>
   </div>
   <div class='ocr_carea' id='block_1_22' title="bbox 1144 1433 1846 1583">
    <p class='ocr_par' dir='ltr' id='par_1_24' title="bbox 1144 1433 1846 1583">
     <span class='ocr_line' id='line_1_73' title="bbox 1144 1433 1846 1477; baseline -0.004 -10"><span class='ocrx_word' id='word_1_376' title='bbox 1144 1436 1289 1477; x_wconf 64' lang='lat' dir='ltr'>gnutonis</span> <span class='ocrx_word' id='word_1_377' title='bbox 1306 1435 1490 1477; x_wconf 49' lang='lat' dir='ltr'>Hispaniae</span> <span class='ocrx_word' id='word_1_378' title='bbox 1509 1433 1644 1466; x_wconf 70' lang='lat' dir='ltr'>Ordinis</span> <span class='ocrx_word' id='word_1_379' title='bbox 1666 1433 1846 1465; x_wconf 72' lang='lat' dir='ltr'>Praemon-</span> 
     </span>
     <span class='ocr_line' id='line_1_74' title="bbox 1144 1486 1846 1529; baseline -0.004 -9"><span class='ocrx_word' id='word_1_380' title='bbox 1144 1488 1315 1520; x_wconf 77' lang='lat' dir='ltr'>stratensis</span> <span class='ocrx_word' id='word_1_381' title='bbox 1335 1492 1401 1519; x_wconf 74' lang='lat' dir='ltr'>tam</span> <span class='ocrx_word' id='word_1_382' title='bbox 1428 1488 1463 1519; x_wconf 70' lang='lat' dir='ltr'>in</span> <span class='ocrx_word' id='word_1_383' title='bbox 1490 1487 1605 1518; x_wconf 77' lang='lat' dir='ltr'>habitu</span> <span class='ocrx_word' id='word_1_384' title='bbox 1629 1496 1729 1529; x_wconf 81' lang='lat' dir='ltr'>quam</span> <span class='ocrx_word' id='word_1_385' title='bbox 1746 1486 1782 1518; x_wconf 79' lang='lat' dir='ltr'>in</span> <span class='ocrx_word' id='word_1_386' title='bbox 1799 1495 1846 1517; x_wconf 80' lang='lat' dir='ltr'>ce-</span> 
     </span>
     <span class='ocr_line' id='line_1_75' title="bbox 1144 1538 1753 1583; baseline -0.005 -9"><span class='ocrx_word' id='word_1_387' title='bbox 1144 1542 1221 1574; x_wconf 79' lang='lat' dir='ltr'>leris</span> <span class='ocrx_word' id='word_1_388' title='bbox 1247 1552 1319 1574; x_wconf 80' lang='lat' dir='ltr'>cum</span> <span class='ocrx_word' id='word_1_389' title='bbox 1346 1541 1425 1573; x_wconf 78' lang='lat' dir='ltr'>aliis</span> <span class='ocrx_word' id='word_1_390' title='bbox 1450 1541 1626 1583; x_wconf 75' lang='lat' dir='ltr'>uniformes</span> <span class='ocrx_word' id='word_1_391' title='bbox 1655 1538 1753 1572; x_wconf 78' lang='lat' dir='ltr'>sint&#39;.</span> 
     </span>
    </p>
   </div>
   <div class='ocr_carea' id='block_1_23' title="bbox 1249 1619 1709 1692">
    <p class='ocr_par' dir='ltr' id='par_1_25' title="bbox 1249 1619 1709 1692">
     <span class='ocr_line' id='line_1_76' title="bbox 1279 1619 1664 1653; baseline -0.003 -6"><span class='ocrx_word' id='word_1_392' title='bbox 1279 1620 1480 1648; x_wconf 81' lang='lat' dir='ltr'>Innocentius</span> <span class='ocrx_word' id='word_1_393' title='bbox 1502 1621 1581 1653; x_wconf 80' lang='lat' dir='ltr'>Papa</span> <span class='ocrx_word' id='word_1_394' title='bbox 1600 1619 1664 1653; x_wconf 86' lang='lat' dir='ltr'>XII,</span> 
     </span>
     <span class='ocr_line' id='line_1_77' title="bbox 1249 1665 1709 1692; baseline -0.004 0"><span class='ocrx_word' id='word_1_395' title='bbox 1249 1666 1285 1692; x_wconf 83' lang='lat' dir='ltr'>ad</span> <span class='ocrx_word' id='word_1_396' title='bbox 1305 1666 1438 1692; x_wconf 79' lang='lat' dir='ltr'>futuram</span> <span class='ocrx_word' id='word_1_397' title='bbox 1459 1665 1503 1692; x_wconf 85' lang='lat' dir='ltr'>rei</span> <span class='ocrx_word' id='word_1_398' title='bbox 1526 1665 1709 1691; x_wconf 85' lang='lat' dir='ltr'>memoriam.</span> 
     </span>
    </p>
   </div>
   <div class='ocr_carea' id='block_1_24' title="bbox 1145 1735 1844 1780">
    <p class='ocr_par' dir='ltr' id='par_1_26' title="bbox 1145 1735 1844 1780">
     <span class='ocr_line' id='line_1_78' title="bbox 1145 1735 1844 1780; baseline 0 -11"><span class='ocrx_word' id='word_1_399' title='bbox 1145 1737 1208 1779; x_wconf 64' lang='lat' dir='ltr'>gi.</span> <span class='ocrx_word' id='word_1_400' title='bbox 1227 1736 1351 1780; x_wconf 68' lang='lat' dir='ltr'>Exponi</span> <span class='ocrx_word' id='word_1_401' title='bbox 1368 1736 1461 1769; x_wconf 88' lang='lat' dir='ltr'>nobis</span> <span class='ocrx_word' id='word_1_402' title='bbox 1479 1746 1586 1778; x_wconf 90' lang='lat' dir='ltr'>nuper</span> <span class='ocrx_word' id='word_1_403' title='bbox 1604 1736 1753 1768; x_wconf 76' lang='lat' dir='ltr'>fecerunt</span> <span class='ocrx_word' id='word_1_404' title='bbox 1766 1735 1844 1769; x_wconf 89' lang='lat' dir='ltr'>dile-</span> 
     </span>
    </p>
   </div>
   <div class='ocr_carea' id='block_1_25' title="bbox 1079 1789 1842 1833">
    <p class='ocr_par' dir='ltr' id='par_1_27' title="bbox 1079 1789 1842 1833">
     <span class='ocr_line' id='line_1_79' title="bbox 1079 1789 1842 1833; baseline 0 -11"><span class='ocrx_word' id='word_1_405' title='bbox 1079 1812 1080 1817; x_wconf 26' lang='grc' dir='ltr'>η</span> <span class='ocrx_word' id='word_1_406' title='bbox 1102 1791 1141 1823; x_wconf 88' lang='lat' dir='ltr'>cti</span> <span class='ocrx_word' id='word_1_407' title='bbox 1157 1790 1212 1823; x_wconf 80' lang='lat' dir='ltr'>tilii</span> <span class='ocrx_word' id='word_1_408' title='bbox 1228 1790 1377 1823; x_wconf 78' lang='lat' dir='ltr'>canonici</span> <span class='ocrx_word' id='word_1_409' title='bbox 1393 1791 1560 1832; x_wconf 81' lang='lat' dir='ltr'>regulares</span> <span class='ocrx_word' id='word_1_410' title='bbox 1574 1789 1842 1833; x_wconf 79' lang='lat' dir='ltr'>Congregationis</span> 
     </span>
    </p>
   </div>
   <div class='ocr_carea' id='block_1_26' title="bbox 1100 1843 1844 2207">
    <p class='ocr_par' dir='ltr' id='par_1_28' title="bbox 1100 1843 1844 2207">
     <span class='ocr_line' id='line_1_80' title="bbox 1102 1843 1840 1886; baseline -0.003 -10"><span class='ocrx_word' id='word_1_411' title='bbox 1102 1843 1275 1886; x_wconf 80' lang='lat' dir='ltr'>Hispaniae</span> <span class='ocrx_word' id='word_1_412' title='bbox 1315 1843 1444 1876; x_wconf 86' lang='lat' dir='ltr'>Ordinis</span> <span class='ocrx_word' id='word_1_413' title='bbox 1480 1843 1840 1883; x_wconf 65' lang='lat' dir='ltr'>praemonstratensis,</span> 
     </span>
     <span class='ocr_line' id='line_1_81' title="bbox 1103 1896 1844 1939; baseline 0.001 -11"><span class='ocrx_word' id='word_1_414' title='bbox 1103 1896 1189 1939; x_wconf 87' lang='lat' dir='ltr'>quod</span> <span class='ocrx_word' id='word_1_415' title='bbox 1224 1897 1310 1938; x_wconf 72' lang='lat' dir='ltr'>(cum</span> <span class='ocrx_word' id='word_1_416' title='bbox 1336 1897 1413 1929; x_wconf 79' lang='lat' dir='ltr'>alias</span> <span class='ocrx_word' id='word_1_417' title='bbox 1440 1901 1515 1929; x_wconf 86' lang='lat' dir='ltr'>tunc</span> <span class='ocrx_word' id='word_1_418' title='bbox 1541 1896 1715 1929; x_wconf 74' lang='lat' dir='ltr'>existentes</span> <span class='ocrx_word' id='word_1_419' title='bbox 1746 1907 1844 1929; x_wconf 85' lang='lat' dir='ltr'>cano-</span> 
     </span>
     <span class='ocr_line' id='line_1_82' title="bbox 1102 1949 1844 1992; baseline 0.001 -11"><span class='ocrx_word' id='word_1_420' title='bbox 1102 1949 1164 1982; x_wconf 77' lang='lat' dir='ltr'>nici</span> <span class='ocrx_word' id='word_1_421' title='bbox 1183 1951 1348 1992; x_wconf 76' lang='lat' dir='ltr'>regulares</span> <span class='ocrx_word' id='word_1_422' title='bbox 1375 1950 1478 1982; x_wconf 72' lang='lat' dir='ltr'>dictae</span> <span class='ocrx_word' id='word_1_423' title='bbox 1496 1949 1766 1992; x_wconf 80' lang='lat' dir='ltr'>Congregationis</span> <span class='ocrx_word' id='word_1_424' title='bbox 1792 1960 1844 1982; x_wconf 84' lang='lat' dir='ltr'>ca-</span> 
     </span>
     <span class='ocr_line' id='line_1_83' title="bbox 1102 2002 1844 2046; baseline 0.001 -12"><span class='ocrx_word' id='word_1_425' title='bbox 1102 2003 1228 2036; x_wconf 84' lang='lat' dir='ltr'>nonicis</span> <span class='ocrx_word' id='word_1_426' title='bbox 1255 2002 1462 2045; x_wconf 67' lang='lat' dir='ltr'>regularibus</span> <span class='ocrx_word' id='word_1_427' title='bbox 1483 2002 1582 2035; x_wconf 87' lang='lat' dir='ltr'>Gallis</span> <span class='ocrx_word' id='word_1_428' title='bbox 1601 2002 1730 2035; x_wconf 91' lang='lat' dir='ltr'>Ordinis</span> <span class='ocrx_word' id='word_1_429' title='bbox 1749 2013 1844 2046; x_wconf 88' lang='lat' dir='ltr'>prae—</span> 
     </span>
     <span class='ocr_line' id='line_1_84' title="bbox 1101 2056 1844 2099; baseline 0 -10"><span class='ocrx_word' id='word_1_430' title='bbox 1101 2056 1176 2090; x_wconf 88' lang='lat' dir='ltr'>dicti</span> <span class='ocrx_word' id='word_1_431' title='bbox 1203 2067 1236 2089; x_wconf 87' lang='lat' dir='ltr'>se</span> <span class='ocrx_word' id='word_1_432' title='bbox 1262 2066 1294 2088; x_wconf 86' lang='lat' dir='ltr'>se</span> <span class='ocrx_word' id='word_1_433' title='bbox 1322 2056 1565 2099; x_wconf 77' lang='lat' dir='ltr'>opposuissem,</span> <span class='ocrx_word' id='word_1_434' title='bbox 1585 2061 1616 2088; x_wconf 88' lang='lat' dir='ltr'>et</span> <span class='ocrx_word' id='word_1_435' title='bbox 1637 2056 1776 2089; x_wconf 91' lang='lat' dir='ltr'>subinde</span> <span class='ocrx_word' id='word_1_436' title='bbox 1795 2067 1844 2089; x_wconf 91' lang='lat' dir='ltr'>su-</span> 
     </span>
     <span class='ocr_line' id='line_1_85' title="bbox 1100 2109 1841 2154; baseline 0 -12"><span class='ocrx_word' id='word_1_437' title='bbox 1100 2110 1212 2154; x_wconf 89' lang='lat' dir='ltr'>perior</span> <span class='ocrx_word' id='word_1_438' title='bbox 1237 2110 1399 2152; x_wconf 80' lang='lat' dir='ltr'>generalis</span> <span class='ocrx_word' id='word_1_439' title='bbox 1429 2109 1558 2142; x_wconf 85' lang='lat' dir='ltr'>Ordinis</span> <span class='ocrx_word' id='word_1_440' title='bbox 1591 2110 1777 2143; x_wconf 85' lang='lat' dir='ltr'>huiusmodi</span> <span class='ocrx_word' id='word_1_441' title='bbox 1805 2121 1841 2144; x_wconf 88' lang='lat' dir='ltr'>ex</span> 
     </span>
     <span class='ocr_line' id='line_1_86' title="bbox 1100 2163 1842 2207; baseline 0 -11"><span class='ocrx_word' id='word_1_442' title='bbox 1100 2165 1231 2197; x_wconf 87' lang='lat' dir='ltr'>natione</span> <span class='ocrx_word' id='word_1_443' title='bbox 1249 2163 1371 2197; x_wconf 76' lang='lat' dir='ltr'>Gallica</span> <span class='ocrx_word' id='word_1_444' title='bbox 1389 2169 1572 2207; x_wconf 85' lang='lat' dir='ltr'>assumptus</span> <span class='ocrx_word' id='word_1_445' title='bbox 1595 2163 1732 2206; x_wconf 87' lang='lat' dir='ltr'>suisset),</span> <span class='ocrx_word' id='word_1_446' title='bbox 1752 2172 1787 2196; x_wconf 85' lang='lat' dir='ltr'>ut</span> <span class='ocrx_word' id='word_1_447' title='bbox 1807 2175 1842 2197; x_wconf 87' lang='lat' dir='ltr'>se</span> 
     </span>
    </p>
   </div>
   <div class='ocr_carea' id='block_1_27' title="bbox 1100 2270 1843 2420">
    <p class='ocr_par' dir='ltr' id='par_1_29' title="bbox 1100 2270 1843 2420">
     <span class='ocr_line' id='line_1_87' title="bbox 1100 2270 1843 2314; baseline -0.001 -10"><span class='ocrx_word' id='word_1_448' title='bbox 1100 2282 1160 2304; x_wconf 81' lang='lat' dir='ltr'>nae</span> <span class='ocrx_word' id='word_1_449' title='bbox 1185 2271 1361 2304; x_wconf 79' lang='lat' dir='ltr'>memoriae</span> <span class='ocrx_word' id='word_1_450' title='bbox 1386 2271 1529 2310; x_wconf 84' lang='lat' dir='ltr'>Nicolao,</span> <span class='ocrx_word' id='word_1_451' title='bbox 1557 2271 1632 2304; x_wconf 90' lang='lat' dir='ltr'>dum</span> <span class='ocrx_word' id='word_1_452' title='bbox 1659 2271 1746 2310; x_wconf 78' lang='lat' dir='ltr'>vixit,</span> <span class='ocrx_word' id='word_1_453' title='bbox 1775 2270 1843 2314; x_wconf 91' lang='lat' dir='ltr'>epi-</span> 
     </span>
     <span class='ocr_line' id='line_1_88' title="bbox 1100 2324 1843 2368; baseline -0.001 -11"><span class='ocrx_word' id='word_1_454' title='bbox 1100 2335 1200 2368; x_wconf 87' lang='lat' dir='ltr'>scopo</span> <span class='ocrx_word' id='word_1_455' title='bbox 1219 2324 1386 2363; x_wconf 81' lang='lat' dir='ltr'>Patavino‚</span> <span class='ocrx_word' id='word_1_456' title='bbox 1406 2329 1481 2356; x_wconf 86' lang='lat' dir='ltr'>tunc</span> <span class='ocrx_word' id='word_1_457' title='bbox 1499 2324 1531 2356; x_wconf 88' lang='lat' dir='ltr'>in</span> <span class='ocrx_word' id='word_1_458' title='bbox 1551 2324 1778 2367; x_wconf 85' lang='lat' dir='ltr'>Hispaniarum</span> <span class='ocrx_word' id='word_1_459' title='bbox 1798 2334 1843 2356; x_wconf 86' lang='lat' dir='ltr'>re-</span> 
     </span>
     <span class='ocr_line' id='line_1_89' title="bbox 1100 2376 1842 2420; baseline -0.001 -10"><span class='ocrx_word' id='word_1_460' title='bbox 1100 2378 1170 2420; x_wconf 81' lang='lat' dir='ltr'>gnis</span> <span class='ocrx_word' id='word_1_461' title='bbox 1184 2377 1394 2420; x_wconf 81' lang='lat' dir='ltr'>Apostolicae</span> <span class='ocrx_word' id='word_1_462' title='bbox 1407 2376 1499 2410; x_wconf 82' lang='lat' dir='ltr'>Sedis</span> <span class='ocrx_word' id='word_1_463' title='bbox 1519 2377 1645 2417; x_wconf 89' lang='lat' dir='ltr'>nuntio,</span> <span class='ocrx_word' id='word_1_464' title='bbox 1664 2377 1842 2420; x_wconf 89' lang='lat' dir='ltr'>petierunt,</span> 
     </span>
    </p>
   </div>
   <div class='ocr_carea' id='block_1_28' title="bbox 1098 2472 1842 2689">
    <p class='ocr_par' dir='ltr' id='par_1_30' title="bbox 1098 2472 1842 2689">
     <span class='ocr_line' id='line_1_90' title="bbox 1135 2472 1841 2501; baseline -0.001 0"><span class='ocrx_word' id='word_1_465' title='bbox 1135 2477 1145 2501; x_wconf 82' lang='lat'><strong>1</strong></span> <span class='ocrx_word' id='word_1_466' title='bbox 1168 2474 1244 2501; x_wconf 87' lang='lat' dir='ltr'>Idem</span> <span class='ocrx_word' id='word_1_467' title='bbox 1264 2474 1337 2501; x_wconf 86' lang='lat' dir='ltr'>circa</span> <span class='ocrx_word' id='word_1_468' title='bbox 1355 2473 1480 2500; x_wconf 82' lang='lat' dir='ltr'>habitum</span> <span class='ocrx_word' id='word_1_469' title='bbox 1502 2473 1658 2500; x_wconf 84' lang='lat' dir='ltr'>mandatum</span> <span class='ocrx_word' id='word_1_470' title='bbox 1675 2473 1724 2499; x_wconf 83' lang='lat' dir='ltr'>fuit</span> <span class='ocrx_word' id='word_1_471' title='bbox 1744 2472 1777 2499; x_wconf 88' lang='lat' dir='ltr'>ab</span> <span class='ocrx_word' id='word_1_472' title='bbox 1792 2473 1841 2500; x_wconf 89' lang='lat' dir='ltr'>Ur-</span> 
     </span>
     <span class='ocr_line' id='line_1_91' title="bbox 1098 2517 1840 2552; baseline -0.001 -7"><span class='ocrx_word' id='word_1_473' title='bbox 1098 2519 1168 2545; x_wconf 86' lang='lat' dir='ltr'>bano</span> <span class='ocrx_word' id='word_1_474' title='bbox 1193 2518 1261 2550; x_wconf 84' lang='lat' dir='ltr'>VIII,</span> <span class='ocrx_word' id='word_1_475' title='bbox 1283 2522 1369 2545; x_wconf 86' lang='lat' dir='ltr'>const.</span> <span class='ocrx_word' id='word_1_476' title='bbox 1398 2517 1442 2544; x_wconf 86' lang='lat' dir='ltr'>ed.</span> <span class='ocrx_word' id='word_1_477' title='bbox 1463 2524 1575 2549; x_wconf 64' lang='lat' dir='ltr'>uocati,</span> <span class='ocrx_word' id='word_1_478' title='bbox 1597 2517 1639 2543; x_wconf 92' lang='lat' dir='ltr'>die</span> <span class='ocrx_word' id='word_1_479' title='bbox 1670 2517 1699 2543; x_wconf 85' lang='grc'>19</span> <span class='ocrx_word' id='word_1_480' title='bbox 1720 2518 1840 2552; x_wconf 86' lang='lat' dir='ltr'>augusti,</span> 
     </span>
     <span class='ocr_line' id='line_1_92' title="bbox 1098 2562 1842 2599; baseline -0.003 -9"><span class='ocrx_word' id='word_1_481' title='bbox 1098 2563 1193 2599; x_wconf 75' lang='lat' dir='ltr'>pontif.</span> <span class='ocrx_word' id='word_1_482' title='bbox 1216 2570 1271 2597; x_wconf 79' lang='lat' dir='ltr'>xlx,</span> <span class='ocrx_word' id='word_1_483' title='bbox 1294 2567 1319 2590; x_wconf 91' lang='lat' dir='ltr'>et</span> <span class='ocrx_word' id='word_1_484' title='bbox 1349 2571 1480 2599; x_wconf 85' lang='lat' dir='ltr'>praesens</span> <span class='ocrx_word' id='word_1_485' title='bbox 1508 2565 1593 2589; x_wconf 85' lang='lat' dir='ltr'>const.</span> <span class='ocrx_word' id='word_1_486' title='bbox 1624 2562 1800 2588; x_wconf 81' lang='lat' dir='ltr'>confirmatur</span> <span class='ocrx_word' id='word_1_487' title='bbox 1826 2570 1842 2589; x_wconf 89' lang='lat' dir='ltr'>a</span> 
     </span>
     <span class='ocr_line' id='line_1_93' title="bbox 1098 2606 1840 2641; baseline -0.003 -7"><span class='ocrx_word' id='word_1_488' title='bbox 1098 2609 1235 2635; x_wconf 78' lang='lat' dir='ltr'>Clemente</span> <span class='ocrx_word' id='word_1_489' title='bbox 1256 2607 1298 2641; x_wconf 83' lang='lat' dir='ltr'>XI,</span> <span class='ocrx_word' id='word_1_490' title='bbox 1319 2611 1405 2635; x_wconf 87' lang='lat' dir='ltr'>const.</span> <span class='ocrx_word' id='word_1_491' title='bbox 1432 2607 1475 2635; x_wconf 87' lang='lat' dir='ltr'>ed.</span> <span class='ocrx_word' id='word_1_492' title='bbox 1504 2613 1607 2641; x_wconf 76' lang='lat' dir='ltr'>mocon,</span> <span class='ocrx_word' id='word_1_493' title='bbox 1629 2607 1673 2633; x_wconf 88' lang='lat' dir='ltr'>die</span> <span class='ocrx_word' id='word_1_494' title='bbox 1692 2606 1708 2633; x_wconf 87' lang='lat'>9</span> <span class='ocrx_word' id='word_1_495' title='bbox 1728 2614 1840 2633; x_wconf 84' lang='lat' dir='ltr'>novem-</span> 
     </span>
     <span class='ocr_line' id='line_1_94' title="bbox 1099 2653 1335 2689; baseline 0 -9"><span class='ocrx_word' id='word_1_496' title='bbox 1099 2653 1165 2688; x_wconf 85' lang='lat' dir='ltr'>bris,</span> <span class='ocrx_word' id='word_1_497' title='bbox 1186 2653 1284 2689; x_wconf 83' lang='lat' dir='ltr'>pontif.</span> <span class='ocrx_word' id='word_1_498' title='bbox 1306 2659 1335 2680; x_wconf 92' lang='lat'>11.</span> 
     </span>
    </p>
   </div>
   <div class='ocr_carea' id='block_1_29' title="bbox 1855 241 2043 270">
    <p class='ocr_par' dir='ltr' id='par_1_31' title="bbox 1855 241 2043 270">
     <span class='ocr_line' id='line_1_95' title="bbox 1855 241 2043 270; baseline 0.011 -3"><span class='ocrx_word' id='word_1_499' title='bbox 1855 243 1903 270; x_wconf 80' lang='grc' dir='ltr'>Λη.</span> <span class='ocrx_word' id='word_1_500' title='bbox 1925 241 2043 270; x_wconf 60' lang='lat' dir='ltr'>(2169ss</span> 
     </span>
    </p>
   </div>
   <div class='ocr_carea' id='block_1_30' title="bbox 1904 1745 2038 1764">
    <p class='ocr_par' dir='ltr' id='par_1_32' title="bbox 1904 1745 2038 1764">
     <span class='ocr_line' id='line_1_96' title="bbox 1904 1745 2038 1764; baseline 0.007 -1"><span class='ocrx_word' id='word_1_501' title='bbox 1904 1751 1916 1762; x_wconf 83' lang='grc' dir='ltr'>ιι</span> <span class='ocrx_word' id='word_1_502' title='bbox 1939 1751 1949 1763; x_wconf 84' lang='lat' dir='ltr'>a</span> <span class='ocrx_word' id='word_1_503' title='bbox 1964 1745 2038 1764; x_wconf 80' lang='lat' dir='ltr'>mutati</span> 
     </span>
    </p>
   </div>
   <div class='ocr_carea' id='block_1_31' title="bbox 1854 1744 1946 1791">
    <p class='ocr_par' dir='ltr' id='par_1_33' title="bbox 1854 1744 1946 1791">
     <span class='ocr_line' id='line_1_97' title="bbox 1881 1744 1935 1763; baseline -0.019 -1"><span class='ocrx_word' id='word_1_504' title='bbox 1881 1744 1902 1763; x_wconf 70' lang='lat'>(2.-</span> <span class='ocrx_word' id='word_1_505' title='bbox 1919 1750 1935 1762; x_wconf 63' lang='lat' dir='ltr'>i&lt;</span> 
     </span>
     <span class='ocr_line' id='line_1_98' title="bbox 1854 1771 1946 1791; baseline 0 0"><span class='ocrx_word' id='word_1_506' title='bbox 1854 1771 1893 1791; x_wconf 53' lang='lat' dir='ltr'>liat</span> <span class='ocrx_word' id='word_1_507' title='bbox 1900 1775 1946 1791; x_wconf 55' lang='lat' dir='ltr'>itus.</span> 
     </span>
    </p>
   </div>
  </div>
 </body>
</html>
