2254 3225
226 228 274 256 An.
296 228 325 257 c.
344 227 411 257 1695
459 220 522 253 714

419 277 569 311 ficatione
605 283 823 312 conservent:
849 277 928 312 hinc
958 285 1007 312 est
1042 280 1128 323 quod
1145 305 1153 319 ,

420 330 612 364 sanctissimi
638 331 759 364 domini
783 331 885 365 nostri
910 337 1061 375 parentes
1085 342 1157 365 ora-

421 385 495 418 culo
528 385 615 428 quod
652 385 690 418 ad
726 385 814 418 hunc
850 384 995 418 effectum
1026 385 1064 418 ad
1097 395 1155 417 nos

420 437 479 471 fuit
503 438 671 478 directum,
690 437 738 471 et¹
755 437 966 481 retroscripto
990 438 1100 471 libello
1126 443 1158 470 et

421 492 620 535 apostolicae
654 491 823 534 potestatis
859 491 1062 533 plenitudine
1096 501 1157 534 pro

420 544 482 577 hac
506 549 597 587 parte
623 543 715 576 nobis
741 542 913 575 commissa
941 547 1078 582 utentes,
1098 543 1157 575 hac

420 599 529 629 nostra
554 596 586 628 in
611 600 805 638 perpetuum
836 595 971 627 vatitura
1002 594 1158 627 constitu-

423 651 509 682 tione
535 648 751 692 disponimus,
776 648 966 680 mandamus
1004 652 1037 680 et
1071 647 1159 680 ordi-

421 712 542 741 namus,
574 706 608 732 ut
639 700 726 733 circa
751 705 962 732 memoratam
987 704 1159 732 consuetu-

422 754 531 787 dinem
549 753 715 796 sequentia
733 753 966 785 inviolabiliter
984 753 1159 785 observen-

422 811 485 839 tur.
512 806 652 838 Instante
670 805 701 837 in
721 804 834 848 primis
852 810 995 848 tempore
1022 815 1085 848 quo
1111 816 1159 837 su-

421 860 583 904 pradictae
597 858 876 902 praesentationes
891 859 1073 892 definitorio
1087 864 1160 891 sunt

423 912 599 951 faciendae,
626 917 765 954 quatuor
791 917 842 943 aut
868 911 1011 955 quinque
1046 911 1158 944 diebus

423 971 496 999 ante
521 965 711 998 convocabit
747 965 942 1007 guardianus
978 966 1156 998 conventas

420 1019 451 1052 S.
480 1019 721 1051 Bonaventurae
755 1019 794 1051 de
821 1018 906 1051 Urbe
939 1029 1052 1051 omnes
1085 1029 1158 1051 suos

422 1071 588 1111 discretos,
614 1075 810 1103 tractaturus
835 1082 906 1104 cum
945 1071 1009 1104 illis
1033 1077 1158 1105 mature

420 1134 519 1166 super
550 1123 728 1156 idoneitate
761 1124 897 1156 fratrum
934 1124 1157 1165 diversorum,

420 1177 474 1219 qui
499 1177 532 1208 in
556 1175 734 1218 praedictis
753 1175 1007 1209 Recollectionis
1033 1188 1088 1210 seu
1113 1188 1159 1211 re·

421 1231 529 1262 cessus
555 1230 766 1262 conventibus
798 1230 1008 1273 reperiuntur
1037 1236 1069 1264 et
1093 1242 1158 1264 ma-

421 1282 469 1324 gis
496 1288 672 1315 censentur
696 1282 807 1315 idonei
840 1283 879 1314 ad
912 1283 1156 1325 guardianatum

420 1334 578 1377 praedicti
616 1334 648 1367 S.
680 1335 926 1368 Bonaventurae
964 1338 1154 1369 conventfis.

420 1387 542 1420 Deinde
569 1388 713 1430 quinque
740 1389 788 1420 vel
825 1399 879 1421 sex
904 1389 943 1421 de
977 1389 1156 1432 aptioribus

421 1451 457 1473 ex
475 1441 540 1473 illis
558 1447 739 1484 assumptos
756 1443 976 1485 praesentabit
994 1443 1053 1476 toti
1072 1454 1156 1477 com-

419 1494 580 1533 munitati,
602 1505 681 1536 quae
707 1495 803 1528 simul
824 1506 895 1527 cum
921 1495 1069 1528 discretis
1087 1497 1155 1539 (qui

419 1547 549 1590 quidem
575 1546 606 1578 in
632 1547 782 1580 omnibus
809 1558 907 1591 supra
933 1548 985 1580 et²
1010 1549 1092 1581 infra
1114 1550 1177 1582 di-¹

420 1599 479 1632 ctis
499 1610 575 1632 voce
596 1600 700 1632 activa
729 1605 760 1632 et
784 1601 909 1643 passiva
936 1601 1055 1634 dehent
1080 1612 1157 1644 gau-

421 1652 498 1685 dere
515 1679 522 1692 ,
549 1654 675 1685 servata
711 1658 818 1686 tamen
848 1654 951 1686 forma
975 1660 1155 1688 nostrarum

420 1705 621 1747 generalium
655 1706 923 1739 constitutionum
952 1713 983 1740 et
1009 1708 1176 1741 decreto-³

420 1768 490 1790 rum
525 1759 783 1801 apostolicorum
822 1761 985 1802 tenore),
1015 1771 1075 1804 per
1100 1772 1153 1794 se·
1175 1772 1177 1782 ¹

420 1817 508 1844 creta
540 1811 691 1854 sutfragia
722 1823 757 1845 ac
789 1813 1043 1855 ballotationes,
1075 1815 1156 1848 duos

419 1865 469 1896 vel
489 1870 552 1897 tres
572 1864 756 1898 definitorio
773 1867 1027 1908 praesentandos
1049 1867 1154 1910 eliget,

418 1921 453 1948 ut
477 1927 560 1949 unus
587 1928 623 1950 ex
643 1917 689 1949 cis
707 1918 746 1950 ab
764 1919 879 1951 eodem
905 1919 1092 1952 definitorio
1118 1921 1156 1953 li-

418 1969 497 2002 bere
523 1974 555 2001 et
579 1970 734 2003 canonice
759 1970 791 2002 in
809 1971 944 2004 Domino
963 1972 993 2004 in
1012 1973 1156 2014 guardia-

418 2034 494 2056 num
524 2024 598 2056 dicti
639 2026 816 2057 conventus
851 2024 882 2057 S.
914 2025 1154 2060 Bonaventurae

419 2077 495 2119 eligi
520 2078 635 2110 valeat.
670 2077 702 2109 ln
738 2088 812 2110 casu
847 2083 965 2119 autem,
994 2090 1058 2122 quo
1082 2085 1155 2113 vota

419 2128 482 2162 sint
502 2130 665 2172 paria,tict
683 2140 798 2162 novum
815 2131 1014 2172 scrutinium,
1034 2137 1065 2165 et
1083 2133 1154 2165 data

417 2181 553 2224 paritate
578 2192 636 2224 per
662 2182 738 2215 duas
763 2183 859 2224 vices,
886 2194 1034 2217 recursus
1059 2185 1155 2219 habe-

418 2234 506 2266 bitur
531 2234 567 2266 ad
594 2235 778 2268 ministrum
804 2238 989 2278 generalem
1025 2239 1074 2271 vel
1100 2249 1155 2281 ge·

419 2288 565 2320 neralem
603 2289 795 2330 praelatum,
824 2290 877 2332 qui
914 2301 949 2323 ex
984 2291 1047 2324 illis
1075 2292 1154 2325 duos

418 2341 469 2372 vel
492 2345 556 2372 tres
583 2340 765 2381 designabit
790 2344 1045 2384 praesentandos
1070 2345 1155 2388 capi-

419 2393 485 2425 tulo
511 2392 575 2424 sive
599 2394 856 2434 congregationi,
885 2406 967 2437 quos
993 2397 1154 2430 iudicave-

419 2446 463 2478 rit
486 2445 519 2477 in
544 2445 681 2478 Domino
707 2445 844 2479 existere
878 2448 1053 2490 digniores.
1076 2450 1154 2488 Quo-

418 2499 458 2532 ad
489 2498 766 2541 praesentationes
798 2511 872 2533 vero
905 2506 1088 2536 ceterorum
1109 2505 1154 2536 di-

454 2570 464 2595 1
488 2568 555 2595 Male
575 2568 618 2594 ed.
640 2569 719 2597 lllain.
740 2569 806 2603 legit
825 2574 855 2596 ut
876 2579 924 2604 pro
945 2575 970 2599 ec
989 2574 1028 2606 (n.
1051 2575 1099 2607 T.).

452 2613 468 2639 2
488 2613 638 2648 Praeposit.
660 2614 697 2640 ad
715 2613 777 2640 hine
797 2613 938 2642 abiicimus
955 2616 993 2651 (ti.
1015 2617 1063 2652 T.).

999 230 1175 255 BULLARIUM
1198 230 1355 256 ROMANUM

1197 285 1265 312 ctae
1282 279 1535 314 Recollectionis
1552 286 1766 314 conventuum
1786 282 1934 324 guardia-

1199 342 1325 372 norum,
1348 333 1542 366 vicariorum
1571 339 1602 367 et
1626 334 1770 377 magistri
1796 335 1933 368 novitio-

1200 395 1280 425 rum,
1296 385 1351 418 tiet
1367 385 1513 419 similiter
1530 397 1589 429 per
1604 387 1739 429 praefati
1753 389 1931 421 conventus

1199 436 1230 469 S.
1257 438 1498 471 Bonaventurae
1535 439 1691 472 discretos
1722 446 1847 473 matura
1871 441 1934 473 dis-

1199 490 1329 530 cussio,
1368 496 1400 523 et
1428 501 1465 523 ex
1505 490 1569 524 illis
1605 492 1670 524 duo
1706 493 1754 524 vel
1786 498 1850 525 tres
1881 494 1931 526 isti

1199 543 1515 585 praesentabuntur,
1547 544 1602 586 qui
1627 555 1686 586 per
1710 545 1861 587 sum-agia
1884 558 1934 580 se·

1200 601 1289 627 creta
1320 602 1352 628 et
1374 597 1603 629 ballotationes
1638 597 1850 630 discretorum
1883 609 1935 631 eo-

1201 647 1347 680 rumdem
1361 648 1581 690 pluralitatem
1598 649 1802 692 reperientur
1815 651 1936 684 habere

1201 704 1363 732 votorum.
1390 700 1421 733 Si
1458 700 1528 743 quis
1563 707 1672 734 autem
1707 708 1821 735 contra
1854 704 1937 736 hanc

1202 752 1349 793 formam,
1371 753 1498 786 anobis
1523 753 1561 786 de
1586 754 1789 797 plenitudine
1814 761 1937 798 aposto·

1201 805 1282 838 licae
1313 800 1512 839 auctoritatis
1547 806 1641 839 nobis
1678 808 1710 840 in
1748 808 1808 842 hae
1843 815 1935 852 parte

1201 859 1386 902 specialiter
1411 859 1603 892 commissae
1629 860 1829 904 dispositam,
1855 862 1938 895 ordi-

1201 918 1307 944 natam
1334 917 1364 945 et
1385 912 1571 953 stabilitam,
1591 913 1687 946 fuerit
1711 920 1936 957 praesentatus

1201 970 1255 996 aut
1272 965 1404 1005 electus,
1434 966 1582 997 volumus
1607 970 1643 998 ut
1663 966 1821 999 eiusmodi
1840 979 1937 1011 prae-

1200 1017 1339 1050 sentatio
1365 1023 1396 1050 et
1416 1018 1533 1051 electio
1559 1018 1700 1051 invalida
1721 1019 1771 1059 sit,
1790 1020 1881 1053 irrita
1906 1026 1938 1054 et

1201 1071 1321 1104 nullius
1348 1070 1478 1112 valoris,
1500 1076 1596 1115 atque
1621 1073 1659 1105 ad
1681 1073 1863 1106 ministrum
1883 1084 1938 1116 ge-

1201 1124 1345 1157 neralem
1370 1125 1421 1157 vel
1446 1126 1631 1166 generalem
1656 1126 1838 1168 praelatum
1867 1127 1936 1160 eius

1200 1177 1341 1219 provisio
1373 1177 1572 1218 devolvatur,
1604 1178 1686 1211 sicut
1722 1180 1938 1213 devolvuntur

1200 1231 1377 1264 electiones
1404 1231 1599 1274 capitulares
1625 1243 1691 1265 non
1716 1233 1860 1276 legitime
1886 1245 1939 1268 ce-

1200 1284 1358 1317 lebratae.
1385 1283 1442 1322 Qui
1468 1285 1600 1328 quidem
1624 1286 1773 1319 minister
1805 1289 1854 1321 vel
1885 1299 1938 1330 ge-

1200 1337 1317 1370 neralis
1342 1338 1520 1380 praelatus,
1542 1339 1663 1372 utendo
1682 1339 1751 1372 iure
1778 1341 1939 1374 devoluti-

1200 1400 1238 1422 vo
1264 1390 1297 1422 in
1322 1390 1377 1423 illo
1398 1401 1484 1430 casn,
1512 1396 1543 1423 ct
1567 1402 1631 1424 non
1657 1393 1745 1433 alias,
1768 1394 1938 1428 continere

1199 1453 1234 1474 se
1261 1442 1358 1475 dehet
1388 1443 1420 1474 in
1453 1443 1606 1485 eligendo
1642 1444 1728 1476 intra
1765 1456 1936 1479 numerum

1199 1500 1438 1538 praesentatum
1456 1507 1473 1528 a
1492 1496 1640 1529 discretIS
1655 1498 1816 1540 praedicti
1835 1498 1865 1531 S.
1884 1499 1937 1532 Bo-

1199 1553 1396 1581 naventurae
1429 1550 1620 1581 conventus.
1649 1549 1737 1582 Circa
1772 1561 1848 1583 vero
1873 1551 1938 1584 dis-

1200 1600 1409 1634 tributionem
1440 1601 1573 1634 fratrum
1606 1603 1872 1636 collocandorum
1904 1605 1936 1637 in

1198 1654 1371 1698 praedictis
1404 1655 1654 1688 Recollectionis
1695 1657 1935 1698 conventibus,

1199 1718 1256 1751 pro
1282 1718 1368 1740 nunc
1386 1708 1591 1741 decernimus
1609 1713 1640 1741 et
1657 1709 1848 1742 mandamus
1871 1721 1938 1744 ser-

1199 1762 1264 1794 vari
1289 1762 1558 1795 consuetudinem
1584 1772 1685 1805 usque
1710 1763 1807 1796 modo
1832 1774 1938 1797 serva-

1200 1820 1271 1854 tam,
1297 1815 1464 1855 videlicet,
1491 1821 1525 1847 ut
1548 1816 1715 1858 praefatus
1740 1816 1936 1859 guardianus

1199 1867 1264 1900 sive
1291 1868 1436 1900 director
1459 1874 1669 1911 praesentare
1702 1874 1733 1902 et
1764 1870 1936 1903 nominare

1200 1921 1300 1963 possit
1324 1922 1494 1964 religiosos
1521 1932 1579 1964 pro
1606 1923 1744 1964 singulis
1769 1923 1937 1956 conventi-

1198 1974 1257 2007 bus
1276 1975 1313 2007 de
1334 1975 1453 2007 familia
1471 1976 1678 2008 collocandos
1696 1975 1843 2008 ministro
1861 1987 1938 2019 pro-

1199 2027 1327 2060 vinciali
1360 2033 1391 2060 et
1427 2028 1610 2061 delinitorio
1646 2030 1842 2072 provinciae,
1879 2030 1935 2072 qui

1198 2081 1329 2124 quidem
1348 2083 1503 2123 spectata,
1521 2081 1660 2114 discreta
1679 2087 1710 2114 et
1723 2083 1935 2116 oeconomica

1199 2133 1425 2165 distributione
1446 2133 1545 2176 ipsam
1565 2135 1595 2166 in
1613 2135 1749 2167 Domino
1767 2135 1935 2168 confirma·

1198 2186 1256 2218 bit.
1284 2186 1432 2219 Ceterum
1458 2186 1608 2219 omnibus
1646 2187 1721 2219 dicti
1754 2190 1932 2220 conventos

1198 2240 1228 2272 S.
1252 2240 1496 2272 Bomueuturae
1524 2240 1673 2272 fratribus
1699 2240 1841 2273 districte
1859 2251 1934 2284 pro-

1199 2292 1369 2331 hibemus,
1398 2304 1437 2325 ne
1472 2293 1543 2336 quis
1579 2293 1707 2336 praevie
1739 2294 1777 2325 ad
1804 2295 1933 2336 praedi-

1198 2351 1248 2378 cta
1268 2356 1328 2388 per
1353 2345 1617 2378 communitatem
1651 2346 1756 2378 danda
1781 2346 1933 2392 sutfragia

1197 2399 1312 2431 audeat
1330 2398 1436 2431 facere
1456 2409 1672 2442 quascumque
1695 2399 1931 2441 colligationes,

1198 2452 1453 2491 subornationes,
1474 2452 1652 2484 functiones
1663 2449 1682 2490 ¹,
1697 2458 1751 2484 aut
1765 2453 1932 2495 quidpiam

1198 2504 1394 2537 huiusmodi.
1420 2504 1516 2537 Sectis
1542 2510 1791 2547 praesumentes,
1808 2507 1857 2538 vel
1875 2506 1933 2538 mi-

1233 2577 1242 2601 1
1274 2575 1372 2602 Forsan
1399 2575 1537 2609 factiones
1566 2583 1614 2610 pro
1647 2576 1811 2609 functiones
1836 2575 1930 2612 legen-

1197 2619 1259 2646 dum
1279 2623 1319 2646 est
1337 2621 1376 2653 (a.
1394 2620 1443 2651 T.).

1931 232 1981 259 An.
2003 232 2031 260 C.
2052 233 2116 262 ¹095
