2227 3225
145 221 192 247 Λη.
209 219 236 244 (ἱ
260 219 327 246 1696

175 281 311 306 Praeceptum

142 309 164 326 υι
174 307 325 331 ‹iniungantu-

910 217 1117 241 INNoCENTtUS
1141 217 1183 240 XII
1208 217 1255 240 Pr.

379 267 393 310 ἓ
418 266 448 300 3.
469 266 531 298 Nos
550 266 660 308 igitur,
680 265 783 298 dictae
800 264 1068 307 Cengregatiouis

143 339 163 352 ω
180 334 257 352 cedant
275 333 322 356 iem-
336 319 548 358 indemnitati,
568 324 722 362 quantum
744 329 815 351 cum
837 318 974 351 Domino
995 328 1071 360 pos-

143 362 215 378 tnuaui
260 362 315 379 aeno

143 385 324 407 matutinam
336 383 455 412 sumus,
483 373 665 413 consulere,
692 383 889 416 omnemque
914 371 947 403 in
973 372 1010 404 ea
1029 370 1071 402 ri-

143 411 247 431 ε-ιιιιιηυυί
266 418 287 431 τι·
297 418 316 429 ιι»

143 418 386 459 „³n1u0n2.s¹ui›lae
420 425 598 458 communis
635 424 830 459 relaxatioui
866 425 946 458 viam
971 435 1068 468 prae-

143 464 206 485 cestis
221 464 301 490 poenis.

335 478 487 518 cludere,
515 484 546 511 et
570 478 672 522 ipsius
696 478 825 521 loseplii
852 476 1071 521 procuratoris

336 532 499 574 generalis
526 531 606 564 votis
639 532 699 565 hac
724 532 756 564 in
784 542 818 565 re
851 530 1074 564 favorabiliter

335 594 479 618 annuere
504 585 660 625 volentes,
686 595 826 628 eumque
856 596 873 618 a
906 583 1073 628 quibusvis

337 638 696 679 excommunicationis,
720 638 946 682 suspensionis
972 643 1004 671 et
1027 637 1074 670 iu-

336 692 477 733 terdicti,
493 692 628 736 aliisque
647 692 876 726 ecclesiasticis
894 691 1074 732 sententiis,

336 746 484 779 censuris
517 752 545 780 et
572 746 702 790 poenis,
728 757 745 779 a
770 747 838 779 iure
862 746 913 779 vel
944 746 983 778 ab
1015 746 1075 778 lio-

335 798 432 839 mine,
455 799 566 842 quavis
591 799 762 832 occasione
788 800 836 832 vel
866 799 963 832 eausa
989 799 1074 838 latis,

336 851 360 884 si
383 851 499 894 quibus
530 852 780 896 quomodolibet
806 851 981 885 innodatus
1012 852 1076 884 exi-

337 903 400 943 stit,
420 905 458 937 ad
487 904 636 938 effectum
661 905 884 948 praesentium
913 905 1077 938 dumtaxat

336 957 601 1001 consequendum
617 985 625 998 ,
651 958 766 990 barum
791 957 875 991 serie
906 957 1076 990 absolven-

336 1015 384 1043 tes
410 1011 642 1044 etabsolutum
669 1011 735 1044 sore
762 1016 952 1052 censentes,
969 1011 1077 1044 huius-

336 1063 425 1097 modi
451 1064 746 1108 supplicationibus
771 1065 929 1105 inclinati,
961 1065 1000 1098 de
1025 1076 1078 1097 vc-

338 1117 532 1150 nerabilium
565 1118 698 1151 fratrum
723 1123 909 1151 nostrorum
927 1117 958 1151 S.
981 1119 1017 1151 R.
1040 1118 1074 1151 E.

338 1170 552 1203 cardinalium
575 1176 606 1204 et
633 1171 826 1204 dilectorum
852 1170 991 1204 filiorum
1016 1171 1077 1204 Ro—

338 1233 453 1256 manae
475 1223 591 1257 Curiae
617 1225 839 1267 praelatorum
865 1235 964 1268 super
982 1223 1077 1257 disei-

337 1276 428 1320 plina
453 1277 591 1320 regulari
618 1277 804 1321 specialiter
828 1288 845 1310 a
865 1277 959 1310 nobis
980 1277 1076 1320 depu-

338 1334 478 1362 tatorum
513 1330 671 1370 consilio,
697 1330 847 1364 omnibus
878 1335 909 1363 et
940 1330 1075 1373 singulis

337 1383 466 1416 clericis
500 1384 685 1427 praedictae
719 1383 1009 1426 Congregationis‚
1042 1389 1076 1417 nt

336 1445 468 1468 omnem
502 1441 533 1469 et
569 1447 809 1479 quamcumque
844 1436 1004 1469 actionem
1043 1437 1074 1469 in

335 1487 517 1531 legitimam
535 1488 595 1521 sibi
614 1489 863 1532 quomodolibet
881 1493 912 1521 ct
932 1489 1076 1522 ubicum-

336 1550 400 1584 que
424 1546 663 1584 competentem
687 1542 779 1574 nullo
801 1542 898 1574 modo
924 1541 984 1575 sibi
1007 1542 1076 1575 reti-

335 1603 415 1626 nere
438 1599 658 1636 praesumant,
677 1594 734 1627 sed
756 1604 825 1627 eam
851 1594 913 1637 ipsi
934 1594 1076 1637 Congre-

337 1646 459 1689 gationi
485 1647 617 1681 omnino
642 1648 830 1688 remittant,
858 1648 938 1681 itaut
963 1648 1074 1681 eadem

337 1700 552 1743 Congregatio
582 1701 686 1744 possit
710 1706 742 1733 et
765 1702 869 1734 valeat
897 1701 935 1734 de
961 1702 1075 1734 eadem

336 1752 482 1794 legitima
506 1754 603 1796 plene
630 1753 822 1796 disponere,
849 1764 985 1797 eamque
1012 1754 1076 1787 exi-

338 1815 424 1848 gere,
440 1811 495 1838 aut
519 1816 617 1848 super
642 1809 678 1838 ea
703 1807 921 1847 concordare3
948 1807 1024 1839 item
1043 1813 1076 1840 ut

338 1869 451 1892 omnes
477 1859 650 1902 pecunias,
678 1865 876 1902 proventus,
901 1870 1018 1892 census
1045 1866 1076 1893 et

339 1912 573 1955 eleemosynas,
592 1912 658 1944 sive
677 1923 711 1944 ex
729 1912 936 1951 lectionibus,
956 1912 1020 1944 sive
1038 1923 1074 1945 ex

338 1964 560 2004 concionibus,
583 1970 637 1997 aut
660 1975 720 2008 pro
738 1965 843 1997 missis
861 1965 1073 2006 celebrandis,

337 2017 466 2061 aliaque
492 2017 636 2060 ipsorum
669 2017 754 2050 iusto
788 2018 898 2050 labore
925 2024 957 2050 et
980 2021 1074 2051 causa

338 2081 545 2114 quocumque
579 2070 710 2103 nomine
743 2071 922 2114 acquisita,
949 2071 1073 2104 etiamsi

337 2123 482 2157 subsidia
518 2123 838 2166 consanguineorum
867 2129 921 2157 aut
945 2124 1073 2167 piorum

336 2177 533 2220 largitiones,
545 2177 651 2220 tegata
665 2183 719 2210 aut
735 2177 927 2210 donationes
944 2178 1072 2219 suerint,

337 2229 370 2262 in
388 2229 474 2263 dicta
489 2231 564 2263 arca
587 2230 748 2262 communi
774 2236 937 2273 reponant
953 2231 991 2263 ad
1010 2231 1074 2263 for-

337 2295 421 2317 mam
451 2284 722 2317 constitutionum
756 2284 902 2317 eiusdcm
930 2284 1074 2327 Congre-

337 2337 485 2380 gassonis,
501 2337 561 2370 sub
578 2339 686 2380 poena
698 2337 888 2380 privationis
901 2337 986 2371 vocis
998 2338 1072 2372 acti-

336 2401 392 2424 vae
417 2395 448 2423 et
471 2389 616 2433 passivae
648 2389 718 2433 ipso
744 2390 827 2422 sacto
853 2390 1069 2432 incurrenda‚

336 2453 397 2476 nec
419 2443 481 2476 nisi
506 2443 545 2476 ab
571 2443 631 2475 hac
651 2442 766 2476 Sancta
790 2443 871 2477 Sede
903 2448 956 2476 aut
979 2454 1073 2487 prae-

336 2496 440 2540 posito
477 2496 623 2539 generali
659 2496 762 2539 ipsius
803 2496 1071 2539 Congregationis

1741 203 1805 239 749
1851 212 1898 241 An.
1920 212 1948 239 c.
1971 212 2038 239 ioan

1112 264 1329 306 praecipimus
1355 268 1388 295 et
1411 263 1620 302 mandamus3
1646 263 1745 295 laicos
1771 272 1845 294 vero

1113 321 1145 348 ct
1168 316 1199 348 in
1225 316 1404 348 minoribus
1431 322 1551 348 tantum
1577 316 1746 348 ordinibus
1771 326 1847 348 con-

1113 370 1240 403 stitutos
1276 370 1409 402 clericos
1439 369 1705 411 Congregationis
1735 369 1849 401 huius-

1114 424 1201 456 modi
1226 423 1311 457 circa
1336 423 1512 467 praemissa
1531 423 1758 465 delinquentes
1778 433 1850 465 poe-

1114 478 1155 509 na
1180 476 1338 519 gravioris
1365 477 1481 519 culpae
1502 475 1589 508 iuxta
1614 475 1715 508 dictas
1739 474 1851 507 consti·

1116 530 1257 562 tutiones
1282 529 1390 562 debita
1414 528 1600 572 puniendos
1626 538 1710 568 esse,
1737 527 1851 560 eadem

1116 582 1322 623 auctoritate,
1345 582 1460 616 harum
1485 581 1580 623 serie,
1599 580 1804 615 decernimus
1821 584 1853 613 et

1116 636 1329 669 declaramus.

1159 689 1216 732 gli.
1232 689 1451 722 Decernentes
1466 687 1597 732 pariter,
1613 688 1741 721 easdem
1760 697 1851 731 prae·
1887 699 2009 722 clausulae.

1116 748 1225 775 sentes
1257 742 1382 775 litteras
1418 752 1549 786 semper
1574 741 1702 782 sirmas,
1728 741 1851 774 validas

1117 800 1148 828 et
1173 794 1321 828 efficaces
1357 794 1494 828 existere
1529 800 1560 828 et
1596 794 1682 835 sore,
1711 804 1853 837 suosque

1117 848 1284 891 plenarios
1309 852 1340 880 et
1364 847 1510 890 integros
1536 846 1667 881 effectus
1692 846 1799 880 sortiri
1825 851 1857 880 et

1118 901 1268 934 obtinere
1285 927 1293 942 ‚
1320 911 1356 934 ac
1381 900 1466 941 illis,
1497 901 1535 933 ad
1562 911 1643 944 quos
1669 905 1792 944 spectat
1824 905 1857 932 et

1118 963 1177 996 pro
1209 958 1355 996 tempore
1381 951 1651 995 quandocumque
1677 951 1857 995 spectabit,

1118 1006 1150 1038 in
1173 1005 1325 1039 omnibus
1352 1010 1383 1038 et
1408 1015 1468 1048 per
1492 1005 1600 1038 omnia
1627 1004 1858 1037 inviolabiliter

1119 1059 1293 1098 observari,
1309 1058 1419 1101 sicque
1438 1058 1470 1090 in
1488 1057 1674 1101 praemissis
1687 1068 1748 1101 per
1765 1067 1858 1100 quos-

1119 1123 1256 1156 cumque
1278 1112 1400 1145 iudices
1420 1111 1606 1145 ordinarios
1629 1116 1660 1144 et
1680 1111 1855 1154 delegatos,

1119 1166 1217 1199 etiam
1236 1176 1408 1199 causarum
1434 1165 1546 1209 palatii
1573 1164 1743 1208 apostolici
1769 1164 1859 1198 audi-

1119 1225 1227 1260 tores,
1262 1219 1397 1253 iudicari
1432 1225 1463 1253 et
1487 1219 1617 1253 definiri
1653 1219 1772 1252 debere
1789 1246 1796 1259 ‚
1823 1229 1859 1252 ac

1118 1273 1246 1306 irritum
1272 1279 1302 1306 et
1330 1274 1437 1314 inane,
1465 1273 1492 1306 si
1518 1284 1613 1306 secus
1640 1283 1739 1317 super
1763 1272 1814 1305 liis
1840 1283 1857 1305 a

1118 1337 1303 1370 quoquam,
1330 1326 1442 1369 quavis
1468 1326 1662 1359 auctoritate
1679 1353 1686 1366 ,
1714 1325 1859 1358 scienter

1118 1380 1166 1412 vel
1193 1380 1400 1422 ignoranter,
1427 1379 1603 1422 contigerit
1627 1379 1790 1412 attentari.

1161 1433 1175 1475 ξ
1200 1432 1231 1464 5.
1255 1432 1323 1465 Νοι]
1343 1432 1549 1464 obstantibus
1570 1431 1857 1464 constitutionibus

1118 1490 1150 1518 et
1173 1484 1433 1518 ordinationibus
1470 1484 1660 1528 apostolicis
1676 1511 1683 1525 ‚
1708 1495 1855 1525 necnon,

1118 1543 1275 1581 quatenus
1300 1548 1381 1581 opus
1407 1537 1468 1577 sit,
1496 1538 1601 1571 dictae
1626 1537 1858 1580 Congregatio-

1118 1592 1175 1631 nis,
1193 1591 1329 1634 aliisque
1348 1591 1523 1634 quibusvis,
1547 1590 1643 1623 etiam
1662 1590 1855 1630 iuramento,

1117 1644 1366 1678 confirmatione
1388 1644 1575 1687 apostolica,
1599 1645 1647 1676 vel
1663 1644 1775 1687 quavis
1796 1643 1858 1676 alia

1116 1697 1269 1731 firmitate
1295 1697 1475 1737 roboratis,
1502 1697 1630 1730 statutis
1665 1703 1697 1729 et
1721 1707 1857 1730 consue-

1119 1751 1305 1791 tudinibus,
1333 1751 1514 1794 privilegiis
1542 1761 1672 1794 quoque
1690 1777 1697 1790 ‚
1724 1751 1857 1783 indultis

1118 1810 1149 1838 et
1164 1804 1280 1838 litteris
1299 1804 1487 1847 apostolicis
1506 1804 1537 1836 in
1557 1804 1752 1837 contrarium
1768 1815 1857 1848 prac-

1117 1859 1290 1891 missorum
1317 1857 1567 1901 quomodolibet
1591 1857 1756 1890 concessis
1781 1868 1858 1890 con-

1117 1911 1250 1944 firmatis
1287 1915 1318 1943 et
1353 1911 1533 1951 innovatis;
1563 1911 1681 1954 quibus
1707 1911 1857 1944 ominbus

1118 1970 1150 1998 et
1173 1964 1331 2007 singulis,
1360 1964 1491 1997 illorum
1518 1970 1648 1997 tenores
1673 1964 1857 2008 praesenti-

1117 2018 1175 2050 bus
1202 2028 1261 2060 pro
1293 2018 1391 2060 plene
1421 2022 1453 2050 et
1477 2018 1674 2050 sufficienter
1698 2017 1858 2060 expressis

1117 2080 1152 2102 ac
1178 2070 1217 2103 de
1238 2069 1335 2102 verbo
1361 2071 1400 2103 ad
1425 2069 1560 2102 verbum
1586 2070 1721 2102 insertis
1739 2070 1859 2103 haben-

1117 2129 1173 2163 tes,
1192 2123 1257 2155 illis
1285 2122 1364 2155 alias
1388 2123 1421 2155 in
1446 2133 1504 2156 suo
1529 2123 1649 2156 robore
1667 2133 1859 2167 permansu-

1116 2175 1169 2215 ris,
1188 2175 1227 2208 ad
1255 2175 1508 2219 praemissorum
1529 2174 1689 2217 effectum,
1708 2176 1769 2209 hac
1787 2175 1857 2210 vice

1116 2230 1302 2270 dumtaxat,
1328 2228 1515 2272 specialiter
1546 2233 1579 2262 et
1613 2239 1765 2272 expresse
1801 2229 1858 2262 de-

1115 2292 1287 2325 rogamus3
1317 2282 1501 2325 ceterisque
1527 2282 1699 2316 contrariis
1724 2282 1858 2326 quibus·

1114 2346 1265 2379 cumque.

1158 2391 1172 2433 ἓ
1207 2389 1238 2423 6.
1273 2389 1429 2422 Volumus
1461 2394 1569 2423 autem
1600 2395 1637 2422 ut
1668 2389 2050 2451 eai·umdem<unfij3)orflmtrau-

1113 2443 1335 2486 praesentium
1359 2443 1541 2476 litterarum
1560 2443 1780 2486 transumptis,
1798 2441 1873 2476 seu*
1997 2440 2002 2446 '

1113 2496 1281 2540 exemplis,
1306 2497 1403 2529 etiam
1427 2497 1605 2540 impressis,
1633 2506 1731 2528 manu
1755 2496 1856 2528 alicu-

1937 1442 2050 1465 Dei-‹wath›

1869 1471 2029 1491 contrariorum.

336 2551 401 2582 una
424 2559 493 2581 cum
518 2560 577 2582 suo
602 2549 786 2583 definitorio
811 2551 993 2591 relaxanda,
1019 2561 1072 2583 au-
1113 2551 1161 2584 ius
1186 2551 1305 2584 notarii
1330 2551 1456 2594 publici
1473 2550 1676 2594 subscriptis,
1699 2555 1730 2582 et
1745 2550 1855 2593 sigillo

337 2603 485 2638 ctoritate
500 2604 684 2646 apostolica,
706 2609 819 2638 tenore
837 2604 1069 2649 praesentium,
1113 2615 1270 2649 personae
1296 2604 1329 2637 in
1354 2603 1574 2638 ecclesiastica
1599 2603 1756 2647 dignitate
1781 2614 1856 2637 con-
