2254 3225
220 195 267 221 Αη.
282 195 313 222 c.
331 194 397 222 1692
441 186 507 220 4⁶20

223 1262 235 1282 Α
246 1262 282 1282 l'in
294 1262 310 1283 ll
320 1263 391 1284 adem-

207 1291 243 1313 pta
267 1290 305 1309 tuit
326 1295 391 1311 omni-

208 1315 246 1335 liuw
260 1316 347 1336 sau-ultas
359 1323 389 1336 ro-

209 1342 297 1361 vui-andi
318 1343 390 1363 lunul-

205 1370 239 1388 tos
254 1369 380 1391 homicidas.

963 183 965 185 ’
980 198 1159 224 BULLARIL'M
1183 199 1337 225 ROMANUM

410 244 498 276 modi
530 243 716 279 facilitatem
749 250 781 279 et
806 245 1020 290 frequentiam
1052 247 1149 281 etiam
1193 248 1389 282 homicidam
1403 247 1448 281 sic
1461 248 1669 282 exbannitum
1683 249 1927 290 rebannire,re-

407 297 612 340 procedere¹
636 299 837 342 experientia
861 311 970 334 rerum
992 301 1149 343 magistra
1192 301 1309 334 ducere
1340 311 1396 334 seu
1428 312 1581 336 revocare
1607 303 1645 336 ad
1667 303 1847 344 civitatem,
1867 314 1925 337 seu

410 349 568 391 docuerit,
595 356 629 384 ut
653 352 738 385 lianc
762 363 894 396 quoque
918 353 1147 386 detestabilem

410 407 442 435 et
465 404 683 446 perniciosam
716 416 809 449 spem
840 407 942 450 magis
976 407 1147 450 magisque

408 455 586 490 adimamus
611 463 643 491 et
666 458 858 499 recidamus,
881 470 918 492 ac
943 459 1062 493 delicta
1087 459 1147 492 liu-

407 507 557 551 iusmodi,
571 515 726 553 quantum
744 510 814 544 lieri
831 516 948 554 potest,
968 522 1146 552 arceamus,

407 571 445 595 ea
469 572 552 605 quae
577 573 594 595 a
618 563 926 605 praedecessoribus
946 564 1066 597 nostris
1084 564 1147 598 Ro-

405 615 511 647 manis
535 615 747 648 Pontificibus
784 617 925 660 desuper
959 622 1079 650 statuta
1114 622 1146 651 et

405 665 542 710 provide
563 667 712 701 ordinata
737 668 834 702 fuisse
859 669 1092 713 comperimus,
1110 675 1145 703 ut

405 730 444 753 eo
469 719 628 754 maiorem
653 720 823 754 obtineant
845 721 1051 762 firmitatem,
1078 733 1142 767 que

404 772 533 817 saepius
549 773 665 807 suerint
682 774 862 818 apostolico
879 775 1042 818 praesidio
1057 786 1142 809 com—

403 825 545 866 munita,
571 832 699 859 nostrae
725 826 977 860 confirmationis
1001 828 1142 871 patroci-

403 878 458 912 nio
483 878 674 912 roboramus
690 906 698 920 ,
725 890 826 922 eaque
858 880 896 913 dc
922 891 1004 914 novo
1029 881 1142 914 statui-

402 942 485 972 mus,
506 942 558 964 seu
585 932 664 965 alitis
690 932 898 975 ampliamus,
924 933 1138 976 immutamus,

403 990 435 1017 et.
459 984 679 1018 iwhonorem
705 985 842 1018 eximiae
867 985 898 1018 S.
918 985 954 1018 R.
979 986 1014 1019 Ε.
1041 988 1140 1020 cardi-

402 1037 527 1071 nalium
560 1037 599 1070 de
624 1038 725 1071 latere
757 1038 938 1080 legatorum
973 1039 1139 1082 dignitatis

402 1091 584 1134 respective
608 1091 827 1132 moderamur,
847 1097 944 1135 prout
967 1092 1140 1126 rationabi-

402 1144 450 1176 les
481 1154 596 1176 causae
632 1144 854 1187 persuadent,
881 1150 913 1177 et
940 1144 973 1177 in
1002 1145 1138 1180 Domino

402 1196 620 1240 conspicimus
639 1196 815 1230 salubriter
834 1198 998 1240 expedire.

446 1249 461 1293 g
486 1249 517 1282 1.
545 1246 630 1282 Alias
647 1249 806 1293 siquidem
828 1250 928 1283 felicis
944 1252 1139 1285 recordatio-

402 1303 452 1336 nis
477 1303 552 1336 Pius
588 1303 673 1346 Papa
697 1303 721 1336 ll
746 1304 977 1346 praedecessor
1004 1310 1137 1345 noster,

400 1356 439 1389 ad
464 1356 554 1389 cuius
589 1356 784 1389 audientiam
819 1363 1012 1400 pervenerat
1048 1359 1134 1402 quod

400 1408 432 1441 in
458 1409 577 1450 terris,
605 1409 684 1442 locis
711 1415 742 1442 et
768 1410 954 1443 tenimentis
978 1416 1051 1443 tunc
1075 1411 1134 1444 sibi

400 1468 434 1495 et
457 1462 621 1495 Romanae
650 1462 814 1495 Ecclesiae
850 1464 988 1496 mediate
1022 1469 1053 1496 et
1077 1465 1136 1497 im-

399 1515 540 1548 mediate
579 1514 733 1548 subiectis
769 1517 1005 1559 quamplurima
1041 1517 1134 1550 etiam

1191 354 1383 395 districtum,
1409 359 1463 388 aut
1486 365 1596 389 eorum
1621 357 1779 398 alterum,
1812 368 1871 391 seu
1894 357 1924 391 ei

1189 406 1354 440 licentiam
1381 408 1431 441 vel
1456 408 1578 442 salvum
1596 410 1788 443 conductum
1812 420 1925 444 conce-

1188 459 1264 493 dere
1288 460 1448 494 redeundi
1480 471 1537 494 seu
1572 463 1719 496 morandi
1743 464 1776 496 in
1801 464 1848 497 eis
1873 464 1922 498 vel

1187 521 1300 545 eorum
1317 513 1433 554 altero,
1450 513 1482 546 in
1495 519 1701 557 perpetuum,
1717 516 1767 549 vel
1788 516 1827 549 ad
1846 521 1923 550 tem-

1187 566 1246 608 pus
1263 565 1429 601 modicum
1460 567 1527 600 sive
1558 577 1720 610 magnum,
1739 578 1799 602 nec
1826 569 1922 602 etiam

1186 628 1245 661 per
1269 617 1356 652 diem
1387 629 1487 653 unum
1516 618 1581 652 sive
1613 625 1756 654 noctem.
1782 620 1871 660 Quod
1895 622 1922 655 si

1185 681 1278 704 secus
1303 682 1362 715 per
1393 682 1588 716 quemquam
1613 683 1650 705 ex
1675 673 1849 716 praedietis
1876 675 1922 708 sa-

1184 729 1271 758 ctum
1289 725 1411 766 suisset,
1426 725 1584 759 incideret
1600 725 1632 758 in
1646 736 1784 769 poenam
1799 737 1922 762 excom-

1183 777 1412 811 municationis
1448 778 1521 821 ipso
1554 778 1638 811 sacto
1670 779 1739 812 sinc
1772 780 1920 814 ulteriori

1182 831 1343 865 sententia
1367 831 1606 872 declarationis,
1623 842 1640 865 a
1658 843 1721 876 qua
1738 843 1797 876 per
1821 833 1919 867 alium

1182 893 1277 927 quam
1301 892 1361 927 per
1384 884 1548 917 Summum
1569 884 1769 926 Pontificem,
1788 891 1820 918 et
1843 891 1920 920 tnnc

1182 936 1265 970 sacta
1288 937 1327 970 de
1353 937 1417 970 hoc
1442 937 1573 980 speciali
1600 938 1825 981 expressione,
1852 949 1918 972 non

1181 995 1291 1032 posset
1315 989 1459 1030 absolvi;
1482 1000 1518 1023 ac
1535 990 1693 1031 reductio,
1710 991 1850 1032 licentia,
1867 1002 1919 1025 re-

1181 1042 1315 1083 vocatio,
1329 1043 1435 1075 salvus
1454 1042 1634 1077 conductus
1651 1048 1683 1075 et
1699 1043 1834 1077 cessatio
1847 1054 1920 1087 pro-

1180 1105 1294 1128 cessus
1323 1100 1355 1128 et
1378 1095 1478 1128 banni
1505 1095 1691 1129 huiusmodi
1710 1101 1819 1129 essent
1843 1096 1917 1141 ipso

1180 1147 1250 1180 iure
1276 1148 1379 1187 nulla,
1408 1147 1597 1191 nulliusque
1624 1148 1752 1182 roboris
1781 1154 1813 1182 et
1843 1160 1914 1183 mo-

1179 1200 1290 1241 menti,
1316 1199 1450 1235 adiectis
1475 1200 1546 1233 aliis
1571 1201 1708 1244 poenis,
1734 1201 1917 1236 inhabilita-

1179 1253 1331 1293 tionibus,
1358 1253 1507 1286 censuris
1533 1259 1564 1286 et
1589 1254 1745 1295 decretis;
1772 1258 1804 1288 et
1826 1255 1914 1297 alias,

1179 1311 1277 1349 prout
1300 1307 1333 1339 in
1359 1307 1503 1340 eiusdem
1533 1307 1579 1340 Pii
1604 1318 1691 1341 anno
1716 1308 1915 1342 incarnatio-

1179 1359 1228 1392 nis
1242 1359 1426 1393 Dominicae
1444 1369 1573 1400 MCDth,
1587 1371 1604 1392 v
1622 1360 1776 1394 kalendas
1793 1361 1915 1394 februa-

1178 1411 1236 1452 rii,
1267 1412 1475 1455 pontificatus
1508 1412 1556 1445 sui
1590 1423 1676 1446 anno
1701 1422 1731 1446 lv
1755 1413 1914 1457 expeditis

1177 1463 1294 1497 litteris
1318 1465 1446 1508 plenius
1472 1465 1669 1498 continetur.

1220 1517 1235 1561 ἓ
1259 1517 1291 1551 9.
1317 1518 1355 1551 Et
1377 1519 1556 1552 successive
1576 1518 1769 1552 recolendae
1793 1530 1915 1553 memo-

1927 202 1982 229 An.
1999 201 2027 230 C.
2043 202 2114 231 1692

1981 1530 2107 1553 constitutio

1925 1558 2027 1583 praedicti
2076 1559 2107 1579 Pii

1176 1571 1242 1605 riae
1258 1572 1364 1606 Sixtus
1383 1573 1469 1617 Papa
1485 1574 1522 1606 IV
1546 1573 1698 1607 similiter
1722 1575 1912 1617 praedeces·
1924 1583 2107 1631 ffugffiffalqut

1176 1635 1230 1657 sor
1246 1631 1368 1666 noster,
1390 1631 1520 1669 accepto
1546 1636 1604 1669 per
1628 1637 1710 1666 eum,
1730 1627 1814 1670 quod
1840 1636 2107 1665 con-ofianitiuoaddi-

1923 1665 2024 1682 stantiam
2045 1664 2107 1688 qnin-

1177 1682 1265 1710 tenta
1290 1678 1322 1711 in
1350 1678 1465 1711 litteris
1490 1679 1535 1710 Pii
1561 1678 1825 1722 praedecessoris
1850 1679 1912 1712 hu-
1923 1689 2107 1714 munima-unita·

399 1578 435 1601 cx
462 1567 586 1601 levibus
617 1568 719 1600 causis
749 1569 916 1602 commissa
941 1580 1011 1602 esse
1042 1580 1135 1614 repe-

398 1620 568 1653 riebantur
591 1620 783 1661 homicidia,
818 1621 935 1654 idcirco
963 1627 1037 1654 tunc
1061 1633 1134 1656 suos

398 1679 430 1707 et
464 1673 623 1707 Ecclesiae
660 1673 823 1707 Romanae
859 1676 1043 1718 praedictae
1069 1687 1133 1710 me-

398 1726 484 1760 diate
509 1731 542 1759 et
565 1726 748 1760 immediate
782 1727 944 1761 subiectos
981 1728 1133 1771 pacificos

397 1779 466 1813 sore
490 1785 522 1812 et
544 1780 724 1820 modestos,
751 1789 787 1813 ac
811 1781 881 1812 loca
905 1780 1071 1824 praedicta
1094 1781 1132 1813 si-

397 1832 503 1873 cariis,
528 1832 700 1866 homicidis
733 1837 764 1865 et
788 1834 1049 1866 malefactoribus
1073 1845 1130 1867 ex-

396 1896 533 1930 purgare
548 1885 747 1926 desiderans,
763 1885 848 1919 inter
861 1892 968 1919 cetera
980 1888 1088 1919 statuit
1100 1894 1131 1920 et

396 1939 549 1979 decrevit,
566 1938 653 1982 quod
675 1947 789 1971 omnes
815 1938 872 1978 illi,
894 1938 947 1981 qui
972 1950 1033 1982 pro
1052 1940 1132 1972 deli—

396 1997 446 2025 cto
470 1991 638 2025 homicidii
663 1991 801 2024 fuissent
830 1992 1130 2032 conderiniati,se11

395 2045 475 2079 alias
494 2045 532 2078 de
550 2045 677 2078 civitate
699 2044 808 2088 aliqua
826 2049 858 2077 et
879 2044 1025 2077 districtu
1042 2044 1129 2078 illius

394 2098 530 2139 banniti,
544 2108 607 2131 non
628 2103 763 2142 possent
783 2098 822 2131 ad
841 2098 1000 2131 civitatem
1019 2109 1072 2131 seu
1089 2099 1130 2132 di-

394 2152 541 2185 strictum
557 2151 742 2185 huiusmodi
761 2161 965 2195 quocumque
984 2157 1128 2195 tempore

394 2204 514 2245 redire,
529 2214 585 2237 seu
603 2203 635 2236 in
660 2204 705 2237 eis
730 2205 778 2237 vel
805 2215 917 2237 eorum
943 2205 1045 2238 altero
1066 2216 1130 2238 mo—

394 2268 462 2291 ram
480 2257 619 2298 trahere,
635 2257 730 2290 etiam
748 2256 859 2290 habita
871 2267 948 2300 pace
964 2258 1002 2290 ab
1021 2257 1130 2291 haere-

395 2310 490 2344 dibus
514 2311 564 2344 vel
582 2309 830 2352 consanguineis
854 2320 910 2343 seu
931 2309 1004 2344 filiis
1029 2311 1129 2354 ipsius

394 2363 503 2404 occisi,
518 2373 577 2396 nec
606 2363 731 2405 legatus
745 2388 752 2402 ,
772 2362 867 2395 ctiam
890 2363 929 2395 dc
947 2363 1057 2404 latere,
1076 2369 1130 2396 aut

393 2418 603 2461 gubernator,
626 2416 678 2458 qui
698 2426 756 2458 pro
779 2420 921 2458 tempore
940 2416 1060 2456 suisset,
1080 2418 1129 2449 vel

394 2469 497 2514 quivis
507 2469 600 2509 alius,
614 2467 922 2511 possetauctoritate
938 2468 1127 2511 apostolica,

392 2533 450 2556 seu
476 2533 513 2555 ox
542 2520 648 2554 officio
679 2530 754 2553 suae
779 2520 962 2562 legationis,
988 2520 1128 2564 aliquem

429 2586 441 2614 1
463 2583 535 2612 Edu.
555 2582 634 2613 Μαίη.
656 2581 904 2618 legitpraececlcre
924 2582 963 2617 (n.
980 2581 1029 2617 12).
1060 2618 1074 2626 ..

1887 1731 1893 1737 ,
1923 1720 1984 1736 Pium.

1175 1730 1313 1769 iusmodi
1331 1742 1347 1763 a
1365 1731 1460 1764 certis
1480 1731 1681 1774 temporibus
1704 1736 1777 1764 tunc
1794 1733 1911 1776 elapsu:

1175 1793 1238 1815 non
1254 1783 1384 1816 fuerant
1401 1783 1580 1823 observata,
1600 1789 1631 1816 et
1647 1794 1683 1816 ex
1701 1784 1832 1817 illorum
1847 1795 1912 1817 non

1174 1835 1378 1868 observantia
1404 1836 1525 1869 subditi
1543 1836 1729 1879 praedictae
1746 1837 1912 1870 Ecclesiae

1174 1888 1385 1931 procliviores
1420 1895 1511 1921 erant
1545 1889 1584 1921 ad
1610 1889 1786 1923 homicidia
1816 1901 1911 1924 com-

1174 1941 1338 1983 mittenda,
1353 1941 1481 1985 iainque
1506 1942 1573 1974 sere
1591 1942 1711 1985 passim
1736 1943 1912 1977 homicidia

1174 1994 1318 2037 quotidie
1355 1995 1646 2038 perpetrabantur,
1673 2000 1704 2028 et
1729 1995 1910 2030 homicidae

1173 2047 1308 2090 praefati
1324 2047 1399 2080 ideo
1420 2047 1459 2080 ad
1485 2047 1540 2079 illa
1557 2047 1788 2080 committenda
1806 2058 1910 2090 prom-

1172 2100 1294 2142 ptiores
1308 2100 1498 2139 existebant,
1516 2099 1590 2142 quia
1607 2099 1782 2142 sperabant
1799 2101 1907 2142 latere,

1172 2157 1203 2185 et
1219 2163 1351 2185 suorum
1373 2162 1562 2185 excessuum
1587 2152 1814 2186 remissionem
1831 2164 1908 2187 con-

1172 2205 1262 2248 sequi
1289 2205 1381 2238 sacile
1416 2215 1534 2247 posse,
1561 2215 1598 2238 ac
1627 2205 1851 2239 detestabilem
1877 2212 1909 2240 et

1172 2258 1368 2291 horrendam
1388 2257 1498 2290 talium
1517 2258 1705 2293 sicariorum
1729 2260 1907 2302 nequitiam

1171 2311 1210 2343 ad
1242 2310 1378 2343 alioruin
1411 2311 1565 2342 cautelam
1601 2311 1792 2354 opportunis
1828 2312 1906 2346 iuris

1171 2363 1324 2395 remediis
1349 2362 1504 2406 prosequi
1522 2362 1631 2395 studio
1656 2363 1792 2406 cupiens
1816 2365 1908 2398 inde-

1173 2418 1277 2455 fesso,
1304 2415 1414 2448 habita
1444 2426 1542 2459 super
1571 2415 1622 2448 his
1659 2426 1731 2449 cum
1756 2416 1906 2451 fratribus

1172 2468 1235 2499 suis
1272 2468 1457 2510 praedictae
1491 2467 1654 2501 Ecclesiae
1689 2469 1908 2502 cardinalibus

1171 2520 1406 2553 deliberatione
1425 2522 1560 2560 matura,
1578 2525 1609 2553 et
1627 2521 1664 2553 de
1683 2521 1812 2555 illorum
1830 2533 1907 2556 con-

1171 2573 1252 2614 silio,
1274 2583 1335 2617 per
1351 2583 1424 2606 sucs
1449 2583 1532 2605 anno
1552 2572 1785 2608 incarnationis
1803 2574 1907 2609 donii-
