2227 3225
102 242 150 266 An.
172 239 201 266 C.
220 237 288 265 ΗΒΘ
876 234 1075 268 -ᾸῘΑΕΧΑΝΒΕΗ
1101 233 1157 257 ΠΗ
1183 234 1228 257 ΓΡ.

294 288 353 320 bus
379 287 498 320 debitis
524 291 554 319 et
579 285 738 318 debendis
761 284 901 327 (servata
927 289 1033 315 tamen

296 341 399 374 forma
416 339 687 374 constitutionum
709 337 957 381 apostolicarum
973 337 1034 368 iam

295 394 466 434 editarum,
493 399 524 426 et
545 392 572 425 si
597 402 675 436 quas
701 391 856 434 deinceps
882 389 933 422 edi
960 399 1036 422 con-

1738 226 1778 258 ?..00
1826 236 1872 261 An.
1894 236 1922 262 e.
1941 236 2008 262 tezo

1120 286 1134 325 ς’
1163 282 1213 314 12.
1241 282 1277 314 Et
1302 282 1436 325 insuper
1460 283 1630 315 statuimus
1663 288 1695 316 et
1726 284 1812 316 ordi-
1862 299 1964 319 hainam„
1988 307 2008 320 m

1077 346 1210 376 namus,
1236 335 1391 378 vobisque
1418 335 1636 378 indulgemus,
1664 337 1761 378 quod,
1787 329 2008 373 sifsslsslsstssllltssli¹lifff

1826 386 1892 399 nunus⁴
1927 380 2009 399 »ati-tao

1077 401 1133 422 vos
1159 391 1198 422 ab
1225 390 1386 429 intestato,
1409 395 1442 422 et
1466 389 1536 422 sine
1559 391 1643 430 ulla,
1667 391 1716 422 vel
1742 401 1979 432 ciiiiil„„„‚,1.0u.„,

297 447 418 490 tigerit)
437 457 536 490 super
555 445 710 478 fructibus
733 444 900 484 inexactis,
921 441 1034 476 etiam⁴

297 501 502 540 cumulative,
528 511 599 533 cum
626 498 794 542 quibusvis
819 498 891 531 aliis
924 496 1037 529 simili-

296 554 356 587 bus
380 555 430 587 vel
456 552 665 586 dissimilibus
690 550 892 584 facultatibus
918 549 1036 582 habitis

299 613 331 640 et
356 607 529 647 habendis,
549 612 611 639 tam
636 616 697 649 pro
724 604 913 638 decentibus
932 608 963 636 et
984 603 1037 634 lio·
1058 619 1059 622 κ

298 661 397 694 uestis
423 659 576 704 impensis
599 658 804 698 funebribus,
824 667 920 700 quam
942 656 1037 689 etiam

298 723 357 756 pro
390 712 653 745 remuneratione
690 711 821 744 illorum
858 709 910 753 qui
946 709 1038 742 vobis

297 766 479 799 viventibus
504 764 714 803 serviverint,
742 763 838 796 etiam
864 763 950 795 ultra
974 773 1041 794 ser-

297 819 365 851 vitii
391 818 549 858 meritum,
575 828 611 850 ac
636 817 668 849 in
695 822 877 850 vestrorum
904 824 1041 848 consan—

299 872 490 915 guineorum
516 877 547 904 et
573 871 717 903 affinium
738 868 789 903 et²
810 878 1040 913 quorumcum-

300 936 362 968 que
379 925 524 958 locorum
544 925 670 968 piorum
687 924 826 956 favorem
843 928 873 955 et
887 933 986 961 usum,
1003 933 1040 954 ae

301 975 377 1011 alias
402 989 462 1022 pro
488 978 624 1010 arbitrio
661 983 693 1010 et
724 978 889 1010 voluntate
924 975 1040 1008 vestris

301 1037 333 1065 et
346 1031 517 1065 cuiuslibet
531 1037 671 1064 vestrum
687 1030 855 1069 absolutis,
870 1029 992 1069 testari,
1009 1034 1041 1061 et

302 1090 519 1124 testamento,
547 1084 731 1124 codicillis,
757 1083 1039 1122 fideicommissis,

302 1137 421 1180 legatis
439 1164 446 1177 ,
471 1136 702 1170 donationibus
739 1141 801 1168 tam
837 1136 922 1167 inter
954 1135 1064 1167 vivos.

304 1201 400 1234 quam
423 1193 517 1223 causa
541 1189 662 1229 mortis,
685 1195 715 1221 et
737 1189 808 1221 aliis
835 1189 1043 1232 quibuscum-

304 1255 367 1287 que
401 1243 506 1276 modis
541 1249 572 1276 et
609 1243 732 1281 titulis,
757 1242 915 1285 scriptura
949 1242 1043 1274 etiam

304 1296 412 1328 minus
438 1297 599 1335 solemni,
626 1306 734 1328 coram
762 1296 888 1328 [luobus
914 1296 963 1328 vel
990 1295 1044 1326 tri-

304 1350 363 1382 bus
380 1350 524 1388 testibus,
540 1355 595 1381 aut
612 1350 706 1381 etiam
727 1349 840 1381 cedula
859 1349 926 1381 sola
949 1359 1043 1380 manu

304 1405 408 1434 vestra
433 1401 553 1444 scripta
577 1403 624 1434 vel
650 1402 844 1445 subscripta,
867 1394 897 1434 Et
915 1401 994 1433 alias
1014 1400 1045 1432 in

306 1455 456 1488 omnibus
485 1461 516 1487 et
541 1466 599 1498 per
623 1455 751 1494 omnia,
778 1460 878 1498 prout
909 1465 1046 1497 quomo-

306 1509 429 1541 dolibet
454 1508 542 1541 vobis
565 1509 747 1547 videbitur,
776 1508 870 1541 etiam
910 1508 941 1540 in
975 1508 1045 1551 ipsa

307 1561 393 1594 curia
419 1568 450 1594 et
476 1562 506 1594 in
532 1562 644 1595 mortis
670 1562 816 1601 articulo,
842 1561 937 1594 ctiam
959 1562 1047 1594 nulla

308 1615 388 1647 sacta
420 1615 586 1647 mentione
611 1615 792 1657 praesentis
829 1615 879 1647 vel
911 1614 1046 1647 aliarum

306 1668 397 1701 vobis
431 1679 489 1711 pro
529 1674 675 1711 tempore
710 1678 937 1701 concessarum
962 1667 1048 1700 simi-

308 1721 388 1754 lium
419 1721 612 1760 facultatum,
639 1726 694 1753 aut
723 1721 808 1764 quod
837 1721 868 1753 in
895 1721 955 1753 vim
981 1720 1050 1754 illa-

308 1784 381 1806 rum
407 1773 516 1806 testari
542 1784 597 1805 seu
624 1774 797 1817 disponere
822 1774 926 1806 velitis
951 1780 982 1806 et
1006 1773 1050 1806 in-

311 1826 460 1866 tendatis,
486 1828 584 1858 semel
611 1827 729 1858 iterum
763 1832 817 1858 aut
843 1826 963 1869 pluries
989 1827 1051 1860 dis-

311 1889 446 1922 ponere,
473 1884 611 1911 statuere
638 1884 669 1911 et
685 1880 850 1919 ordinare,
871 1880 950 1912 itaut
967 1881 1050 1923 quic-

313 1931 389 1974 quid
417 1937 588 1971 testatum,
616 1937 741 1973 gestum
767 1937 822 1964 aut
846 1933 1049 1974 ordinatum,

314 1995 368 2018 seu
388 1985 465 2017 alias
488 1985 712 2028 dispositumst
727 1986 817 2018 vobis
836 1987 938 2027 fuerit,
956 1988 1051 2020 etiarn

315 2038 346 2070 in
370 2038 431 2070 vim
458 2039 612 2082 simplicis
638 2039 887 2080 distributionis,
907 2051 943 2073 ac
963 2041 1050 2079 alias,
1072 2059 1074 2083 i

314 2092 401 2124 omni
428 2091 490 2124 alio
517 2092 643 2130 meliori
670 2093 765 2125 modo
790 2094 905 2133 valcat,
933 2095 1050 2126 servari

316 2145 443 2185 debeat,
470 2145 605 2188 ipsaque
634 2151 831 2187 testamenta,
854 2147 1003 2180 codicilla
1022 2153 1053 2180 ct
1073 2162 1075 2193 ᾗ

315 2198 556 2241 dispositioncs,
572 2198 804 2239 ordinationes,
822 2200 927 2242 legata
942 2205 972 2233 ct
991 2206 1052 2233 sta·
1074 2198 1075 2213 ¹

317 2257 382 2284 tuta
397 2252 528 2295 pluries.
541 2263 577 2285 ac
593 2253 687 2286 toties
700 2254 1054 2296 quotiesvobisvidcbi·
1074 2264 1076 2268 ’

316 2310 375 2345 tur,
391 2305 566 2346 moderari,
585 2305 722 2338 limitare
740 2318 775 2339 ac
793 2307 888 2340 etiam
903 2307 935 2339 in
951 2312 1053 2340 totum
1075 2335 1076 2357 ἢ

316 2368 478 2398 revocare,
500 2364 531 2391 et
551 2359 614 2392 alia
632 2360 671 2392 de
691 2371 772 2393 novo
790 2361 932 2393 condere
952 2361 1053 2394 libere
1075 2383 1077 2399 ·,

318 2417 349 2444 et
370 2412 456 2444 licite
481 2413 626 2453 valeatis,
649 2414 839 2447 auctoritate
859 2415 1055 2458 apostolica,

1078 443 1185 475 minus
1207 443 1310 476 valida
1329 442 1492 475 bonorum
1511 448 1542 476 et
1566 453 1681 483 rerum,
1701 454 1737 475 ac
1758 444 1816 474 fru-

1079 502 1196 536 ctuum,
1223 496 1408 529 reddituum
1434 501 1465 529 et
1490 502 1704 539 proventuum
1730 507 1818 540 prae-

1080 550 1240 582 dictorum
1259 549 1483 592 dispositione,
1504 549 1536 582 in
1558 550 1641 582 dicta
1666 551 1753 582 curia
1770 550 1818 583 vel

1082 608 1169 635 extra
1198 614 1276 642 eam,
1300 608 1361 635 tam
1380 603 1535 636 continua
1554 613 1650 646 quam
1677 603 1820 646 interpo-

1082 657 1138 689 lats,
1162 653 1242 688 initi
1274 656 1450 689 cuiuslibet
1475 662 1615 689 vestrum
1642 658 1819 700 respective

1082 719 1264 747 mansione,
1291 719 1326 740 ae
1352 708 1447 740 etiam
1477 714 1564 740 extra
1590 707 1747 741 beneficia
1772 719 1822 741 ve-

1082 766 1159 800 stra,
1184 762 1232 794 vel
1254 762 1317 794 alia
1339 762 1409 794 loca
1434 761 1564 794 debitae
1586 772 1603 794 a
1628 761 1720 794 vobis
1746 762 1821 794 resi-

1083 814 1210 846 dentiae
1236 814 1433 858 personalis,
1458 825 1493 846 ac
1512 815 1608 847 etiam
1634 815 1722 847 nulla
1747 815 1814 847 sub·

1083 867 1208 900 sistenti
1243 870 1356 908 causa,
1384 868 1422 900 ab
1449 867 1600 900 humanis
1631 867 1819 908 decedatis,

1083 921 1191 953 onmia
1217 927 1248 954 et
1271 922 1399 964 singula
1424 921 1519 959 bona,
1547 932 1598 954 res
1624 927 1655 954 et
1681 921 1762 961 iura,
1781 927 1822 954 et-

1061 974 1145 1009 liam
1181 979 1214 1006 ut
1239 975 1424 1017 praefertur
1454 974 1660 1018 qualificata,
1695 986 1822 1008 necnon

1084 1027 1187 1070 spolia
1205 1027 1434 1071 cuiuscumque
1453 1027 1639 1071 quantitatis
1658 1034 1687 1060 et
1706 1029 1823 1061 valoris

1062 1107 1063 1110 ,
1084 1080 1276 1121 existentia,
1303 1081 1398 1114 etiam
1428 1092 1465 1114 ex
1491 1081 1667 1124 praedictis
1692 1087 1723 1114 et
1747 1082 1825 1114 alias

1087 1134 1311 1177 undecumque
1334 1134 1584 1177 p1·ovenicntia¹‚
1604 1135 1642 1167 ad
1660 1135 1825 1167 Cameram

1087 1188 1301 1229 Apostolicam
1321 1198 1376 1220 seu
1396 1188 1427 1219 in
1455 1187 1548 1220 dictis
1567 1188 1734 1220 beneficiis
1759 1198 1826 1220 suc-

1087 1251 1233 1273 cessores
1260 1252 1321 1273 non
1349 1241 1542 1284 pertincant,
1570 1241 1625 1273 scd
1652 1241 1690 1273 ad
1717 1241 1815 1273 haere

1087 1294 1142 1326 des
1168 1294 1262 1326 vestri
1294 1295 1463 1336 sanguinis
1494 1295 1619 1337 integre
1646 1295 1825 1333 deveniant,

1088 1352 1131 1386 et,
1151 1346 1212 1379 illis
1238 1346 1474 1387 deficientibus,
1488 1348 1570 1380 inter
1589 1347 1761 1380 familiares
1779 1358 1828 1380 vc-

1088 1406 1181 1439 stros,
1200 1400 1336 1433 arbitrio
1356 1411 1515 1443 personae
1531 1411 1585 1433 seu
1608 1411 1826 1443 personarum

1088 1465 1166 1497 quas
1179 1454 1217 1486 ad
1233 1454 1263 1486 id
1278 1454 1396 1496 scripto
1413 1454 1666 1493 nominaveritis,
1678 1454 1828 1486 distribu-

1089 1512 1194 1546 antur,
1220 1507 1281 1539 nisi
1297 1507 1335 1539 de
1353 1507 1413 1539 aliti
1433 1507 1646 1550 dispositione
1663 1508 1711 1540 vel
1728 1506 1828 1539 inten-

1091 1560 1177 1593 tione
1191 1562 1296 1592 vestra
1311 1559 1447 1604 scripta*²
1462 1560 1558 1592 etiam
1572 1559 1676 1592 minus
1691 1560 1828 1593 solemni

1091 1624 1182 1646 secus
1208 1619 1401 1656 appareret,
1428 1623 1525 1656 quam
1552 1618 1627 1645 tunc
1651 1613 1739 1645 velut
1764 1612 1830 1644 etti-

1090 1678 1196 1700 caccm
1223 1667 1313 1709 issae
1339 1677 1512 1710 personne,
1539 1667 1587 1699 vel
1613 1666 1667 1699 alii
1694 1666 1830 1705 iudices,

1091 1732 1146 1753 seu
1173 1726 1375 1759 executores,
1398 1720 1530 1753 omnino
1548 1720 1666 1763 exequi
1684 1727 1715 1752 et
1732 1720 1832 1752 adim-

1092 1775 1183 1817 plere
1201 1801 1208 1813 ‚
1235 1773 1350 1817 illique
1377 1784 1410 1806 se
1437 1774 1642 1806 conformare
1669 1773 1699 1805 in
1727 1773 1832 1805 omni-

1093 1839 1149 1861 vus
1175 1834 1204 1860 et
1230 1838 1288 1870 per
1308 1827 1416 1860 omnia
1442 1827 1593 1860 debeant.
1613 1827 1650 1859 Et
1669 1826 1833 1859 nibilomi-

1094 1892 1152 1914 nus
1171 1892 1398 1924 quaecumque
1417 1880 1604 1913 huiusmodi
1625 1885 1830 1919 testamenta,

1071 1962 1073 1973 ‚
1094 1935 1207 1977 legata,
1235 1934 1438 1974 donationes,
1459 1934 1691 1977 dispositiones
1717 1940 1748 1966 et
1772 1933 1834 1965 alia

1096 1991 1202 2021 torsau
1229 2000 1245 2020 a
1271 1988 1383 2028 vobis,
1409 1988 1505 2020 etiam
1532 1988 1619 2020 nulla
1651 1987 1701 2019 vel
1726 1987 1832 2019 minus

1095 2041 1268 2074 sufficienti
1303 2041 1454 2073 facultate
1480 2040 1629 2079 sutl'ultis,
1655 2040 1695 2073 dc
1727 2039 1834 2072 huius-

1096 2095 1181 2127 modi
1208 2095 1315 2135 bonis,
1339 2094 1462 2126 iuribus
1484 2100 1516 2127 et,
1540 2094 1738 2133 actionibus,
1774 2094 1834 2125 fru-

1096 2149 1211 2188 ctibus,
1238 2149 1395 2191 pecuniis,
1422 2148 1595 2188 ioealilms,
1623 2148 1760 2190 aliisque
1786 2158 1834 2180 re-

1096 2203 1154 2233 bus
1180 2201 1386 2244 supradictis,
1414 2201 1508 2234 etiam
1536 2202 1567 2232 in
1596 2202 1735 2233 favorem
1762 2212 1834 2233 con-

1097 2255 1351 2297 sanguineorum
1375 2261 1404 2286 et
1422 2254 1565 2286 affinium
1585 2254 1835 2297 praedictorum,

1097 2314 1126 2340 ct
1152 2309 1230 2341 alias
1256 2309 1503 2351 ‹piomotlolibet
1525 2308 1613 2347 facta,
1641 2318 1711 2339 cum
1737 2305 1837 2339 omui-

1098 2362 1156 2393 bus
1184 2362 1257 2394 iude
1281 2362 1412 2401 secutis,
1435 2372 1469 2394 ac
1493 2361 1588 2394 ctiam
1613 2372 1657 2401 ea,
1681 2371 1758 2404 quae
1780 2369 1837 2402 per

1075 2401 1078 2462 ἒ
1099 2426 1152 2448 ios
1179 2415 1208 2447 in
1233 2416 1372 2447 futurum
1401 2414 1486 2454 sieut,
1506 2426 1541 2447 cx
1569 2425 1661 2453 nunc,
1688 2419 1835 2456 prontcx

318 2466 501 2498 earumdem
529 2472 641 2499 tenore
667 2468 897 2510 praesentium,
926 2470 1055 2511 plenam
1076 2467 1078 2508 ζ
1101 2478 1186 2509 tunc,
1212 2474 1243 2501 et
1263 2480 1279 2501 e
1299 2473 1418 2507 eontra,
1441 2479 1499 2511 pro
1526 2468 1610 2500 dicta
1635 2469 1757 2499 summa
1782 2476 1837 2497 sex

318 2524 352 2558 et
376 2519 513 2552 liberam
538 2521 747 2554 concedimus
774 2523 972 2555 facultatem.

353 2590 367 2616 1
392 2589 460 2616 Edit.
478 2590 555 2617 Mam.
574 2592 635 2625 legit
654 2593 715 2618 inm
732 2601 780 2628 pro
795 2593 880 2619 elsam
897 2594 935 2627 (Β.
954 2595 1003 2629 τ.).

355 2633 372 2662 2
388 2634 485 2662 vocem
505 2639 530 2664 ec
551 2645 599 2664 nos
619 2637 743 2665 addimus
761 2639 802 2674 (n.
820 2639 870 2674 T.).

1100 2523 1237 2554 millium
1265 2523 1454 2554 ducatorum
1477 2521 1693 2564 approbamus
1716 2525 1746 2551 et
1764 2529 1839 2551 con·

1138 2595 1146 2619 l
1173 2592 1241 2619 Edit.
1265 2592 1343 2618 ttaiu.
1367 2592 1430 2625 legit
1449 2591 1648 2626 pervenientia
1669 2596 1705 2621 tn.
1728 2589 1777 2623 T..)

1137 2639 1152 2664 ⁴2
1175 2638 1272 2665 Fet-sau
1292 2642 1398 2672 octuplo
1421 2638 1486 2672 lvgct
1500 2638 1561 2662 lun·
1583 2642 1620 2668 tlt.
1637 2641 1684 2667 T.)-
