2227 3225
159 239 208 266 An.
229 238 258 266 C.
276 238 343 266 ¹093

184 828 305 850 noi-taraus
318 831 340 849 ut

157 856 178 877 in
189 857 281 879 rutum-a.
292 861 339 876 eum

157 884 293 903 revocatione
309 882 339 901 di·

156 914 236 930 etoruin
259 909 340 929 edicto-

156 966 272 989 gestorum.

928 231 1134 256 tNNOCENTws
1160 232 1176 253 X
1183 231 1203 254 11
1228 231 1275 254 Pr.

1755 219 1796 251 55
1806 219 1813 252 l

350 287 455 319 vitatis
486 283 631 319 eiusdem
667 283 768 317 sancti
795 281 953 315 Dominici
989 281 1085 312 fuisse
1130 279 1227 311 nullis
1252 278 1346 311 etiam
1368 278 1486 310 additis
1510 278 1747 311 ecclesiasticae
1768 279 1863 311 iuris-

352 345 385 374 et
409 350 478 372 esse
502 338 633 372 omnino
659 338 756 377 nulla,
780 336 966 378 nulliusque
991 334 1087 367 robo-

350 392 395 425 ris
420 397 452 425 et
476 391 651 431 momenti,
676 401 736 423 nec
767 390 876 432 aliquo
901 387 998 420 modo
1023 396 1087 419 ser-

349 445 462 484 vanda,
480 444 657 488 apostolica
675 442 864 476 auctoritate
890 439 1084 479 deelaravit3

350 501 382 531 et
401 497 491 537 alias,
510 502 605 540 prout
624 496 657 529 in
676 495 777 539 ipsius
795 493 973 527 Innocentii
992 503 1086 536 prae-

351 550 533 584 decessoris
559 551 700 593 desuper
717 549 749 582 in
767 548 865 581 simili
891 548 994 580 forma
1011 547 1085 579 Bre-

349 604 397 638 vis
423 604 474 638 die
499 614 530 637 vl
555 603 698 636 octobris
715 612 839 636 iinctiu
855 600 1013 644 expeditis
1034 600 1085 632 lit-

350 658 437 697 teris,
457 667 590 701 quarum
618 662 764 689 tenorem
785 654 1010 698 praesentibus
1026 663 1085 697 pro

350 720 503 754 expresso
529 709 641 742 haberi
666 709 827 749 volumus,
853 707 984 740 uberius
1009 716 1087 739 con·

351 769 482 796 tinetur.

1129 331 1262 364 dictioni
1293 331 1393 373 magis
1418 331 1596 370 iniuriosis,
1623 331 1811 363 confirmare
1832 337 1864 364 et

1127 385 1279 417 innovare
1315 385 1579 428 praesumpserit,
1604 390 1636 417 ct
1660 385 1739 417 alias
1770 393 1863 428 prout

1127 437 1159 469 in
1185 438 1345 470 ambobus
1370 438 1484 470 edictis
1517 438 1726 478 huiusmodi,
1754 449 1835 480 quae
1853 467 1860 479 ‚

1126 500 1193 523 non
1217 491 1432 534 approbandi,
1456 491 1512 523 sed
1534 491 1662 534 penitus
1677 497 1709 524 ct
1729 492 1862 525 omnino

1128 543 1327 587 reprobandi
1353 544 1471 583 animo,
1497 545 1722 587 praesentibus
1751 545 1861 578 itidem

1128 607 1186 640 pro
1211 598 1309 640 plene
1332 602 1364 630 et
1386 597 1583 630 sufficienter
1608 598 1770 641 expressis
1807 598 1864 630 lia-

1126 651 1195 682 beri
1220 651 1375 690 volumus,
1393 650 1522 694 plenius
1548 650 1664 683 dicitur
1681 651 1861 684 contineri:

1128 703 1205 736 liinc
1230 708 1278 736 est
1301 703 1388 746 quod
1415 714 1486 743 nos,
1509 713 1545 736 ex
1564 704 1673 737 debito
1690 706 1863 747 pastoralis

1128 755 1236 796 officii,
1264 755 1351 799 quod
1378 756 1549 789 humilitati
1577 762 1718 798 nostrae,
1739 758 1864 791 meritis

394 816 409 859 ξ
433 815 465 848 ⁶2.
493 815 569 849 Cum
588 820 704 853 autem,
723 814 807 847 sieut
831 813 869 846 ad
890 813 1087 856 apostolatus
1127 809 1203 842 licet
1227 815 1260 842 et
1283 808 1403 841 viribus
1429 810 1525 851 longe
1551 809 1677 853 impari,
1703 811 1866 843 commisit

350 871 453 903 nostri
484 870 631 903 notitiam
667 879 732 902 non
763 869 832 901 sine
865 877 961 910 grave
987 865 1085 899 animi
1105 879 1108 926 λ
1129 862 1235 895 divina
1261 862 1415 905 dignatio,
1431 862 1690 896 iurisdictionem
1716 864 1855 897 ecclesia

156 937 339 962 rumauorumque
350 923 452 956 nostri
478 923 591 956 dolore
616 921 772 966 pervenit,
793 921 970 954 modernus
995 930 1086 963 prae-

349 981 402 1009 tor
425 976 564 1009 civitatis
583 975 819 1015 Cremonensis,
834 985 899 1007 non
916 974 1011 1007 modo
1028 984 1086 1017 per

349 1040 444 1063 suum
457 1029 610 1069 edictum,
623 1039 739 1072 nuper,
751 1028 904 1062 videlicet
920 1028 971 1061 die
985 1037 1086 1061 xxvul

349 1082 421 1116 iulii
454 1082 599 1126 proxime
624 1082 804 1126 praeteriti,
830 1082 1084 1125 promulgatum,

351 1136 466 1169 iisdem
491 1135 704 1169 circularibus
728 1135 846 1169 litteris
870 1140 1000 1168 senatus
1025 1134 1088 1167 Me-

352 1189 552 1222 diolanensis
567 1216 575 1230 ‚
609 1199 687 1232 quas
713 1194 909 1222 memoratus
932 1188 1089 1221 Innocen-

352 1242 414 1274 tius
439 1242 692 1285 praedecessor,
726 1241 808 1274 sicut
842 1241 1085 1284 praemittitur,

350 1295 454 1327 nullas
479 1294 664 1334 declaravit,
683 1294 886 1338 potissimum
901 1294 1085 1332 inhaerens7

350 1348 470 1381 festum
489 1348 591 1391 ipsius
607 1348 709 1380 sancti
730 1347 887 1380 Dominici
906 1347 938 1379 in
961 1347 1087 1379 civitate

350 1399 557 1434 Cremonensi
590 1401 735 1444 praefata
772 1401 908 1443 eiusque
938 1400 1086 1432 districtu

351 1454 395 1486 ita
420 1454 459 1487 de
483 1459 592 1487 cetero
629 1453 765 1496 singulis
801 1453 895 1486 annis
928 1453 1087 1486 celebrari

351 1507 551 1541 ordinaverit
585 1511 621 1539 ut
652 1511 850 1539 mercatores
881 1511 913 1539 et
952 1506 1089 1539 artifices

352 1570 466 1593 omnes
492 1570 531 1593 eo
557 1559 608 1592 die
633 1559 777 1593 officinas
802 1569 875 1591 suas
900 1559 1024 1592 clausas
1046 1565 1091 1591 te-

349 1623 439 1653 nere,
459 1613 555 1646 ceteri
572 1623 648 1646 vero
667 1612 863 1656 quicumque
881 1623 1013 1655 operum
1031 1623 1090 1655 pu-

351 1666 511 1699 blicorum
544 1665 727 1699 cessatione
759 1666 875 1698 festum
907 1665 1088 1698 huiusmodi

352 1720 469 1752 iisdem
494 1719 592 1752 modo
617 1723 650 1751 et
674 1719 797 1757 forma,
824 1718 942 1761 quibus
966 1719 1091 1761 reliqua

356 1783 392 1806 ex
411 1778 588 1815 praecepto
610 1772 745 1805 colenda
770 1772 849 1805 festa
875 1772 1091 1812 celebrantur,

355 1826 531 1858 observare
556 1824 723 1863 deberent,
741 1835 851 1857 verum
877 1825 972 1858 etiam
997 1836 1091 1868 quas-

356 1880 428 1913 dam
457 1878 595 1911 subinde
629 1888 728 1921 super
759 1877 947 1921 praemissis
980 1877 1090 1911 euriae

307 1937 311 1941 '
356 1931 550 1975 episcopalis
575 1930 802 1964 Cremonensis
837 1931 927 1963 iussu
960 1931 1090 1974 publice

355 1985 466 2018 at'tixas
484 1984 667 2023 schedulas,
687 1983 816 2026 quibus,
834 1994 873 2016 ne
887 1990 1024 2027 propter
1040 1994 1092 2016 ea-

357 2039 429 2071 dem
454 2036 633 2080 praemissa
663 2037 876 2069 conscientias
900 2036 1092 2070 christifide-

356 2091 436 2124 lium
462 2090 622 2132 scrupulis
647 2089 768 2122 irretiri
786 2089 1000 2131 contingeret,
1022 2091 1093 2122 nul-

356 2145 420 2178 lam
444 2143 477 2176 in
501 2143 584 2176 sesto
609 2144 754 2186 praefato
781 2143 894 2175 adesse
920 2143 1092 2185 obligatio-

357 2208 431 2230 nem
464 2196 615 2230 audiendi
653 2196 804 2236 missam,
831 2196 887 2228 sed
925 2195 1002 2229 illud
1033 2207 1091 2239 pro

359 2250 440 2283 sesto
459 2260 496 2282 ex
519 2249 587 2282 sola
612 2248 783 2281 devotione
808 2248 947 2281 colendo
972 2249 1094 2281 haben-

360 2304 435 2337 dum
461 2312 530 2335 esse
554 2302 738 2341 cavebatur,
766 2311 824 2344 per
848 2301 956 2334 curiae
983 2312 1094 2334 saecu-

360 2356 438 2391 laris
463 2355 620 2389 satellites
647 2365 663 2387 e
689 2354 786 2395 locis,
811 2354 865 2387 ubi
891 2353 1001 2387 affixae
1027 2355 1094 2387 sue-

361 2416 443 2450 rant,
457 2409 564 2443 divelli
578 2418 614 2441 ac
630 2409 766 2442 lacerari
785 2408 951 2447 curaverit,
965 2419 1094 2441 necnon
1115 2441 1116 2445 ,

362 2464 504 2507 insuper,
522 2473 580 2506 per
598 2462 686 2496 aliud
708 2461 862 2502 edictum,
876 2462 1094 2505 postmodum,

364 2526 482 2559 nempe
508 2516 560 2549 die
596 2525 632 2548 111
669 2514 795 2557 augusti
828 2514 924 2547 etiam
949 2515 1094 2557 proxime

364 2568 546 2613 praeteriti,
574 2569 682 2601 curiae
707 2568 932 2601 Cremonensis
964 2567 1095 2600 nomine

1128 917 1238 949 sticam
1276 916 1472 959 praedictam
1499 927 1516 949 a
1540 916 1730 960 perniciosis
1756 917 1866 950 liuius-

1128 969 1214 1003 modi
1246 969 1404 1002 laieorum
1441 969 1613 1002 conatibus
1652 970 1797 1003 illaesam
1834 975 1866 1004 et

1129 1023 1285 1055 illibatam
1312 1023 1397 1055 tueri
1423 1028 1455 1055 et
1479 1032 1668 1056 conservare
1687 1023 1865 1067 cupientes,

1129 1086 1165 1108 ae
1189 1075 1357 1109 memorati
1391 1075 1569 1108 limoceutii
1602 1076 1865 1119 praedecessoris

1128 1128 1270 1170 vestigiis
1302 1128 1530 1169 inhaerente&
1562 1139 1691 1161 necnon
1721 1130 1865 1162 omnium

1131 1187 1162 1215 et
1186 1182 1400 1224 singulorum,
1425 1192 1507 1224 quae
1541 1181 1574 1214 in
1596 1182 1783 1225 praemissis
1808 1193 1864 1216 seu

1130 1245 1243 1268 eorum
1267 1235 1440 1268 occasione
1473 1235 1585 1278 quovis
1617 1236 1712 1268 modo
1739 1242 1808 1269 acta
1834 1242 1867 1269 et

1130 1295 1218 1331 gesta
1244 1289 1382 1328 suerunt,
1405 1289 1533 1329 seriem,
1553 1299 1666 1322 causas
1685 1296 1716 1322 et
1733 1290 1866 1323 circum-

1130 1341 1277 1381 stantias,
1302 1342 1403 1374 aliave
1430 1343 1774 1384 quaecumque‚ctiam
1796 1354 1867 1386 spe-

1130 1394 1254 1427 cificam
1294 1400 1326 1426 et
1365 1394 1562 1427 individuam
1598 1397 1796 1429 mentionem
1835 1402 1868 1429 et

1131 1447 1375 1490 expressionem
1400 1447 1613 1490 requirentia,
1640 1449 1867 1491 praesentibus

1131 1501 1280 1534 similiter
1311 1511 1369 1544 pro
1395 1501 1491 1543 plene
1528 1506 1559 1533 et
1584 1502 1784 1534 sufficienter
1816 1513 1867 1535 ex-

1131 1555 1255 1597 pressis
1287 1560 1318 1587 et
1342 1560 1451 1587 exacte
1477 1555 1670 1598 specificatis
1697 1555 1868 1595 habentes,

1132 1608 1171 1641 de
1196 1607 1430 1640 venerabilium
1458 1607 1592 1640 fratrum
1619 1614 1803 1641 nostrorum
1824 1609 1869 1641 di-

1132 1666 1257 1694 ctorum
1293 1660 1324 1693 S.
1364 1660 1401 1692 R.
1440 1660 1474 1692 E.
1514 1661 1727 1694 cardinalium
1753 1661 1868 1694 iisdem

1132 1715 1230 1747 sacris
1268 1713 1382 1745 ritibus
1415 1714 1675 1756 praepositorum
1712 1714 1866 1754 consilio,

1132 1767 1239 1799 edicta
1274 1766 1419 1810 praefata
1454 1777 1471 1798 a
1509 1772 1689 1800 inen'iorato
1719 1772 1868 1810 praetore

1132 1820 1268 1853 civitatis
1294 1819 1523 1853 Cremonensis
1548 1830 1645 1862 super
1665 1820 1870 1853 observantia

1132 1872 1203 1906 sesti
1243 1872 1388 1906 eiusdem
1430 1872 1531 1904 sancti
1571 1872 1729 1904 Dominici
1770 1872 1871 1914 (sicut

1132 1926 1363 1969 praemittitur)
1397 1926 1610 1968 promulgata,
1644 1926 1747 1958 aliave
1773 1936 1870 1969 quae-

1133 1989 1272 2022 cumque
1298 1978 1330 2010 in
1363 1978 1554 2021 praemissis
1585 1989 1641 2011 seu
1674 1989 1785 2011 eorum
1818 1989 1871 2011 oc-

1133 2032 1263 2065 casione
1299 2031 1332 2063 in
1368 2031 1601 2073 praeiudicium
1636 2031 1870 2064 iurisdictionis

1134 2084 1376 2120 ecclesiasticae
1410 2084 1526 2126 quovis
1551 2084 1648 2116 modo
1674 2090 1754 2123 acta,
1782 2090 1872 2126 gesta

1135 2145 1165 2172 et
1189 2138 1348 2176 ordinata,
1385 2146 1456 2168 cum
1494 2136 1644 2169 omnibus
1679 2142 1710 2169 et
1734 2136 1870 2179 singulis

1134 2193 1209 2225 iude
1243 2190 1361 2224 secutis
1395 2195 1426 2222 et
1459 2189 1567 2222 forsan
1597 2189 1870 2232 quandocumque

1134 2245 1302 2285 secuturiS,
1323 2244 1454 2287 penitus
1475 2248 1505 2276 et
1529 2243 1663 2276 omnino
1680 2244 1777 2282 nulla,
1803 2243 1872 2275 ina·

1135 2300 1196 2338 nia,
1222 2297 1376 2337 invalida,
1403 2296 1506 2336 irrita,
1537 2306 1573 2328 ac
1597 2306 1614 2328 a
1639 2305 1705 2328 non
1730 2295 1872 2329 habente

1137 2356 1330 2397 patestatem
1357 2354 1523 2388 attentata,
1548 2353 1581 2381 et
1605 2348 1644 2381 de
1669 2349 1753 2382 sacto
1777 2359 1872 2392 prae-

1137 2411 1277 2449 sumpta,
1303 2404 1489 2447 nulliusque
1522 2402 1655 2436 omnino
1688 2402 1815 2435 roboris
1840 2408 1873 2436 et

1136 2458 1294 2493 momenti
1313 2467 1386 2490 esse
1408 2461 1440 2489 et
1458 2460 1618 2499 perpetuo
1639 2456 1718 2495 sore,
1735 2456 1873 2488 auctori-

1138 2519 1201 2546 tate
1216 2512 1358 2555 praefata
1372 2516 1483 2542 tenore
1497 2509 1718 2552 praesentium
1735 2509 1873 2542 declara-

1138 2577 1219 2599 mus.
1239 2564 1513 2601 Etniliilominus‚
1533 2563 1570 2594 ad
1591 2562 1746 2594 maiorem
1771 2567 1873 2594 caute-

364 2622 575 2669 publicatum,
599 2621 801 2665 praecedens
834 2621 983 2661 edictum,
1010 2631 1093 2654 non·
1117 2642 1119 2657 ,
1139 2620 1212 2658 lam,
1231 2624 1262 2651 et
1283 2623 1442 2661 quatenus
1461 2626 1542 2659 opus
1568 2615 1619 2654 sit,
1645 2615 1699 2647 illa
1717 2615 1824 2647 omnia
1842 2620 1875 2653 et

1865 229 1914 254 An.
1932 227 1961 254 C.
1986 228 2051 254 1593
