2227 3225
112 273 160 297 An.
176 270 204 297 C.
228 270 290 297 1691

151 969 210 988 ἵνα
227 968 259 988 lK⁴

155 1003 164 1015 ιι

183 1000 290 1013 »κς-μω.

108 1022 169 1042 nimi<
188 1022 290 1042 {tatwinus

109 1049 228 1073 cett-risque
254 1048 289 1067 lio*

109 1081 139 1094 nis
171 1075 280 1100 tempu-ali

886 262 1097 288 lNNOOENthS
1125 262 1167 286 ,vlt
1193 262 1240 285 [³1³.

303 318 410 351 nullus
436 316 599 361 praelatus
623 314 707 348 ultra
724 318 790 347 tres
813 312 882 346 dies
898 312 1038 356 patiatur

303 371 334 403 in
360 381 419 404 suo
444 374 602 403 conventu
628 378 777 408 manere,
808 372 839 400 et
869 372 1038 410 potissime

303 423 384 456 intra
411 423 559 463 claustra,
578 421 639 455 sub
658 423 764 466 poena
781 419 970 465 privationis
995 418 1040 451 os-

303 475 389 516 t‘icii;
429 475 528 509 frater
552 486 627 509 vero
660 475 713 519 qui
750 474 932 518 praedictos
957 474 1039 507 clam

302 533 355 561 aut
373 528 619 572 quomodolibet
635 524 814 567 retinuerit,
832 537 956 570 poenae
976 537 1041 569 gra-

301 582 347 614 vis
372 583 485 626 culpae
510 581 688 622 subiaceat,
711 586 743 615 et
767 580 1038 614 conventualitate

302 635 458 678 privetur.

346 699 402 723 vu.
430 689 463 722 ln
489 689 551 722 line
578 689 705 722 taudem
732 688 920 727 statuimus,
949 692 979 719 ut
1008 688 1038 719 in

302 752 506 786 quacumque
529 743 622 775 domo
648 743 748 775 cellae
775 747 806 774 et
831 752 977 774 camerae
1003 741 1040 774 il-

302 796 362 829 lius
387 796 432 829 sio
458 795 611 829 fratribus
637 807 653 828 a
677 796 822 839 praelato
848 795 1040 828 distribuan—

302 854 362 890 tur,
381 852 414 882 ut
432 859 564 893 semper
580 850 722 892 potiores
742 848 943 892 dignioribus
964 859 1040 881 con-

303 902 461 936 serantur.

346 965 367 988 1.
395 955 630 994 Possessiones,
657 955 812 996 redditus,
834 960 864 988 et
887 965 939 988 eas
957 965 1039 998 quae

302 1008 467 1050 pertinent
499 1009 538 1041 ad
576 1019 745 1042 commune
782 1009 958 1052 proprium,
989 1010 1038 1042 vel

302 1066 437 1104 tangunt
462 1062 675 1105 possessionis
701 1063 838 1105 titulum,
864 1064 959 1096 liccat
984 1062 1040 1095 Or-

303 1115 369 1147 dini
401 1121 512 1148 nostro
544 1121 655 1148 tenere
682 1120 713 1149 et
737 1116 919 1159 possidere.
948 1116 1037 1150 [inde

303 1167 460 1206 universis
485 1168 801 1201 commendatoribus
827 1169 948 1201 nostris
974 1169 1040 1202 lici-

304 1224 368 1253 tum
393 1220 454 1253 erit
479 1220 516 1253 de
538 1221 672 1254 consilio
689 1232 822 1254 suorum
847 1228 1040 1255 conventua-

304 1273 381 1305 lium
405 1273 572 1317 praedicta
596 1273 682 1307 bona
705 1280 885 1318 acceptare,
919 1281 953 1308 ut
985 1276 1041 1309 lia-

302 1325 440 1358 beantur
464 1332 495 1359 et
518 1326 708 1370 possideant
732 1327 765 1360 in
790 1329 964 1369 communi,
988 1340 1039 1362 se·

301 1379 390 1411 clusa
410 1380 497 1412 omni
522 1380 725 1423 proprietate
750 1381 986 1424 singularium:
1013 1383 1038 1415 si

301 1441 364 1474 qua
389 1442 465 1465 vero
490 1437 665 1465 conventus
700 1432 785 1466 bona
815 1435 982 1477 possideat
1006 1435 1037 1468 in

301 1494 442 1517 annuum
456 1490 688 1528 perpetuumve
703 1497 832 1519 censum
851 1488 1038 1531 redigenda,

301 1537 368 1571 sive
394 1538 455 1571 iam
481 1539 695 1572 extinctorum
721 1550 875 1573 censuum
900 1542 964 1574 sint
992 1553 1040 1575 ca-

302 1591 387 1634 pita,
414 1592 478 1625 sive
503 1592 642 1636 pecunia
668 1603 705 1626 ex
731 1593 954 1628 haereditario
987 1601 1040 1628 aut

302 1644 365 1677 alio
391 1645 504 1688 quovis
529 1645 600 1679 iure
626 1647 838 1690 proveniens,
865 1648 930 1681 sive
960 1660 1042 1692 quo-

302 1708 441 1742 cumque
466 1699 560 1732 titulo
587 1706 718 1743 accepta
741 1702 791 1734 vel
817 1701 935 1735 donata
967 1713 1041 1735 con-

302 1752 424 1791 ventui,
449 1752 479 1785 id
506 1763 711 1796 nequaqnam
736 1754 843 1787 facere
868 1756 972 1798 possit
996 1767 1042 1789 so-

303 1805 351 1836 lus
368 1806 616 1838 commendator
632 1813 686 1839 aut
702 1814 893 1850 procurator
911 1809 1039 1851 aliquis,

305 1857 362 1890 sed
399 1864 575 1891 conventus
601 1859 784 1900 dumtaxat,
811 1861 861 1893 0111
887 1861 1041 1904 privative

305 1911 469 1954 competit,
507 1916 669 1954 tamquam
696 1912 856 1945 dictorum
883 1914 1042 1946 bonorum

306 1963 451 1996 domino.
478 1964 525 1996 Ad
561 1964 623 1997 1100
649 1971 755 1998 autem
782 1965 876 1999 debet
907 1977 1044 2009 congre-

306 2016 374 2059 gari
401 2017 588 2060 capitulum,
609 2028 645 2050 ac
670 2018 709 2051 de
730 2029 893 2051 consensu
914 2020 1044 2053 maioris

307 2069 407 2112 partis
440 2080 490 2102 res
526 2070 586 2103 ista
621 2070 772 2112 decerni,
808 2071 1044 2105 interveniente

309 2129 414 2156 tamen
434 2124 565 2157 licentia
581 2125 788 2167 provincialis
810 2125 841 2158 in
860 2126 988 2169 scriptis
1007 2128 1045 2159 al)

309 2178 382 2219 ipso
408 2184 565 2210 conventu
592 2178 815 2220 capitulariter
839 2179 960 2221 petita,
988 2180 1047 2212 (lis-

309 2232 469 2273 cussaque
487 2230 628 2263 fideliter
649 2231 822 2263 securitate
849 2237 879 2263 et
904 2232 1047 2264 bonitate

311 2283 524 2326 hypothecae,
550 2289 581 2316 et
617 2284 704 2326 quod
740 2284 811 2317 aliis
843 2285 992 2318 censibus
1019 2291 1050 2318 ct

312 2336 531 2368 contractibus
557 2347 621 2369 non
647 2342 795 2369 teneatur
820 2337 984 2370 adstricta.

356 2399 391 2422 11.
418 2389 521 2432 Super
546 2390 597 2422 his
621 2400 699 2432 crgo
718 2390 812 2422 bonis
834 2396 864 2422 et
887 2391 957 2422 aliis
983 2390 1051 2433 qui-

313 2441 512 2485 buscumque
537 2442 706 2475 statuimus
732 2448 764 2475 et
788 2443 987 2483 ordinamus,
1019 2449 1053 2475 ut

316 2500 377 2526 tam
395 2495 557 2536 generalis
576 2495 731 2537 magister
748 2495 780 2527 in
798 2495 930 2532 Ordine,
959 2506 1052 2538 quam

317 2547 523 2591 provincialis
548 2554 578 2581 et
604 2549 885 2581 commendatores
923 2549 954 2580 in
989 2549 1054 2580 suis

317 2601 496 2644 respective
522 2602 735 2635 conventibus
756 2608 788 2635 et
808 2602 982 2644 pt‘oiinciis
1010 2602 1055 2634 di-

317 2655 459 2698 ligenter
491 2655 657 2699 requirant
693 2661 748 2688 aut
781 2654 904 2698 requiri
940 2655 1056 2687 sai-“iant

1080 311 1255 353 scripturas
1273 320 1398 351 omnes,
1414 316 1443 343 et
1459 311 1586 353 publica
1606 312 1817 345 instrumenta

1080 365 1335 407 possessionum,
1362 365 1558 405 reddituum,
1586 366 1816 409 legitimarum,

1081 418 1242 450 actionum
1262 425 1294 450 et
1313 429 1589 461 quorumcumque
1607 419 1743 453 aliorum
1764 422 1819 454 bo-

1082 481 1196 504 norum
1221 472 1258 505 ad
1278 471 1430 505 Ordinem
1456 478 1615 513 nostrum,
1637 474 1818 517 provincias

1083 530 1115 557 et
1138 525 1251 558 domos
1277 525 1347 558 eius
1380 527 1623 569 quomodolibet
1655 528 1819 571 pertinen-

1082 578 1171 618 tium,
1198 585 1232 611 ut
1258 579 1312 612 illa
1336 578 1369 612 in
1395 580 1555 613 communi
1582 580 1733 624 deposito
1758 593 1818 615 or-

1083 631 1157 663 dine
1183 631 1293 665 debito
1310 637 1342 665 et
1358 638 1503 666 accurate
1528 633 1759 677 custodiantur,
1777 636 1819 669 ita

1081 694 1170 725 sane,
1198 690 1231 717 ut
1268 685 1358 718 facile
1395 685 1629 728 dignoscantur
1661 688 1818 732 rescripta

1081 738 1187 770 omnia
1209 743 1240 771 et
1264 738 1394 781 publica
1418 737 1632 772 instrumenta
1658 740 1816 775 bonorum

1081 791 1223 824 onmium
1249 791 1499 835 Iu‘aedietorum,
1519 798 1550 826 et
1573 793 1638 826 sint
1661 793 1693 826 111
1711 805 1819 837 prom-

1081 850 1138 888 ptu
1165 844 1292 887 quotics
1318 855 1452 878 necesse
1479 845 1581 879 suerit.

1126 908 1172 932 111.
1192 899 1516 933 Commendatoribus
1533 906 1638 934 autem
1658 902 1818 945 praecipi-

1082 963 1165 992 mus,
1183 953 1242 986 sub
1256 954 1363 995 poena
1383 953 1573 996 privationis
1595 954 1701 996 offleii,
1717 957 1814 998 quod,

1081 1005 1209 1048 quoties
1235 1005 1350 1049 aliquis
1375 1016 1491 1039 census
1517 1012 1548 1040 et
1566 1007 1750 1051 hypotheca
1767 1020 1817 1041 cu-

1081 1059 1271 1102 iuseumque
1309 1059 1528 1102 possessionis
1568 1069 1745 1095 conventus
1784 1063 1816 1095 in

1081 1122 1199 1144 novum
1237 1122 1456 1154 possessorem
1490 1118 1654 1155 transeat,
1690 1116 1729 1148 de
1756 1116 1817 1148 1100

1081 1175 1211 1208 semper
1234 1165 1423 1197 memoriam
1443 1166 1558 1198 saciant
1581 1166 1614 1200 in
1639 1168 1723 1201 libro
1748 1179 1818 1212 spe—

1081 1217 1153 1250 ciali
1178 1218 1341 1261 expressis
1359 1218 1546 1252 nominibus
1567 1221 1755 1261 ementium,
1776 1227 1818 1253 at-

1082 1281 1145 1314 que
1171 1272 1267 1304 etiam
1300 1271 1428 1304 illorum
1465 1271 1520 1314 qui
1554 1273 1682 1306 noviter
1715 1280 1746 1307 et
1777 1276 1816 1308 de

1082 1325 1165 1357 sacto
1190 1324 1360 1367 possident
1385 1330 1495 1365 terras,
1517 1326 1642 1367 (1011103,
1669 1335 1724 1361 aut
1748 1329 1819 1362 hae-

1081 1377 1234 1410 reditates
1264 1377 1439 1418 liminares,
1475 1379 1589 1421 quibus
1621 1381 1815 1424 hypotheca,

1082 1431 1275 1470 haereditas,
1297 1431 1469 1472 censualis,
1485 1437 1540 1464 aut
1557 1434 1716 1475 possessio
1742 1446 1818 1468 con-

1082 1489 1196 1517 ventus
1220 1483 1387 1526 adhaeret,
1411 1484 1493 1516 itaut
1524 1486 1674 1528 probatio
1701 1487 1818 1521 identi-

1082 1537 1155 1570 tatis
1181 1548 1293 1570 eorum
1310 1547 1472 1581 nunquam
1491 1539 1600 1581 perire
1618 1541 1731 1581 valeat,
1759 1552 1819 1575 nec

1082 1590 1247 1623 oblivione
1273 1590 1386 1631 deleri,
1417 1591 1473 1623 sed
1506 1597 1606 1625 tractu
1637 1595 1819 1627 successivo

1082 1655 1237 1677 novorum
1265 1644 1471 1677 dominorum
1495 1655 1624 1688 semper
1642 1647 1821 1689 diligentis-

1082 1696 1301 1731 51111011011110ί
1320 1697 1406 1730 omni
1426 1704 1573 1741 tempore
1591 1700 1748 1734 dominioQ
1764 1701 1821 1734 Or*

1084 1751 1167 1784 dinis
1180 1756 1300 1794 pateat.
1314 1749 1403 1788 Quod
1417 1751 1553 1794 insuper
1565 1758 1600 1785 ut
1614 1754 1743 1787 aliunde
1757 1766 1820 1787 non

1084 1809 1220 1848 pereat,
1249 1804 1308 1837 sub
1333 1804 1487 1847 praefatis
1513 1806 1625 1848 poenis
1654 1807 1822 1841 eiusdem³

1084 1857 1402 1890 commendatoribus
1416 1857 1649 1899 constituimus,
1661 1864 1695 1891 ut
1709 1871 1821 1893 omnes

1086 1911 1233 1943 dominos
1258 1910 1498 1953 praedictorum
1520 1922 1684 1952 censuum,
1708 1913 1824 1946 haere»

1086 1964 1228 2002 ditatum,
1256 1963 1458 2006 aliorumque
1477 1963 1637 1997 bonorum
1664 1965 1825 2003 0001011ῑίἢ

1087 2018 1145 2048 lius
1171 2016 1439 2059 respondentium
1457 2016 1488 2049 in
1507 2022 1575 2050 toto
1596 2028 1653 2051 suo
1683 2018 1824 2052 triennio

1087 2075 1140 2102 aut
1171 2069 1266 2102 etiam
1298 2069 1330 2101 in
1355 2070 1621 2103 antecedentibus
1658 2071 1824 2104 invocatos

1089 2122 1229 2165 obliget⁴
1253 2127 1287 2154 ut
1307 2133 1387 2155 novo
1405 2121 1619 2156 instrumento
1640 2124 1775 2157 juridico
1792 2135 1824 2157 se

1089 2177 1175 2219 ipsos
1193 2175 1357 2208 debitores
1373 2176 1584 2209 conventibus
1606 2177 1779 2210 fateantur.

1134 2239 1178 2262 lv.
1205 2228 1360 2261 Similiter
1384 2229 1493 2261 omnia
1518 2229 1627 2262 debita
1646 2235 1707 2263 tam
1725 2230 1826 2263 activa

1090 2292 1184 2325 quam
1209 2282 1336 2324 passiva
1352 2282 1474 2314 debent.
1493 2283 1775 2316 commendatores
1795 2284 1827 2316 in

1092 2336 1174 2367 libro
1200 2334 1332 2377 speciali
1369 2335 1596 2376 conscribere,
1622 2341 1657 2368 ut
1683 2336 1826 2368 omnium

1093 2388 1221 2420 illorum
1248 2388 1378 2420 nemina
1403 2389 1487 2420 ulla⁵
1512 2389 1677 2422 oblivione
1696 2389 1828 2422 delean-

1132 2487 1139 2510 t
1165 2485 1265 2510 Deesse
1287 2483 1390 2510 videtur
1408 2485 1526 2511 nomine
1544 2485 1584 2515 (n.
1605 2491 1620 2510 ‘r
1635 2485 1653 2515 ).

1130 2530 1145 2554 ⁴2
1169 2530 1280 2554 X'nletur
1300 2528 1443 2562 legendum
1466 2529 1625 2555 domanium
1645 2530 1683 2560 (nr
1701 2530 1750 2560 T.).

1132 2576 1146 2599 3
1169 2574 1274 2599 tidelm·
1296 2573 1440 2606 legendum
1461 2574 1567 2599 eisdem
1586 2578 1624 2606 (R.
1640 2574 1688 2608 T.).

1133 2618 1147 2643 4
1170 2617 1259 2643 l’otius
1279 2617 1336 2650 lege
1356 2617 1482 2650 obligent
1502 2623 1541 2648 tlt.
1557 2616 1606 2651 T.).

1133 2662 1148 2687 ἶ)
1170 2661 1258 2688 Potius
1279 2661 1336 2695 leg-²
1358 2662 1437 2686 incliti
1457 2664 1498 2695 (R.
1515 2661 1563 2695 T.).

1721 253 1785 286 5380
1835 264 1881 288 Λιι,
1905 262 1932 288 c.
1959 263 2009 289 1119
