2254 3225
223 223 270 252 An.
289 224 317 250 c.
338 224 402 250 ¹692
449 215 511 247 602

230 2293 340 2316 Dorocatio
352 2299 389 2313 ton

214 2323 335 2341 ἰΓΙΗυΥΏΙῙΙ.

416 279 469 306 aut
493 273 650 307 nullitatis
675 274 764 314 vitio,
792 281 847 306 seu
881 272 1074 306 intentionis
1095 283 1153 306 no-

416 331 500 361 strae
535 327 585 359 vel
610 326 768 360 interesse
794 325 985 358 habentium
1015 331 1152 358 consen-

416 381 470 412 sus
495 380 596 412 aliove
622 379 768 423 quolibet
792 379 887 412 etiarn
910 378 1060 417 maximo,
1078 378 1152 410 suh-

416 433 578 473 stantiali‚
602 432 769 465 essentiali
794 438 825 464 et
850 431 976 464 formali
1012 435 1067 463 aut
1104 430 1152 462 in-

415 486 557 528 cogitato
583 485 708 518 defectu
734 485 859 524 notari,
883 484 1078 527 impugnari,
1105 483 1153 515 in-

415 539 523 581 fringi,
548 537 725 576 invalidari,
751 536 929 577 retractari,
947 536 1098 575 rescindi,
1119 535 1152 567 in

416 591 670 625 controversiam
711 590 875 628 revocari,
918 589 956 621 ad
994 589 1151 621 terminos

415 645 494 678 iuris
518 643 644 683 reduci,
672 653 727 675 sen
753 642 904 674 adversus
940 641 1011 674 illas
1047 641 1153 684 aperi-

415 696 512 730 tionis
537 696 611 735 oris,
638 694 853 728 restitutionis
889 694 922 726 in
962 695 1125 737 integrum
1144 721 1151 735 ,

416 750 542 782 aliudve
561 748 789 791 quodcumque
814 747 904 787 iuris,
923 747 995 780 sacti
1015 748 1064 780 vel
1082 758 1152 790 gra-

416 803 477 834 tiae
502 801 681 834 remedium
715 800 869 834 intentari
895 801 946 833 vel
972 800 1152 843 impetrari,

414 865 470 888 seu
495 855 590 887 etiam
615 860 717 893 motu,
745 854 878 887 scientia
916 859 947 887 et
982 854 1152 898 potestatis

414 908 618 951 plenitudine
637 907 768 949 paribus
791 918 948 940 concesso
968 907 1152 950 quempiam

415 961 448 993 in
488 960 609 993 iudicio
640 961 691 993 vel
718 965 809 992 extra
838 960 918 993 illud
944 960 989 992 uti
1032 971 1090 993 seu
1120 971 1153 993 sc

414 1014 524 1046 iuvare
555 1014 741 1046 nullatenus
777 1024 892 1056 posse,
930 1013 988 1045 sed
1025 1013 1152 1046 easdem

413 1072 604 1108 praesentes
637 1066 762 1098 litteras
798 1071 827 1098 et
853 1066 886 1098 in
922 1066 968 1098 eis
1000 1071 1153 1098 contenta

415 1129 641 1162 quaecumque
668 1129 797 1162 semper
821 1124 852 1151 et
876 1124 1034 1162 perpetuo
1052 1118 1150 1159 firma,

413 1172 518 1204 valida
543 1177 575 1204 et
600 1171 738 1204 efficacia
765 1171 902 1204 existere
920 1177 951 1204 et
969 1172 1047 1211 fore,
1067 1183 1154 1205 suos-

415 1235 476 1267 que
500 1225 665 1268 plenarios
695 1230 726 1257 et
750 1225 893 1267 integros
919 1223 1051 1258 etl'ectus
1083 1236 1153 1258 sor-

415 1277 468 1309 tiri
495 1282 527 1309 et
545 1277 695 1310 obtinere
721 1277 854 1317 debere,
879 1282 910 1310 et
935 1278 973 1310 al)
991 1277 1150 1318 omnibus,

414 1330 453 1362 ad
480 1340 560 1372 quos
594 1334 718 1372 spectat
743 1335 773 1362 et
798 1340 856 1372 pro
882 1335 1028 1373 tempore
1055 1341 1153 1373 quan-

414 1383 594 1425 documque
610 1388 640 1415 et
654 1384 962 1426 quomodocumque
981 1384 1149 1426 spectabit,

414 1435 646 1468 inviolabiliter
685 1441 715 1468 et
747 1436 937 1468 inconcusse
975 1437 1149 1477 observari,

414 1489 533 1531 sicque,
561 1494 592 1521 et
618 1499 681 1520 non
707 1488 817 1529 aliter,
845 1499 906 1531 per
927 1500 1150 1532 quoscumque

414 1541 538 1573 indices
570 1541 754 1573 ordinarios
779 1547 810 1574 et
843 1542 1023 1583 delegatos
1054 1542 1150 1575 etiam

413 1605 580 1626 causarum
617 1595 727 1637 palatii
763 1595 935 1637 apostolici
965 1595 1147 1637 auditores,

413 1652 446 1680 et
470 1657 695 1690 quoscumque
732 1648 871 1680 nuncios
897 1653 928 1680 et
953 1649 1148 1689 cardinales,

414 1700 510 1732 etiam
537 1701 576 1732 de
602 1701 704 1733 latere
730 1702 874 1743 legatos,
905 1712 1031 1733 necnon
1059 1713 1150 1744 quas-

413 1763 550 1796 cumque
565 1754 756 1786 eorumdem
775 1754 987 1786 cardinalium
1015 1754 1150 1797 Congre-
1169 1785 1171 1795 Α

412 1807 578 1848 gationes,
605 1811 635 1839 et
660 1807 788 1849 quosvis
815 1807 896 1840 alios
923 1808 1068 1850 qualibet
1094 1799 1171 1840 aii-3

412 1860 558 1892 ctoritate
577 1886 584 1899 ,
626 1860 882 1903 praeeminentia
918 1866 949 1893 et
989 1867 1148 1904 potestate

412 1913 581 1954 fungentes
611 1919 642 1945 et
670 1913 938 1956 quandocumque
966 1914 1146 1955 sunctmos,

411 1966 537 1998 sublata
563 1965 608 1998 eis
631 1971 662 1998 et
683 1976 792 1998 eorum
811 1966 943 1999 cuilibet
960 1967 1072 2010 quavis
1092 1968 1148 2000 ali-

411 2024 460 2051 ter
484 2018 647 2051 iudicandi
670 2024 700 2051 et
726 2019 959 2062 interpretandi
985 2020 1146 2060 facultate,

410 2071 545 2104 iudicari
572 2076 603 2104 et
628 2071 753 2104 definiri
776 2073 905 2112 debere,
923 2073 1048 2105 irritum
1070 2084 1148 2116 quo-

410 2135 472 2168 que
500 2130 531 2157 et
556 2125 652 2157 inane
678 2125 835 2168 quidquid
860 2136 952 2158 secus
980 2137 1080 2169 super
1097 2127 1147 2159 his

411 2189 428 2210 a
453 2188 627 2220 quoquam,
652 2178 762 2220 quavis
780 2178 987 2218 auctoritate,
1007 2179 1149 2213 scienter

410 2231 460 2263 vel
485 2230 690 2272 ignoranter,
715 2231 887 2272 contigerit
916 2233 1079 2265 attentari.

454 2284 468 2327 ἓ
494 2283 547 2316 48.
563 2283 630 2316 Non
650 2283 852 2316 obstantibus
870 2285 1019 2318 omnibus
1038 2291 1068 2318 et
1088 2286 1149 2319 sin-

411 2338 493 2380 gulis
517 2337 725 2381 praemissis,
751 2343 964 2381 et,quatenus
989 2349 1070 2382 opus
1096 2340 1145 2380 sit,
1167 2345 1169 2382 ζ

410 2390 530 2424 nostris
556 2395 588 2422 et
613 2390 830 2423 Cancellariae
856 2392 1063 2434 Apostolicae
1089 2403 1143 2425 re-

410 2443 505 2486 gulis,
530 2448 560 2475 et
585 2443 751 2484 signanter
776 2443 831 2475 illa
852 2444 890 2476 de
916 2444 984 2476 iure
1000 2445 1145 2487 quaesito

408 2507 475 2529 non
503 2496 657 2534 tollendo,
684 2501 715 2527 et
731 2496 792 2528 alia
809 2496 896 2537 quod
915 2497 1093 2529 cardinales
1111 2497 1144 2529 in

411 2549 697 2581 constitutionibus
713 2554 744 2580 et
762 2548 882 2590 regulis
897 2560 956 2591 per
976 2560 1034 2581 nos
1052 2550 1145 2582 eden-

409 2603 457 2635 dis
484 2612 547 2633 non
572 2601 890 2645 coiuprchendantur
906 2601 966 2634 nisi
995 2602 1069 2636 illae
1091 2613 1144 2637 eo-

992 223 1171 247 BUthAl'llllt'd
1195 223 1212 246 Π
1219 222 1349 247 ΟᾺΙΑΧῙἭ

1195 272 1340 305 rumdem
1377 271 1588 304 cardinalium
1620 271 1759 305 favorem
1797 280 1929 304 concer-

1194 332 1273 359 nant
1299 327 1349 359 vel
1382 326 1472 369 ipsae
1498 326 1642 358 edendae
1682 324 1927 358 constitutiones

1195 379 1233 411 de
1269 379 1398 412 illorum
1430 389 1485 412 seu
1521 378 1652 411 maioris
1688 377 1788 422 partis
1815 387 1928 410 eorum

1195 431 1330 464 consilio
1357 431 1462 464 editae
1488 431 1618 471 suerint,
1642 431 1776 474 aliisque
1801 430 1929 474 quibus-

1195 494 1343 526 cumque,
1365 483 1459 516 etiam
1485 483 1516 515 in
1543 483 1769 525 generalibus,
1795 482 1928 526 provin-

1195 535 1331 568 cialibus
1358 541 1389 568 et
1413 536 1623 578 synodalibus
1648 535 1794 568 conciliis
1821 535 1928 575 editis,

1195 588 1403 629 generalibus
1429 589 1478 621 vel
1505 588 1929 631 specialibus,constitutio-

1195 640 1289 673 nibus
1315 646 1347 673 et
1370 641 1640 681 ordinationibus,
1667 642 1762 674 etiam
1781 640 1931 685 apostoli·

1195 693 1248 733 cis,
1274 704 1403 726 necnon
1429 705 1705 738 quorumcumque
1731 700 1763 727 et
1786 694 1931 735 singulo-

1195 756 1264 778 rum
1289 746 1445 779 Ordinum
1472 747 1687 790 regularium,
1712 747 1927 790 religionum,

1195 800 1484 842 congregationum
1511 811 1568 833 seu
1589 801 1858 834 reformationum
1882 800 1930 833 in-

1196 853 1323 893 stitutis,
1350 854 1486 896 regulis,
1513 854 1652 894 statutis,
1672 854 1812 887 decretis
1833 859 1864 887 et
1882 864 1932 887 or-

1196 905 1417 938 dInationibus
1443 906 1710 950 quibuscumque,
1731 907 1827 940 etiam
1845 907 1876 939 in
1895 907 1932 940 li-

1196 960 1281 991 mine
1308 959 1501 999 erectionis,
1526 960 1725 993 fundationis
1750 971 1804 993 seu
1831 961 1932 993 resor-

1196 1012 1359 1052 mationis‚
1388 1012 1483 1045 etiam
1510 1012 1542 1044 in
1567 1013 1706 1046 comitiis
1724 1014 1931 1056 generalibus

1197 1066 1427 1109 quoquomodo
1454 1066 1555 1106 factis,
1582 1077 1618 1099 ac
1641 1067 1763 1107 usibus,
1790 1068 1880 1111 stylis
1901 1073 1933 1101 et

1196 1119 1486 1152 consuetudinibus
1521 1119 1795 1163 quibuscumque,
1835 1121 1931 1153 etiam

1196 1172 1392 1205 centenariis
1418 1177 1450 1204 et
1474 1172 1807 1214 immemorabssibus,
1834 1174 1932 1216 privi-

1197 1225 1288 1266 legiis
1314 1235 1443 1268 quoqne
1481 1230 1513 1258 et
1537 1225 1671 1258 indultis
1696 1237 1731 1259 ac
1755 1227 1875 1260 litteris
1901 1239 1932 1260 a·

1195 1278 1362 1320 postolicis
1388 1278 1654 1322 quibuscumque,
1681 1280 1739 1312 sub
1766 1281 1930 1323 quibusvis

1197 1331 1363 1363 tenoribus
1389 1336 1421 1363 et
1447 1331 1567 1369 formis,
1595 1338 1626 1364 et
1643 1343 1714 1365 cum
1730 1334 1934 1376 quibuscum-

1195 1394 1256 1426 que
1282 1383 1375 1415 etiam
1398 1384 1680 1426 derogatoriarum
1699 1386 1929 1428 derogatoriis,

1195 1437 1330 1478 aliisque
1356 1437 1609 1478 efficacioribus,
1637 1439 1866 1471 efficacissimis
1900 1445 1932 1472 ct

1195 1488 1329 1521 insolitis
1347 1489 1513 1527 clausulis,
1534 1500 1570 1522 ac
1591 1490 1791 1523 irritantibus
1812 1497 1843 1524 et
1861 1492 1931 1524 aliis

1194 1540 1343 1581 decretis,
1369 1541 1401 1573 in
1422 1552 1541 1582 genere
1567 1544 1616 1575 vel
1638 1543 1670 1575 in
1690 1544 1811 1586 specie,
1832 1545 1928 1577 etiam

1194 1598 1293 1633 motu,
1319 1594 1455 1627 scientia
1480 1599 1510 1627 et
1535 1596 1706 1638 potestatis
1725 1597 1929 1639 plenitudine

1193 1646 1363 1686 similibus,
1378 1647 1474 1679 etiam
1496 1648 1775 1690 consistorialiter,
1797 1661 1833 1682 ac
1850 1651 1928 1683 alias

1193 1699 1440 1742 quomodolibet
1464 1700 1495 1731 in
1522 1701 1717 1733 contrarium
1737 1703 1930 1744 praemisso-

1194 1762 1263 1784 rum
1290 1752 1461 1792 concessis,
1488 1753 1591 1793 editis,
1617 1753 1816 1787 confirmatis
1832 1761 1861 1787 et
1879 1766 1930 1799 ap-

1193 1805 1350 1848 probatis,
1377 1816 1413 1838 ac
1446 1806 1570 1848 pluries
1606 1812 1635 1839 et
1661 1810 1928 1852 quantiscumque

1193 1858 1315 1891 vicibus
1347 1859 1528 1899 innovatis;
1563 1860 1680 1903 quibus
1718 1862 1867 1894 omnibus
1897 1867 1929 1895 et

1192 1912 1338 1954 singuiis,
1365 1912 1489 1944 etiamsi
1516 1923 1574 1955 pro
1599 1913 1730 1946 illorum
1756 1915 1927 1948 sufficienti

1193 1965 1404 2007 derogatione
1431 1966 1469 1998 de
1495 1966 1559 1998 illis
1584 1977 1760 2011 corumque
1786 1968 1861 2000 totis
1883 1974 1928 2002 te-

1192 2019 1326 2051 noribus
1351 2019 1522 2062 specialis,
1548 2020 1719 2062 specifica,
1758 2031 1924 2064 expressa,

1191 2072 1364 2109 individua,
1387 2083 1423 2104 ac
1449 2072 1487 2104 de
1508 2074 1606 2105 verbo
1631 2074 1671 2106 ad
1695 2073 1838 2114 verbum,
1860 2085 1926 2107 non

1191 2130 1296 2156 autem
1323 2134 1382 2166 per
1403 2125 1563 2157 clausulas
1583 2127 1751 2168 generales
1768 2127 1853 2159 idem
1872 2127 1928 2160 im-

1191 2181 1374 2219 portantes,
1401 2177 1523 2210 mentio
1548 2188 1602 2210 seu
1629 2179 1761 2221 quaevis
1787 2180 1848 2212 alia
1873 2190 1926 2213 ex-

1191 2230 1317 2272 pressio
1345 2230 1496 2262 liabenda
1522 2236 1576 2262 aut
1595 2231 1703 2274 aliqua
1727 2233 1788 2264 alia
1818 2234 1926 2276 exqui-

1191 2284 1248 2315 sita
1276 2283 1376 2315 forma
1402 2284 1439 2315 ad
1467 2284 1530 2316 hoc
1555 2285 1714 2317 servanda
1738 2285 1832 2324 soret,
1852 2286 1925 2319 illo-

1190 2348 1259 2369 rum
1278 2337 1418 2370 omnium
1434 2343 1463 2370 et
1486 2338 1689 2380 singulorum
1706 2344 1846 2375 tenores.
1866 2340 1925 2373 sor-

1188 2401 1278 2430 mas‚
1316 2401 1427 2423 causas
1463 2396 1495 2423 et
1519 2392 1729 2432 occasiones,
1763 2403 1799 2425 ac
1829 2393 1853 2425 si
1883 2394 1922 2427 de

1190 2444 1287 2477 verbo
1314 2444 1352 2477 ad
1377 2445 1524 2484 verbum,
1544 2444 1625 2478 nihil
1643 2446 1774 2488 penitus
1792 2447 1921 2488 omisso,

1189 2503 1219 2529 et
1235 2496 1334 2529 formai
1356 2497 1388 2529 in
1406 2496 1470 2530 illis
1489 2497 1604 2529 tradita
1619 2497 1798 2538 observata,
1818 2500 1922 2542 expri-

1187 2556 1355 2582 merentur
1379 2555 1409 2583 et
1434 2550 1669 2591 insererentur,
1696 2551 1807 2584 iisdem
1834 2563 1922 2595 prae-

1186 2603 1329 2636 sentibus
1347 2609 1405 2646 pro
1420 2603 1516 2646 plene
1532 2608 1562 2635 et
1578 2603 1775 2638 sufficienter
1792 2615 1922 2649 expres·

1937 223 1984 250 An.
2006 222 2033 250 C.
2052 223 2117 250 ¹694
