2254 3225
254 227 300 253 An.
318 227 346 254 (3.
371 226 436 254 1090
482 217 523 251 80

274 656 426 680 indumentum.

445 287 583 319 cumque
603 276 727 309 iudices
747 275 930 309 ordinarios
948 280 979 308 et
996 277 1176 316 delegatOS,

445 329 541 362 etiam
572 340 740 362 causarum
770 329 882 372 palatii
918 326 1089 371 apostolici
1121 336 1176 357 au-

446 382 580 422 ditores,
608 394 644 415 ac
668 383 699 415 S.
720 382 755 415 R.
776 382 809 414 E.
830 381 1018 419 cardinales,
1039 378 1175 411 iudicari

446 441 479 467 et
502 435 629 468 definiri
658 436 792 475 debere,
817 446 853 467 ac
873 434 999 466 irritum
1020 437 1052 465 et
1069 431 1175 469 inane,

445 488 472 520 si
490 499 583 521 secus
605 499 702 531 super
733 488 783 520 his
812 499 829 520 a
854 496 1038 530 quoquam,
1065 483 1175 526 quavis

445 540 648 581 auctoritate,
665 540 807 573 scienter
825 541 874 572 vel
892 539 1088 580 ignoranter,
1103 546 1176 567 con-

446 594 556 636 tigerit
576 594 739 626 attentari.

489 646 548 690 56.
569 647 607 679 Ut
624 652 730 679 autem
748 644 883 678 ecclesia
910 641 1175 685 Congregationis

1016 227 1189 251 Bt'tLAntt‘M
1217 225 1367 247 ΠΟΜΑΝῘῙΒΙ

446 701 493 733 sic
509 706 636 733 erectae
656 700 687 732 in
704 699 815 732 maiori
833 697 1040 729 veneratione
1058 695 1176 727 habea-

447 760 505 793 tur,
527 760 557 786 et
581 764 598 785 a
622 751 885 786 christifidelibus
909 748 1176 790 Congregationis

446 805 690 850 frequentetur¹
717 804 906 841 honoribus
936 802 1054 844 aliique
1087 812 1176 844 pres-

445 859 547 903 byteri
562 865 593 892 et
610 857 716 892 clerici
735 857 916 889 saeculares
932 855 970 887 ad
985 854 1086 897 ipsam
1100 854 1175 887 Con-

445 913 664 954 gregationem
682 921 738 953 pcr
756 912 941 952 praesentes
965 912 1106 939 erectam
1130 906 1177 939 in·

446 964 652 1006 gi·ediendani
670 962 769 1004 magis
786 961 969 998 incitentur,
985 959 1133 991 omuibus
1146 964 1175 991 et

446 1017 579 1059 singulis
602 1015 794 1059 preshyteris
813 1019 844 1046 et
868 1013 1004 1051 clericis,
1024 1011 1077 1055 qui
1092 1022 1176 1044 eam·

446 1069 518 1102 dem
543 1068 835 1110 Congregationem
860 1066 898 1098 de
930 1071 1037 1098 cetero
1069 1065 1176 1107 ingre-

446 1122 584 1161 dientur,
603 1122 652 1154 die
677 1120 782 1163 primo
799 1119 985 1157 corumdem
1003 1119 1174 1160 ingressus,

445 1173 470 1206 si
498 1184 572 1206 vere
593 1173 797 1215 poenitentes
830 1177 862 1205 et
885 1172 1019 1205 confessi
1045 1170 1177 1203 sanctis-

444 1226 560 1258 simum
584 1225 803 1258 Eucharistiae
830 1229 1066 1257 sacramentum
1091 1235 1177 1259 sum-

444 1278 576 1321 pserint,
602 1279 801 1322 plenariam;
822 1288 858 1310 ac
875 1277 951 1320 ipsis
969 1287 1053 1310 nunc
1068 1282 1099 1310 et
1115 1288 1175 1320 pro

426 1336 590 1375 ,tempore
615 1331 828 1375 existentibus
846 1330 1041 1374 presbyteris
1067 1329 1177 1363 et'cle·

443 1385 516 1418 ricis
534 1412 541 1424 ‚
576 1386 711 1428 aliisque
750 1381 1006 1417 conviventibus
1032 1384 1188 1425 eiusdem,

444 1437 719 1480 Congregafionis,
735 1427 767 1470 i1i
784 1446 896 1470 eorum
915 1437 1027 1474 mortis
1043 1436 1177 1470 articulo

443 1500 562 1535 nomen
586 1490 660 1523 Iesu
685 1491 792 1529 corde,
819 1490 844 1522 si
871 1500 927 1522 ore
953 1489 1175 1533 nequiverint,

443 1541 676 1582 invocantibus,
703 1538 803 1576 etiam
822 1538 1022 1586 plenariam
1050 1552 1176 1575 necnon

445 1601 506 1628 tam
531 1595 614 1635 illis,
641 1591 736 1638 quam
769 1595 840 1627 aliis
876 1595 1046 1637 utriusque
1083 1592 1175 1637 sexus

443 1648 711 1692 christifidelibus¹
750 1658 844 1681 vere-
862 1648 1176 1691 poenitentibusrfet

443 1699 604 1740 confessis,
623 1712 658 1734 ac
676 1704 765 1734 sacra
786 1701 1015 1742 communione
1033 1693 1175 1740 refectis}

443 1754 668 1797 qui'eiusdem
702 1754 968 1798 Cougregationis
1000 1751 1058 1796 pei·
1082 1745 1176 1796 prae-

443 1812 549 1839 sentes
575 1805 700 1840 c'rectae
729 1805 986 1841 'ecclesiam'die
1013 1801 1192 1841 sesto-Asa?

443 1855 636 1901 sumptionis
662 1859 775 1899 beatae
797 1859 922 1892 Mariae
955 1856 1176 1903 Virginisflm-

401 1948 420 1955 Β,
442 1912 629 1951 maculatae*
644 1922 661 1943 a
685 1911 796 1954 primis
828 1911 971 1955 vesperis
989 1909 1104 1954 ⁴usque
1128 1912 1173 1944 ad

395 1958 397 1960 ¹
443 1975 591 1997 occasum
610 1965 686 2000 solis
708 1965 831 1998 dierum
858 1964 1046 1998 huiusmodi
1062 1960 1190 2000 devote.

442 2017 664 2057 visitaverint,
691 2023 721 2050 et
752 2017 795 2050 ibi
814 2018 816 2021 ⁴
832 2019 896 2060 pro'
923 2017 1174 2057 christianorum

441 2070 621 2113 principum
632 2070 822 2116 concordia,
845 2071 1014 2111 haeresum
1036 2071 1175 2113 extirpa-

402 2119 424 2129 ““
443 2121 541 2161 tione,
562 2133 597 2155 ac
622 2129 749 2155 sanctae
770 2120 1070 2156 mat—risssEcclesiae
1091 2124 1174 2156 exal-

443 2174 563 2207 tatione
586 2175 652 2217 pias
678 2175 969 2218 {id-Deumpreces
991 2175 1171 2215 effuderint,

441 2228 619 2270 plenariam
641 2229 790 2262 similiter
807 2230 949 2269 omnium
967 2235 1172 2272 peccatorum

442 2290 574 2313 suorum
610 2281 845 2324 indulgentiam
873 2288 931 2315 et⁴
948 2283 1172 2326 remissionem

441 2333 695 2366 misericorditer
708 2334 738 2366 in
755 2334 891 2367 Domino
905 2335 997 2378 etiam
1012 2339 1171 2377 perpetuo

442 2386 647 2425 concedimus
672 2392 702 2419 ct
727 2388 914 2429 elargimur.
941 2387 1073 2420 Necnon
1108 2392 1169 2419 tam

387 2462 389 2465 .
440 2438 636 2480 p1·esb3·teris
661 2445 691 2471 ct
715 2440 784 2472 aliis
816 2440 962 2472 eiusdem
987 2439 1170 2483 Congrega-

442 2490 548 2530 tionis,
575 2492 697 2533 quoties
723 2503 781 2535 pro
807 2493 1089 2526 exhortationibus
1113 2493 1171 2526 ha-

439 2541 553 2575 bendis
578 2545 813 2585 convenerint,
841 2556 934 2588 quam
960 2545 1030 2578 aliis
1057 2545 1171 2578 utrius-

476 2606 485 2632 1
509 2604 573 2631 Male
594 2605 635 2631 ed.
654 2604 730 2632 Maia.
747 2605 808 2641 legit
824 2608 1045 2642 frequententur
1063 2607 1104 2641 (R.
1121 2608 1168 2641 Τ.).

1219 282 1281 315 que
1295 281 1388 304 sexus
1402 269 1669 303 christifidelibus
1694 270 1816 304 eisdem
1838 271 1951 305 exhor·

1221 323 1394 356 tationihus
1411 322 1691 363 interessentibus,
1705 323 1817 356 decem
1834 334 1948 365 annos3

1219 381 1249 407 et
1273 375 1327 418 qui
1353 374 1520 407 ecclesiam
1552 375 1656 408 dictae
1682 376 1950 419 Congregationis

1218 427 1250 459 in
1275 427 1510 460 Purificationis
1525 455 1532 468 ,
1558 433 1589 460 et
1613 429 1890 470 Annunciationis,
1914 441 1951 463 ac

1218 479 1396 512 Nativitatis
1418 484 1449 513 et
1461 479 1688 524 Conceptionis
1704 482 1819 514 beatae
1835 482 1950 517 Mariae

1218 533 1356 574 Virginis
1373 533 1599 566 Immaculatae
1617 533 1704 566 sestis
1725 534 1839 568 diebus
1857 546 1874 568 a
1890 536 1952 578 pri·

1219 586 1278 618 mis
1303 587 1447 628 vesperis
1481 597 1582 629 usque
1619 587 1658 619 ad
1689 597 1838 620 occasum
1872 589 1950 622 solis

1219 639 1372 671 festorum
1397 639 1582 673 huiusmodi
1608 640 1700 673 annis
1734 641 1870 683 singulis
1895 642 1952 674 de-

1218 697 1291 724 vote
1309 692 1518 732 visitaverint,
1536 698 1568 726 et
1583 699 1618 725 ut
1640 694 1822 737 praefertur
1839 705 1952 729 orave-

1219 744 1293 783 rint,
1319 750 1443 787 septem
1468 755 1568 778 annos
1594 751 1625 779 et
1649 747 1784 780 totidem
1810 748 1951 791 quadra-

1219 808 1339 840 genas,
1359 797 1480 831 eisdem
1504 809 1581 832 vero
1606 801 1812 844 preshyteris,
1832 807 1864 835 et
1880 803 1950 835 aliis

1220 851 1323 884 dictae
1355 851 1620 895 Congregationis
1638 880 1646 894 ,
1674 844 1800 897 quoties
1836 855 1952 889 divinis

1208 904 1329 941 ,officiis
1355 904 1388 937 in
1406 907 1464 938 sua
1481 906 1618 938 ecclesia
1636 908 1685 940 vel
1703 907 1844 940 oratorio
1862 915 1952 941 more

1220 956 1363 990 eiusdem
1381 957 1646 1001 Congregationis
1663 961 1881 1001 celebrandis,
1899 966 1953 994 aut

1219 1011 1528 1053 congregationibus
1547 1011 1796 1054 particularibus
1817 1015 1867 1047 vel
1888 1014 1969 1057 pri-‚

1219 1064 1296 1097 vatis
1321 1071 1353 1097 et
1376 1065 1508 1097 secretis
1532 1076 1593 1108 pro
1624 1076 1828 1110 quocumque
1852 1077 1952 1111 opere

1219 1117 1272 1159 pio
1292 1117 1475 1150 exercendo
1501 1118 1716 1159 interfuerint,
1735 1125 1788 1151 aut
1808 1120 1953 1155 infirmos

1219 1170 1376 1204 consolati
1396 1169 1527 1209 suerint,
1546 1171 1784 1204 sanctissimum
1805 1173 1955 1207 Euchari-

1219 1222 1298 1255 stiae
1323 1228 1557 1256 sacramentum
1576 1225 1784 1267 sumpserint,
1801 1231 1855 1258 aut
1879 1237 1955 1260 eon-

1220 1275 1385 1308 scientiam
1404 1286 1502 1315 suam,
1518 1281 1689 1319 antequam
1705 1278 1849 1311 cubitum
1868 1285 1952 1319 eant,

1220 1329 1495 1374 examinaverint,
1521 1339 1575 1361 seu
1601 1329 1736 1371 flagellis
1761 1331 1798 1363 ad
1824 1342 1952 1365 carnem

1219 1381 1440 1423 castigandam
1455 1391 1488 1413 se
1511 1381 1690 1421 afflixerint,
1712 1383 1760 1415 vel
1782 1383 1954 1427 quinquies

1219 1433 1399 1466 orationem
1417 1433 1611 1467 dominicam
1632 1440 1664 1466 et
1676 1434 1772 1467 toties
1790 1437 1954 1469 salutatio-

1219 1477 1297 1518 neni
1310 1486 1500 1528 angelicam,
1519 1491 1581 1518 tam
1605 1497 1664 1529 pro
1682 1487 1849 1521 animabus
1865 1491 1954 1532 pre's-

1218 1538 1405 1582 byterorum
1430 1544 1461 1571 et
1485 1538 1620 1571 aliorum
1647 1539 1749 1572 dictae
1773 1539 1954 1583 Congrcga-

1219 1592 1327 1631 tionis,
1345 1602 1440 1635 quam
1458 1592 1641 1633 aliorumin
1659 1592 1778 1626 Christi
1796 1593 1953 1627 charitate

1949 224 2003 250 An.
2020 224 2049 249 C.
2073 223 2141 251 ¹603

1215 1645 1442 1691 ,defunctorum
1455 1645 1673 1685 recitaverint,
1688 1651 1741 1678 aut
1754 1646 1881 1679 devium
1896 1647 1954 1680 ali·
1986 1690 1990 1692 λ
2006 1647 2025 1683 ”.

1219 1709 1314 1741 quem
1338 1699 1377 1731 ad
1402 1698 1485 1731 viam
1515 1699 1628 1732 salutis
1661 1699 1871 1740 reduxerint,
1903 1701 1952 1733 vel

1218 1751 1406 1793 ignorantes
1430 1756 1606 1794 praecepta
1623 1751 1679 1784 Dei
1705 1757 1737 1784 et
1753 1762 1790 1784 ea
1815 1762 1895 1795 quae
1912 1753 1952 1785 ad
1970 1751 1973 1753 ’

1218 1806 1353 1839 salutem
1372 1810 1447 1849 sunt
1462 1804 1642 1845 docuerint,
1656 1810 1710 1837 aut
1723 1805 1952 1848 quodcumque

1218 1854 1303 1890 aliud
1333 1848 1464 1900 'pietatis
1489 1859 1538 1890 vel
1563 1857 1730 1891 charitatis
1754 1869 1836 1901 opus
1861 1869 1953 1892 exer-

1217 1910 1352 1950 cuerint,
1368 1911 1473 1950 toties,
1493 1911 1717 1954 proquolibet
1733 1912 1951 1954 praefatorum

1217 1973 1366 2006 operum,
1384 1963 1560 2005 ‚sexaginta
1578 1963 1645 1995 dics
1664 1964 1703 1996 de
1727 1963 1880 1997 iniunctis
1901 1965 1949 1997 v'el

1217 2016 1294 2048 alias
1319 2015 1708 2058 quomodolibet-debitis
1731 2015 1948 2062 *poenitentiis
1971 2042 1975 2046 .
2002 2017 2004 2019 '

1203 2068 1247 2100 <in
1261 2057 1369 2100 ⁴sori‘na
1386 2068 1546 2101 Ecclesiae
1567 2069 1723 2100 consueta
1739 2069 1929 2111 relaxamus.

1259 2121 1273 2164 ᾗ
1298 2120 1424 2166 72Non
1449 2120 1657 2160 obstantibus
1684 2125 1844 2163 quatenus
1869 2121 1950 2163 opus

1205 2175 1264 2213 sit,
1288 2175 1544 2216 regulanostra
1577 2174 1615 2206 de
1640 2184 1704 2206 non
1732 2174 1948 2207 concedendis

1214 2226 1423 2269 indulgentiis
1449 2227 1489 2259 ad
1513 2226 1623 2266 instar,
1650 2227 1787 2269 aliisque
1820 2233 1948 2270 aposto-

1214 2281 1292 2320 licis,
1310 2291 1346 2313 ac
1366 2280 1398 2312 in
1417 2279 1656 2312 universalibus
1682 2284 1713 2312 et
1738 2280 1948 2322 synodalibus

1214 2332 1360 2366 conciliis
1387 2332 1493 2371 editis,
1520 2332 1729 2374 generalibus
1753 2333 1945 2376 vel-specia-
1994 2355 1997 2359 ,

1213 2387 1307 2427 libus,
1326 2385 1607 2420 constitutionibus
1629 2390 1660 2418 et
1676 2386 1947 2428 ordinationibus,

1213 2450 1340 2473 necnon
1355 2438 1528 2482 quibusvis,
1548 2437 1644 2470 etiam
1660 2438 1851 2478 iuramento,
1871 2450 1947 2472 con-
1972 2480 1975 2481 ⁷

1212 2492 1393 2525 firmatione
1419 2490 1608 2534 apostoliea,
1639 2491 1688 2523 vel
1714 2491 1823 2533 quavis
1848 2491 1947 2525 [irmi-

1213 2550 1276 2578 tate
1302 2545 1364 2578 alia
1387 2543 1556 2583 roboratis,
1571 2543 1697 2576 statutis
1723 2548 1755 2576 et
1774 2549 1946 2577 consuetu-

1213 2598 1351 2638 dinibus,
1376 2596 1550 2641 privilegiis
1586 2606 1717 2640 quoque
1753 2596 1887 2631 indultis
1912 2602 1945 2635 et

2028 2131 2142 2155 nemenio

1959 2160 2119 2179 comanorum.
