2227 3225
128 201 165 226 An
193 201 222 225 C.
246 199 311 225 ism

145 998 266 1022 Exordium,

154 1422 205 1443 Erat
227 1423 298 1444 imnsse-

114 1450 221 1470 morabilis
249 1456 297 1471 coo·

112 1477 203 1497 suetudo
239 1477 296 1497 cele-

113 1503 189 1524 brandi
227 1503 295 1524 dictas

908 198 1117 221 lxxem-:xrs

361 247 474 281 Datum
497 246 640 286 Romae,
665 245 752 289 apud
778 245 809 278 S.
837 245 967 279 Mariani
993 246 1056 278 Ma·-

318 300 438 337 iorem,
465 299 525 331 sub
551 299 672 331 annulo
704 298 901 338 piscatoris,
938 299 989 331 die
1019 309 1054 331 ιιι

317 351 395 383 iunii
414 360 557 390 nncxcn,
579 350 788 394 pontificatus
807 351 912 384 nostri
926 362 1012 385 anno
1030 362 1052 384 1.

349 412 408 439 Dat.
429 413 474 440 die
493 412 509 440 3
528 413 595 440 iunii
616 412 695 447 1692,
717 413 812 449 pontif.
832 422 903 442 anno
925 421 944 440 1.

631 557 736 591 XXVI.

317 636 510 670 Conceditur
533 637 672 679 facultas
697 636 881 669 celebrandi
899 641 959 669 {res
980 637 1053 669 mis—

358 701 410 722 sas
423 691 474 722 die
486 690 612 722 sabbati
623 691 728 722 sancti
747 691 780 722 in
798 689 923 732 capelle
940 690 973 722 S.
988 690 1052 724 Ma·

357 743 427 774 riae
450 743 489 774 de
511 742 661 775 Aeliae-lia
683 743 827 784 fratrum
843 742 1051 776 Praedicato-

357 805 432 826 rum
460 794 575 839 oppidi
599 794 766 827 ΛΜΗ-Μ’.

489 872 684 900 Innocentius
705 871 783 906 Papa
803 873 867 903 XII.

457 917 493 944 ad
514 917 646 944 futuram
666 918 710 944 rei
730 918 911 945 memoriam.

356 987 420 1021 Piis
436 988 695 1022 orthodoxorum
712 999 822 1032 regum
846 989 886 1022 de
903 988 1048 1022 Ecclesia

313 1040 368 1074 Dei
403 1042 512 1075 multis
549 1042 737 1075 nominibus
769 1042 889 1085 optime
914 1042 1047 1075 merito-

312 1105 382 1126 rum
415 1095 528 1128 studiis
554 1098 689 1138 paterna
719 1095 876 1128 charitate
907 1095 1049 1128 libenter

312 1147 588 1187 obsecundamus,
625 1148 708 1181 sieut
743 1149 781 1181 ad
813 1148 1045 1192 omnipotentis

310 1199 364 1233 Dei
401 1201 553 1243 gloriam,
590 1201 752 1236 bonorum
777 1211 913 1245 operum
944 1202 1047 1235 inere-

310 1258 463 1295 mentum‚
499 1260 532 1286 et
554 1253 722 1286 christiani
757 1255 870 1298 populi
901 1255 1047 1288 aedifica-

310 1307 431 1340 tionem
461 1307 638 1340 sulubriter
673 1307 705 1340 in
730 1307 867 1341 Domino
894 1308 1044 1352 expedire

309 1360 517 1393 arbitramur.

351 1414 366 1457 ξ
391 1413 422 1446 1.
449 1413 527 1447 Cum
551 1413 670 1457 itaque,
697 1414 774 1447 sient
802 1422 862 1458 pro
879 1420 972 1458 parte
993 1426 1044 1448 ca-

307 1465 428 1500 rissimi
462 1468 496 1500 in
531 1466 661 1500 Christo
699 1466 755 1500 filii
796 1468 897 1501 nestri
937 1467 1042 1501 Caroli

113 1530 254 1554 missas,sed
276 1519 533 1563 eiHispaniarum
568 1520 654 1563 regis
685 1521 838 1554 catholici
863 1521 958 1554 nobis
982 1531 1042 1564 per

125 1555 280 1577 adversabatur

111 1582 219 1603 decretum
242 1583 295 1604 Con·

111 1610 247 1635 arctationis,

305 1572 457 1606 dilectum
482 1573 583 1606 filium
608 1573 753 1607 nobilem
777 1573 880 1607 virum
912 1576 1042 1609 moder-

304 1637 382 1660 num
406 1627 518 1660 ducem
551 1627 590 1659 de
615 1626 824 1661 Medinacaeli
850 1627 951 1671 ipsius
983 1629 1041 1663 Ca-

303 1680 367 1714 roli
390 1680 476 1723 regis
500 1679 587 1723 apud
611 1689 670 1713 nos
696 1685 728 1713 et
761 1680 877 1715 Sedem
901 1682 1039 1725 Aposto-

300 1733 395 1767 licam
419 1739 579 1766 oratorem
596 1743 700 1776 nuper
720 1734 902 1777 expositum
920 1735 987 1775 suit,
1004 1736 1037 1769 in

301 1787 428 1830 capella
451 1786 541 1829 regia
566 1787 625 1819 sub
646 1787 736 1820 titulo
755 1798 812 1820 seu
831 1788 1036 1823 invocatione

299 1840 331 1874 S.
368 1840 484 1873 Mariae
510 1840 549 1873 de
581 1840 731 1873 Athocha
760 1845 969 1885 nuncupata,
1002 1844 1035 1876 in

299 1893 438 1927 ecclesie
482 1893 615 1925 fratrum
654 1892 783 1927 Ordinis
824 1895 1031 1930 Praedicato-

298 1957 369 1980 rum
392 1947 503 1991 oppidi
528 1946 644 1979 Matriti
670 1946 843 1980 Toletanae
874 1949 1033 1983 dioecesis

297 2000 368 2041 sita,
387 2006 452 2034 tres
476 2000 592 2033 missae
610 1999 748 2043 singulis
775 2001 867 2033 annis
892 2001 942 2035 die
961 2004 1033 2036 sab-

296 2053 362 2087 bati
387 2054 489 2087 sancti
514 2053 763 2086 immemorabili
791 2059 935 2097 tempore
954 2058 1033 2090 cele-

294 2107 383 2141 brari
409 2108 566 2140 haetenus
592 2107 831 2148 consueverint,
851 2118 937 2141 nunc
957 2119 1031 2143 vero

294 2160 356 2194 hac
390 2161 422 2193 in
454 2171 488 2194 re
521 2161 628 2193 obstet
660 2161 826 2193 decretum
850 2172 867 2193 a
891 2161 1031 2204 Congre-

293 2213 421 2255 gatione
459 2213 692 2247 venerabilium
733 2213 866 2246 fratrum
905 2220 1031 2248 nostro-

292 2276 365 2299 rum
401 2266 431 2299 S.
461 2265 498 2299 R.
524 2266 560 2298 E.
595 2266 808 2298 cardinalium
832 2266 933 2299 sacris
962 2267 1030 2300 riti-

291 2319 351 2352 bus
386 2319 651 2364 praepositorum
682 2319 881 2360 novissime,
908 2330 1026 2364 nempe

272 2406 295 2432 ’Ψ
326 2417 336 2443 t
360 2415 389 2443 In
405 2415 553 2443 Innocentii
568 2418 654 2443 const.
671 2414 714 2442 ed.
731 2422 914 2449 noeisxxxvni,
934 2415 977 2442 die
992 2417 1026 2442 ⁹26

289 2460 365 2492 iunii,
381 2460 475 2495 pontif.
493 2466 540 2493 xu,
554 2460 642 2495 agitur
657 2460 690 2487 de
710 2461 832 2492 missali3
854 2464 880 2487 et
899 2462 926 2486 in
945 2461 1026 2488 huius

288 2504 429 2532 Pontificis
457 2509 543 2531 const.
570 2504 614 2532 ed.
644 2511 768 2539 nncxcw,
795 2505 839 2531 die
863 2505 879 2531 3
907 2507 1023 2540 augusti,

289 2548 383 2583 pontif.
413 2554 452 2583 ιιι,
472 2548 635 2583 permittitur
661 2549 743 2577 missa
770 2548 799 2577 B.
828 2549 946 2576 loaunae
974 2550 1023 2576 Al-

287 2593 395 2628 phansi.

1142 199 1185 222 xn
1210 200 1257 222 re.

1098 246 1148 278 die
1172 257 1202 280 xi
1229 246 1382 280 februarii
1408 259 1524 288 innexo,
1548 257 1741 292 eni-anatum,
1761 264 1796 286 ac
1816 265 1834 287 a

1097 299 1198 332 felicis
1211 301 1446 334 recordationis
1464 303 1647 337 Alexandro
1668 306 1752 348 P.·pa
1770 308 1833 340 vni

1095 353 1350 395 praedecessore
1386 361 1500 388 nostro
1526 357 1751 399 approbatum,
1776 370 1835 402 per

1096 406 1182 448 qnod
1208 407 1386 441 celebratio
1408 409 1576 442 missarum
1594 410 1679 444 dicta
1697 412 1749 444 die
1767 414 1835 445 sab-

1096 458 1160 491 bati
1195 460 1296 492 sancti
1332 461 1364 493 in
1401 461 1658 506 quibuscumque
1687 465 1833 499 ecclesiis

1096 517 1127 552 et
1144 513 1296 547 oratoriis
1313 514 1408 547 etiam
1429 515 1575 558 privatis,
1593 526 1658 549 non
1681 517 1833 550 obstante

1095 576 1299 610 quacumque
1315 569 1551 602 consuetudine
1572 569 1603 601 in
1622 570 1832 612 contrarium,

1095 618 1302 661 prohibetur,
1327 625 1358 653 et
1381 620 1510 654 unicam
1536 622 1668 656 missam
1693 633 1834 657 conven-

1096 672 1213 704 tualem
1250 674 1315 705 nna
1349 683 1421 706 cum
1458 674 1563 708 officio
1589 675 1734 709 eiusdem
1760 678 1832 710 sab-

1093 723 1157 757 bati
1176 725 1279 758 sancti
1297 726 1525 760 celebrandam
1541 738 1608 761 esse
1627 729 1830 763 decernitur:

1092 778 1188 811 nobis
1213 783 1398 822 propterea,
1425 779 1571 813 eiusdem
1603 781 1706 815 Caroli
1742 784 1829 826 regis

1092 831 1224 864 nomine
1259 842 1321 875 per
1343 834 1526 876 praefatum
1557 835 1750 868 modernum
1777 837 1830 869 dn-

1091 894 1158 916 cem
1184 884 1354 918 humiliter
1385 887 1605 930 supplicatum
1637 888 1696 920 suit
1726 895 1760 921 ut
1796 890 1829 922 in

1090 936 1122 968 in
1148 937 1334 980 praemissis
1368 945 1553 982 opportune
1585 942 1757 984 providere
1788 943 1827 976 de

1090 990 1291 1032 benignitate
1317 993 1494 1035 apostolica
1516 994 1736 1037 dignaremur.

1133 1044 1147 1086 ἓ
1172 1043 1203 1076 Q.
1230 1043 1293 1077 Nos
1318 1044 1425 1087 igitur,
1443 1046 1505 1089 piis
1531 1047 1631 1090 ipsius
1657 1048 1762 1084 Caroli
1780 1060 1827 1084 re-

1089 1096 1137 1137 gis
1154 1096 1237 1129 votis
1255 1102 1287 1129 et
1306 1098 1603 1140 supplicationibus
1620 1101 1823 1143 huiusmodi,
1836 1092 1848 1113 ¹³

1088 1154 1244 1192 quantum
1269 1160 1340 1182 eum
1364 1150 1502 1184 Domino
1527 1163 1716 1196 possumus,
1740 1156 1821 1189 savo-

1089 1201 1235 1235 rabiliter
1269 1209 1448 1236 annuentes
1469 1231 1477 1245 ‚
1503 1205 1542 1238 de
1568 1214 1825 1242 memoratorum

1087 1255 1299 1288 cardinalium
1335 1257 1483 1296 consilio,
1516 1263 1552 1290 ut
1576 1260 1744 1302 praedicta
1773 1262 1824 1295 die

1086 1307 1211 1340 sabbati
1227 1309 1327 1341 sancti
1342 1309 1375 1341 in
1389 1315 1556 1352 posterum
1571 1312 1708 1355 singulis
1720 1315 1823 1355 annis,

1086 1365 1158 1402 post
1193 1361 1374 1394 absolutam
1399 1363 1529 1396 missam
1555 1365 1759 1408 solemnem,
1790 1368 1823 1401 in

1085 1414 1226 1456 praefata
1245 1415 1381 1448 ecclesia
1398 1426 1455 1448 seu
1475 1418 1598 1460 capella
1614 1423 1678 1452 tres
1702 1420 1822 1453 missae

1085 1472 1217 1507 tantum,
1244 1467 1331 1501 iuxta
1357 1474 1511 1502 assertam
1531 1470 1696 1514 antiquam
1715 1477 1747 1505 et
1763 1472 1823 1506 im-

1083 1521 1326 1554 memorabilem
1344 1523 1629 1565 consuetudinem,
1642 1525 1819 1559 dummodo

1083 1579 1189 1607 tamen
1218 1584 1372 1618 praesens
1405 1576 1507 1618 gratia
1529 1587 1593 1609 non
1619 1581 1763 1612 transeat
1786 1579 1818 1612 in

1082 1628 1267 1670 exemplum
1285 1653 1292 1667 ‚
1329 1628 1487 1660 celebrari
1525 1629 1627 1663 libere
1664 1636 1697 1664 et
1731 1631 1817 1664 licite

1081 1680 1206 1723 possint
1237 1686 1269 1713 et
1292 1682 1439 1721 valeant,
1472 1683 1652 1725 apostolica
1681 1685 1817 1718 auetori-

1081 1739 1166 1774 tate,
1191 1739 1305 1767 tenore
1338 1735 1582 1778 praesentium,
1608 1738 1816 1772 concedimus

1079 1792 1111 1820 et
1133 1787 1352 1830 indulgemus.

1121 1840 1135 1883 ξ
1160 1840 1192 1873 3.
1214 1840 1448 1880 becci-nentes,
1468 1842 1598 1875 easdem
1623 1848 1816 1886 praesentes

1076 1894 1202 1928 litteras
1230 1894 1349 1934 firmas,
1375 1894 1499 1927 validas
1528 1901 1560 1928 et
1580 1895 1728 1929 efficaces
1748 1898 1815 1930 exi-

1076 1952 1160 1980 stere
1182 1953 1214 1980 et
1230 1947 1309 1989 sore,
1328 1955 1470 1990 suosque
1490 1949 1658 1991 plenarios
1680 1955 1712 1983 et
1729 1950 1814 1984 inte-

1075 2011 1150 2044 gros
1164 2000 1299 2034 effectus
1325 2000 1436 2033 sortiri
1457 2006 1489 2034 et
1502 2002 1662 2043 obtinere,
1681 2013 1717 2036 ac
1732 2004 1811 2045 illis,

1074 2055 1113 2087 ad
1139 2064 1220 2097 quos
1245 2059 1371 2097 spectat
1392 2059 1421 2086 et
1447 2064 1507 2097 pro
1525 2060 1672 2098 tempore
1688 2063 1812 2100 specta·

1073 2108 1129 2148 bit,
1147 2108 1338 2152 plenissime
1353 2108 1525 2150 sufragari‚
1544 2108 1656 2152 sicque
1674 2109 1707 2142 in
1720 2121 1810 2153 prae-

1072 2162 1178 2194 missis
1204 2171 1264 2205 per
1288 2172 1510 2204 quoscumque
1537 2162 1659 2196 iudices
1679 2164 1810 2198 ordina⁴

1071 2215 1137 2247 rios
1156 2220 1187 2246 et
1205 2215 1382 2257 delegatos,
1399 2216 1495 2248 etiam
1513 2226 1681 2250 causarum
1694 2219 1808 2260 palatii

1070 2267 1242 2310 apostolici
1271 2267 1445 2307 auditores,
1470 2268 1605 2301 iudicari
1627 2275 1658 2302 et
1679 2270 1806 2303 definiri

1070 2321 1209 2359 debere,
1238 2331 1274 2353 ae
1302 2320 1427 2353 irritum
1459 2327 1490 2354 et
1520 2321 1638 2363 inane,
1664 2323 1690 2356 si
1714 2334 1806 2357 secus

1068 2384 1167 2416 snper
1184 2373 1234 2406 his
1251 2383 1269 2405 a
1286 2383 1457 2416 quoquam,
1476 2375 1588 2417 quavis
1602 2376 1806 2417 anctoritate,

1067 2427 1209 2459 scienter
1221 2427 1271 2458 vel
1291 2426 1493 2469 ignoranter,
1512 2427 1687 2471 contigerit
1703 2435 1804 2462 atten-

1066 2479 1139 2512 tari.

1109 2533 1123 2576 g
1147 2532 1178 2564 4.
1205 2532 1274 2565 Non
1301 2532 1505 2566 obstantibus
1538 2534 1737 2577 praemissis,
1763 2546 1800 2569 ac

1065 2585 1353 2618 constitutionibus
1379 2590 1409 2618 et
1435 2586 1693 2624 ordinationibus
1726 2598 1800 2632 apo-

1731 196 1794 229 !isi'i
1841 207 1892 232 An,
1911 207 1939 233 st.
1962 208 2025 234 iae]

1907 1061 2020 1083 Concessio

1851 1088 1954 1110 raedicta,

1852 1852 1970 1875 flauuiliie.

1837 2540 1919 2561 Canum
1927 2541 1992 2563 iorum

1810 2567 1928 2594 der-ignia.
