2227 3225
128 267 177 294 An.
197 265 226 295 C.
242 266 311 294 1698

922 269 1129 294 txxocm'rirs

321 322 351 350 et
365 327 429 350 non
447 316 545 349 aliter
563 326 620 359 per
634 327 852 359 quoscumque
869 316 993 350 iudices
1009 328 1061 350 or-

320 371 462 404 dinarios
478 375 509 403 et
527 370 703 412 delegatos,
722 371 833 413 quavis
854 371 1059 412 auctoritate,

319 423 575 468 praeeminentia
596 428 628 456 et
648 429 810 466 potestate
837 424 1008 466 fungentes
1030 432 1060 458 et

319 480 497 517 suncturos,
514 477 609 509 etiam
629 487 795 509 causarum
812 478 920 520 palatii
936 484 1061 521 aposto-

318 532 369 565 lici
383 531 560 570 auditores,
575 541 609 562 ac
628 530 774 563 eiusdem
789 530 904 564 S.R.E.
922 542 1060 565 camera-

317 585 411 625 rium,
429 588 460 617 et
482 583 563 616 alios
586 583 766 617 cardinales
786 584 881 617 etiam
897 585 935 618 de
957 586 1059 619 latere

309 638 449 681 legatos,
469 637 640 680 dictaeque
662 637 811 670 Camcrae
833 638 1058 681 praesidentes

317 692 456 725 clericos
482 697 513 724 et
538 691 618 724 alios
644 690 800 724 officiales
833 696 863 724 et
893 691 1058 726 ministros

317 755 561 788 quoscumque,
586 744 712 776 sublata
739 744 783 777 eis
810 750 839 777 et
860 755 971 777 eorum
993 745 1058 778 cui-

315 798 397 831 libet
423 797 535 840 quavis
555 797 648 829 aliter
666 797 830 830 iudicandi
850 803 881 830 et
898 798 1058 841 interpre-

316 850 403 884 tandi
430 851 602 890 facultate,
629 849 766 883 iudicari
793 855 826 883 et
851 850 978 883 definiri
1005 851 1058 884 de-

314 904 391 937 bere
404 930 412 944 ,
438 903 568 936 irritum
592 914 723 947 quoque
742 907 772 938 et
789 903 902 944 inane,
922 904 946 936 si
965 915 1057 937 secus

314 967 413 1001 super
426 956 478 990 his
496 968 512 989 a
531 968 703 1001 quoquam,
722 958 833 1001 quavis
853 957 1055 999 auctoritate,

313 1010 457 1044 scienter
473 1011 523 1043 vel
541 1011 745 1053 ignoranter,
762 1011 935 1053 contigerit
952 1017 1057 1044 atten-

315 1064 387 1097 tari.
413 1064 482 1097 Non
516 1063 740 1105 obstantibus,
770 1064 876 1107 quoad
905 1075 942 1098 ea
975 1075 1056 1107 quae

314 1118 539 1161 praesentibus
553 1119 773 1158 adversantur,
789 1117 967 1161 praedictis
982 1117 1057 1151 Gre-

314 1173 398 1216 gorii
431 1172 696 1216 praedecessoris
730 1178 762 1205 et
801 1172 925 1204 nostris
958 1183 1055 1215 super

314 1227 561 1261 confirmatione
581 1234 612 1261 et
628 1229 842 1261 concessione
863 1228 1053 1262 facultatum

312 1283 519 1327 magistratus
542 1283 667 1316 viarum
688 1284 816 1323 litteris,
836 1288 876 1323 et,
896 1290 1054 1327 quatenus

313 1347 396 1380 opus
423 1336 471 1376 sit,
487 1337 526 1370 de
544 1337 614 1369 iure
637 1337 784 1380 quaesito
806 1348 871 1370 non
894 1338 1051 1378 tollendo,

312 1390 450 1434 aliisque
476 1390 597 1423 nostris
623 1396 654 1423 et
674 1389 894 1424 Cancellariae
916 1391 1054 1434 Aposto-

310 1444 392 1477 licae
407 1445 540 1486 regulis,
555 1454 682 1477 necnon
696 1444 799 1477 felicis
815 1444 1052 1478 recordationis

309 1497 503 1541 Symmachi,
519 1497 606 1530 Pauli
622 1497 654 1537 11,
671 1498 761 1530 Pauli
774 1498 820 1538 IV,
834 1508 962 1531 necnon
977 1498 1053 1531 alio-

309 1561 381 1584 rum
407 1562 688 1595 quorumcumque
714 1551 938 1584 Romanorum
972 1552 1053 1585 Pon-

309 1604 431 1638 tificum
474 1606 745 1648 predecessorum
784 1612 973 1639 nostrorum
1013 1606 1052 1640 de

308 1659 408 1692 rebus
438 1659 600 1692 Ecclesiae
633 1665 664 1692 et
696 1659 849 1693 Gamerae
886 1661 1051 1704 praefatae

310 1723 375 1745 non
400 1712 600 1752 alienandis,
630 1719 661 1746 et
685 1715 769 1747 male
793 1714 941 1747 alienatis
961 1725 1052 1747 recu-

310 1765 487 1808 perandis,
513 1766 650 1809 aliisque
683 1777 747 1799 non
775 1767 980 1810 obligandis,
1015 1779 1050 1801 ac

310 1819 509 1852 recolendae
535 1821 713 1852 memoriae
739 1820 783 1852 Pii
812 1821 916 1863 Papae
943 1821 978 1853 tv
1012 1822 1053 1854 si-

309 1872 431 1906 militer
455 1873 721 1916 praedecessoris
747 1875 785 1907 de
807 1875 919 1916 gratiis
939 1877 1052 1919 quale·
1072 1896 1073 1899 =

309 1936 448 1970 cumque
473 1926 626 1959 Gamerae
648 1928 857 1970 Apostolicac
891 1929 1051 1962 interesse

309 1979 584 2013 concernentibus
617 1980 649 2013 in
683 1981 766 2014 dicta
803 1981 936 2015 Catncra
967 1982 1051 2015 iutra

309 2039 432 2066 certum
459 2039 586 2077 tempus
613 2036 862 2077 praesentandis
899 2047 936 2068 ac
973 2037 1051 2079 regi-

308 2087 462 2127 strandis,
485 2087 567 2119 itaut
585 2094 773 2130 praesentes
789 2089 914 2122 litteras
929 2090 1050 2123 ibidem

308 2141 509 2184 praesentari
535 2146 590 2173 aut
614 2141 781 2184 registrari
810 2153 974 2186 nunquam
993 2154 1049 2176 nc-

308 2204 399 2227 cesse
428 2194 490 2233 sit,
522 2194 657 2238 aliisque
691 2195 983 2229 constitutionibus
1019 2202 1050 2230 et

308 2247 572 2281 ordinationibus
592 2249 802 2291 apostolicis,
820 2260 855 2282 ac
875 2250 979 2283 dictae
996 2250 1051 2283 Ca-

307 2300 549 2339 merae‚aliisve
560 2301 841 2344 quibusvis,etiam
856 2302 1048 2343 iuramento,

308 2353 555 2387 confirmatione
581 2355 770 2397 apostolica,
792 2357 842 2388 vel
865 2357 977 2399 quavis
999 2358 1050 2390 tir-

307 2407 419 2440 mitate
444 2407 507 2440 alia
530 2408 693 2441 roboratis
711 2436 718 2449 ,
746 2410 871 2442 statutis
887 2436 894 2449 ‚
929 2411 1049 2453 regulis

309 2464 341 2492 et
363 2461 654 2494 consuetudinibus
673 2472 708 2494 ac
725 2462 876 2503 decretis,
893 2464 988 2497 etiam
1002 2475 1049 2496 ca-

308 2514 482 2547 meralibus
497 2519 529 2547 et
546 2515 847 2557 concistorialibus,
866 2517 1047 2560 privilegiis

309 2577 440 2610 qnoque
459 2593 467 2607 ,
493 2567 627 2601 indultis
652 2574 684 2601 et
708 2569 823 2602 litteris
848 2571 1047 2613 apostolicis,

309 2618 470 2653 eiusdem⁴
485 2621 672 2663 camerario,
693 2621 856 2664 Gamerae,
878 2623 1045 2666 tribunali,

344 2682 355 2708 1
373 2681 474 2708 Forsan
484 2682 590 2709 eisdem
604 2692 653 2718 pro
669 2685 797 2712 eiusdem
812 2685 918 2722 legend.
939 2688 982 2719 (n.
997 2687 1044 2724 τ.).

378 2735 460 2765 Bult.
473 2736 557 2766 Rom.
572 2752 605 2758 —
625 2738 686 2767 Vol.
701 2740 763 2768 XX.
909 2740 960 2770 105

1157 272 1196 294 xii
1222 273 1269 296 rr.
1744 270 1808 305 8:33

1104 319 1306 361 magistratui
1333 327 1364 354 et
1384 322 1578 357 officialibus
1605 327 1768 368 praefatis,
1788 330 1846 362 sub

1105 373 1363 418 quibuscumque
1389 377 1555 409 tenoribus
1574 384 1606 410 ct
1627 380 1755 420 formis,
1776 393 1846 416 cum

1104 427 1271 469 quibusvis
1292 429 1389 461 etiarn
1408 430 1691 473 derogatoriaruin
1710 435 1847 477 deroga-

1105 480 1216 520 toriis,
1243 481 1380 525 aliisque
1407 484 1661 525 cl'licacioribuS,
1690 487 1847 521 et'sica‹=is-

1103 533 1191 565 simis
1217 539 1247 568 et
1279 535 1419 569 insolitis
1446 538 1599 571 clausulis
1631 545 1663 572 et
1687 540 1844 580 decretis,

1103 586 1134 618 in
1160 596 1279 628 genere
1305 589 1353 622 vel
1380 590 1411 622 in
1438 591 1562 633 specie,
1589 592 1686 625 etiam
1709 599 1795 626 motu
1816 600 1847 627 et

1102 641 1270 682 potestatis
1289 643 1491 684 plenitudine
1506 645 1681 685 similibus,
1697 651 1748 678 aut
1767 647 1846 680 alias

1102 694 1349 735 quomodolibet
1374 707 1435 739 per
1456 708 1514 730 nos
1534 704 1563 730 et
1581 699 1745 732 Romanos
1763 700 1846 734 Pon-

1102 746 1204 780 tifices
1237 749 1510 790 praedecessores
1539 757 1670 785 nostros
1703 753 1735 786 in
1768 765 1846 787 eon-

1102 800 1233 833 trarium
1260 803 1451 835 eorun‘idem
1479 806 1734 847 praemissorum
1766 818 1843 840 con-

1101 853 1224 893 cessis,
1250 864 1287 887 ac
1312 855 1408 887 etiam
1435 857 1560 899 pluries
1586 858 1785 892 confirmatis
1811 865 1844 893 et

1101 906 1261 939 innovatis
1280 912 1311 940 ct
1331 910 1538 952 approbatis
1558 912 1676 954 quibus
1690 913 1843 946 omnibus

1101 965 1132 991 et.
1157 959 1318 1002 singulis,
1347 963 1472 996 etiamsi
1499 975 1558 1007 pro
1592 965 1723 999 illorum
1756 968 1844 999 susti-

1100 1012 1197 1045 cienti
1235 1015 1448 1058 derogatione
1486 1018 1525 1051 de
1559 1019 1624 1051 illis
1658 1030 1842 1064 eorumque

1102 1066 1178 1098 totis
1214 1068 1382 1101 tenoribus
1419 1071 1592 1113 specialis,
1628 1072 1778 1116 specifica
1812 1080 1844 1108 et

1100 1119 1279 1161 individua,
1308 1133 1344 1154 ac
1371 1123 1408 1155 de
1435 1125 1534 1157 verbo
1553 1126 1591 1157 ad
1610 1127 1756 1167 verbum,
1776 1138 1842 1161 non

1099 1178 1207 1206 autem
1228 1186 1288 1218 per
1305 1176 1466 1210 clausulas
1487 1180 1659 1220 generales
1677 1179 1762 1214 iden]
1784 1181 1843 1214 im·

1098 1232 1286 1269 portantes,
1311 1230 1434 1264 mentio
1460 1242 1516 1264 scu
1543 1233 1675 1276 quaevis
1701 1234 1764 1267 alia
1789 1245 1843 1267 ex-

1098 1283 1221 1326 pressio
1238 1285 1403 1325 babenda,
1419 1292 1472 1318 aut
1489 1287 1550 1320 alia
1567 1288 1726 1331 exquisita
1740 1288 1842 1322 forma

1097 1337 1202 1370 adhoc
1226 1340 1386 1372 servanda
1411 1340 1519 1381 soret,
1558 1346 1690 1375 tenores
1728 1342 1842 1376 huius-

1096 1392 1208 1432 modi,
1236 1403 1272 1425 ac
1297 1393 1324 1425 si
1350 1394 1389 1426 de
1415 1395 1515 1427 verbo
1542 1395 1580 1427 ad
1607 1395 1764 1436 verbum,
1792 1397 1841 1429 ni-

1096 1444 1142 1477 hil
1175 1446 1306 1488 penitus
1342 1447 1482 1487 omisso,
1515 1453 1546 1480 et
1579 1449 1681 1481 forma
1711 1449 1743 1482 in
1775 1450 1839 1483 illis

1096 1499 1213 1532 tradita
1237 1499 1407 1533 observata
1421 1527 1428 1539 ,
1456 1502 1719 1543 exprimerentur
1740 1510 1770 1536 et
1791 1503 1839 1536 in-

1096 1557 1292 1593 sererentur,
1302 1553 1415 1586 iisdem
1429 1554 1656 1596 praesentibus
1668 1566 1727 1598 pro
1739 1557 1838 1599 plene

1095 1617 1131 1638 ac
1155 1605 1355 1639 sufficienter
1380 1607 1541 1649 expressis
1567 1613 1597 1640 et
1622 1608 1754 1641 insertis
1782 1610 1839 1643 ba-

1095 1660 1233 1700 bentes,
1259 1661 1323 1693 illis
1349 1661 1426 1693 alias
1453 1661 1485 1693 in
1510 1672 1569 1694 suo
1606 1662 1725 1696 robore
1763 1674 1838 1706 per-

1095 1715 1254 1747 mansuris
1274 1742 1281 1755 ,
1308 1715 1347 1747 ad
1373 1715 1629 1758 livraemissoruni
1659 1716 1810 1751 effectum
1828 1745 1835 1758 ‚

1096 1769 1210 1801 harum
1246 1768 1329 1801 serie
1346 1795 1353 1809 ‚
1381 1769 1568 1811 specialiter
1603 1775 1634 1802 et
1659 1781 1811 1813 expresse
1828 1798 1835 1812 ‚

1095 1827 1192 1861 motu,
1209 1822 1354 1861 scientia,
1371 1822 1609 1856 deliberatione
1625 1825 1838 1867 etpotestatis

1095 1875 1460 1919 plenitudine.paribus,
1481 1876 1674 1918 derogamus
1693 1883 1723 1910 et
1742 1877 1838 1911 dero-

1095 1934 1205 1970 gatum
1237 1939 1309 1961 esse
1341 1930 1509 1970 volumus·,
1540 1930 1723 1973 ceterisque
1759 1942 1836 1964 con-

1095 1981 1200 2014 trariis
1228 1982 1504 2026 quibuscumque.

1138 2036 1152 2078 g
1177 2033 1208 2068 8.
1235 2035 1321 2068 Nulli
1349 2046 1427 2078 ergo
1454 2036 1588 2069 omnino
1608 2037 1779 2071 hominum
1798 2038 1837 2071 li-

1094 2094 1163 2121 ceat
1178 2088 1328 2132 paginam
1347 2089 1431 2121 lianc
1449 2089 1609 2122 nostram¹
1630 2092 1836 2134 suppressio-

1094 2142 1162 2181 nis,
1190 2141 1509 2182 dismembrationis,
1537 2145 1812 2186 praeservationis
1826 2172 1834 2185 ,

1094 2195 1374 2235 confirmationis,
1410 2196 1664 2238 reservationis,
1702 2208 1836 2232 conces-

1093 2250 1213 2290 sionis,
1252 2251 1482 2294 applicationis
1498 2279 1505 2292 ,
1536 2252 1812 2296 incorporationis
1829 2282 1836 2295 ,

1094 2304 1306 2343 intentionis,
1335 2305 1481 2346 decreti,
1506 2306 1648 2339 mandati
1682 2313 1713 2341 et
1742 2308 1837 2341 dero-

1093 2358 1232 2401 gationis
1251 2358 1441 2401 inti-ingere,
1457 2360 1507 2392 vel
1527 2359 1646 2393 eiausu
1660 2363 1835 2396 temerario

1093 2411 1276 2451 contraire,
1303 2411 1328 2444 si
1355 2411 1427 2456 quis
1454 2418 1562 2446 autem
1590 2414 1652 2447 boc
1673 2420 1833 2449 attentare

1092 2466 1366 2509 praesumpserit,
1392 2466 1652 2509 indignationem
1687 2469 1836 2512 omnipo-

1093 2519 1189 2552 tentis
1215 2519 1272 2553 Dei
1309 2530 1345 2553 ac
1380 2520 1551 2553 beatorum
1578 2521 1663 2553 Petri
1689 2527 1720 2554 et
1742 2522 1832 2556 Pauli

1091 2574 1316 2616 apostolorum
1338 2573 1406 2606 eius
1421 2584 1453 2606 se
1470 2573 1596 2606 noverit
1612 2574 1830 2609 incursurum.

1135 2626 1249 2659 Datum
1275 2626 1410 2667 Romae,
1438 2628 1522 2669 apud
1547 2627 1578 2660 S.
1610 2627 1740 2660 Mariam
1769 2629 1830 2662 Ma-

1126 2689 1138 2716 1
1160 2688 1261 2717 Forsan
1280 2692 1450 2719 nostrarum
1471 2689 1512 2717 vel
1531 2692 1699 2718 nostrorum
1718 2691 1760 2726 (a.
1777 2691 1829 2727 τ.).

1855 280 1903 307 An.
1926 281 1954 308 C.
1973 281 2041 308 1698

1873 2048 1961 2070 Sanctio
1982 2056 2031 2076 pne-

1845 2076 1908 2097 natis.
