2227 3225
135 237 182 261 An.
197 234 226 262 C.
251 235 317 261 ¹000

159 662 278 683 Exordium.

911 230 1093 253 alimmum
1119 230 1173 252 rili
1198 230 1245 252 Pf‘.

327 283 438 316 palatio
460 281 625 314 apostolico
646 279 791 312 Quirinali
812 286 909 305 coram
930 278 1060 305 sanctis·-

327 326 401 352 simo
422 325 540 351 domino
560 327 663 350 nostro
683 323 849 350 Alexandro
876 320 976 348 divina
995 328 1062 355 pro-

327 368 461 396 videntia
489 369 567 400 Papa
593 368 660 394 VIII
691 375 725 394 ac
755 366 1003 393 eminentissimis
1033 368 1063 392 et

326 413 583 440 reverendissimis
606 412 736 438 dominis
757 411 784 438 S.
806 412 837 438 R.
855 412 883 437 E.
905 410 1063 437 cardinali-

325 458 380 484 bus
397 458 427 483 in
443 456 508 483 tota
523 455 677 490 republica
695 454 861 482 christiana
872 457 976 482 contra
990 455 1063 481 hae-

325 503 451 528 reticam
471 502 650 534 pravitatem
666 500 857 534 generalibus
878 498 1065 532 inquisitori-

325 545 380 572 bus
409 553 424 571 a
454 544 561 571 sancta
589 544 663 572 Sede
687 542 861 577 Apostoliczi
888 543 1064 577 specialiter

328 590 493 623 deputatis,

371 651 594 684 Sanctissimis
621 650 774 684 dominus
793 655 908 683 noster
926 649 1064 682 Alexan-

328 705 387 738 der
411 705 495 748 Papa
520 704 583 737 wll
612 714 678 736 non
715 703 785 736 sine
816 713 933 745 magno
967 701 1064 734 animi

327 758 375 790 sui
391 768 541 790 moerore
560 757 681 790 audivit
698 757 776 790 duas
794 756 904 789 theses
922 766 977 788 seu
995 766 1066 799 pro-

328 810 521 852 positiones,
542 820 639 842 unam
666 810 772 843 denuo
798 814 829 842 et
854 808 885 841 in
910 808 1066 841 maiorem

328 862 471 894 fidelium
491 862 670 905 perniciem
695 861 852 901 suscitari,
873 862 1007 894 alteram
1026 861 1065 893 de

329 925 410 947 novo
436 925 618 958 erumpere.
646 915 695 955 Et,
718 925 790 947 cum
820 914 868 947 sui
894 913 1067 957 pastoralis

329 968 426 1000 officii
451 978 567 1001 munus
601 968 643 1000 sit
676 978 753 1000 oves
787 967 848 1000 sibi
883 967 1024 1000 creditas
1049 977 1066 999 a

330 1021 433 1054 noxiis
460 1021 587 1063 pascuis
612 1026 759 1053 avertere
791 1025 822 1054 et
846 1020 884 1053 ad
913 1020 1067 1053 salutaria

330 1084 460 1116 semper
484 1074 641 1116 dirigere,
661 1073 818 1106 dictarum
843 1073 980 1106 thesium
1002 1073 1067 1105 sive

331 1126 590 1168 propositionum
613 1137 746 1159 examen
763 1127 911 1169 pluribus
929 1126 960 1158 in
979 1128 1068 1158 sacra

332 1179 496 1220 theologia
521 1179 696 1221 magistris,
723 1189 758 1211 ac,
784 1179 902 1212 deinde
924 1179 1069 1211 eminen-

332 1232 463 1263 tissimis
486 1237 516 1264 et
541 1232 823 1264 reverendissimis
847 1231 987 1264 dominis
1002 1241 1069 1264 car-

333 1283 496 1315 dinalibus
523 1289 636 1316 contra
662 1284 858 1317 haereticam
875 1284 1068 1327 pravitatem

332 1337 540 1377 generalibus
569 1336 815 1378 inquisitoribus
846 1337 958 1370 sedulo
983 1348 1070 1369 com-

332 1389 429 1420 misit.
446 1388 515 1427 Qui,
530 1389 653 1431 pluries
668 1394 697 1421 et
711 1394 836 1422 mature
856 1390 1011 1422 discussis
1027 1390 1070 1422 in-

334 1442 510 1484 frascriptis
530 1441 679 1474 thesibus
698 1452 754 1474 seu
773 1443 1067 1485 propositionibus,

333 1504 429 1536 super
445 1497 640 1537 unaquaque
670 1494 812 1537 ipsarum
839 1505 894 1527 sua
920 1494 1070 1537 suffragia

332 1547 500 1580 Sanctitati
521 1548 602 1580 Suae
621 1548 811 1590 singillatim
833 1554 1067 1591 exposuerunt.

490 1604 693 1644 propositione
714 1606 917 1635 condemnatae.

378 1664 400 1688 1.
426 1667 437 1685 α
459 1655 588 1687 Bonitas
602 1654 762 1687 obiectiva
779 1655 927 1688 consistit
945 1655 975 1687 in
995 1665 1072 1687 con-

335 1707 498 1740 venientia
523 1707 641 1740 obiecti
668 1717 738 1739 cum
763 1710 878 1740 natura
898 1708 1070 1746 rationali,

336 1760 481 1793 formalis
505 1770 579 1793 vero
599 1760 631 1792 in
649 1760 873 1793 eonlbrmitate
893 1766 983 1793 actus
1001 1771 1070 1792 cum

335 1814 448 1855 regula
472 1823 609 1845 morum.
633 1812 678 1845 Ad
699 1812 761 1845 hoc
785 1813 902 1845 sufficit
926 1818 959 1845 ut
984 1818 1072 1845 aetus

336 1866 468 1898 moralis
495 1865 606 1898 tendat
627 1865 658 1897 in
679 1864 777 1897 smem
801 1866 949 1898 ultimum
975 1866 1073 1898 inter-

337 1918 512 1961 pretative:
537 1918 623 1950 hunc
643 1918 742 1950 homo
759 1927 823 1950 non
845 1923 972 1951 tenetur
989 1929 1074 1951 ama-

337 1982 393 2011 re,
420 1982 524 2015 neque
551 1971 583 2003 in
608 1970 771 2014 principio
788 1997 795 2010 ,
827 1981 935 2014 neque
960 1972 993 2004 in
1019 1973 1074 2005 de-

337 2035 431 2058 cursu
459 2025 541 2057 vitae
567 2034 643 2056 suae
667 2024 800 2056 moralis
818 2036 848 2057 r».

382 2088 416 2112 11.
435 2090 448 2109 α
462 2077 629 2110 Peccatum
645 2076 925 2120 philosophicum,
939 2087 994 2110 seu
1009 2087 1075 2111 mo-

338 2132 425 2170 rale,
452 2135 501 2163 est
525 2135 614 2162 aetus
640 2130 801 2162 humanus
826 2130 1075 2163 disconveniens

338 2190 474 2218 naturae
489 2183 640 2216 rationali
655 2188 686 2216 et
701 2189 807 2216 rectae
824 2184 964 2224 rati0ni;
984 2185 1075 2217 theo-

338 2237 478 2279 logicum
496 2247 571 2269 vero
596 2241 628 2269 et
652 2237 800 2276 mortale,
820 2242 867 2270 est
898 2242 1076 2279 transgres-

339 2290 388 2323 sio
407 2290 510 2323 libera
535 2289 662 2322 divinae
680 2289 772 2331 legis.
793 2289 1075 2332 philosophicum,

340 2343 547 2386 quantumvis
573 2352 679 2385 grave,
700 2342 732 2374 in
758 2343 814 2375 illo
833 2343 887 2386 qui
906 2343 1006 2376 Deum
1026 2345 1074 2376 vel

340 2396 477 2438 ignorat,
497 2396 547 2428 vel
567 2395 606 2428 de
624 2395 689 2428 Deo
707 2401 779 2427 actu
798 2405 864 2428 non
882 2396 1010 2438 cogitat,
1029 2402 1077 2429 est

341 2460 437 2492 grave
452 2454 631 2492 peccatum,
648 2449 703 2482 sed
718 2459 782 2483 non
800 2455 850 2483 est
868 2449 990 2483 oll'ensa
1009 2449 1076 2489 Dei,

341 2512 449 2545 neque
468 2507 633 2545 peccatum
648 2503 784 2535 mortale
803 2503 981 2535 dissolvens
999 2503 1076 2535 ami-

342 2554 449 2587 citiam
474 2554 552 2595 Dei,
579 2565 686 2598 neque
719 2557 850 2587 aeterna
885 2558 992 2597 poena
1023 2555 1073 2588 di-

343 2617 442 2651 gnum
469 2620 500 2641 ».

1763 221 1805 252 ‘77

1148 276 1269 315 Quibus
1283 277 1429 319 peractis,
1441 277 1674 315 Sanctissimus,
1690 277 1839 309 omnibus

1852 229 1888 255 An
1917 227 1945 254 C.
1969 229 2035 254 1694)

1878 292 1971 318 ἡκιυιιῐη
1986 300 2034 313 con·

1106 329 1200 371 plene
1227 334 1258 361 et
1283 334 1410 361 mature
1447 329 1679 366 consideratis,
1706 318 1957 371 pi*iinani‘¹“¹¹¹'¹¹¹¹⁰

1107 382 1222 415 thesim
1260 393 1318 415 seu
1358 382 1619 425 propositionem
1667 382 1843 415 declaravit

1108 435 1314 473 haereticam,
1337 434 1430 467 etuti
1458 435 1553 467 talem
1581 435 1794 467 damnandam
1812 440 1844 467 et

1107 487 1347 530 prohibendam
1366 498 1448 527 esse,
1468 487 1561 519 sicuti
1580 488 1709 520 damnat
1727 493 1758 519 et
1774 498 1844 530 pro·

1107 541 1198 573 hibet
1215 541 1274 573 sub
1296 541 1440 573 censuris
1461 546 1492 573 et
1509 541 1625 583 poenis
1643 546 1755 574 eontra
1773 542 1844 574 hae-

1109 594 1225 626 reticos
1250 599 1280 626 et
1305 604 1417 626 eorum
1455 593 1595 626 fautores
1629 594 1660 626 in
1698 594 1766 626 iure
1792 605 1845 627 ex-

1108 647 1252 689 pressis,
1282 647 1455 679 secundam
1492 647 1608 679 thesim
1641 658 1696 680 seu
1722 658 1844 691 propo-

1108 699 1257 732 sitionem
1283 700 1457 732 declaravit
1480 700 1718 741 scandalosam,
1749 707 1846 735 teme-

1109 753 1245 792 rariam,
1272 753 1401 796 piarum
1433 753 1559 786 aurium
1592 753 1790 795 offensivam,
1816 761 1848 788 et

1110 815 1298 845 erroneam,
1324 811 1355 838 et
1379 806 1423 838 uti
1451 807 1548 839 talem
1574 807 1790 840 damnandam
1816 813 1847 841 et

1110 858 1347 901 prohibendam
1363 869 1443 899 esse,
1462 858 1555 892 sicuti
1575 859 1707 893 damnat
1724 866 1755 894 et
1772 871 1849 904 pro-

1111 911 1211 950 hihet,
1238 911 1318 944 itaut
1343 912 1542 955 quicumque
1568 912 1658 946 illam
1684 914 1845 953 docuerit,

1111 964 1304 1004 defenderit,
1325 964 1472 1005 ediderit,
1493 970 1546 998 aut
1563 965 1602 999 de
1621 968 1659 999 ea
1676 967 1771 1000 etiam
1790 968 1849 1000 dis-

1110 1018 1269 1060 putaverit
1293 1018 1437 1061 publice,
1470 1029 1526 1051 seu
1558 1020 1707 1062 privatim
1733 1026 1849 1053 tracta-

1112 1071 1200 1108 verit.
1219 1071 1279 1103 nisi
1300 1071 1653 1115 sorsanimpugnando,
1673 1073 1743 1116 ipso
1765 1074 1848 1107 sacto

1112 1124 1231 1158 incidat
1255 1125 1287 1156 in
1319 1126 1711 1166 excommunicationem,
1737 1138 1754 1160 a
1785 1138 1849 1171 qua

1112 1186 1175 1209 non
1190 1177 1294 1220 possit
1311 1178 1554 1221 (praeterquam
1570 1179 1600 1211 in
1616 1179 1751 1213 articulo
1765 1191 1849 1213 mor-

1113 1231 1174 1272 tis)
1201 1231 1240 1263 ab
1259 1230 1322 1264 alio
1340 1241 1544 1274 quacumque
1570 1232 1664 1265 etiam
1691 1233 1847 1275 dignitate

1113 1284 1270 1325 fulgente,
1302 1283 1364 1316 nisi
1390 1294 1407 1316 a
1431 1294 1490 1326 pro
1517 1289 1664 1328 tempore
1689 1286 1848 1318 existente

1114 1336 1257 1368 Romano
1287 1335 1453 1378 Pontifice,
1479 1337 1614 1370 absolvi.
1642 1338 1779 1382 Insuper
1803 1339 1850 1371 di-

1113 1388 1222 1421 stricte
1241 1388 1273 1420 in
1292 1389 1408 1421 virtute
1430 1395 1559 1422 sanctae
1588 1390 1793 1424 obedientiae
1818 1396 1851 1424 et

1113 1442 1171 1474 snb
1191 1441 1451 1474 interminatione
1477 1442 1577 1474 divini
1602 1443 1712 1476 iudicii
1737 1444 1851 1487 prohi-

1114 1495 1168 1526 bet
1193 1494 1344 1527 omnibus
1371 1494 1650 1536 christifidelibus,
1676 1496 1852 1530 cuiuscum-

1115 1557 1177 1590 que
1214 1547 1434 1586 eonditionis,
1462 1547 1629 1590 dignitatis
1655 1560 1692 1582 ac
1730 1555 1852 1589 status,

1115 1600 1212 1632 etiam
1239 1600 1371 1642 speciali
1397 1605 1429 1632 et
1454 1600 1687 1643 specialissima
1711 1605 1788 1635 nota
1804 1603 1852 1635 di-

1115 1653 1196 1694 gnis,
1223 1663 1262 1685 ne
1288 1653 1484 1695 praedictam
1511 1654 1628 1687 thesim
1657 1665 1712 1688 seu
1732 1666 1852 1699 propo—

1114 1706 1263 1738 sitionem
1290 1706 1328 1738 ad
1354 1706 1478 1748 praxim
1501 1707 1673 1740 deducant.

1159 1764 1354 1796 ALExtxonn
1368 1763 1532 1797 speum-rs
1546 1769 1677 1798 sanctae
1689 1766 1852 1798 Romanae

1115 1820 1143 1848 el
1161 1816 1358 1848 um'versulis
1378 1816 1611 1859 Inquisiliom's
1632 1819 1792 1851 notarius.

1203 1880 1288 1912 Loco
1314 1881 1337 1922 ἦ*
1362 1879 1475 1923 sigilli.

1155 1940 1206 1970 Di:
1228 1949 1293 1969 xxiv
1316 1942 1424 1979 augusti
1447 1950 1543 1971 aincxc
1560 1944 1747 1981 supradictum
1761 1944 1852 1972 deere-

1116 1994 1172 2018 tnm
1194 1990 1312 2028 affixum
1334 1995 1358 2018 et
1378 1990 1549 2028 publicatum
1569 1992 1625 2029 fuit
1646 1992 1681 2020 ad
1702 1992 1792 2021 valvas
1808 1992 1852 2021 ha-

1116 2039 1209 2068 silirae
1217 2038 1358 2078 Principis
1366 2039 1568 2077 Apostolorum,
1584 2039 1771 2070 Cancellarz‘ae
1779 2041 1851 2080 elpo-

1117 2087 1236 2124 xtolirae,
1255 2088 1283 2116 in
1298 2088 1357 2116 acie
1380 2086 1572 2125 Campislorae,
1592 2098 1624 2117 ac
1648 2089 1676 2117 in
1698 2089 1762 2118 aliis
1788 2089 1853 2118 locis

1116 2137 1202 2166 solitis
1223 2140 1248 2164 et
1269 2136 1403 2164 consuetis
1426 2135 1518 2173 Urbis,
1540 2146 1591 2175 per
1612 2146 1654 2166 me
1676 2136 1853 2167 Franciscum

1117 2184 1261 2213 Petrinum
1282 2185 1385 2213 donam·
1403 2185 1489 2213 nostri
1512 2184 1542 2213 P.
1569 2184 1599 2214 P.
1622 2190 1647 2214 et
1668 2187 1854 2215 sanctissimae

1117 2233 1305 2271 lnquisitionz's
1326 2242 1474 2262 cursorem.

1347 2407 1438 2440 xxvi
1464 2408 1523 2451 (az.
1551 2407 1620 2452 95).

1119 2502 1338 2545 Confirmalur
1371 2509 1399 2537 et
1424 2505 1603 2539 innovatur
1631 2507 1749 2540 creatio
1775 2507 1854 2542 Caua

1161 2557 1362 2599 yreqalt'om‘s
1401 2557 1660 2600 presbyterorum
1704 2560 1850 2592 saecula-

1162 2610 1250 2642 rium
1276 2610 1313 2642 B.
1335 2610 1378 2642 M.
1395 2611 1589 2654 Assumplae
1606 2612 1852 2653 Bracharensis,
