2254 3225
229 264 275 291 An.
298 264 326 291 C.
346 263 413 290 1694
459 254 523 287 6⁶24
998 260 1173 285 numanum

594 310 788 339 Innocentius
807 309 976 344 episcopus,

612 363 720 382 servus
732 361 884 382 servorum
896 353 959 386 Dei,

537 402 573 427 ad
588 402 767 434 perpetuam
785 398 830 426 rei
850 397 1034 426 memoriam.

465 470 652 504 Animarum
671 468 776 503 zelus¹
795 468 892 502 nullis
909 465 1055 500 terminis
1070 475 1154 498 com-

420 525 614 568 prehensus,
641 522 897 564 universalisque
923 519 1073 553 dominici
1088 528 1155 560 gre-

422 578 470 620 gis
494 588 571 610 cura
601 577 705 615 nobis,
722 575 799 609 licet
823 573 1005 611 immeritis,
1031 582 1067 604 ex
1089 572 1154 604 alto

421 630 603 669 commissa,
626 638 754 662 necnon
779 625 938 669 unigeniti
964 624 1020 657 filii
1045 622 1101 656 Dei
1124 627 1156 655 et

423 681 543 719 domini
571 680 672 714 nostri
689 680 759 712 lesu
781 677 899 713 Christi
918 677 955 710 ad
975 675 1084 708 infima
1098 675 1157 707 hu-

422 733 558 767 iusmodi
583 744 642 777 pro
674 733 817 765 humano
854 729 1007 764 salvando
1034 737 1155 772 genere

423 788 615 826 descensus,
642 785 809 829 ipsiusque
837 787 1046 828 praeceptum
1071 781 1157 824 Apo-

422 840 532 873 stolis'¹
545 839 786 873 demandatum:
800 837 858 877 Ite,
870 835 1054 880 praedicate
1067 844 1158 866 evan-

421 893 542 937 9elium
558 891 648 925 omni
664 895 841 930 creaturae,
859 894 1000 922 mentem
1015 893 1157 920 nostram

423 945 578 979 continuo
603 943 793 983 sollicitant,
820 947 855 974 ut
879 941 994 974 studiis
1020 939 1178 972 assiduis

422 999 461 1032 ad
479 1009 516 1032 ea
540 996 707 1031 intendere
733 995 915 1033 debeamus,
941 1003 1000 1037 per
1025 1003 1106 1036 quae
1127 992 1157 1024 fi-

423 1051 478 1084 des
513 1055 626 1083 nostra
658 1048 817 1082 catholica
847 1047 967 1090 ubique
1002 1046 1041 1078 ab
1071 1045 1156 1078 omni

423 1108 621 1148 expurgetur
653 1099 774 1134 zizania
791 1127 798 1141 ,
836 1099 1006 1142 omnisque
1048 1097 1156 1141 vepris

423 1167 538 1201 expers
565 1161 677 1198 surgat
708 1160 739 1187 et
762 1158 972 1198 propagetur,
997 1157 1158 1185 errantes-

423 1221 484 1255 que
507 1220 594 1250 oves,
615 1208 776 1242 diabolica
792 1207 902 1239 fraude
922 1206 1157 1248 haeresumque

423 1262 580 1307 pravitate
594 1260 791 1304 eor1·eptae³,
807 1260 844 1292 ad
859 1259 952 1299 ovile,
968 1257 1099 1300 verique
1114 1258 1159 1289 lu·
1178 1261 1179 1285 l

423 1316 518 1350 minis
536 1314 737 1358 agnitionem
754 1313 962 1346 reducantur.
983 1311 1159 1354 Propterea
1179 1330 1180 1343 2

423 1379 522 1403 novas
539 1368 631 1401 sedes
645 1377 810 1409 novosque
829 1370 976 1409 pastores
990 1364 1159 1397 instituere

424 1422 592 1462 debemus,
616 1425 651 1452 ut
676 1419 800 1453 facilius
825 1429 900 1452 oves
922 1419 1018 1461 ipsae,
1038 1417 1084 1449 sie
1106 1417 1160 1449 de·
1179 1427 1180 1446 ι

423 1475 581 1520 perditae,
608 1484 640 1506 se
674 1473 706 1505 in
741 1483 794 1505 eas
827 1471 983 1504 reducere
1014 1471 1157 1510 valeant,

424 1527 614 1572 praesertim
649 1525 745 1558 etiam
781 1534 851 1556 cum
890 1522 1073 1556 sublimium
1110 1532 1160 1555 re-

424 1591 499 1624 gum
524 1583 596 1612 vota
614 1583 646 1611 et
667 1582 760 1621 gesta
777 1576 807 1609 id
826 1580 1009 1620 exposcant,
1028 1579 1059 1608 et
1076 1585 1161 1608 com-

425 1635 588 1681 periamus
612 1633 644 1666 in
669 1631 805 1665 Domino
831 1640 889 1674 pro
916 1628 1093 1662 animarum
1114 1639 1182 1661 sa-v

425 1689 492 1723 lute
516 1687 548 1720 id
570 1685 734 1730 expedire.
1180 1722 1182 1736 1

472 1742 487 1783 Ξ
513 1740 544 1774 l.
578 1739 656 1772 Cum
680 1738 811 1782 itaque,
837 1736 919 1770 sicut
952 1735 1159 1779 accepimus,
1180 1738 1182 1790 2

428 1792 613 1827 carissimus
639 1791 671 1824 in
697 1790 824 1824 Christo
851 1789 933 1822 filius
965 1793 1074 1821 noster
1105 1788 1183 1820 Lu-'

428 1846 561 1880 dovicus
580 1846 776 1879 Francorum
792 1848 823 1876 et
839 1842 995 1876 Navarrae
1013 1852 1065 1874 rex
1081 1840 1162 1874 chri·
1181 1842 1183 1846 ’

428 1898 654 1938 stianissimus,
669 1897 708 1930 ad
732 1896 786 1930 Dei
813 1897 914 1929 solum
933 1897 1062 1935 cultum,
1085 1895 1163 1928 eius·
1182 1906 1186 1937 ρ

429 1963 492 1997 que
512 1951 715 1985 orthodoxae
735 1949 816 1992 legis
832 1949 1078 1988 observantiam,
1096 1959 1164 1981 san-

429 2012 499 2041 ctae
524 2005 634 2039 matris
651 2004 812 2037 Ecclesiae
839 2002 1072 2041 exaltationem,
1088 2001 1165 2035 hae·

429 2068 599 2102 resumque
619 2056 866 2100 extirpationem
880 2061 911 2088 et
926 2055 1163 2088 haereticorum
1184 2074 1186 2093 t

430 2112 655 2146 confusionem
680 2110 772 2144 enixe
793 2109 944 2149 intentus,
971 2107 1077 2141 divina
1101 2108 1163 2151 piis
1184 2096 1186 2125 ἶ

431 2166 500 2199 eius
525 2164 692 2199 conatibus
720 2164 843 2196 favente
868 2162 980 2206 gratia,
1003 2167 1049 2194 tot
1064 2161 1165 2195 millia

431 2219 644 2258 subditorum,
659 2229 675 2250 a
689 2217 737 2250 via
751 2216 861 2249 salutis
875 2226 933 2260 per
949 2215 1083 2248 Satanae
1097 2226 1166 2258 sug-

431 2272 597 2316 gestiones
623 2269 853 2309 aberrantium,
871 2269 909 2301 ad
936 2268 1081 2301 eiusdem
1099 2278 1166 2300 san-

432 2330 501 2359 ctae
527 2323 639 2357 matris
663 2322 825 2356 Ecclesiae
852 2321 1009 2364 gremium
1036 2320 1165 2364 propria
1186 2353 1188 2357 ,

432 2377 653 2422 applicatione
680 2381 711 2408 et
735 2376 812 2407 cura
830 2374 967 2407 feliciter
984 2372 1166 2413 reduxerit,
1186 2364 1188 2375 ¹

269 484 382 505 Exordium
396 488 408 503 a

228 517 276 541 cura
294 517 369 531 >illiniat
377 515 409 530 um

228 541 322 565 petitum.

296 1752 416 1778 nezi-<ripun

233 1780 304 1806 oppidi
319 1779 388 1800 Ali-nii,

468 2476 479 2501 1
505 2473 578 2501 Bulla
597 2473 648 2499 ista
674 2471 772 2506 legitur
801 2470 880 2497 etiam
910 2470 935 2495 in
962 2469 1060 2496 Gallia
1081 2469 1165 2497 Chri-

435 2520 551 2553 suana,
574 2522 637 2544 tom.
662 2523 706 2548 Vt,
732 2516 803 2542 inter
827 2515 1005 2540 instrumenta
1023 2513 1056 2540 ad
1080 2514 1166 2548 ipsum

435 2567 502 2590 tom.
521 2569 546 2589 vt
566 2561 680 2594 adiecta,
701 2568 762 2594 pag.
782 2559 833 2585 255
854 2562 879 2584 et
898 2566 955 2592 seq.
978 2560 1014 2590 (n.
1034 2559 1082 2589 T.).

469 2610 485 2635 2
507 2607 572 2634 Male
591 2605 655 2633 edit.
676 2604 759 2631 Main.
781 2603 845 2638 legit
864 2602 992 2636 Apostoli
1012 2605 1051 2636 (n.
1072 2603 1118 2635 r).

470 2653 485 2681 3
505 2651 571 2679 Male
587 2649 652 2677 edit.
669 2648 753 2676 Main.
772 2647 835 2682 legit
851 2649 993 2681 correptus
1012 2646 1051 2680 (n⁴
1068 2646 1116 2681 r).

1200 259 1353 283 nonANrM

1192 307 1326 351 cupiens
1343 305 1472 339 eosdem
1498 316 1573 338 suos
1589 306 1744 344 subditos,
1759 305 1801 336 uti
1820 304 1926 336 adhuc

1194 364 1321 393 teneros
1359 359 1429 392 vitis
1460 359 1675 400 evangelicae,
1702 358 1754 401 qui
1780 357 1925 390 Christus

1194 417 1254 452 est,
1274 412 1434 455 palmites,
1448 411 1481 444 in
1499 411 1600 454 ipsius
1617 410 1679 443 side
1705 412 1778 443 vera
1804 420 1926 453 peram-

1193 463 1278 506 plius
1303 463 1465 497 confoveri
1490 468 1522 495 et
1545 462 1758 502 consolidari,
1783 472 1819 494 ac
1842 472 1926 495 eom-

1194 516 1319 549 modius
1344 516 1460 548 instrui
1491 520 1524 547 et
1547 514 1731 557 gubernari,
1755 514 1841 547 inter
1865 514 1926 547 alia

1195 568 1234 600 ad
1260 568 1322 601 hoc
1337 578 1412 601 vere
1429 578 1522 600 suum
1539 567 1663 610 regium
1679 566 1840 600 intentum
1856 577 1927 600 con-

1196 620 1345 653 ducentia
1369 621 1485 662 media,
1510 621 1635 653 nullum
1663 619 1748 654 aliud
1773 624 1929 663 opportu-

1196 673 1268 707 nius
1292 674 1360 707 fore
1386 674 1593 717 compererit,
1617 684 1712 717 quam
1736 673 1761 706 si
1779 677 1928 706 recenter

1196 728 1360 760 conversis
1374 726 1643 760 christifidelibus
1654 726 1687 758 in
1701 725 1836 759 vallibus
1850 725 1930 758 Heb-

1196 779 1370 822 bennieis¹,
1383 781 1476 823 vulgo
1486 780 1544 812 Les
1554 779 1720 818 Sevenncs,
1736 778 1929 818 constitutis,

1197 838 1229 867 et
1252 844 1420 866 numerum
1446 834 1589 876 quinque
1617 830 1817 865 milliadum²
1841 841 1931 864 exce-

1198 886 1348 919 dentibus
1375 886 1443 929 (qui
1469 896 1505 918 ex
1538 886 1606 918 sola
1630 884 1855 929 praesistentia
1880 894 1931 917 re-

1198 939 1353 972 nerabilis
1371 939 1477 971 fratris
1503 937 1604 971 nostri
1631 937 1776 981 episcopi
1800 937 1933 970 Nemau-

1198 992 1311 1031 sensis,
1337 992 1369 1024 in
1396 991 1486 1024 cuius
1512 990 1669 1023 dioecesis
1692 990 1853 1023 territorio
1871 991 1934 1023 val-

1198 1045 1244 1077 les
1268 1044 1453 1088 praedictae
1478 1049 1564 1083 sunt,
1588 1043 1628 1076 ob
1655 1043 1842 1076 earumdem
1867 1043 1932 1076 ral-

1199 1098 1276 1130 lium
1312 1108 1328 1130 a
1364 1097 1491 1130 civitate
1515 1095 1743 1136 Nemausensi,
1770 1095 1824 1128 ubi
1864 1095 1934 1139 ipse

1199 1151 1374 1194 episcopus
1398 1149 1529 1190 residet,
1551 1159 1676 1192 aspero,
1693 1154 1876 1187 montuoso,
1894 1149 1935 1182 la-

1199 1203 1334 1236 borioso
1370 1207 1402 1235 et
1439 1201 1561 1235 difficili
1593 1201 1737 1245 plurium
1769 1202 1934 1235 leucarum

1199 1257 1421 1289 intercedente
1446 1255 1564 1289 itincre
1590 1255 1789 1296 distantiam,
1814 1255 1935 1288 ibidem

1201 1309 1390 1349 visitationis
1415 1309 1497 1342 adeo
1533 1308 1737 1342 necessariae
1763 1318 1878 1341 munus
1904 1313 1935 1342 et

1201 1363 1376 1406 pastoralia
1410 1372 1546 1395 munera
1582 1367 1615 1395 et
1649 1361 1765 1395 solatia
1790 1362 1935 1405 recipere

1200 1426 1267 1448 non
1293 1417 1414 1458 valent)
1435 1415 1588 1458 proprius
1614 1416 1743 1458 praesul
1769 1420 1800 1447 et
1824 1419 1936 1458 pastor

1201 1468 1377 1500 animarum
1401 1467 1633 1500 attribueretur
1651 1472 1682 1500 et
1701 1467 1931 1509 assignaretur,

1202 1522 1256 1565 qui
1283 1520 1431 1565 proprias
1456 1531 1529 1554 oves
1547 1522 1759 1564 cognosdcret
1777 1526 1809 1553 et
1828 1531 1937 1564 pasce-

1202 1580 1263 1616 ret,
1290 1585 1326 1608 ac
1350 1575 1389 1607 ab
1420 1575 1499 1618 ipsis
1523 1575 1590 1607 vice
1619 1576 1719 1607 versa.
1743 1574 1775 1606 in
1800 1574 1936 1607 veritate

1203 1629 1348 1662 docenda
1372 1633 1403 1661 et
1426 1627 1620 1671 praestanda
1638 1626 1824 1660 obedientia
1840 1636 1936 1668 agno-

1203 1686 1363 1721 sceretur,
1391 1690 1426 1713 ac
1458 1680 1595 1723 preinde
1624 1685 1659 1712 ut
1690 1679 1848 1712 dictarum
1873 1680 1937 1712 val-

1203 1734 1280 1767 lium
1307 1733 1506 1766 territorium
1532 1743 1549 1765 a
1570 1732 1711 1765 dioecesi
1729 1732 1937 1766 Nemausensi

1204 1797 1366 1830 separare,
1383 1785 1604 1829 oppidumque
1623 1785 1720 1818 Alesii
1742 1786 1841 1829 (quod
1856 1786 1939 1830 ipsa-

1204 1851 1273 1872 rum
1298 1839 1428 1872 vallium
1454 1844 1561 1881 caput,
1574 1838 1673 1871 muris
1700 1838 1850 1878 cinctum,
1865 1849 1939 1871 arce

1204 1898 1235 1927 et
1258 1892 1421 1936 praesidio
1442 1891 1610 1932 munitum,
1633 1892 1835 1935 praefectura
1850 1892 1941 1925 deco-

1205 1953 1327 1986 ratum,
1354 1946 1498 1989 quinque
1540 1945 1736 1987 regularium
1771 1945 1940 1988 utriusque

1204 2012 1296 2044 serus
1314 1999 1488 2039 coenobiis,
1509 1998 1661 2041 hospitali
1679 2004 1711 2031 et
1728 1998 1851 2031 duabus
1868 2009 1941 2031 con-

1206 2052 1458 2086 fraternitatibus
1483 2051 1682 2094 insignitum,
1699 2051 1748 2083 bis
1766 2051 1854 2084 mille
1872 2052 1940 2084 fere

1206 2105 1351 2145 familiis,
1378 2115 1456 2147 quas
1480 2104 1567 2136 inter
1592 2104 1702 2146 plures
1728 2103 1875 2144 nobiles,
1903 2114 1940 2136 ac

1208 2164 1271 2191 tres
1286 2169 1321 2191 ex
1341 2162 1481 2201 quatuor
1498 2155 1642 2199 partibus
1660 2156 1855 2199 neophytae,
1868 2167 1942 2190 con-

1207 2217 1318 2251 stans,
1343 2210 1426 2243 aeris
1459 2209 1555 2242 etiam
1587 2208 1778 2241 salubritate
1813 2220 1849 2242 ac
1879 2208 1939 2242 soli

1209 2264 1371 2297 fertilitate
1397 2262 1555 2305 gaudens,
1575 2272 1611 2293 ac
1625 2261 1662 2293 ad
1682 2261 1711 2293 id
1726 2261 1817 2294 valde
1829 2268 1940 2304 aptum

1208 2317 1409 2352 commodum
1434 2320 1466 2348 et
1483 2320 1702 2358 opportunum
1727 2314 1788 2356 est)
1814 2314 1846 2347 in
1871 2315 1942 2348 ciri-

1208 2377 1325 2410 tatem,
1351 2369 1498 2411 inibique
1519 2367 1711 2400 existentem
1737 2368 1940 2401 saecularem

1209 2431 1239 2458 et
1264 2423 1465 2465 collegiatam
1490 2420 1660 2454 ecelesiam
1684 2420 1715 2454 S.
1742 2420 1871 2454 Ioannis
1887 2421 1942 2454 Ba-

1208 2478 1322 2522 ptistae
1349 2476 1490 2518 (amplae
1515 2479 1547 2507 et
1571 2473 1729 2516 elegantis
1755 2479 1940 2514 structurae,

1930 255 1977 281 An.
2001 254 2028 284 C.
2049 254 2110 282 1694

1244 2557 1256 2582 1
1279 2557 1308 2582 In
1322 2555 1416 2583 Gallia
1429 2553 1596 2580 Christiana
1608 2553 1660 2584 leg.
1673 2554 1702 2577 1ιί
1714 2553 1839 2580 hunnicis
1852 2554 1941 2585 (nm).

1244 2601 1259 2627 Ξ
1280 2599 1351 2626 Edit.
1365 2598 1451 2625 -Main.
1478 2597 1541 2631 tegit
1568 2597 1773 2629 misti-iculum,
1802 2598 1825 2623 in
1849 2598 1943 2624 Gallia

1211 2644 1376 2672 Christiana
1398 2643 1494 2678 legitur
1516 2641 1682 2668 miltiadem
1704 2642 1801 2677 (nn).
