2227 3225
137 230 187 258 An.
209 230 238 257 C.
258 230 325 260 ¹695

909 230 1115 255 ux'NOCENTlt's
1139 231 1182 254 ΧΠ
1206 232 1253 255 ΡΡ.

329 279 425 313 ficere
442 279 510 312 sola
532 284 638 322 potest
662 279 896 322 omnipotentis
915 280 970 311 Dei
989 279 1064 311 dex-

331 338 412 373 tera,
439 333 490 364 cui
527 343 615 365 mare
647 337 678 365 ct
710 333 796 364 venti
834 332 967 365 obedire
999 342 1064 364 non

330 387 523 418 detrectant.
546 384 638 423 Quod
656 385 794 428 proinde
817 385 895 417 alias
916 382 1064 417 indictis¹

329 439 458 481 publice
484 449 541 482 per
566 439 750 472 universum
776 439 990 471 christianum
1014 448 1066 471 or-

329 491 403 524 bem
426 491 577 535 precibus
603 502 619 523 a
644 492 736 525 Patre
768 491 1064 525 misericordiarum

330 544 470 587 supplici
517 544 699 587 devotaque
726 545 909 578 humilitate
941 544 1065 587 flagita-

329 597 441 637 vimus,
468 602 503 629 ut
523 597 719 630 christianos
746 597 925 641 principes,
940 597 1067 630 alienis·
1086 606 1087 613 ¹

330 650 412 685 simo
437 650 637 693 reipublicae
668 655 812 694 tempore
843 650 928 682 inter
952 661 986 683 se
1012 645 1087 683 de-'

331 707 504 743 certantes,
529 704 566 736 ad
592 703 761 746 pristinam
786 703 992 736 concordiam
1018 705 1088 735 re-,'

1086 758 1087 763 ’
1108 754 1258 796 gentibus
1279 755 1375 797 longo
1399 755 1487 790 bello
1504 757 1598 790 sessis
1615 757 1844 790 dabittandem

331 808 498 841 christiani
524 808 664 841 nominis
685 809 819 841 tutelam
844 814 955 841 contra
979 818 1067 841 com·
1087 811 1088 814 ’

330 766 456 796 vocare,
488 766 668 799 eorumque
703 755 839 789 consilia
863 761 894 788 et
917 755 1001 789 vires
1027 755 1065 788 ad

332 871 460 894 munem
484 861 570 894 illius
586 862 712 894 hostem
727 861 852 895 sociare
866 861 1065 904 dignaretnr;

331 914 361 947 id
384 924 469 947 nunc
494 914 712 958 potissimum,
730 925 802 948 cum
822 915 964 948 nefarius
989 914 1067 947 Tur-

331 978 440 1001 carum
466 973 636 1011 tyrannus,
664 968 825 1001 diuturnis
851 968 981 1001 illorum
1007 968 1068 1000 dis-

335 1021 458 1053 cordiis
499 1020 652 1061 illectus,
689 1022 773 1054 vires
808 1026 904 1064 atque
944 1021 1067 1054 animos

332 1073 439 1113 sumit,
466 1073 672 1117 ditioncsque
704 1074 896 1107 christianas
921 1074 1067 1107 cladibus

332 1126 497 1159 involvere
523 1127 705 1167 meditatur,
742 1128 929 1160 ferventiori
962 1128 1068 1161 cordis

332 1178 447 1212 affectu
469 1180 651 1213 faciendum
670 1191 850 1213 censemus.
879 1181 965 1214 Licet
982 1182 1067 1214 enim

332 1243 390 1276 pro
416 1233 516 1266 nostri
543 1234 712 1276 pastoralis
734 1234 830 1267 officii
857 1234 967 1267 debito
989 1235 1069 1277 (mc-

333 1296 440 1319 mores
466 1285 554 1319 illius
580 1297 639 1319 nos
665 1287 751 1319 vices
776 1297 889 1329 gerere
912 1287 942 1319 in
966 1288 1067 1328 terris,

333 1339 387 1381 qui
424 1349 563 1371 nascens
599 1350 635 1372 ex
669 1339 799 1382 Virgine
836 1350 894 1383 per
929 1341 1068 1373 caelicos

333 1392 417 1425 cives
442 1402 554 1435 pacem
583 1392 769 1425 hominibus
795 1393 900 1426 bonae
926 1395 1069 1426 volunta-

333 1445 372 1478 tis
397 1445 612 1486 annunciavit,
639 1451 670 1478 et
694 1456 866 1489 resurgens
891 1457 908 1479 a
932 1447 1067 1480 mortuis

331 1508 367 1531 ac
392 1508 586 1531 ascensurus
611 1498 650 1531 ad
676 1499 799 1532 caelum
825 1510 936 1542 pacem
957 1500 1068 1533 itidem

330 1551 464 1595 reliquit
489 1552 666 1595 discipulis,
692 1558 728 1585 ut
752 1558 783 1586 et
807 1553 868 1596 ipsi
895 1554 965 1586 eius
999 1554 1069 1586 imi-

333 1610 439 1637 tantes
457 1606 642 1648 exemplum
659 1616 774 1649 pacem
795 1607 867 1639 aliis
888 1606 1067 1650 edicerent)

331 1657 417 1691 labia
455 1662 566 1691 nostra
591 1658 748 1691 hactenus
772 1669 838 1692 non
863 1660 1068 1703 prohibueri-

330 1720 409 1750 mus,
436 1720 472 1743 ac
497 1710 675 1743 catholicos
694 1712 872 1755 principes,
897 1718 932 1745 ut
955 1723 1066 1746 vocem

333 1763 510 1805 sanguinis,
530 1764 583 1806 qui
605 1763 724 1797 ess'usus
743 1770 792 1797 est
808 1771 967 1809 tamquam
985 1777 1067 1810 aqua

334 1815 367 1847 in
393 1815 530 1848 circuitu
549 1816 752 1849 Hierusalem
778 1818 815 1850 ad
842 1829 898 1851 eos
918 1819 957 1851 de
982 1821 1066 1852 terra

333 1869 522 1902 clamantem
549 1869 710 1909 audirent,
746 1871 868 1913 pluries
904 1873 1066 1905 monueri-

333 1931 418 1962 mus,
444 1931 558 1964 pacem
590 1922 653 1955 illis
686 1924 924 1965 praedicantes,
951 1935 987 1957 ac
1011 1936 1067 1968 op-

332 1979 474 2018 portune
500 1980 532 2007 et
556 1974 744 2018 importune
771 1977 867 2010 etiam
893 1977 1063 2019 instantes,

332 2038 394 2060 nec
419 2037 495 2060 sane
520 2027 605 2061 inter
630 2033 677 2061 tot
701 2039 808 2062 rerum
830 2041 866 2063 ac
888 2035 1065 2074 temporum

333 2079 540 2114 difficultates
564 2081 671 2115 animo
693 2081 887 2122 deficientes,
914 2084 1009 2117 etiam
1033 2085 1065 2117 in

331 2138 518 2177 posterum,
545 2145 603 2177 pro
629 2145 667 2167 eo
693 2146 756 2179 quo
791 2141 937 2169 tenemur
961 2138 1066 2180 publi-

333 2197 389 2219 cae
415 2187 534 2229 quietis
561 2187 738 2227 desiderio,
765 2194 827 2221 tam
853 2191 993 2223 salutare
1018 2192 1064 2223 rei

332 2239 527 2274 christianae
551 2251 633 2284 opus
659 2242 745 2274 omni
763 2242 861 2275 animi
886 2244 1066 2277 contentio-

333 2303 391 2334 ne,
418 2294 526 2328 studio
552 2301 649 2339 atque
675 2299 774 2339 opera
799 2307 915 2339 urgere
940 2309 976 2331 ac
994 2310 1066 2342 pro-

332 2357 462 2381 movere
476 2347 611 2382 tirmiter
624 2351 902 2393 proposuerimus,
918 2352 1065 2385 animam-

333 2410 396 2444 que
421 2405 573 2441 nostram,
600 2402 625 2434 si
651 2402 694 2435 ita
719 2413 772 2436 res
799 2404 917 2444 tulerit,
943 2416 1002 2447 pro
1031 2416 1065 2439 o-

330 2453 423 2485 vibus
448 2463 544 2486 curae
568 2460 701 2488 nostrae
727 2457 910 2489 commissis
929 2468 1065 2501 evange-

331 2505 386 2538 lici
425 2505 565 2538 Pastoris
605 2509 752 2551 exemplo
797 2520 920 2551 ponere
957 2512 1062 2554 parati

331 2558 448 2599 simus3
473 2559 696 2602 nihilominus,
723 2562 796 2605 quia
821 2563 922 2606 probe
948 2565 1063 2598 scimus
1084 2595 1085 2599 ,

367 2621 379 2647 1
401 2619 472 2648 Edit.
492 2620 571 2648 Main.
593 2621 657 2657 tegit
676 2623 708 2650 in
729 2623 813 2652 dictis
832 2625 868 2659 (R.
887 2625 935 2660 Τ.).

1108 279 1187 312 niliil
1213 279 1360 322 profecto
1386 290 1465 319 esse,
1492 281 1576 322 quod
1604 281 1664 312 sibi
1699 281 1840 314 humana

1106 331 1266 374 sapientia
1284 337 1379 374 atque
1401 332 1563 364 industria
1580 333 1749 365 vendicare
1765 344 1839 376 pos-

1107 382 1170 422 sit,
1197 383 1258 416 nisi
1284 384 1434 417 caelestis
1468 385 1590 427 gratiae
1616 396 1678 428 ope
1708 386 1838 419 adiuve-

1108 440 1168 475 tur,
1194 436 1233 468 ad
1259 436 1355 476 Eum,
1384 437 1438 480 qui
1463 437 1552 470 dives
1583 443 1631 470 cst
1655 438 1687 470 in
1713 439 1838 471 miseri-

1107 489 1228 528 cordia,
1251 491 1467 523 concordibus
1490 491 1751 524 christifidelium
1771 502 1840 535 pre-

1107 541 1287 575 cationibus
1311 543 1489 587 impensius
1522 544 1629 578 denuo
1665 545 1840 586 confugere

1107 595 1345 636 constituimus,
1372 602 1549 640 sperantes,
1568 598 1655 641 quod
1674 608 1740 630 non
1766 608 1842 630 cou-

1108 648 1215 681 cludet
1232 649 1384 681 Dominus
1398 650 1429 682 in
1444 650 1553 692 gladio
1568 652 1723 694 populum
1738 662 1840 691 suum,

1108 711 1168 733 nec
1205 701 1437 735 haereditatem
1474 713 1564 736 suam
1602 710 1757 747 spernet,
1786 705 1842 737 sed

1109 806 1194 839 illam
1212 834 1219 847 ‚
1246 818 1341 850 quam
1367 809 1505 842 mundus
1530 809 1606 843 dare
1631 820 1697 843 nou
1722 815 1842 853 potest,

1108 870 1230 902 pacem.
1247 860 1292 893 Nc
1311 866 1416 895 tamen
1442 862 1651 906 exprobrari¹
1672 864 1765 897 nobis
1790 876 1845 897 au-

1109 912 1234 946 diamus
1260 915 1485 957 propheticum
1504 916 1626 949 illud²t
1653 917 1846 951 Pcrcusm'sti

1109 975 1168 1005 σος,
1195 973 1224 999 et
1249 977 1312 999 non
1345 967 1527 1008 (latuerunt,
1553 970 1711 1002 aurii-ini
1734 981 1793 1010 COS,
1818 974 1846 1004 et

1109 1023 1287 1052 renuerunt
1319 1020 1461 1063 accipere
1491 1021 1716 1065 disciplinam,
1744 1024 1846 1067 lacry-

1111 1071 1181 1112 mis,
1208 1072 1346 1113 ieiuniis,
1373 1074 1595 1119 eleemosynis,
1621 1076 1758 1120 aliisque
1784 1077 1845 1120 piis

1111 1125 1264 1168 operibus
1281 1125 1420 1160 divinam
1439 1127 1695 1171 indignationem
1715 1130 1845 1173 placare

1111 1179 1305 1219 studeamus,
1330 1185 1364 1212 ut
1388 1181 1662 1215 elementissimus
1693 1183 1845 1218 Dominus

1112 1237 1143 1263 et
1166 1232 1248 1264 Deus
1273 1238 1395 1272 noster,
1412 1233 1467 1277 qui
1485 1234 1560 1267 facit
1576 1246 1691 1278 pacem
1717 1235 1749 1268 in
1770 1237 1846 1270 sub-

1112 1284 1250 1325 limibus,
1275 1291 1306 1318 et
1338 1296 1431 1329 reges
1465 1287 1496 1319 in
1533 1288 1661 1321 thronis
1693 1290 1843 1330 collocat,

1111 1338 1367 1371 orthodoxorum
1386 1340 1571 1383 principum
1590 1342 1722 1382 animos,
1739 1343 1846 1376 subla-

1113 1389 1151 1421 tis
1189 1390 1337 1431 dissidiis,
1375 1397 1463 1425 arcto
1500 1399 1594 1436 atque
1627 1394 1846 1429 indissolubili

1112 1443 1277 1476 charitatis
1294 1444 1422 1477 vinculo
1442 1446 1627 1489 coniungat,
1650 1453 1846 1492 nostrosque

1111 1496 1238 1529 labores
1263 1502 1294 1529 et
1318 1508 1419 1537 curas,
1445 1509 1480 1531 ac
1507 1509 1607 1542 spem,
1635 1511 1729 1543 quam
1752 1501 1783 1533 in
1814 1512 1847 1534 e-

1112 1549 1159 1582 ius
1186 1549 1340 1583 ineffabili
1365 1551 1510 1584 bonitate
1537 1553 1736 1595 reponimus,
1758 1559 1848 1597 opta-

1113 1607 1161 1634 tae
1197 1603 1325 1636 demum
1359 1605 1501 1637 cumulet
1537 1605 1657 1638 laetitia
1692 1607 1848 1650 tranquil-

1111 1655 1221 1689 litatis.
1256 1656 1340 1695 Quae
1373 1663 1407 1690 ut
1437 1658 1634 1692 fructuosius
1668 1661 1846 1704 maiorique

1111 1709 1242 1752 spiritus
1285 1711 1399 1743 ardore
1434 1718 1644 1754 peragantur,
1672 1724 1708 1745 ex
1739 1714 1845 1757 prisco

1111 1762 1275 1796 Romanae
1300 1763 1462 1797 Ecclesiae
1493 1766 1639 1798 omnium
1672 1767 1784 1800 matris
1816 1774 1847 1801 et

1110 1815 1281 1857 magistrae
1312 1827 1412 1858 more,
1448 1819 1634 1852 caelestium
1673 1819 1845 1861 gratiarum

1112 1868 1290 1909 thesauros,
1309 1880 1445 1913 quorum
1471 1871 1745 1914 dispensationem
1770 1872 1843 1906 fidei

1110 1927 1240 1954 nostrae
1276 1923 1436 1956 couunisit
1465 1924 1572 1956 divina
1608 1925 1772 1967 dignatio,
1810 1926 1843 1958 in

1109 1975 1336 2017 praesentibus
1375 1977 1620 2010 necessitatibus
1658 1978 1787 2021 aperire
1812 1984 1844 2012 et

1109 2028 1197 2070 larga
1221 2039 1317 2061 manu
1338 2039 1472 2072 erogare
1498 2031 1706 2064 decrevimus.

1152 2081 1287 2124 ltaque,
1314 2083 1352 2115 de
1378 2083 1611 2126 omnipotentis
1638 2085 1692 2118 Dei
1719 2085 1843 2120 miseri·
1880 2095 1969 2115 lwtwuo
1986 2096 2035 2117 dicu

1853 2122 1947 2143 intutam.

1109 2136 1219 2168 cordia
1245 2146 1281 2168 ae
1302 2136 1472 2169 beatorum
1499 2137 1584 2170 Petri
1606 2142 1636 2171 et
1657 2138 1746 2172 Pauli
1765 2150 1842 2183 apo-

1109 2190 1264 2222 stolorum
1302 2189 1370 2222 eius
1408 2190 1600 2223 auctoritate
1631 2192 1740 2224 confisi
1761 2219 1769 2234 ‚
1804 2203 1842 2226 ex

1108 2241 1162 2274 illa
1200 2242 1323 2284 ligandi
1355 2247 1449 2286 atque
1487 2244 1631 2276 solvendi
1657 2251 1840 2288 potestate,

1109 2306 1203 2339 quam
1239 2296 1332 2328 nobis
1368 2296 1536 2339 Dominus,
1572 2299 1648 2332 licet
1673 2300 1816 2343 indignis
1831 2327 1839 2343 ‚

1108 2349 1256 2390 contulit,
1283 2350 1440 2383 universis
1460 2356 1492 2384 et
1508 2351 1644 2394 singulis
1670 2355 1841 2398 utriusque

1108 2413 1202 2435 sexus
1227 2402 1494 2437 christifidelibus
1520 2405 1553 2437 in
1574 2406 1657 2438 alma
1679 2406 1762 2439 Urbe
1787 2418 1843 2440 no-

1107 2459 1171 2490 stra
1189 2458 1391 2500 degentibus,
1411 2459 1463 2502 qui
1482 2460 1620 2492 solemni
1638 2461 1841 2504 processioni

1107 2522 1200 2554 quam
1227 2511 1304 2543 scria
1329 2510 1440 2554 quarta
1472 2512 1635 2555 proximae
1662 2514 1841 2547 hebdoma-

1145 2585 1151 2608 l
1177 2582 1247 2609 Edit.
1268 2583 1350 2608 Main.
1373 2583 1436 2616 legit
1456 2583 1613 2616 exprobari
1633 2587 1670 2617 (R.
1686 2584 1734 2618 T.).

1140 2627 1155 2651 ἰ).
1177 2626 1229 2653 Vox
1251 2627 1325 2653 illud
1345 2635 1394 2653 nos
1415 2626 1538 2653 addimus
1559 2627 1598 2662 (n.
1615 2627 1665 2662 T.).

1738 225 1801 258 727
1847 233 1898 259 An.
1914 232 1941 258 c.
1962 231 2028 257 1005
