<?xml version="1.0" encoding="UTF-8"?>
<!DOCTYPE html PUBLIC "-//W3C//DTD XHTML 1.0 Transitional//EN"
    "http://www.w3.org/TR/xhtml1/DTD/xhtml1-transitional.dtd">
<html xmlns="http://www.w3.org/1999/xhtml" xml:lang="en" lang="en">
 <head>
  <title>
</title>
<meta http-equiv="Content-Type" content="text/html;charset=utf-8" />
  <meta name='ocr-system' content='tesseract 3.04.00' />
  <meta name='ocr-capabilities' content='ocr_page ocr_carea ocr_par ocr_line ocrx_word'/>
</head>
<body>
  <div class='ocr_page' id='page_1' title='image "./bullarumdiplomat20cath_0836.png"; bbox 0 0 2254 3225; ppageno 0'>
   <div class='ocr_carea' id='block_1_1' title="bbox 215 227 513 263">
    <p class='ocr_par' dir='ltr' id='par_1_1' title="bbox 215 227 513 263">
     <span class='ocr_line' id='line_1_1' title="bbox 215 227 513 263; baseline 0 -2"><span class='ocrx_word' id='word_1_1' title='bbox 215 235 266 262; x_wconf 73' lang='lat' dir='ltr'>An.</span> <span class='ocrx_word' id='word_1_2' title='bbox 286 235 315 262; x_wconf 84' lang='lat' dir='ltr'>c.</span> <span class='ocrx_word' id='word_1_3' title='bbox 337 235 404 263; x_wconf 75' lang='lat'>1696</span> <span class='ocrx_word' id='word_1_4' title='bbox 450 227 513 261; x_wconf 82' lang='lat'>756</span> 
     </span>
    </p>
   </div>
   <div class='ocr_carea' id='block_1_2' title="bbox 235 1246 353 1269">
    <p class='ocr_par' dir='ltr' id='par_1_2' title="bbox 235 1246 353 1269">
     <span class='ocr_line' id='line_1_2' title="bbox 235 1246 353 1269; baseline 0.017 -2"><span class='ocrx_word' id='word_1_5' title='bbox 235 1246 353 1269; x_wconf 69' lang='lat' dir='ltr'>clausulae.</span> 
     </span>
    </p>
   </div>
   <div class='ocr_carea' id='block_1_3' title="bbox 205 2087 389 2142">
    <p class='ocr_par' dir='ltr' id='par_1_3' title="bbox 205 2087 389 2142">
     <span class='ocr_line' id='line_1_3' title="bbox 245 2087 389 2111; baseline 0.021 -3"><span class='ocrx_word' id='word_1_6' title='bbox 245 2087 307 2109; x_wconf 73' lang='lat' dir='ltr'>Fides</span> <span class='ocrx_word' id='word_1_7' title='bbox 332 2090 389 2111; x_wconf 79' lang='lat' dir='ltr'>tran-</span> 
     </span>
     <span class='ocr_line' id='line_1_4' title="bbox 205 2120 342 2142; baseline 0.022 -7"><span class='ocrx_word' id='word_1_8' title='bbox 205 2120 342 2142; x_wconf 71' lang='lat' dir='ltr'>sumptorum.</span> 
     </span>
    </p>
   </div>
   <div class='ocr_carea' id='block_1_4' title="bbox 987 238 1347 263">
    <p class='ocr_par' dir='ltr' id='par_1_4' title="bbox 987 238 1347 263">
     <span class='ocr_line' id='line_1_5' title="bbox 987 238 1347 263; baseline -0.003 0"><span class='ocrx_word' id='word_1_9' title='bbox 987 238 1169 263; x_wconf 74' lang='lat' dir='ltr'>BULLARIUM</span> <span class='ocrx_word' id='word_1_10' title='bbox 1192 238 1347 263; x_wconf 79' lang='lat' dir='ltr'>ROMANUM</span> 
     </span>
    </p>
   </div>
   <div class='ocr_carea' id='block_1_5' title="bbox 406 285 1921 384">
    <p class='ocr_par' dir='ltr' id='par_1_5' title="bbox 406 285 1921 384">
     <span class='ocr_line' id='line_1_6' title="bbox 407 285 1921 344; baseline 0 -26"><span class='ocrx_word' id='word_1_11' title='bbox 407 286 595 327; x_wconf 73' lang='lat' dir='ltr'>generalem</span> <span class='ocrx_word' id='word_1_12' title='bbox 616 286 766 330; x_wconf 83' lang='lat' dir='ltr'>specialis</span> <span class='ocrx_word' id='word_1_13' title='bbox 791 287 900 321; x_wconf 82' lang='lat' dir='ltr'>favore</span> <span class='ocrx_word' id='word_1_14' title='bbox 924 288 1047 330; x_wconf 82' lang='lat' dir='ltr'>gratiae</span> <span class='ocrx_word' id='word_1_15' title='bbox 1071 298 1144 332; x_wconf 89' lang='lat' dir='ltr'>pro·</span> <span class='ocrx_word' id='word_1_16' title='bbox 1162 288 1165 344; x_wconf 60' lang='lat' dir='ltr'><strong>f</strong></span> <span class='ocrx_word' id='word_1_17' title='bbox 1185 287 1300 328; x_wconf 87' lang='lat' dir='ltr'>iorem,</span> <span class='ocrx_word' id='word_1_18' title='bbox 1319 287 1378 319; x_wconf 90' lang='lat' dir='ltr'>sub</span> <span class='ocrx_word' id='word_1_19' title='bbox 1395 287 1516 322; x_wconf 84' lang='lat' dir='ltr'>annulo</span> <span class='ocrx_word' id='word_1_20' title='bbox 1533 286 1713 327; x_wconf 71' lang='lat' dir='ltr'>piscatoris,</span> <span class='ocrx_word' id='word_1_21' title='bbox 1731 286 1783 320; x_wconf 91' lang='lat' dir='ltr'>die</span> <span class='ocrx_word' id='word_1_22' title='bbox 1798 295 1857 319; x_wconf 84' lang='lat' dir='ltr'>xxx</span> <span class='ocrx_word' id='word_1_23' title='bbox 1873 285 1921 318; x_wconf 86' lang='lat' dir='ltr'>iu-</span> 
     </span>
     <span class='ocr_line' id='line_1_7' title="bbox 406 339 1918 384; baseline 0.001 -14"><span class='ocrx_word' id='word_1_24' title='bbox 406 339 500 381; x_wconf 81' lang='lat' dir='ltr'>sequi</span> <span class='ocrx_word' id='word_1_25' title='bbox 525 340 692 380; x_wconf 82' lang='lat' dir='ltr'>volentes,</span> <span class='ocrx_word' id='word_1_26' title='bbox 719 345 750 373; x_wconf 91' lang='lat' dir='ltr'>et</span> <span class='ocrx_word' id='word_1_27' title='bbox 776 351 793 374; x_wconf 84' lang='lat' dir='ltr'>a</span> <span class='ocrx_word' id='word_1_28' title='bbox 826 341 991 384; x_wconf 70' lang='lat' dir='ltr'>quibusvis</span> <span class='ocrx_word' id='word_1_29' title='bbox 1020 352 1144 374; x_wconf 77' lang='lat' dir='ltr'>excom·</span> <span class='ocrx_word' id='word_1_30' title='bbox 1163 350 1165 356; x_wconf 47' lang='lat'>⁸</span> <span class='ocrx_word' id='word_1_31' title='bbox 1186 340 1230 373; x_wconf 91' lang='lat' dir='ltr'>nii</span> <span class='ocrx_word' id='word_1_32' title='bbox 1249 350 1400 381; x_wconf 76' lang='lat' dir='ltr'>Mocxcw,</span> <span class='ocrx_word' id='word_1_33' title='bbox 1427 340 1633 383; x_wconf 82' lang='lat' dir='ltr'>pontificatus</span> <span class='ocrx_word' id='word_1_34' title='bbox 1658 339 1760 373; x_wconf 88' lang='lat' dir='ltr'>nostri</span> <span class='ocrx_word' id='word_1_35' title='bbox 1778 348 1863 372; x_wconf 83' lang='lat' dir='ltr'>anno</span> <span class='ocrx_word' id='word_1_36' title='bbox 1888 348 1918 371; x_wconf 82' lang='lat' dir='ltr'>v.</span> 
     </span>
    </p>
   </div>
   <div class='ocr_carea' id='block_1_6' title="bbox 401 391 1144 1174">
    <p class='ocr_par' dir='ltr' id='par_1_6' title="bbox 401 391 1144 1174">
     <span class='ocr_line' id='line_1_8' title="bbox 404 391 1141 436; baseline 0.003 -13"><span class='ocrx_word' id='word_1_37' title='bbox 404 391 647 433; x_wconf 84' lang='lat' dir='ltr'>municationis,</span> <span class='ocrx_word' id='word_1_38' title='bbox 669 393 891 436; x_wconf 77' lang='lat' dir='ltr'>suspensionis</span> <span class='ocrx_word' id='word_1_39' title='bbox 918 399 949 426; x_wconf 85' lang='lat' dir='ltr'>et</span> <span class='ocrx_word' id='word_1_40' title='bbox 966 393 1141 433; x_wconf 74' lang='lat' dir='ltr'>interdicti,</span> 
     </span>
     <span class='ocr_line' id='line_1_9' title="bbox 405 443 1144 488; baseline 0.005 -13"><span class='ocrx_word' id='word_1_41' title='bbox 405 443 545 488; x_wconf 82' lang='lat' dir='ltr'>aliisque</span> <span class='ocrx_word' id='word_1_42' title='bbox 570 445 798 479; x_wconf 86' lang='lat' dir='ltr'>ecclesiasticis</span> <span class='ocrx_word' id='word_1_43' title='bbox 823 446 1004 486; x_wconf 72' lang='lat' dir='ltr'>sententiis,</span> <span class='ocrx_word' id='word_1_44' title='bbox 1030 456 1144 479; x_wconf 88' lang='lat' dir='ltr'>censu-</span> 
     </span>
     <span class='ocr_line' id='line_1_10' title="bbox 403 495 1141 541; baseline 0.003 -12"><span class='ocrx_word' id='word_1_45' title='bbox 403 495 450 528; x_wconf 86' lang='lat' dir='ltr'>ris</span> <span class='ocrx_word' id='word_1_46' title='bbox 488 503 520 530; x_wconf 92' lang='lat' dir='ltr'>et</span> <span class='ocrx_word' id='word_1_47' title='bbox 542 498 673 541; x_wconf 88' lang='lat' dir='ltr'>poenis,</span> <span class='ocrx_word' id='word_1_48' title='bbox 709 509 726 530; x_wconf 90' lang='lat' dir='ltr'>a</span> <span class='ocrx_word' id='word_1_49' title='bbox 749 498 819 531; x_wconf 86' lang='lat' dir='ltr'>iure</span> <span class='ocrx_word' id='word_1_50' title='bbox 849 499 899 531; x_wconf 85' lang='lat' dir='ltr'>vel</span> <span class='ocrx_word' id='word_1_51' title='bbox 934 499 974 531; x_wconf 84' lang='lat' dir='ltr'>ab</span> <span class='ocrx_word' id='word_1_52' title='bbox 999 499 1141 538; x_wconf 86' lang='lat' dir='ltr'>homine,</span> 
     </span>
     <span class='ocr_line' id='line_1_11' title="bbox 405 548 1143 594; baseline -0.001 -12"><span class='ocrx_word' id='word_1_53' title='bbox 405 550 519 594; x_wconf 87' lang='lat' dir='ltr'>quavis</span> <span class='ocrx_word' id='word_1_54' title='bbox 563 551 733 584; x_wconf 83' lang='lat' dir='ltr'>occasione</span> <span class='ocrx_word' id='word_1_55' title='bbox 769 552 819 583; x_wconf 88' lang='lat' dir='ltr'>vel</span> <span class='ocrx_word' id='word_1_56' title='bbox 855 548 947 583; x_wconf 67' lang='lat' dir='ltr'>causa</span> <span class='ocrx_word' id='word_1_57' title='bbox 982 550 1078 590; x_wconf 86' lang='lat' dir='ltr'>latis,</span> <span class='ocrx_word' id='word_1_58' title='bbox 1116 549 1143 582; x_wconf 90' lang='lat' dir='ltr'>si</span> 
     </span>
     <span class='ocr_line' id='line_1_12' title="bbox 404 602 1141 647; baseline 0 -12"><span class='ocrx_word' id='word_1_59' title='bbox 404 603 523 647; x_wconf 87' lang='lat' dir='ltr'>quibus</span> <span class='ocrx_word' id='word_1_60' title='bbox 552 603 797 646; x_wconf 85' lang='lat' dir='ltr'>quomodolibet</span> <span class='ocrx_word' id='word_1_61' title='bbox 820 603 995 635; x_wconf 88' lang='lat' dir='ltr'>innodatus</span> <span class='ocrx_word' id='word_1_62' title='bbox 1027 602 1141 642; x_wconf 80' lang='lat' dir='ltr'>existit,</span> 
     </span>
     <span class='ocr_line' id='line_1_13' title="bbox 403 654 1143 698; baseline -0.001 -10"><span class='ocrx_word' id='word_1_63' title='bbox 403 655 444 688; x_wconf 83' lang='lat' dir='ltr'>ad</span> <span class='ocrx_word' id='word_1_64' title='bbox 470 654 618 688; x_wconf 78' lang='lat' dir='ltr'>effectum</span> <span class='ocrx_word' id='word_1_65' title='bbox 644 655 867 698; x_wconf 88' lang='lat' dir='ltr'>praesentium</span> <span class='ocrx_word' id='word_1_66' title='bbox 886 655 1050 688; x_wconf 79' lang='lat' dir='ltr'>dumtaxat</span> <span class='ocrx_word' id='word_1_67' title='bbox 1067 665 1143 687; x_wconf 89' lang='lat' dir='ltr'>con-</span> 
     </span>
     <span class='ocr_line' id='line_1_14' title="bbox 403 707 1144 751; baseline -0.003 -10"><span class='ocrx_word' id='word_1_68' title='bbox 403 708 617 751; x_wconf 81' lang='lat' dir='ltr'>sequendum,</span> <span class='ocrx_word' id='word_1_69' title='bbox 643 707 758 740; x_wconf 83' lang='lat' dir='ltr'>harum</span> <span class='ocrx_word' id='word_1_70' title='bbox 784 707 867 740; x_wconf 85' lang='lat' dir='ltr'>serie</span> <span class='ocrx_word' id='word_1_71' title='bbox 885 708 1092 741; x_wconf 79' lang='lat' dir='ltr'>absolventes</span> <span class='ocrx_word' id='word_1_72' title='bbox 1112 712 1144 739; x_wconf 89' lang='lat' dir='ltr'>et</span> 
     </span>
     <span class='ocr_line' id='line_1_15' title="bbox 404 760 1142 804; baseline -0.004 -9"><span class='ocrx_word' id='word_1_73' title='bbox 404 760 589 795; x_wconf 81' lang='lat' dir='ltr'>absolutum</span> <span class='ocrx_word' id='word_1_74' title='bbox 607 760 676 794; x_wconf 87' lang='lat' dir='ltr'>sore</span> <span class='ocrx_word' id='word_1_75' title='bbox 698 766 878 801; x_wconf 86' lang='lat' dir='ltr'>censentes,</span> <span class='ocrx_word' id='word_1_76' title='bbox 897 760 1142 804; x_wconf 85' lang='lat' dir='ltr'>supplicationi-</span> 
     </span>
     <span class='ocr_line' id='line_1_16' title="bbox 402 810 1142 856; baseline -0.003 -10"><span class='ocrx_word' id='word_1_77' title='bbox 402 810 465 846; x_wconf 84' lang='lat' dir='ltr'>bus</span> <span class='ocrx_word' id='word_1_78' title='bbox 490 813 560 846; x_wconf 91' lang='lat' dir='ltr'>eius</span> <span class='ocrx_word' id='word_1_79' title='bbox 586 813 718 846; x_wconf 88' lang='lat' dir='ltr'>nomine</span> <span class='ocrx_word' id='word_1_80' title='bbox 749 813 846 847; x_wconf 89' lang='lat' dir='ltr'>nobis</span> <span class='ocrx_word' id='word_1_81' title='bbox 866 824 968 856; x_wconf 89' lang='lat' dir='ltr'>super</span> <span class='ocrx_word' id='word_1_82' title='bbox 991 813 1053 846; x_wconf 87' lang='lat' dir='ltr'>hoc</span> <span class='ocrx_word' id='word_1_83' title='bbox 1081 813 1142 845; x_wconf 85' lang='lat' dir='ltr'>liu-</span> 
     </span>
     <span class='ocr_line' id='line_1_17' title="bbox 402 866 1141 910; baseline -0.001 -11"><span class='ocrx_word' id='word_1_84' title='bbox 402 866 525 900; x_wconf 90' lang='lat' dir='ltr'>militer</span> <span class='ocrx_word' id='word_1_85' title='bbox 558 866 720 910; x_wconf 79' lang='lat' dir='ltr'>porrectis</span> <span class='ocrx_word' id='word_1_86' title='bbox 763 866 933 907; x_wconf 87' lang='lat' dir='ltr'>inclinati,</span> <span class='ocrx_word' id='word_1_87' title='bbox 973 866 1141 899; x_wconf 88' lang='lat' dir='ltr'>decretum</span> 
     </span>
     <span class='ocr_line' id='line_1_18' title="bbox 402 919 1144 962; baseline 0 -10"><span class='ocrx_word' id='word_1_88' title='bbox 402 919 652 962; x_wconf 89' lang='lat' dir='ltr'>praeinsertum,</span> <span class='ocrx_word' id='word_1_89' title='bbox 679 919 869 952; x_wconf 88' lang='lat' dir='ltr'>auctoritate</span> <span class='ocrx_word' id='word_1_90' title='bbox 887 919 1083 962; x_wconf 74' lang='lat' dir='ltr'>apostolica,</span> <span class='ocrx_word' id='word_1_91' title='bbox 1102 925 1144 952; x_wconf 88' lang='lat' dir='ltr'>te-</span> 
     </span>
     <span class='ocr_line' id='line_1_19' title="bbox 401 972 1143 1015; baseline -0.001 -10"><span class='ocrx_word' id='word_1_92' title='bbox 401 983 483 1005; x_wconf 90' lang='lat' dir='ltr'>nore</span> <span class='ocrx_word' id='word_1_93' title='bbox 508 972 741 1015; x_wconf 83' lang='lat' dir='ltr'>praesentium,</span> <span class='ocrx_word' id='word_1_94' title='bbox 768 972 986 1015; x_wconf 68' lang='lat' dir='ltr'>approbamus</span> <span class='ocrx_word' id='word_1_95' title='bbox 1013 977 1045 1005; x_wconf 91' lang='lat' dir='ltr'>et</span> <span class='ocrx_word' id='word_1_96' title='bbox 1069 982 1143 1004; x_wconf 90' lang='lat' dir='ltr'>con-</span> 
     </span>
     <span class='ocr_line' id='line_1_20' title="bbox 402 1023 1142 1068; baseline 0 -12"><span class='ocrx_word' id='word_1_97' title='bbox 402 1024 565 1058; x_wconf 85' lang='lat' dir='ltr'>firmamus</span> <span class='ocrx_word' id='word_1_98' title='bbox 582 1052 589 1065; x_wconf 93' lang='lat'>,</span> <span class='ocrx_word' id='word_1_99' title='bbox 615 1024 731 1068; x_wconf 86' lang='lat' dir='ltr'>illique</span> <span class='ocrx_word' id='word_1_100' title='bbox 764 1024 963 1057; x_wconf 87' lang='lat' dir='ltr'>inviolabilis</span> <span class='ocrx_word' id='word_1_101' title='bbox 990 1023 1142 1067; x_wconf 86' lang='lat' dir='ltr'>apostoli-</span> 
     </span>
     <span class='ocr_line' id='line_1_21' title="bbox 402 1077 1141 1111; baseline -0.001 0"><span class='ocrx_word' id='word_1_102' title='bbox 402 1088 457 1111; x_wconf 85' lang='lat' dir='ltr'>cae</span> <span class='ocrx_word' id='word_1_103' title='bbox 478 1078 637 1110; x_wconf 85' lang='lat' dir='ltr'>firmitatis</span> <span class='ocrx_word' id='word_1_104' title='bbox 663 1077 764 1110; x_wconf 86' lang='lat' dir='ltr'>robur</span> <span class='ocrx_word' id='word_1_105' title='bbox 784 1077 968 1110; x_wconf 87' lang='lat' dir='ltr'>adiicimus:</span> <span class='ocrx_word' id='word_1_106' title='bbox 991 1078 1076 1110; x_wconf 77' lang='lat' dir='ltr'>salva</span> <span class='ocrx_word' id='word_1_107' title='bbox 1102 1083 1141 1110; x_wconf 83' lang='lat' dir='ltr'>ta-</span> 
     </span>
     <span class='ocr_line' id='line_1_22' title="bbox 403 1130 1139 1174; baseline -0.004 -10"><span class='ocrx_word' id='word_1_108' title='bbox 403 1141 478 1164; x_wconf 91' lang='lat' dir='ltr'>men</span> <span class='ocrx_word' id='word_1_109' title='bbox 504 1141 634 1174; x_wconf 88' lang='lat' dir='ltr'>semper</span> <span class='ocrx_word' id='word_1_110' title='bbox 669 1130 701 1162; x_wconf 90' lang='lat' dir='ltr'>in</span> <span class='ocrx_word' id='word_1_111' title='bbox 727 1130 913 1173; x_wconf 79' lang='lat' dir='ltr'>praemissis</span> <span class='ocrx_word' id='word_1_112' title='bbox 950 1130 1139 1162; x_wconf 85' lang='lat' dir='ltr'>auctoritate</span> 
     </span>
    </p>
   </div>
   <div class='ocr_carea' id='block_1_7' title="bbox 401 1182 1162 1280">
    <p class='ocr_par' dir='ltr' id='par_1_7' title="bbox 401 1182 1162 1280">
     <span class='ocr_line' id='line_1_23' title="bbox 401 1182 1162 1230; baseline -0.003 -14"><span class='ocrx_word' id='word_1_113' title='bbox 401 1188 602 1216; x_wconf 80' lang='lat' dir='ltr'>memoratae</span> <span class='ocrx_word' id='word_1_114' title='bbox 629 1182 896 1225; x_wconf 78' lang='lat' dir='ltr'>Congregationis</span> <span class='ocrx_word' id='word_1_115' title='bbox 913 1183 1137 1215; x_wconf 80' lang='lat' dir='ltr'>cardinalium.</span> <span class='ocrx_word' id='word_1_116' title='bbox 1160 1194 1162 1230; x_wconf 67' lang='lat' dir='ltr'><strong><em>j</em></strong></span> 
     </span>
     <span class='ocr_line' id='line_1_24' title="bbox 445 1236 1162 1280; baseline -0.003 -10"><span class='ocrx_word' id='word_1_117' title='bbox 445 1238 460 1280; x_wconf 61' lang='grc' dir='ltr'>ξ</span> <span class='ocrx_word' id='word_1_118' title='bbox 484 1236 516 1270; x_wconf 82' lang='lat'>3.</span> <span class='ocrx_word' id='word_1_119' title='bbox 543 1237 773 1275; x_wconf 86' lang='lat' dir='ltr'>Decernentes,</span> <span class='ocrx_word' id='word_1_120' title='bbox 796 1236 924 1268; x_wconf 89' lang='lat' dir='ltr'>easdem</span> <span class='ocrx_word' id='word_1_121' title='bbox 949 1240 1140 1278; x_wconf 80' lang='lat' dir='ltr'>praesentes</span> <span class='ocrx_word' id='word_1_122' title='bbox 1160 1260 1162 1272; x_wconf 70' lang='lat'>‚</span> 
     </span>
    </p>
   </div>
   <div class='ocr_carea' id='block_1_8' title="bbox 396 1288 1140 2656">
    <p class='ocr_par' dir='ltr' id='par_1_8' title="bbox 399 1288 1140 2073">
     <span class='ocr_line' id='line_1_25' title="bbox 399 1288 1140 1332; baseline -0.001 -10"><span class='ocrx_word' id='word_1_123' title='bbox 399 1289 525 1323; x_wconf 81' lang='lat' dir='ltr'>litteras</span> <span class='ocrx_word' id='word_1_124' title='bbox 552 1300 684 1332; x_wconf 88' lang='lat' dir='ltr'>semper</span> <span class='ocrx_word' id='word_1_125' title='bbox 710 1288 829 1329; x_wconf 81' lang='lat' dir='ltr'>firmas,</span> <span class='ocrx_word' id='word_1_126' title='bbox 858 1289 980 1321; x_wconf 82' lang='lat' dir='ltr'>validas</span> <span class='ocrx_word' id='word_1_127' title='bbox 1010 1295 1042 1321; x_wconf 86' lang='lat' dir='ltr'>et</span> <span class='ocrx_word' id='word_1_128' title='bbox 1075 1290 1140 1322; x_wconf 83' lang='lat' dir='ltr'>essi-</span> 
     </span>
     <span class='ocr_line' id='line_1_26' title="bbox 400 1342 1139 1384; baseline -0.004 -8"><span class='ocrx_word' id='word_1_129' title='bbox 400 1352 494 1376; x_wconf 87' lang='lat' dir='ltr'>caees</span> <span class='ocrx_word' id='word_1_130' title='bbox 519 1342 658 1375; x_wconf 87' lang='lat' dir='ltr'>existere</span> <span class='ocrx_word' id='word_1_131' title='bbox 684 1346 715 1374; x_wconf 87' lang='lat' dir='ltr'>et</span> <span class='ocrx_word' id='word_1_132' title='bbox 740 1342 820 1382; x_wconf 85' lang='lat' dir='ltr'>sore,</span> <span class='ocrx_word' id='word_1_133' title='bbox 848 1352 992 1384; x_wconf 84' lang='lat' dir='ltr'>suosque</span> <span class='ocrx_word' id='word_1_134' title='bbox 1025 1342 1139 1384; x_wconf 88' lang='lat' dir='ltr'>plena-</span> 
     </span>
     <span class='ocr_line' id='line_1_27' title="bbox 399 1394 1140 1437; baseline -0.001 -9"><span class='ocrx_word' id='word_1_135' title='bbox 399 1395 467 1428; x_wconf 90' lang='lat' dir='ltr'>rios</span> <span class='ocrx_word' id='word_1_136' title='bbox 492 1400 524 1428; x_wconf 87' lang='lat' dir='ltr'>et</span> <span class='ocrx_word' id='word_1_137' title='bbox 547 1395 691 1437; x_wconf 81' lang='lat' dir='ltr'>integros</span> <span class='ocrx_word' id='word_1_138' title='bbox 717 1394 847 1427; x_wconf 76' lang='lat' dir='ltr'>effectus</span> <span class='ocrx_word' id='word_1_139' title='bbox 869 1394 976 1427; x_wconf 89' lang='lat' dir='ltr'>sortiri</span> <span class='ocrx_word' id='word_1_140' title='bbox 1002 1400 1034 1427; x_wconf 86' lang='lat' dir='ltr'>et</span> <span class='ocrx_word' id='word_1_141' title='bbox 1059 1395 1140 1427; x_wconf 90' lang='lat' dir='ltr'>obti-</span> 
     </span>
     <span class='ocr_line' id='line_1_28' title="bbox 401 1447 1137 1491; baseline -0.001 -10"><span class='ocrx_word' id='word_1_142' title='bbox 401 1459 499 1488; x_wconf 87' lang='lat' dir='ltr'>nere‚</span> <span class='ocrx_word' id='word_1_143' title='bbox 527 1458 562 1481; x_wconf 87' lang='lat' dir='ltr'>ac</span> <span class='ocrx_word' id='word_1_144' title='bbox 587 1448 668 1487; x_wconf 88' lang='lat' dir='ltr'>illis,</span> <span class='ocrx_word' id='word_1_145' title='bbox 695 1447 734 1480; x_wconf 89' lang='lat' dir='ltr'>ad</span> <span class='ocrx_word' id='word_1_146' title='bbox 760 1457 839 1490; x_wconf 85' lang='lat' dir='ltr'>quos</span> <span class='ocrx_word' id='word_1_147' title='bbox 864 1452 988 1490; x_wconf 81' lang='lat' dir='ltr'>spectat</span> <span class='ocrx_word' id='word_1_148' title='bbox 1023 1452 1054 1480; x_wconf 87' lang='lat' dir='ltr'>et</span> <span class='ocrx_word' id='word_1_149' title='bbox 1078 1458 1137 1491; x_wconf 92' lang='lat' dir='ltr'>pro</span> 
     </span>
     <span class='ocr_line' id='line_1_29' title="bbox 402 1500 1139 1543; baseline -0.001 -10"><span class='ocrx_word' id='word_1_150' title='bbox 402 1506 548 1543; x_wconf 89' lang='lat' dir='ltr'>tempore</span> <span class='ocrx_word' id='word_1_151' title='bbox 574 1500 749 1543; x_wconf 78' lang='lat' dir='ltr'>spectabit,</span> <span class='ocrx_word' id='word_1_152' title='bbox 785 1500 818 1532; x_wconf 89' lang='lat' dir='ltr'>in</span> <span class='ocrx_word' id='word_1_153' title='bbox 851 1500 1000 1532; x_wconf 89' lang='lat' dir='ltr'>omnibus</span> <span class='ocrx_word' id='word_1_154' title='bbox 1025 1505 1057 1533; x_wconf 89' lang='lat' dir='ltr'>et</span> <span class='ocrx_word' id='word_1_155' title='bbox 1081 1511 1139 1543; x_wconf 91' lang='lat' dir='ltr'>per</span> 
     </span>
     <span class='ocr_line' id='line_1_30' title="bbox 402 1553 1137 1596; baseline 0 -10"><span class='ocrx_word' id='word_1_156' title='bbox 402 1554 511 1586; x_wconf 91' lang='lat' dir='ltr'>omnia</span> <span class='ocrx_word' id='word_1_157' title='bbox 535 1553 726 1596; x_wconf 86' lang='lat' dir='ltr'>plenissime</span> <span class='ocrx_word' id='word_1_158' title='bbox 754 1553 941 1595; x_wconf 76' lang='lat' dir='ltr'>suffragari,</span> <span class='ocrx_word' id='word_1_159' title='bbox 969 1554 1079 1596; x_wconf 88' lang='lat' dir='ltr'>sicque</span> <span class='ocrx_word' id='word_1_160' title='bbox 1105 1554 1137 1586; x_wconf 88' lang='lat' dir='ltr'>in</span> 
     </span>
     <span class='ocr_line' id='line_1_31' title="bbox 400 1606 1138 1649; baseline 0.001 -11"><span class='ocrx_word' id='word_1_161' title='bbox 400 1606 588 1649; x_wconf 80' lang='lat' dir='ltr'>praemissis</span> <span class='ocrx_word' id='word_1_162' title='bbox 606 1616 665 1649; x_wconf 90' lang='lat' dir='ltr'>per</span> <span class='ocrx_word' id='word_1_163' title='bbox 690 1616 915 1649; x_wconf 85' lang='lat' dir='ltr'>quoscumque</span> <span class='ocrx_word' id='word_1_164' title='bbox 939 1606 1065 1639; x_wconf 78' lang='lat' dir='ltr'>iudices</span> <span class='ocrx_word' id='word_1_165' title='bbox 1086 1617 1138 1639; x_wconf 89' lang='lat' dir='ltr'>or-</span> 
     </span>
     <span class='ocr_line' id='line_1_32' title="bbox 401 1659 1137 1701; baseline 0.001 -10"><span class='ocrx_word' id='word_1_166' title='bbox 401 1659 545 1692; x_wconf 90' lang='lat' dir='ltr'>dinarios</span> <span class='ocrx_word' id='word_1_167' title='bbox 582 1664 613 1692; x_wconf 88' lang='lat' dir='ltr'>et</span> <span class='ocrx_word' id='word_1_168' title='bbox 637 1659 822 1701; x_wconf 79' lang='lat' dir='ltr'>delegatos,</span> <span class='ocrx_word' id='word_1_169' title='bbox 848 1659 944 1692; x_wconf 81' lang='lat' dir='ltr'>etiam</span> <span class='ocrx_word' id='word_1_170' title='bbox 969 1670 1137 1693; x_wconf 87' lang='lat' dir='ltr'>causarum</span> 
     </span>
     <span class='ocr_line' id='line_1_33' title="bbox 399 1711 1137 1754; baseline 0.003 -11"><span class='ocrx_word' id='word_1_171' title='bbox 399 1711 512 1754; x_wconf 85' lang='lat' dir='ltr'>palatii</span> <span class='ocrx_word' id='word_1_172' title='bbox 538 1711 708 1754; x_wconf 87' lang='lat' dir='ltr'>apostolici</span> <span class='ocrx_word' id='word_1_173' title='bbox 734 1712 917 1751; x_wconf 84' lang='lat' dir='ltr'>auditores,</span> <span class='ocrx_word' id='word_1_174' title='bbox 944 1712 1080 1745; x_wconf 86' lang='lat' dir='ltr'>iudicari</span> <span class='ocrx_word' id='word_1_175' title='bbox 1107 1718 1137 1745; x_wconf 89' lang='lat' dir='ltr'>et</span> 
     </span>
     <span class='ocr_line' id='line_1_34' title="bbox 400 1763 1136 1805; baseline 0.001 -9"><span class='ocrx_word' id='word_1_176' title='bbox 400 1763 529 1796; x_wconf 83' lang='lat' dir='ltr'>definiri</span> <span class='ocrx_word' id='word_1_177' title='bbox 551 1764 682 1803; x_wconf 84' lang='lat' dir='ltr'>debere,</span> <span class='ocrx_word' id='word_1_178' title='bbox 703 1774 739 1796; x_wconf 91' lang='lat' dir='ltr'>ac</span> <span class='ocrx_word' id='word_1_179' title='bbox 764 1764 891 1796; x_wconf 87' lang='lat' dir='ltr'>irritum</span> <span class='ocrx_word' id='word_1_180' title='bbox 918 1768 949 1796; x_wconf 93' lang='lat' dir='ltr'>et</span> <span class='ocrx_word' id='word_1_181' title='bbox 974 1765 1081 1805; x_wconf 86' lang='lat' dir='ltr'>inane,</span> <span class='ocrx_word' id='word_1_182' title='bbox 1109 1766 1136 1798; x_wconf 90' lang='lat' dir='ltr'>si</span> 
     </span>
     <span class='ocr_line' id='line_1_35' title="bbox 399 1817 1136 1860; baseline 0.003 -12"><span class='ocrx_word' id='word_1_183' title='bbox 399 1826 492 1849; x_wconf 90' lang='lat' dir='ltr'>secus</span> <span class='ocrx_word' id='word_1_184' title='bbox 513 1827 613 1859; x_wconf 88' lang='lat' dir='ltr'>super</span> <span class='ocrx_word' id='word_1_185' title='bbox 638 1817 689 1849; x_wconf 86' lang='lat' dir='ltr'>his</span> <span class='ocrx_word' id='word_1_186' title='bbox 715 1828 732 1849; x_wconf 87' lang='lat' dir='ltr'>a</span> <span class='ocrx_word' id='word_1_187' title='bbox 757 1827 928 1860; x_wconf 80' lang='lat' dir='ltr'>quoquam,</span> <span class='ocrx_word' id='word_1_188' title='bbox 949 1817 1059 1860; x_wconf 79' lang='lat' dir='ltr'>quavis</span> <span class='ocrx_word' id='word_1_189' title='bbox 1081 1828 1136 1850; x_wconf 91' lang='lat' dir='ltr'>au-</span> 
     </span>
     <span class='ocr_line' id='line_1_36' title="bbox 399 1869 1135 1913; baseline 0.003 -12"><span class='ocrx_word' id='word_1_190' title='bbox 399 1870 547 1902; x_wconf 83' lang='lat' dir='ltr'>ctoritate</span> <span class='ocrx_word' id='word_1_191' title='bbox 563 1896 570 1910; x_wconf 95' lang='lat'>,</span> <span class='ocrx_word' id='word_1_192' title='bbox 593 1869 734 1903; x_wconf 86' lang='lat' dir='ltr'>scienter</span> <span class='ocrx_word' id='word_1_193' title='bbox 759 1871 807 1903; x_wconf 77' lang='lat' dir='ltr'>rel</span> <span class='ocrx_word' id='word_1_194' title='bbox 832 1870 1035 1913; x_wconf 81' lang='lat' dir='ltr'>ignoranter,</span> <span class='ocrx_word' id='word_1_195' title='bbox 1062 1881 1135 1903; x_wconf 92' lang='lat' dir='ltr'>con-</span> 
     </span>
     <span class='ocr_line' id='line_1_37' title="bbox 399 1922 1134 1965; baseline 0.003 -11"><span class='ocrx_word' id='word_1_196' title='bbox 399 1922 511 1965; x_wconf 83' lang='lat' dir='ltr'>tigerit</span> <span class='ocrx_word' id='word_1_197' title='bbox 535 1923 700 1956; x_wconf 82' lang='lat' dir='ltr'>attentari.</span> <span class='ocrx_word' id='word_1_198' title='bbox 727 1923 797 1956; x_wconf 91' lang='lat' dir='ltr'>Non</span> <span class='ocrx_word' id='word_1_199' title='bbox 829 1924 1033 1956; x_wconf 84' lang='lat' dir='ltr'>obstantibus</span> <span class='ocrx_word' id='word_1_200' title='bbox 1058 1934 1134 1957; x_wconf 88' lang='lat' dir='ltr'>con-</span> 
     </span>
     <span class='ocr_line' id='line_1_38' title="bbox 399 1974 1134 2019; baseline 0.005 -13"><span class='ocrx_word' id='word_1_201' title='bbox 399 1974 625 2008; x_wconf 86' lang='lat' dir='ltr'>stitutionibus</span> <span class='ocrx_word' id='word_1_202' title='bbox 647 1981 678 2008; x_wconf 89' lang='lat' dir='ltr'>et</span> <span class='ocrx_word' id='word_1_203' title='bbox 702 1975 965 2009; x_wconf 88' lang='lat' dir='ltr'>ordinationibus</span> <span class='ocrx_word' id='word_1_204' title='bbox 982 1977 1134 2019; x_wconf 86' lang='lat' dir='ltr'>apostoli-</span> 
     </span>
     <span class='ocr_line' id='line_1_39' title="bbox 399 2027 1131 2073; baseline 0.005 -13"><span class='ocrx_word' id='word_1_205' title='bbox 399 2027 454 2069; x_wconf 86' lang='lat' dir='ltr'>cis,</span> <span class='ocrx_word' id='word_1_206' title='bbox 473 2029 654 2072; x_wconf 83' lang='lat' dir='ltr'>ceterisque</span> <span class='ocrx_word' id='word_1_207' title='bbox 673 2029 845 2062; x_wconf 84' lang='lat' dir='ltr'>contrariis</span> <span class='ocrx_word' id='word_1_208' title='bbox 861 2029 1131 2073; x_wconf 16' lang='lat' dir='ltr'>(pctibuscumque.</span> 
     </span>
    </p>

    <p class='ocr_par' dir='ltr' id='par_1_9' title="bbox 396 2081 1134 2592">
     <span class='ocr_line' id='line_1_40' title="bbox 443 2081 1133 2124; baseline 0.004 -11"><span class='ocrx_word' id='word_1_209' title='bbox 443 2081 458 2124; x_wconf 58' lang='grc' dir='ltr'>ἓ</span> <span class='ocrx_word' id='word_1_210' title='bbox 492 2081 522 2113; x_wconf 76' lang='grc'>4.</span> <span class='ocrx_word' id='word_1_211' title='bbox 551 2081 707 2115; x_wconf 72' lang='lat' dir='ltr'>Volumus</span> <span class='ocrx_word' id='word_1_212' title='bbox 740 2089 847 2115; x_wconf 87' lang='lat' dir='ltr'>autem</span> <span class='ocrx_word' id='word_1_213' title='bbox 880 2088 914 2114; x_wconf 85' lang='lat' dir='ltr'>ut</span> <span class='ocrx_word' id='word_1_214' title='bbox 944 2084 1133 2116; x_wconf 83' lang='lat' dir='ltr'>earumdem</span> 
     </span>
     <span class='ocr_line' id='line_1_41' title="bbox 399 2135 1132 2179; baseline 0.005 -13"><span class='ocrx_word' id='word_1_215' title='bbox 399 2135 619 2177; x_wconf 85' lang='lat' dir='ltr'>praesentium</span> <span class='ocrx_word' id='word_1_216' title='bbox 636 2135 822 2168; x_wconf 82' lang='lat' dir='ltr'>litterarum</span> <span class='ocrx_word' id='word_1_217' title='bbox 842 2137 1064 2179; x_wconf 82' lang='lat' dir='ltr'>transumptis,</span> <span class='ocrx_word' id='word_1_218' title='bbox 1079 2148 1132 2170; x_wconf 88' lang='lat' dir='ltr'>seu</span> 
     </span>
     <span class='ocr_line' id='line_1_42' title="bbox 400 2189 1134 2232; baseline 0.005 -13"><span class='ocrx_word' id='word_1_219' title='bbox 400 2189 570 2231; x_wconf 77' lang='lat' dir='ltr'>exemptis,</span> <span class='ocrx_word' id='word_1_220' title='bbox 598 2189 693 2223; x_wconf 82' lang='lat' dir='ltr'>etiam</span> <span class='ocrx_word' id='word_1_221' title='bbox 716 2189 891 2232; x_wconf 78' lang='lat' dir='ltr'>impressis,</span> <span class='ocrx_word' id='word_1_222' title='bbox 918 2200 1014 2223; x_wconf 85' lang='lat' dir='ltr'>manu</span> <span class='ocrx_word' id='word_1_223' title='bbox 1036 2191 1134 2223; x_wconf 82' lang='lat' dir='ltr'>alicu-</span> 
     </span>
     <span class='ocr_line' id='line_1_43' title="bbox 398 2240 1132 2287; baseline 0.008 -15"><span class='ocrx_word' id='word_1_224' title='bbox 398 2240 447 2273; x_wconf 87' lang='lat' dir='ltr'>ius</span> <span class='ocrx_word' id='word_1_225' title='bbox 472 2241 590 2273; x_wconf 92' lang='lat' dir='ltr'>notarii</span> <span class='ocrx_word' id='word_1_226' title='bbox 615 2241 737 2284; x_wconf 85' lang='lat' dir='ltr'>publici</span> <span class='ocrx_word' id='word_1_227' title='bbox 757 2243 958 2286; x_wconf 83' lang='lat' dir='ltr'>subscriptis,</span> <span class='ocrx_word' id='word_1_228' title='bbox 978 2249 1008 2276; x_wconf 93' lang='lat' dir='ltr'>et</span> <span class='ocrx_word' id='word_1_229' title='bbox 1025 2244 1132 2287; x_wconf 80' lang='lat' dir='ltr'>sigillo</span> 
     </span>
     <span class='ocr_line' id='line_1_44' title="bbox 398 2294 1133 2338; baseline 0.007 -13"><span class='ocrx_word' id='word_1_230' title='bbox 398 2304 559 2336; x_wconf 86' lang='lat' dir='ltr'>personae</span> <span class='ocrx_word' id='word_1_231' title='bbox 585 2294 617 2325; x_wconf 91' lang='lat' dir='ltr'>in</span> <span class='ocrx_word' id='word_1_232' title='bbox 643 2295 862 2327; x_wconf 82' lang='lat' dir='ltr'>ecclesiastica</span> <span class='ocrx_word' id='word_1_233' title='bbox 885 2296 1040 2338; x_wconf 77' lang='lat' dir='ltr'>dignitate</span> <span class='ocrx_word' id='word_1_234' title='bbox 1060 2308 1133 2330; x_wconf 88' lang='lat' dir='ltr'>con-</span> 
     </span>
     <span class='ocr_line' id='line_1_45' title="bbox 398 2346 1133 2391; baseline 0.007 -13"><span class='ocrx_word' id='word_1_235' title='bbox 398 2346 530 2379; x_wconf 85' lang='lat' dir='ltr'>stitutae</span> <span class='ocrx_word' id='word_1_236' title='bbox 563 2346 710 2387; x_wconf 89' lang='lat' dir='ltr'>munitis,</span> <span class='ocrx_word' id='word_1_237' title='bbox 748 2348 862 2381; x_wconf 87' lang='lat' dir='ltr'>eadem</span> <span class='ocrx_word' id='word_1_238' title='bbox 893 2359 1026 2391; x_wconf 87' lang='lat' dir='ltr'>prorsus</span> <span class='ocrx_word' id='word_1_239' title='bbox 1054 2349 1133 2383; x_wconf 82' lang='lat' dir='ltr'>fides</span> 
     </span>
     <span class='ocr_line' id='line_1_46' title="bbox 396 2399 1132 2446; baseline 0.005 -15"><span class='ocrx_word' id='word_1_240' title='bbox 396 2399 519 2442; x_wconf 86' lang='lat' dir='ltr'>ubique</span> <span class='ocrx_word' id='word_1_241' title='bbox 544 2400 693 2433; x_wconf 90' lang='lat' dir='ltr'>locorum</span> <span class='ocrx_word' id='word_1_242' title='bbox 724 2405 788 2433; x_wconf 86' lang='lat' dir='ltr'>tam</span> <span class='ocrx_word' id='word_1_243' title='bbox 821 2401 853 2433; x_wconf 87' lang='lat' dir='ltr'>in</span> <span class='ocrx_word' id='word_1_244' title='bbox 879 2401 999 2434; x_wconf 84' lang='lat' dir='ltr'>iudicio</span> <span class='ocrx_word' id='word_1_245' title='bbox 1035 2413 1132 2446; x_wconf 85' lang='lat' dir='ltr'>quam</span> 
     </span>
     <span class='ocr_line' id='line_1_47' title="bbox 397 2452 1132 2497; baseline 0.005 -13"><span class='ocrx_word' id='word_1_246' title='bbox 397 2457 487 2485; x_wconf 83' lang='lat' dir='ltr'>extra</span> <span class='ocrx_word' id='word_1_247' title='bbox 511 2452 594 2486; x_wconf 88' lang='lat' dir='ltr'>illud</span> <span class='ocrx_word' id='word_1_248' title='bbox 619 2453 797 2494; x_wconf 79' lang='lat' dir='ltr'>habeatur,</span> <span class='ocrx_word' id='word_1_249' title='bbox 825 2465 906 2497; x_wconf 87' lang='lat' dir='ltr'>quae</span> <span class='ocrx_word' id='word_1_250' title='bbox 931 2455 1008 2497; x_wconf 89' lang='lat' dir='ltr'>ipsis</span> <span class='ocrx_word' id='word_1_251' title='bbox 1034 2456 1132 2489; x_wconf 89' lang='lat' dir='ltr'>habe-</span> 
     </span>
     <span class='ocr_line' id='line_1_48' title="bbox 397 2506 1131 2549; baseline 0.005 -12"><span class='ocrx_word' id='word_1_252' title='bbox 397 2510 487 2538; x_wconf 84' lang='lat' dir='ltr'>retur</span> <span class='ocrx_word' id='word_1_253' title='bbox 518 2506 744 2549; x_wconf 86' lang='lat' dir='ltr'>praesentibus</span> <span class='ocrx_word' id='word_1_254' title='bbox 777 2506 802 2539; x_wconf 85' lang='lat' dir='ltr'>si</span> <span class='ocrx_word' id='word_1_255' title='bbox 836 2508 943 2540; x_wconf 80' lang='lat' dir='ltr'>forent</span> <span class='ocrx_word' id='word_1_256' title='bbox 968 2508 1131 2541; x_wconf 83' lang='lat' dir='ltr'>exhibitae</span> 
     </span>
     <span class='ocr_line' id='line_1_49' title="bbox 397 2559 634 2592; baseline 0.004 -1"><span class='ocrx_word' id='word_1_257' title='bbox 397 2559 446 2591; x_wconf 89' lang='lat' dir='ltr'>vel</span> <span class='ocrx_word' id='word_1_258' title='bbox 472 2564 634 2592; x_wconf 86' lang='lat' dir='ltr'>ostensae.</span> 
     </span>
    </p>

    <p class='ocr_par' dir='ltr' id='par_1_10' title="bbox 440 2611 1131 2656">
     <span class='ocr_line' id='line_1_50' title="bbox 440 2611 1131 2656; baseline 0.004 -12"><span class='ocrx_word' id='word_1_259' title='bbox 440 2611 553 2645; x_wconf 86' lang='lat' dir='ltr'>Datum</span> <span class='ocrx_word' id='word_1_260' title='bbox 579 2612 708 2654; x_wconf 85' lang='lat' dir='ltr'>Romae,</span> <span class='ocrx_word' id='word_1_261' title='bbox 735 2613 819 2656; x_wconf 88' lang='lat' dir='ltr'>apud</span> <span class='ocrx_word' id='word_1_262' title='bbox 856 2614 887 2646; x_wconf 79' lang='lat' dir='ltr'>S.</span> <span class='ocrx_word' id='word_1_263' title='bbox 915 2613 1043 2647; x_wconf 81' lang='lat' dir='ltr'>Mariam</span> <span class='ocrx_word' id='word_1_264' title='bbox 1070 2614 1131 2647; x_wconf 77' lang='lat' dir='ltr'>Ma-</span> 
     </span>
    </p>
   </div>
   <div class='ocr_carea' id='block_1_9' title="bbox 1152 968 1166 2659">
    <p class='ocr_par' dir='ltr' id='par_1_11' title="bbox 1152 968 1166 2659">
     <span class='ocr_line' id='line_1_51' title="bbox 1152 968 1166 2659; baseline 0 0"><span class='ocrx_word' id='word_1_265' title='bbox 1152 968 1166 2659; x_wconf 95' lang='lat' dir='ltr'> </span> 
     </span>
    </p>
   </div>
   <div class='ocr_carea' id='block_1_10' title="bbox 1219 401 1845 437">
    <p class='ocr_par' dir='ltr' id='par_1_12' title="bbox 1219 401 1845 437">
     <span class='ocr_line' id='line_1_52' title="bbox 1219 401 1845 437; baseline -0.002 -8"><span class='ocrx_word' id='word_1_266' title='bbox 1219 402 1279 429; x_wconf 84' lang='lat' dir='ltr'>Dat.</span> <span class='ocrx_word' id='word_1_267' title='bbox 1303 402 1347 430; x_wconf 89' lang='lat' dir='ltr'>die</span> <span class='ocrx_word' id='word_1_268' title='bbox 1367 402 1401 430; x_wconf 89' lang='lat'>30</span> <span class='ocrx_word' id='word_1_269' title='bbox 1419 402 1487 430; x_wconf 89' lang='lat' dir='ltr'>iunii</span> <span class='ocrx_word' id='word_1_270' title='bbox 1510 402 1588 436; x_wconf 80' lang='lat'>1696,</span> <span class='ocrx_word' id='word_1_271' title='bbox 1609 401 1707 437; x_wconf 80' lang='lat' dir='ltr'>pontif.</span> <span class='ocrx_word' id='word_1_272' title='bbox 1731 408 1803 429; x_wconf 90' lang='lat' dir='ltr'>anno</span> <span class='ocrx_word' id='word_1_273' title='bbox 1817 407 1845 428; x_wconf 78' lang='lat' dir='ltr'>V.</span> 
     </span>
    </p>
   </div>
   <div class='ocr_carea' id='block_1_11' title="bbox 1451 466 1646 474">
    <p class='ocr_par' dir='ltr' id='par_1_13' title="bbox 1451 466 1646 474">
     <span class='ocr_line' id='line_1_53' title="bbox 1451 466 1646 474; baseline 0 0"><span class='ocrx_word' id='word_1_274' title='bbox 1451 466 1646 474; x_wconf 95' lang='lat' dir='ltr'> </span> 
     </span>
    </p>
   </div>
   <div class='ocr_carea' id='block_1_12' title="bbox 1477 541 1634 577">
    <p class='ocr_par' dir='ltr' id='par_1_14' title="bbox 1477 541 1634 577">
     <span class='ocr_line' id='line_1_54' title="bbox 1477 541 1634 577; baseline -0.013 0"><span class='ocrx_word' id='word_1_275' title='bbox 1477 541 1634 577; x_wconf 85' lang='lat' dir='ltr'>CXXXIV.</span> 
     </span>
    </p>
   </div>
   <div class='ocr_carea' id='block_1_13' title="bbox 1186 620 1923 876">
    <p class='ocr_par' dir='ltr' id='par_1_15' title="bbox 1186 620 1923 876">
     <span class='ocr_line' id='line_1_55' title="bbox 1186 620 1922 664; baseline 0.001 -11"><span class='ocrx_word' id='word_1_276' title='bbox 1186 620 1408 662; x_wconf 80' lang='lat' dir='ltr'>Confirmatur</span> <span class='ocrx_word' id='word_1_277' title='bbox 1449 622 1611 655; x_wconf 81' lang='lat' dir='ltr'>decretum</span> <span class='ocrx_word' id='word_1_278' title='bbox 1654 621 1922 664; x_wconf 71' lang='lat' dir='ltr'>Conqreyationis</span> 
     </span>
     <span class='ocr_line' id='line_1_56' title="bbox 1228 674 1923 716; baseline 0 -10"><span class='ocrx_word' id='word_1_279' title='bbox 1228 674 1367 706; x_wconf 77' lang='lat' dir='ltr'>Rz&#39;tuum</span> <span class='ocrx_word' id='word_1_280' title='bbox 1377 675 1464 707; x_wconf 72' lang='grc' dir='ltr'><em>εῖναι</em></span> <span class='ocrx_word' id='word_1_281' title='bbox 1477 675 1620 716; x_wconf 71' lang='lat' dir='ltr'>officium</span> <span class='ocrx_word' id='word_1_282' title='bbox 1634 679 1662 707; x_wconf 81' lang='lat' dir='ltr'>et</span> <span class='ocrx_word' id='word_1_283' title='bbox 1671 675 1804 707; x_wconf 80' lang='lat' dir='ltr'>missam</span> <span class='ocrx_word' id='word_1_284' title='bbox 1814 675 1854 706; x_wconf 91' lang='lat' dir='ltr'>B.</span> <span class='ocrx_word' id='word_1_285' title='bbox 1865 675 1923 707; x_wconf 83' lang='lat' dir='ltr'>Pe-</span> 
     </span>
     <span class='ocr_line' id='line_1_57' title="bbox 1231 727 1923 769; baseline 0 -11"><span class='ocrx_word' id='word_1_286' title='bbox 1231 727 1274 758; x_wconf 80' lang='lat' dir='ltr'>tri</span> <span class='ocrx_word' id='word_1_287' title='bbox 1316 727 1490 759; x_wconf 74' lang='lat' dir='ltr'>Paschasii</span> <span class='ocrx_word' id='word_1_288' title='bbox 1524 728 1682 769; x_wconf 75' lang='lat' dir='ltr'>martyris</span> <span class='ocrx_word' id='word_1_289' title='bbox 1721 731 1749 759; x_wconf 81' lang='lat' dir='ltr'>et</span> <span class='ocrx_word' id='word_1_290' title='bbox 1781 727 1923 769; x_wconf 80' lang='lat' dir='ltr'>episcopi</span> 
     </span>
     <span class='ocr_line' id='line_1_58' title="bbox 1231 779 1922 819; baseline 0.001 -8"><span class='ocrx_word' id='word_1_291' title='bbox 1231 779 1434 819; x_wconf 75' lang='lat' dir='ltr'>Giemzensis,</span> <span class='ocrx_word' id='word_1_292' title='bbox 1454 779 1590 812; x_wconf 80' lang='lat' dir='ltr'>Ordinis</span> <span class='ocrx_word' id='word_1_293' title='bbox 1607 780 1645 812; x_wconf 88' lang='lat' dir='ltr'>B.</span> <span class='ocrx_word' id='word_1_294' title='bbox 1662 779 1707 812; x_wconf 83' lang='lat' dir='ltr'>M.</span> <span class='ocrx_word' id='word_1_295' title='bbox 1724 779 1762 812; x_wconf 82' lang='lat' dir='ltr'>de</span> <span class='ocrx_word' id='word_1_296' title='bbox 1780 779 1922 812; x_wconf 78' lang='lat' dir='ltr'>Mercede</span> 
     </span>
     <span class='ocr_line' id='line_1_59' title="bbox 1230 831 1723 876; baseline 0.002 -12"><span class='ocrx_word' id='word_1_297' title='bbox 1230 831 1471 874; x_wconf 75' lang='lat' dir='ltr'>Redemptionis</span> <span class='ocrx_word' id='word_1_298' title='bbox 1495 831 1723 876; x_wconf 81' lang='lat' dir='ltr'>coptivorum¹.</span> 
     </span>
    </p>
   </div>
   <div class='ocr_carea' id='block_1_14' title="bbox 1327 911 1780 984">
    <p class='ocr_par' dir='ltr' id='par_1_16' title="bbox 1327 911 1780 984">
     <span class='ocr_line' id='line_1_60' title="bbox 1359 911 1744 946; baseline 0.003 -8"><span class='ocrx_word' id='word_1_299' title='bbox 1359 911 1558 939; x_wconf 78' lang='lat' dir='ltr'>Innocentius</span> <span class='ocrx_word' id='word_1_300' title='bbox 1579 912 1660 946; x_wconf 86' lang='lat' dir='ltr'>Papa</span> <span class='ocrx_word' id='word_1_301' title='bbox 1679 912 1744 945; x_wconf 81' lang='lat' dir='ltr'>XII,</span> 
     </span>
     <span class='ocr_line' id='line_1_61' title="bbox 1327 955 1780 984; baseline 0.007 -3"><span class='ocrx_word' id='word_1_302' title='bbox 1327 956 1363 981; x_wconf 85' lang='lat' dir='ltr'>ad</span> <span class='ocrx_word' id='word_1_303' title='bbox 1383 955 1517 983; x_wconf 83' lang='lat' dir='ltr'>futuram</span> <span class='ocrx_word' id='word_1_304' title='bbox 1536 956 1581 983; x_wconf 86' lang='lat' dir='ltr'>rei</span> <span class='ocrx_word' id='word_1_305' title='bbox 1600 957 1780 984; x_wconf 84' lang='lat' dir='ltr'>memoriam.</span> 
     </span>
    </p>
   </div>
   <div class='ocr_carea' id='block_1_15' title="bbox 1229 1024 1920 1070">
    <p class='ocr_par' dir='ltr' id='par_1_17' title="bbox 1229 1024 1920 1070">
     <span class='ocr_line' id='line_1_62' title="bbox 1229 1024 1920 1070; baseline 0.004 -12"><span class='ocrx_word' id='word_1_306' title='bbox 1229 1027 1243 1068; x_wconf 61' lang='lat' dir='ltr'>g</span> <span class='ocrx_word' id='word_1_307' title='bbox 1269 1026 1298 1059; x_wconf 87' lang='grc'>1.</span> <span class='ocrx_word' id='word_1_308' title='bbox 1327 1024 1422 1067; x_wconf 69' lang='lat' dir='ltr'>Alias,</span> <span class='ocrx_word' id='word_1_309' title='bbox 1448 1026 1487 1059; x_wconf 94' lang='lat' dir='ltr'>ad</span> <span class='ocrx_word' id='word_1_310' title='bbox 1513 1027 1785 1070; x_wconf 86' lang='lat' dir='ltr'>supplicationem</span> <span class='ocrx_word' id='word_1_311' title='bbox 1810 1027 1920 1061; x_wconf 90' lang='lat' dir='ltr'>dilecti</span> 
     </span>
    </p>
   </div>
   <div class='ocr_carea' id='block_1_16' title="bbox 1175 1238 1919 2392">
    <p class='ocr_par' dir='ltr' id='par_1_18' title="bbox 1175 1238 1919 2392">
     <span class='ocr_line' id='line_1_63' title="bbox 1184 1238 1919 1281; baseline 0.003 -11"><span class='ocrx_word' id='word_1_312' title='bbox 1184 1238 1394 1280; x_wconf 80' lang='lat' dir='ltr'>captivorum,</span> <span class='ocrx_word' id='word_1_313' title='bbox 1429 1238 1590 1271; x_wconf 84' lang='lat' dir='ltr'>emanavit</span> <span class='ocrx_word' id='word_1_314' title='bbox 1614 1249 1632 1271; x_wconf 87' lang='lat' dir='ltr'>a</span> <span class='ocrx_word' id='word_1_315' title='bbox 1656 1238 1919 1281; x_wconf 81' lang='lat' dir='ltr'>Congregatione</span> 
     </span>
     <span class='ocr_line' id='line_1_64' title="bbox 1182 1290 1916 1325; baseline 0.004 -3"><span class='ocrx_word' id='word_1_316' title='bbox 1182 1290 1414 1323; x_wconf 86' lang='lat' dir='ltr'>venerabilium</span> <span class='ocrx_word' id='word_1_317' title='bbox 1429 1291 1562 1324; x_wconf 81' lang='lat' dir='ltr'>fratrum</span> <span class='ocrx_word' id='word_1_318' title='bbox 1575 1297 1764 1325; x_wconf 90' lang='lat' dir='ltr'>nostrorum</span> <span class='ocrx_word' id='word_1_319' title='bbox 1782 1292 1813 1325; x_wconf 81' lang='lat' dir='ltr'>S.</span> <span class='ocrx_word' id='word_1_320' title='bbox 1828 1291 1866 1325; x_wconf 86' lang='lat' dir='ltr'>R.</span> <span class='ocrx_word' id='word_1_321' title='bbox 1881 1292 1916 1325; x_wconf 91' lang='lat' dir='ltr'>E.</span> 
     </span>
     <span class='ocr_line' id='line_1_65' title="bbox 1182 1344 1918 1388; baseline 0.003 -12"><span class='ocrx_word' id='word_1_322' title='bbox 1182 1344 1393 1377; x_wconf 87' lang='lat' dir='ltr'>cardinalium</span> <span class='ocrx_word' id='word_1_323' title='bbox 1408 1345 1508 1378; x_wconf 89' lang='lat' dir='ltr'>sacris</span> <span class='ocrx_word' id='word_1_324' title='bbox 1525 1344 1641 1378; x_wconf 85' lang='lat' dir='ltr'>ritibus</span> <span class='ocrx_word' id='word_1_325' title='bbox 1655 1345 1918 1388; x_wconf 88' lang='lat' dir='ltr'>praepositorum</span> 
     </span>
     <span class='ocr_line' id='line_1_66' title="bbox 1182 1397 1918 1442; baseline 0.004 -13"><span class='ocrx_word' id='word_1_326' title='bbox 1182 1397 1347 1430; x_wconf 87' lang='lat' dir='ltr'>decretum</span> <span class='ocrx_word' id='word_1_327' title='bbox 1380 1397 1503 1431; x_wconf 86' lang='lat' dir='ltr'>tenoris</span> <span class='ocrx_word' id='word_1_328' title='bbox 1534 1398 1590 1441; x_wconf 90' lang='lat' dir='ltr'>qui</span> <span class='ocrx_word' id='word_1_329' title='bbox 1622 1398 1778 1442; x_wconf 88' lang='lat' dir='ltr'>sequitur,</span> <span class='ocrx_word' id='word_1_330' title='bbox 1805 1398 1918 1432; x_wconf 88' lang='lat' dir='ltr'>videli-</span> 
     </span>
     <span class='ocr_line' id='line_1_67' title="bbox 1181 1449 1916 1494; baseline 0.004 -13"><span class='ocrx_word' id='word_1_331' title='bbox 1181 1454 1250 1481; x_wconf 83' lang='lat' dir='ltr'>cet:</span> <span class='ocrx_word' id='word_1_332' title='bbox 1282 1461 1295 1481; x_wconf 65' lang='lat' dir='ltr'>&lt;r</span> <span class='ocrx_word' id='word_1_333' title='bbox 1320 1449 1449 1482; x_wconf 87' lang='lat' dir='ltr'>Ordinis</span> <span class='ocrx_word' id='word_1_334' title='bbox 1481 1451 1596 1483; x_wconf 88' lang='lat' dir='ltr'>beatae</span> <span class='ocrx_word' id='word_1_335' title='bbox 1628 1451 1743 1484; x_wconf 88' lang='lat' dir='ltr'>Mariae</span> <span class='ocrx_word' id='word_1_336' title='bbox 1776 1451 1916 1494; x_wconf 80' lang='lat' dir='ltr'>Virginis</span> 
     </span>
     <span class='ocr_line' id='line_1_68' title="bbox 1182 1501 1914 1546; baseline 0.004 -13"><span class='ocrx_word' id='word_1_337' title='bbox 1182 1502 1220 1533; x_wconf 90' lang='lat' dir='ltr'>de</span> <span class='ocrx_word' id='word_1_338' title='bbox 1246 1501 1394 1534; x_wconf 87' lang='lat' dir='ltr'>Mercede</span> <span class='ocrx_word' id='word_1_339' title='bbox 1430 1502 1667 1544; x_wconf 82' lang='lat' dir='ltr'>redemptionis</span> <span class='ocrx_word' id='word_1_340' title='bbox 1700 1503 1914 1546; x_wconf 89' lang='lat' dir='ltr'>captivorum.</span> 
     </span>
     <span class='ocr_line' id='line_1_69' title="bbox 1181 1554 1917 1597; baseline 0.004 -11"><span class='ocrx_word' id='word_1_341' title='bbox 1181 1554 1351 1587; x_wconf 85' lang='lat' dir='ltr'>Sacrorum</span> <span class='ocrx_word' id='word_1_342' title='bbox 1365 1555 1486 1586; x_wconf 88' lang='lat' dir='ltr'>rituum</span> <span class='ocrx_word' id='word_1_343' title='bbox 1504 1554 1731 1597; x_wconf 77' lang='lat' dir='ltr'>Congregatio,</span> <span class='ocrx_word' id='word_1_344' title='bbox 1750 1556 1790 1588; x_wconf 88' lang='lat' dir='ltr'>ad</span> <span class='ocrx_word' id='word_1_345' title='bbox 1803 1556 1917 1589; x_wconf 90' lang='lat' dir='ltr'>humil-</span> 
     </span>
     <span class='ocr_line' id='line_1_70' title="bbox 1180 1607 1915 1651; baseline 0.003 -12"><span class='ocrx_word' id='word_1_346' title='bbox 1180 1607 1272 1639; x_wconf 82' lang='lat' dir='ltr'>limas</span> <span class='ocrx_word' id='word_1_347' title='bbox 1308 1617 1420 1650; x_wconf 88' lang='lat' dir='ltr'>preces</span> <span class='ocrx_word' id='word_1_348' title='bbox 1452 1608 1623 1640; x_wconf 86' lang='lat' dir='ltr'>reverendi</span> <span class='ocrx_word' id='word_1_349' title='bbox 1648 1608 1748 1651; x_wconf 88' lang='lat' dir='ltr'>patris</span> <span class='ocrx_word' id='word_1_350' title='bbox 1772 1609 1915 1651; x_wconf 79' lang='lat' dir='ltr'>magistri</span> 
     </span>
     <span class='ocr_line' id='line_1_71' title="bbox 1180 1659 1917 1704; baseline 0.004 -13"><span class='ocrx_word' id='word_1_351' title='bbox 1180 1659 1288 1692; x_wconf 79' lang='lat' dir='ltr'>fratris</span> <span class='ocrx_word' id='word_1_352' title='bbox 1306 1659 1462 1692; x_wconf 66' lang='lat' dir='ltr'>Bet-nardi</span> <span class='ocrx_word' id='word_1_353' title='bbox 1481 1661 1519 1693; x_wconf 84' lang='lat' dir='ltr'>de</span> <span class='ocrx_word' id='word_1_354' title='bbox 1540 1660 1719 1703; x_wconf 81' lang='lat' dir='ltr'>Carignena</span> <span class='ocrx_word' id='word_1_355' title='bbox 1737 1666 1769 1694; x_wconf 85' lang='lat' dir='ltr'>et</span> <span class='ocrx_word' id='word_1_356' title='bbox 1791 1661 1917 1704; x_wconf 88' lang='lat' dir='ltr'>Spenza</span> 
     </span>
     <span class='ocr_line' id='line_1_72' title="bbox 1180 1712 1915 1756; baseline 0.003 -12"><span class='ocrx_word' id='word_1_357' title='bbox 1180 1712 1288 1744; x_wconf 77' lang='lat' dir='ltr'>vicarii</span> <span class='ocrx_word' id='word_1_358' title='bbox 1310 1718 1341 1744; x_wconf 88' lang='lat' dir='ltr'>et</span> <span class='ocrx_word' id='word_1_359' title='bbox 1362 1713 1584 1755; x_wconf 85' lang='lat' dir='ltr'>procuratoris</span> <span class='ocrx_word' id='word_1_360' title='bbox 1603 1713 1765 1756; x_wconf 80' lang='lat' dir='ltr'>generalis</span> <span class='ocrx_word' id='word_1_361' title='bbox 1786 1713 1915 1747; x_wconf 86' lang='lat' dir='ltr'>Ordinis</span> 
     </span>
     <span class='ocr_line' id='line_1_73' title="bbox 1179 1765 1916 1808; baseline 0.005 -12"><span class='ocrx_word' id='word_1_362' title='bbox 1179 1765 1294 1797; x_wconf 87' lang='lat' dir='ltr'>beatae</span> <span class='ocrx_word' id='word_1_363' title='bbox 1320 1765 1434 1797; x_wconf 85' lang='lat' dir='ltr'>Mariae</span> <span class='ocrx_word' id='word_1_364' title='bbox 1458 1765 1598 1808; x_wconf 63' lang='lat' dir='ltr'>Virginis</span> <span class='ocrx_word' id='word_1_365' title='bbox 1624 1766 1663 1799; x_wconf 90' lang='lat' dir='ltr'>de</span> <span class='ocrx_word' id='word_1_366' title='bbox 1688 1766 1835 1800; x_wconf 86' lang='lat' dir='ltr'>Mercede</span> <span class='ocrx_word' id='word_1_367' title='bbox 1865 1777 1916 1800; x_wconf 87' lang='lat' dir='ltr'>re-</span> 
     </span>
     <span class='ocr_line' id='line_1_74' title="bbox 1180 1818 1915 1861; baseline 0.004 -11"><span class='ocrx_word' id='word_1_368' title='bbox 1180 1818 1376 1860; x_wconf 89' lang='lat' dir='ltr'>demptionis</span> <span class='ocrx_word' id='word_1_369' title='bbox 1391 1818 1591 1861; x_wconf 83' lang='lat' dir='ltr'>captivorum</span> <span class='ocrx_word' id='word_1_370' title='bbox 1605 1819 1644 1852; x_wconf 89' lang='lat' dir='ltr'>ab</span> <span class='ocrx_word' id='word_1_371' title='bbox 1659 1819 1915 1853; x_wconf 88' lang='lat' dir='ltr'>eminentissimo</span> 
     </span>
     <span class='ocr_line' id='line_1_75' title="bbox 1179 1871 1915 1907; baseline 0.005 -4"><span class='ocrx_word' id='word_1_372' title='bbox 1179 1876 1210 1903; x_wconf 90' lang='lat' dir='ltr'>et</span> <span class='ocrx_word' id='word_1_373' title='bbox 1234 1871 1507 1905; x_wconf 75' lang='lat' dir='ltr'>reverendissimo</span> <span class='ocrx_word' id='word_1_374' title='bbox 1533 1872 1665 1905; x_wconf 88' lang='lat' dir='ltr'>domino</span> <span class='ocrx_word' id='word_1_375' title='bbox 1683 1872 1840 1906; x_wconf 85' lang='lat' dir='ltr'>cardinali</span> <span class='ocrx_word' id='word_1_376' title='bbox 1861 1873 1915 1907; x_wconf 84' lang='lat' dir='ltr'>Ca-</span> 
     </span>
     <span class='ocr_line' id='line_1_76' title="bbox 1178 1925 1914 1970; baseline 0.004 -14"><span class='ocrx_word' id='word_1_377' title='bbox 1178 1929 1289 1957; x_wconf 88' lang='lat' dir='ltr'>sanata</span> <span class='ocrx_word' id='word_1_378' title='bbox 1318 1925 1456 1965; x_wconf 85' lang='lat' dir='ltr'>relatas,</span> <span class='ocrx_word' id='word_1_379' title='bbox 1481 1925 1589 1958; x_wconf 87' lang='lat' dir='ltr'>audito</span> <span class='ocrx_word' id='word_1_380' title='bbox 1623 1931 1685 1958; x_wconf 88' lang='lat' dir='ltr'>tam</span> <span class='ocrx_word' id='word_1_381' title='bbox 1719 1926 1753 1958; x_wconf 92' lang='lat' dir='ltr'>in</span> <span class='ocrx_word' id='word_1_382' title='bbox 1785 1926 1914 1970; x_wconf 89' lang='lat' dir='ltr'>scriptis</span> 
     </span>
     <span class='ocr_line' id='line_1_77' title="bbox 1178 1977 1911 2020; baseline 0.004 -11"><span class='ocrx_word' id='word_1_383' title='bbox 1178 1988 1272 2020; x_wconf 89' lang='lat' dir='ltr'>quam</span> <span class='ocrx_word' id='word_1_384' title='bbox 1302 1977 1334 2009; x_wconf 92' lang='lat' dir='ltr'>in</span> <span class='ocrx_word' id='word_1_385' title='bbox 1358 1988 1439 2010; x_wconf 87' lang='lat' dir='ltr'>voce</span> <span class='ocrx_word' id='word_1_386' title='bbox 1469 1978 1745 2012; x_wconf 79' lang='lat' dir='ltr'>reverendissimo</span> <span class='ocrx_word' id='word_1_387' title='bbox 1781 1979 1911 2013; x_wconf 88' lang='lat' dir='ltr'>archie-</span> 
     </span>
     <span class='ocr_line' id='line_1_78' title="bbox 1177 2030 1915 2075; baseline 0.001 -11"><span class='ocrx_word' id='word_1_388' title='bbox 1177 2031 1310 2074; x_wconf 89' lang='lat' dir='ltr'>piscopo</span> <span class='ocrx_word' id='word_1_389' title='bbox 1325 2031 1475 2075; x_wconf 45' lang='lat' dir='ltr'>Myrensb</span> <span class='ocrx_word' id='word_1_390' title='bbox 1488 2030 1562 2064; x_wconf 86' lang='lat' dir='ltr'>fidei</span> <span class='ocrx_word' id='word_1_391' title='bbox 1580 2038 1782 2075; x_wconf 87' lang='lat' dir='ltr'>promotore,</span> <span class='ocrx_word' id='word_1_392' title='bbox 1800 2032 1915 2065; x_wconf 88' lang='lat' dir='ltr'>utrius-</span> 
     </span>
     <span class='ocr_line' id='line_1_79' title="bbox 1177 2083 1913 2128; baseline 0.003 -13"><span class='ocrx_word' id='word_1_393' title='bbox 1177 2094 1239 2126; x_wconf 88' lang='lat' dir='ltr'>que</span> <span class='ocrx_word' id='word_1_394' title='bbox 1264 2094 1355 2116; x_wconf 78' lang='lat' dir='ltr'>sexus</span> <span class='ocrx_word' id='word_1_395' title='bbox 1388 2083 1575 2126; x_wconf 75' lang='lat' dir='ltr'>religiosis²</span> <span class='ocrx_word' id='word_1_396' title='bbox 1599 2084 1728 2117; x_wconf 89' lang='lat' dir='ltr'>Ordinis</span> <span class='ocrx_word' id='word_1_397' title='bbox 1753 2084 1913 2128; x_wconf 82' lang='lat' dir='ltr'>praedicti</span> 
     </span>
     <span class='ocr_line' id='line_1_80' title="bbox 1176 2136 1912 2179; baseline 0.003 -11"><span class='ocrx_word' id='word_1_398' title='bbox 1176 2136 1208 2168; x_wconf 92' lang='lat' dir='ltr'>in</span> <span class='ocrx_word' id='word_1_399' title='bbox 1222 2142 1386 2179; x_wconf 86' lang='lat' dir='ltr'>posterum</span> <span class='ocrx_word' id='word_1_400' title='bbox 1401 2137 1559 2169; x_wconf 86' lang='lat' dir='ltr'>recitandi</span> <span class='ocrx_word' id='word_1_401' title='bbox 1578 2137 1718 2170; x_wconf 82' lang='lat' dir='ltr'>osticium</span> <span class='ocrx_word' id='word_1_402' title='bbox 1733 2143 1764 2170; x_wconf 85' lang='lat' dir='ltr'>et</span> <span class='ocrx_word' id='word_1_403' title='bbox 1780 2138 1912 2171; x_wconf 89' lang='lat' dir='ltr'>missam</span> 
     </span>
     <span class='ocr_line' id='line_1_81' title="bbox 1177 2189 1913 2223; baseline 0.001 -1"><span class='ocrx_word' id='word_1_404' title='bbox 1177 2189 1362 2222; x_wconf 82' lang='lat' dir='ltr'>celebrandi</span> <span class='ocrx_word' id='word_1_405' title='bbox 1390 2190 1428 2222; x_wconf 91' lang='lat' dir='ltr'>de</span> <span class='ocrx_word' id='word_1_406' title='bbox 1454 2190 1489 2222; x_wconf 90' lang='lat' dir='ltr'>B.</span> <span class='ocrx_word' id='word_1_407' title='bbox 1517 2190 1612 2222; x_wconf 87' lang='lat' dir='ltr'>Petro</span> <span class='ocrx_word' id='word_1_408' title='bbox 1634 2190 1806 2223; x_wconf 82' lang='lat' dir='ltr'>Pascliasio</span> <span class='ocrx_word' id='word_1_409' title='bbox 1830 2201 1913 2223; x_wconf 90' lang='lat' dir='ltr'>mar-</span> 
     </span>
     <span class='ocr_line' id='line_1_82' title="bbox 1177 2242 1911 2286; baseline 0.001 -12"><span class='ocrx_word' id='word_1_410' title='bbox 1177 2247 1244 2286; x_wconf 67' lang='lat' dir='ltr'>tyre</span> <span class='ocrx_word' id='word_1_411' title='bbox 1270 2248 1301 2275; x_wconf 92' lang='lat' dir='ltr'>et</span> <span class='ocrx_word' id='word_1_412' title='bbox 1326 2242 1481 2286; x_wconf 87' lang='lat' dir='ltr'>episcopo</span> <span class='ocrx_word' id='word_1_413' title='bbox 1502 2242 1678 2276; x_wconf 86' lang='lat' dir='ltr'>Giennensi</span> <span class='ocrx_word' id='word_1_414' title='bbox 1703 2244 1762 2275; x_wconf 87' lang='lat' dir='ltr'>sub</span> <span class='ocrx_word' id='word_1_415' title='bbox 1781 2243 1842 2275; x_wconf 87' lang='lat' dir='ltr'>ritu</span> <span class='ocrx_word' id='word_1_416' title='bbox 1860 2244 1911 2276; x_wconf 91' lang='lat' dir='ltr'>du—</span> 
     </span>
     <span class='ocr_line' id='line_1_83' title="bbox 1176 2295 1909 2339; baseline 0 -11"><span class='ocrx_word' id='word_1_417' title='bbox 1176 2296 1251 2339; x_wconf 87' lang='lat' dir='ltr'>plici</span> <span class='ocrx_word' id='word_1_418' title='bbox 1277 2296 1438 2328; x_wconf 85' lang='lat' dir='ltr'>secundae</span> <span class='ocrx_word' id='word_1_419' title='bbox 1464 2296 1574 2328; x_wconf 85' lang='lat' dir='ltr'>classis</span> <span class='ocrx_word' id='word_1_420' title='bbox 1594 2306 1667 2328; x_wconf 89' lang='lat' dir='ltr'>cum</span> <span class='ocrx_word' id='word_1_421' title='bbox 1692 2297 1814 2336; x_wconf 79' lang='lat' dir='ltr'>octava,</span> <span class='ocrx_word' id='word_1_422' title='bbox 1831 2295 1909 2328; x_wconf 78' lang='lat' dir='ltr'>alias</span> 
     </span>
     <span class='ocr_line' id='line_1_84' title="bbox 1175 2349 1910 2392; baseline 0.003 -12"><span class='ocrx_word' id='word_1_423' title='bbox 1175 2349 1234 2380; x_wconf 90' lang='lat' dir='ltr'>sub</span> <span class='ocrx_word' id='word_1_424' title='bbox 1266 2349 1330 2381; x_wconf 89' lang='lat' dir='ltr'>ritu</span> <span class='ocrx_word' id='word_1_425' title='bbox 1362 2349 1485 2392; x_wconf 89' lang='lat' dir='ltr'>duplici</span> <span class='ocrx_word' id='word_1_426' title='bbox 1518 2359 1692 2390; x_wconf 85' lang='lat' dir='ltr'>concessa,</span> <span class='ocrx_word' id='word_1_427' title='bbox 1724 2349 1910 2382; x_wconf 79' lang='lat' dir='ltr'>facultatem</span> 
     </span>
    </p>
   </div>
   <div class='ocr_carea' id='block_1_17' title="bbox 1175 2444 1911 2659">
    <p class='ocr_par' dir='ltr' id='par_1_19' title="bbox 1175 2444 1911 2615">
     <span class='ocr_line' id='line_1_85' title="bbox 1212 2444 1911 2480; baseline 0.003 -9"><span class='ocrx_word' id='word_1_428' title='bbox 1212 2447 1222 2472; x_wconf 87' lang='lat'><strong>1</strong></span> <span class='ocrx_word' id='word_1_429' title='bbox 1238 2445 1266 2471; x_wconf 88' lang='lat' dir='ltr'>In</span> <span class='ocrx_word' id='word_1_430' title='bbox 1282 2449 1367 2472; x_wconf 86' lang='lat' dir='ltr'>const.</span> <span class='ocrx_word' id='word_1_431' title='bbox 1381 2445 1553 2480; x_wconf 82' lang='lat' dir='ltr'>praecedenti</span> <span class='ocrx_word' id='word_1_432' title='bbox 1570 2452 1696 2472; x_wconf 84' lang='lat' dir='ltr'>concessa</span> <span class='ocrx_word' id='word_1_433' title='bbox 1707 2445 1781 2472; x_wconf 80' lang='lat' dir='ltr'>fuere</span> <span class='ocrx_word' id='word_1_434' title='bbox 1791 2444 1911 2473; x_wconf 75' lang='lat' dir='ltr'>officium</span> 
     </span>
     <span class='ocr_line' id='line_1_86' title="bbox 1175 2490 1909 2525; baseline 0.003 -9"><span class='ocrx_word' id='word_1_435' title='bbox 1175 2494 1201 2516; x_wconf 88' lang='lat' dir='ltr'>et</span> <span class='ocrx_word' id='word_1_436' title='bbox 1213 2491 1294 2517; x_wconf 89' lang='lat' dir='ltr'>missa</span> <span class='ocrx_word' id='word_1_437' title='bbox 1310 2491 1335 2517; x_wconf 81' lang='lat' dir='ltr'>B.</span> <span class='ocrx_word' id='word_1_438' title='bbox 1348 2491 1444 2517; x_wconf 85' lang='lat' dir='ltr'>Mariae</span> <span class='ocrx_word' id='word_1_439' title='bbox 1456 2490 1489 2516; x_wconf 92' lang='lat' dir='ltr'>de</span> <span class='ocrx_word' id='word_1_440' title='bbox 1504 2490 1594 2523; x_wconf 74' lang='lat' dir='ltr'>Sonos,</span> <span class='ocrx_word' id='word_1_441' title='bbox 1610 2493 1636 2516; x_wconf 91' lang='lat' dir='ltr'>et</span> <span class='ocrx_word' id='word_1_442' title='bbox 1651 2498 1667 2516; x_wconf 85' lang='lat' dir='ltr'>a</span> <span class='ocrx_word' id='word_1_443' title='bbox 1683 2490 1826 2517; x_wconf 85' lang='lat' dir='ltr'>Benedicto</span> <span class='ocrx_word' id='word_1_444' title='bbox 1837 2490 1909 2525; x_wconf 82' lang='lat' dir='ltr'>XIII,</span> 
     </span>
     <span class='ocr_line' id='line_1_87' title="bbox 1175 2534 1911 2569; baseline 0.003 -8"><span class='ocrx_word' id='word_1_445' title='bbox 1175 2535 1492 2568; x_wconf 74' lang='lat' dir='ltr'>const.ed.moccxxv111,</span> <span class='ocrx_word' id='word_1_446' title='bbox 1504 2535 1548 2561; x_wconf 87' lang='lat' dir='ltr'>die</span> <span class='ocrx_word' id='word_1_447' title='bbox 1565 2536 1595 2560; x_wconf 72' lang='lat'>14</span> <span class='ocrx_word' id='word_1_448' title='bbox 1611 2534 1677 2568; x_wconf 83' lang='lat' dir='ltr'>iulii,</span> <span class='ocrx_word' id='word_1_449' title='bbox 1694 2535 1788 2569; x_wconf 80' lang='lat' dir='ltr'>pontif.</span> <span class='ocrx_word' id='word_1_450' title='bbox 1805 2543 1831 2569; x_wconf 95' lang='lat' dir='ltr'>v,</span> <span class='ocrx_word' id='word_1_451' title='bbox 1846 2544 1911 2563; x_wconf 88' lang='lat' dir='ltr'>con-</span> 
     </span>
     <span class='ocr_line' id='line_1_88' title="bbox 1175 2578 1874 2615; baseline 0.007 -11"><span class='ocrx_word' id='word_1_452' title='bbox 1175 2578 1293 2606; x_wconf 82' lang='lat' dir='ltr'>firmatur</span> <span class='ocrx_word' id='word_1_453' title='bbox 1314 2579 1403 2605; x_wconf 85' lang='lat' dir='ltr'>cultus</span> <span class='ocrx_word' id='word_1_454' title='bbox 1422 2578 1642 2605; x_wconf 84' lang='lat' dir='ltr'>immemorabilis</span> <span class='ocrx_word' id='word_1_455' title='bbox 1661 2579 1689 2605; x_wconf 89' lang='lat' dir='ltr'>B.</span> <span class='ocrx_word' id='word_1_456' title='bbox 1707 2579 1874 2615; x_wconf 81' lang='lat' dir='ltr'>Serapionis.</span> 
     </span>
    </p>

    <p class='ocr_par' dir='ltr' id='par_1_20' title="bbox 1208 2622 1793 2659">
     <span class='ocr_line' id='line_1_89' title="bbox 1208 2622 1793 2659; baseline 0.002 -10"><span class='ocrx_word' id='word_1_457' title='bbox 1208 2623 1223 2649; x_wconf 62' lang='lat'>⁹2</span> <span class='ocrx_word' id='word_1_458' title='bbox 1243 2623 1315 2650; x_wconf 82' lang='lat' dir='ltr'>Edit.</span> <span class='ocrx_word' id='word_1_459' title='bbox 1337 2622 1415 2649; x_wconf 68' lang='lat' dir='ltr'>Mein,</span> <span class='ocrx_word' id='word_1_460' title='bbox 1437 2622 1501 2658; x_wconf 81' lang='lat' dir='ltr'>legit</span> <span class='ocrx_word' id='word_1_461' title='bbox 1520 2623 1667 2658; x_wconf 64' lang='lat' dir='ltr'>reltyionis</span> <span class='ocrx_word' id='word_1_462' title='bbox 1686 2624 1728 2658; x_wconf 76' lang='lat' dir='ltr'>(n.</span> <span class='ocrx_word' id='word_1_463' title='bbox 1744 2624 1793 2659; x_wconf 62' lang='lat' dir='ltr'>n).</span> 
     </span>
    </p>
   </div>
   <div class='ocr_carea' id='block_1_18' title="bbox 1931 236 2112 265">
    <p class='ocr_par' dir='ltr' id='par_1_21' title="bbox 1931 236 2112 265">
     <span class='ocr_line' id='line_1_90' title="bbox 1931 236 2112 265; baseline 0.011 -2"><span class='ocrx_word' id='word_1_464' title='bbox 1931 236 1980 264; x_wconf 79' lang='lat' dir='ltr'>An.</span> <span class='ocrx_word' id='word_1_465' title='bbox 1995 236 2024 264; x_wconf 88' lang='lat' dir='ltr'>C.</span> <span class='ocrx_word' id='word_1_466' title='bbox 2045 237 2112 265; x_wconf 75' lang='lat'>¹696</span> 
     </span>
    </p>
   </div>
   <div class='ocr_carea' id='block_1_19' title="bbox 1900 1038 2113 1089">
    <p class='ocr_par' dir='ltr' id='par_1_22' title="bbox 1900 1038 2113 1089">
     <span class='ocr_line' id='line_1_91' title="bbox 2001 1038 2113 1060; baseline 0.018 -2"><span class='ocrx_word' id='word_1_467' title='bbox 2001 1038 2113 1060; x_wconf 75' lang='lat' dir='ltr'>Decretum</span> 
     </span>
     <span class='ocr_line' id='line_1_92' title="bbox 1900 1064 2105 1089; baseline 0.015 -6"><span class='ocrx_word' id='word_1_468' title='bbox 1900 1081 1906 1086; x_wconf 82' lang='grc'><em>,</em></span> <span class='ocrx_word' id='word_1_469' title='bbox 1913 1082 1918 1087; x_wconf 89' lang='grc'><em>,</em></span> <span class='ocrx_word' id='word_1_470' title='bbox 1932 1064 2105 1089; x_wconf 63' lang='lat' dir='ltr'>Congu-erationis</span> 
     </span>
    </p>
   </div>
   <div class='ocr_carea' id='block_1_20' title="bbox 1185 1079 2114 1124">
    <p class='ocr_par' dir='ltr' id='par_1_23' title="bbox 1185 1079 2114 1124">
     <span class='ocr_line' id='line_1_93' title="bbox 1185 1079 2114 1124; baseline -0.001 -12"><span class='ocrx_word' id='word_1_471' title='bbox 1185 1079 1240 1112; x_wconf 80' lang='lat' dir='ltr'>filii</span> <span class='ocrx_word' id='word_1_472' title='bbox 1258 1080 1415 1113; x_wconf 87' lang='lat' dir='ltr'>Bernardi</span> <span class='ocrx_word' id='word_1_473' title='bbox 1428 1079 1610 1123; x_wconf 80' lang='lat' dir='ltr'>Carignena</span> <span class='ocrx_word' id='word_1_474' title='bbox 1624 1086 1656 1114; x_wconf 89' lang='lat' dir='ltr'>et</span> <span class='ocrx_word' id='word_1_475' title='bbox 1672 1081 1796 1124; x_wconf 83' lang='lat' dir='ltr'>Spenza</span> <span class='ocrx_word' id='word_1_476' title='bbox 1811 1081 1920 1114; x_wconf 80' lang='lat' dir='ltr'>vicarii</span> <span class='ocrx_word' id='word_1_477' title='bbox 1932 1096 1969 1116; x_wconf 72' lang='lat' dir='ltr'>pro</span> <span class='ocrx_word' id='word_1_478' title='bbox 1996 1091 2064 1112; x_wconf 70' lang='lat' dir='ltr'>omem</span> <span class='ocrx_word' id='word_1_479' title='bbox 2093 1094 2114 1112; x_wconf 57' lang='grc' dir='ltr'>ει</span> 
     </span>
    </p>
   </div>
   <div class='ocr_carea' id='block_1_21' title="bbox 1931 1118 2113 1139">
    <p class='ocr_par' dir='ltr' id='par_1_24' title="bbox 1931 1118 2113 1139">
     <span class='ocr_line' id='line_1_94' title="bbox 1931 1118 2113 1139; baseline 0 -1"><span class='ocrx_word' id='word_1_480' title='bbox 1931 1124 1994 1138; x_wconf 70' lang='lat' dir='ltr'>missa</span> <span class='ocrx_word' id='word_1_481' title='bbox 2018 1118 2056 1138; x_wconf 80' lang='lat' dir='ltr'>snb</span> <span class='ocrx_word' id='word_1_482' title='bbox 2072 1122 2113 1139; x_wconf 78' lang='lat' dir='ltr'>ritu</span> 
     </span>
    </p>
   </div>
   <div class='ocr_carea' id='block_1_22' title="bbox 1184 1132 2113 1176">
    <p class='ocr_par' dir='ltr' id='par_1_25' title="bbox 1184 1132 2113 1176">
     <span class='ocr_line' id='line_1_95' title="bbox 1184 1132 2113 1176; baseline 0.002 -12"><span class='ocrx_word' id='word_1_483' title='bbox 1184 1138 1215 1165; x_wconf 89' lang='lat' dir='ltr'>et</span> <span class='ocrx_word' id='word_1_484' title='bbox 1232 1133 1452 1176; x_wconf 87' lang='lat' dir='ltr'>procuratoris</span> <span class='ocrx_word' id='word_1_485' title='bbox 1466 1133 1628 1174; x_wconf 84' lang='lat' dir='ltr'>generalis</span> <span class='ocrx_word' id='word_1_486' title='bbox 1643 1132 1770 1166; x_wconf 92' lang='lat' dir='ltr'>Ordinis</span> <span class='ocrx_word' id='word_1_487' title='bbox 1785 1133 1920 1167; x_wconf 85' lang='lat' dir='ltr'>fratrum</span> <span class='ocrx_word' id='word_1_488' title='bbox 1931 1144 2036 1164; x_wconf 72' lang='lat' dir='ltr'>secundae</span> <span class='ocrx_word' id='word_1_489' title='bbox 2059 1145 2113 1165; x_wconf 65' lang='lat' dir='ltr'>ctas-</span> 
     </span>
    </p>
   </div>
   <div class='ocr_carea' id='block_1_23' title="bbox 1894 1170 2113 1195">
    <p class='ocr_par' dir='ltr' id='par_1_26' title="bbox 1894 1170 2113 1195">
     <span class='ocr_line' id='line_1_96' title="bbox 1894 1170 2113 1195; baseline 0.014 -6"><span class='ocrx_word' id='word_1_490' title='bbox 1894 1186 1900 1192; x_wconf 84' lang='grc'><em>,</em></span> <span class='ocrx_word' id='word_1_491' title='bbox 1930 1170 1959 1190; x_wconf 83' lang='lat' dir='ltr'>sis</span> <span class='ocrx_word' id='word_1_492' title='bbox 1969 1176 2014 1190; x_wconf 88' lang='lat' dir='ltr'>cnm</span> <span class='ocrx_word' id='word_1_493' title='bbox 2030 1173 2113 1195; x_wconf 59' lang='lat' dir='ltr'>octava.</span> 
     </span>
    </p>
   </div>
   <div class='ocr_carea' id='block_1_24' title="bbox 1184 1185 2113 1245">
    <p class='ocr_par' dir='ltr' id='par_1_27' title="bbox 1184 1185 2113 1245">
     <span class='ocr_line' id='line_1_97' title="bbox 1184 1185 2113 1245; baseline 0 -28"><span class='ocrx_word' id='word_1_494' title='bbox 1184 1185 1299 1218; x_wconf 85' lang='lat' dir='ltr'>Beatae</span> <span class='ocrx_word' id='word_1_495' title='bbox 1324 1185 1441 1218; x_wconf 83' lang='lat' dir='ltr'>Mariae</span> <span class='ocrx_word' id='word_1_496' title='bbox 1460 1185 1499 1218; x_wconf 87' lang='lat' dir='ltr'>de</span> <span class='ocrx_word' id='word_1_497' title='bbox 1517 1185 1664 1219; x_wconf 85' lang='lat' dir='ltr'>Mercede</span> <span class='ocrx_word' id='word_1_498' title='bbox 1682 1186 1918 1229; x_wconf 85' lang='lat' dir='ltr'>redemptionis</span> <span class='ocrx_word' id='word_1_499' title='bbox 1930 1198 2113 1245; x_wconf 39' lang='lat' dir='ltr'>ggapzffiflacsi-sen-</span> 
     </span>
    </p>
   </div>
  </div>
 </body>
</html>
