2254 3225
220 248 272 275 An.
294 248 323 276 e.
342 248 408 276 ¹697
454 240 518 274 790

411 303 495 331 trum
534 298 788 343 Capuceinorum
828 298 1077 346 possemissam
1113 303 1146 336 in

410 351 467 385 illo
493 353 728 396 professionem
755 357 938 398 regularem
976 356 1014 390 ad
1051 356 1146 390 aliam

410 415 647 451 quamcumque
672 408 866 451 religionem
900 410 1147 453 quomodolibet

410 459 633 500 transivisset‚
657 460 690 493 in
723 463 761 494 ea
792 462 980 504 provincia,
1014 463 1046 494 in
1082 473 1146 506 qua

409 512 645 554 professionem
688 513 874 548 huiusmodi
915 515 1075 547 emisisset
1109 524 1146 547 ac

410 565 555 598 habitum
581 567 770 599 eorumdem
796 567 929 600 fratrum
950 567 1146 611 Capuccino-

408 628 481 651 rum
512 619 643 662 publice
674 619 879 661 gestavisset,
913 620 1062 653 habitare
1089 630 1144 652 seu

410 671 602 704 commorari
642 672 779 705 auderet
812 673 927 715 quovis
961 673 1058 706 modo
1094 673 1144 706 vel

411 776 514 808 hibuit
539 781 570 809 et
594 776 785 818 interdixit;
812 783 844 811 et
875 778 966 818 alias,
992 783 1089 822 prout
1112 779 1145 810 in

409 829 511 871 ipsius
535 830 708 863 Alexandri
734 831 995 873 praedecessoris
1029 830 1167 865 litterisi

410 881 554 926 desuper
579 883 610 915 in
636 883 730 916 simili
757 883 860 917 forma
877 884 986 917 Brevis
1012 884 1063 917 die
1083 894 1145 918 xv11

411 935 593 968 decembris
629 946 771 970 unctxw
807 937 975 980 expeditis,
1008 948 1145 981 quarum

411 993 555 1022 tenorem
582 989 809 1032 praesentibus
825 1000 885 1034 pro
906 992 1003 1034 plene
1028 996 1059 1023 et
1082 990 1146 1023 suf-

410 1040 559 1075 ficienter
583 1053 738 1086 expresso
765 1053 801 1076 ac
826 1043 865 1076 de
889 1043 986 1076 verbo
1012 1044 1051 1077 ad
1077 1037 1168 1076 ver-⁴

409 1094 485 1127 bum
510 1095 634 1128 inserto
671 1095 785 1129 haberi
821 1096 976 1136 volumus,
1013 1096 1168 1129 uberius¹

410 1147 606 1180 continetur.

244 1208 311 1240 (liiii-n
322 1209 399 1230 confit·-

218 1241 323 1258 hinnulus·

411 1253 585 1286 modernus
612 1254 879 1297 viceprocurator
913 1255 1074 1298 generalis
1101 1256 1148 1288 di-

412 1307 454 1339 cti
489 1306 617 1340 Ordinis
653 1308 746 1340 nobis
782 1319 887 1352 nuper
919 1309 1035 1352 exponi
1062 1308 1145 1349 fecit,

410 1360 545 1402 praefati
573 1361 744 1394 Alexandri
766 1362 1029 1404 praedecessoris
1063 1363 1169 1396 litte-y

411 1424 465 1446 rae
491 1413 580 1456 (quia
605 1414 726 1447 nullius
743 1425 868 1457 poenae
887 1415 1066 1449 inflictione
1093 1426 1147 1448 seu

412 1466 662 1500 comminatione
673 1468 809 1500 vallatae
821 1467 1039 1510 reperiuntur,
1052 1468 1146 1512 iique,

412 1519 466 1562 qui
493 1519 657 1552 interdum
683 1529 699 1552 e
725 1519 811 1552 dicto
843 1520 962 1553 Ordine
988 1521 1027 1554 ad
1053 1522 1147 1554 aliam

412 1571 607 1614 religionem
631 1572 816 1605 transeundi
834 1573 999 1606 licentiam
1025 1574 1064 1607 ab
1090 1574 1149 1606 hac

411 1624 527 1658 Sancta
551 1624 633 1658 Sede
659 1625 719 1658 sibi
745 1626 879 1659 concedi
901 1627 1059 1667 obtinent,
1084 1627 1147 1660 illis

411 1688 470 1721 per
494 1678 617 1711 litteras
642 1678 845 1721 apostolicas,
871 1690 952 1722 quae
988 1690 1086 1723 super
1109 1680 1147 1713 li-

412 1731 517 1763 centia
549 1730 733 1764 huiusmodi
770 1731 915 1774 expediri
951 1733 1065 1772 solent,
1102 1733 1147 1765 uti

411 1783 621 1826 posteriores,
645 1784 756 1826 vigore
771 1785 986 1818 clausularum
1012 1786 1148 1828 deroga-

411 1836 568 1869 toriarum
586 1836 619 1869 in
638 1836 683 1869 eis
710 1838 939 1880 appositarum,
958 1838 1147 1880 derogatum

412 1899 484 1922 esse
510 1889 744 1931 praetendunt)
770 1889 876 1922 minus
903 1896 1050 1923 accurate
1084 1902 1149 1923 scr-

412 1948 536 1982 ventur,
562 1952 626 1975 non
652 1942 722 1975 sine
748 1942 883 1976 notabili
909 1944 1045 1976 honoris
1071 1944 1147 1977 dicti

412 1993 540 2027 Ordinis
580 1995 803 2037 praeiudicio:
842 1995 935 2028 nobis
974 2002 1148 2039 propterca

413 2047 517 2080 dictus
541 2047 808 2090 viceprocurator
833 2048 994 2090 generalis
1019 2049 1149 2082 humili-

414 2105 462 2133 ter
497 2099 673 2143 supplicari
710 2100 786 2133 fecit
822 2106 857 2132 ut
891 2100 923 2133 in
958 2101 1148 2143 praemissis

414 2158 599 2196 opportune
625 2153 799 2196 providere
826 2159 857 2187 et
880 2160 916 2186 ut
936 2154 1020 2187 infra
1043 2155 1150 2189 indul-

415 2216 492 2248 gere
518 2206 557 2238 de
582 2206 781 2249 benignitate
806 2208 982 2251 apostolica
1001 2207 1151 2251 dignare-

415 2268 499 2292 mur.

237 2318 406 2367 eoncgrggtrffiffio
460 2312 475 2355 ς
499 2311 530 2344 3.
558 2311 620 2345 Nos
645 2312 751 2355 igitur,
766 2313 867 2357 ipsius
892 2314 1150 2358 viceproeurato-

223 2373 337 2402 Aiexandri
358 2364 461 2398 vitris
487 2365 650 2407 generalis
674 2366 755 2398 votis
780 2367 842 2399 bac
866 2367 899 2400 in
924 2378 967 2407 re,
995 2375 1149 2411 quantum

225 2402 490 2451 iiapv‘iiaissnisssC-w'cum
527 2418 662 2451 Domino
698 2429 888 2462 possumus,
931 2421 1151 2456 favorabiliter

417 2480 563 2504 annuere
587 2472 743 2512 volentes,
769 2481 906 2515 eumque
932 2482 949 2505 a
983 2474 1148 2516 quibusvis

417 2523 772 2564 excommunicationis,
796 2525 1014 2567 suspensionis
1039 2532 1071 2560 et
1105 2528 1152 2560 in-

417 2577 554 2616 terdicti,
577 2577 715 2621 aliisque
734 2578 962 2611 ecelesiasticis
981 2580 1150 2612 sententiis

418 2630 565 2664 censuris
592 2636 621 2663 et
646 2631 769 2674 poenis,
796 2642 813 2664 a
837 2631 905 2664 iure
941 2633 987 2664 rel
1023 2632 1061 2664 ab
1096 2633 1151 2665 lio-

454 1201 467 1243 ἓ
493 1199 523 1233 2.
550 1200 627 1234 Cum
648 1205 765 1241 autem,
792 1200 876 1234 sicut
899 1201 1036 1235 dilectus
1061 1201 1168 1234 filius<

989 243 1175 280 numanum
1190 252 1344 280 normann

1187 304 1284 345 mine,
1309 302 1420 348 quavis
1453 303 1624 337 occasione
1645 303 1694 337 vel
1719 304 1816 336 causa
1838 301 1922 342 latis,

1165 401 1166 404 Ἴ
1187 356 1212 389 si
1238 356 1355 400 quibus
1381 356 1627 400 quomodolibet
1659 356 1833 390 innodatus
1863 355 1924 389 exi-

1188 409 1252 448 stit,
1278 410 1316 442 ad
1342 409 1489 443 effectum
1514 410 1737 454 praesentium
1762 409 1924 442 dumtaxat

1187 463 1464 505 consequendum,
1483 463 1599 496 harum
1613 463 1697 496 serie
1715 463 1922 496 absolventes

1188 519 1219 547 et
1243 515 1425 548 absolutum
1444 516 1513 548 fore
1533 521 1713 555 censentes,
1737 515 1923 548 huiusmodi

1187 567 1480 610 supplicationibus
1506 568 1662 607 inclinati,
1689 568 1729 601 de
1753 568 1923 601 venerabi-

1186 618 1266 652 lium
1292 619 1423 653 fratrum
1444 626 1628 654 nostrorum
1652 620 1684 653 S.
1703 620 1740 654 R.
1759 620 1794 653 E.
1821 621 1923 654 cardi-

1165 688 1166 704 s
1187 673 1308 705 nalium
1332 673 1471 716 negotiis
1490 679 1520 706 et
1541 673 1836 706 consultationibus
1857 674 1924 717 epi-

409 729 644 767 praesumeret,
668 725 860 758 auctoritate
878 725 1055 769 apostolica
1076 736 1146 769 pro·
1164 718 1166 738 ³

1187 736 1359 769 scoporum
1385 731 1416 759 et
1441 727 1637 769 regularium
1662 727 1924 771 praepositorum

1188 780 1335 820 consilio,
1361 781 1559 823 supradictas
1584 781 1757 814 Alexandri
1790 781 1926 825 praede-

1188 833 1325 866 cessoris
1350 833 1487 874 litteras,
1524 845 1595 867 cum
1627 834 1778 867 omnibus
1803 839 1835 867 et
1859 834 1923 866 sin-

1189 885 1272 928 gulis
1298 886 1330 919 in
1355 886 1401 919 eis
1426 887 1602 928 contentis,
1629 887 1821 920 auctoritate
1847 897 1924 930 apo-

1189 939 1312 979 stolica,
1329 944 1439 972 tenore
1453 940 1685 984 praesentium,
1704 941 1922 983 approbamus

1189 996 1221 1024 et
1246 990 1481 1031 confirmamus,
1500 991 1648 1035 illisque¹
1674 992 1868 1026 inviolabilis
1891 1004 1925 1026 a-

1930 253 1979 281 An.
2001 253 2028 280 C.
2046 253 2114 280 ts=07

1189 1043 1367 1086 postolieae
1406 1044 1568 1077 firmitatis
1593 1046 1693 1078 robur
1729 1045 1923 1086 adiicimus;
1946 1052 1949 1055 ’

1189 1107 1318 1130 necnon
1344 1107 1456 1130 omnes
1474 1103 1505 1130 et
1522 1098 1678 1140 singulos,
1707 1103 1772 1131 tam
1796 1097 1927 1141 religio·

1189 1159 1253 1189 sos,
1279 1150 1332 1193 qui
1356 1150 1473 1183 litteris
1500 1150 1686 1183 huiusmodi
1712 1156 1926 1184 controvene-

1188 1202 1265 1243 rint,
1292 1214 1387 1246 quam
1412 1203 1609 1247 superiores,
1636 1204 1691 1248 qui
1716 1204 1789 1237 illos
1814 1204 1846 1237 in
1872 1204 1926 1237 ali-

1190 1258 1253 1298 qua
1277 1256 1443 1298 provincia
1476 1261 1589 1289 contra
1620 1257 1807 1289 earumdem
1839 1257 1927 1290 litte-

1189 1319 1295 1341 rarum
1332 1309 1578 1352 dispositionem
1603 1310 1836 1343 collocaverint
1870 1320 1926 1343 seu

1191 1361 1410 1401 retinuerint,
1437 1372 1476 1395 eo
1511 1362 1582 1406 ipso
1617 1363 1803 1406 privationis
1839 1362 1925 1396 vocis

1190 1415 1310 1447 activae
1336 1419 1366 1447 et
1390 1415 1536 1458 passivae
1561 1426 1701 1458 poenam
1722 1416 1844 1459 absque
1865 1416 1928 1448 alia

1191 1466 1410 1499 declaratione
1437 1467 1529 1500 esse²
1554 1468 1769 1501 declaramus.

1234 1519 1249 1561 ἓ
1274 1518 1304 1550 4.
1332 1519 1559 1560 Deeernentes,
1581 1521 1713 1553 easdem
1737 1526 1926 1563 praesentes

1192 1571 1314 1604 litteras
1340 1582 1472 1615 semper
1495 1572 1611 1613 sirmas,
1637 1573 1760 1606 validas
1798 1579 1829 1606 et
1862 1574 1926 1606 effi-

1191 1635 1282 1657 caces
1315 1625 1453 1658 existere
1484 1630 1516 1658 et
1544 1626 1624 1665 fore,
1649 1636 1790 1669 suosque
1815 1627 1928 1669 plena-

1192 1677 1257 1711 rios
1283 1683 1314 1710 et
1338 1678 1484 1720 integros
1507 1678 1637 1712 effectus
1655 1678 1764 1712 sortiri
1790 1684 1821 1711 et
1846 1679 1929 1712 obti-

1192 1741 1278 1770 nere,
1310 1741 1345 1764 ac
1378 1731 1454 1770 illis,
1489 1731 1527 1764 ad
1557 1741 1637 1774 quos
1663 1736 1789 1774 spectat
1813 1737 1846 1764 et
1870 1741 1928 1774 pro

1193 1789 1337 1826 tempore
1370 1784 1640 1827 quandocumque
1677 1783 1845 1828 spectabit,
1883 1784 1929 1816 in-

1191 1837 1389 1869 violabiliter
1413 1837 1591 1877 observari,
1608 1848 1714 1880 neque
1735 1837 1815 1881 ipsis
1835 1848 1930 1881 prae-

1191 1890 1336 1922 sentibus
1361 1900 1420 1932 per
1445 1900 1665 1933 quascumque
1690 1891 1852 1923 clausulas
1878 1900 1929 1932 ge-

1191 1944 1328 1983 neraleS,
1365 1942 1425 1975 nisi
1452 1943 1532 1974 faeta
1567 1943 1694 1976 illarum
1727 1942 1859 1985 speciali
1896 1948 1928 1976 et

1192 1996 1356 2029 individua
1380 1995 1555 2035 mentione,
1581 1997 1648 2028 ullo
1672 1995 1769 2028 modo
1791 1996 1928 2038 deroga-

1193 2053 1257 2081 tum
1283 2048 1426 2088 censeri,
1462 2048 1572 2091 sicque
1605 2054 1637 2081 et
1668 2059 1733 2082 non
1769 2049 1864 2082 aliter
1893 2049 1927 2081 in

1191 2101 1378 2145 praemissis
1403 2111 1461 2144 per
1486 2112 1709 2145 quoscumque
1729 2101 1853 2135 iudices
1873 2113 1927 2135 or-

1193 2155 1334 2188 dinarios
1365 2159 1397 2187 et
1421 2155 1598 2197 delegatos,
1634 2156 1731 2188 etiam
1756 2165 1926 2188 causarum

1193 2217 1339 2241 camerae
1360 2207 1559 2250 apostolicae
1580 2207 1743 2240 auditores
1758 2234 1766 2247 ,
1788 2207 1925 2240 iudicari

1193 2266 1224 2293 et
1247 2259 1373 2293 definiri
1396 2260 1525 2300 debere,
1551 2270 1586 2292 ac
1611 2260 1738 2292 irritum
1760 2265 1793 2292 et
1816 2259 1923 2299 inane,

1193 2314 1219 2347 si
1243 2323 1334 2346 secus
1367 2323 1467 2356 super
1491 2312 1541 2346 his
1566 2323 1583 2345 a
1608 2323 1780 2356 quoquam,
1816 2313 1925 2356 quavis

1193 2367 1392 2406 auctoritate,
1409 2366 1550 2400 scienter
1566 2367 1614 2400 vel
1631 2366 1831 2410 ignoranter,
1851 2377 1926 2400 con-

1194 2421 1303 2464 tigerit
1327 2419 1490 2453 attentari.

1236 2473 1250 2516 5
1274 2473 1305 2507 5.
1332 2472 1400 2506 Non
1425 2473 1626 2506 obstantibus
1661 2473 1865 2516 praemissis,
1890 2484 1926 2506 ac

1193 2526 1478 2559 constitutionibus
1511 2531 1542 2559 et
1573 2526 1832 2560 ordinationibus
1853 2537 1925 2571 apo-

1231 2599 1240 2623 1
1265 2597 1334 2623 Edit.
1356 2597 1434 2623 ltlain.
1455 2597 1517 2631 legit
1539 2597 1634 2631 illique
1653 2603 1690 2624 (R.
1706 2599 1759 2629 T.).

1228 2642 1243 2667 ἰ)
1266 2641 1355 2668 Potius
1373 2642 1499 2669 incursas
1516 2651 1571 2668 esse·
1589 2642 1626 2669 rel
1644 2642 1796 2670 incurrisse
1812 2643 1905 2677 (ΕΛΖ).

1967 1530 2085 1552 Clausulam

1963 2479 2117 2501 eontrariwrum

1935 2507 2052 2533 derogatio.
