2254 3225
264 240 314 267 An.
334 240 363 267 C.
383 241 449 268 1693

288 2527 402 2548 Concessio
415 2528 447 2548 in-

263 2554 384 2578 unigenitae
403 2555 446 2581 pte·

263 2583 337 2602 nat-iae
371 2587 447 2608 perpe-

263 2610 319 2628 tuae.

494 233 558 267 588

455 399 538 442 giter
561 411 736 441 versamus,
756 412 791 434 ac
809 401 965 447 proinde,
984 401 1192 444 quemadmo-

455 453 542 494 dum,
567 463 607 486 ne
633 453 803 497 quisquam
834 454 983 497 indigens
1017 459 1071 486 aut
1105 464 1193 486 men-

454 505 544 539 dicus
561 511 645 539 esset
664 507 750 539 inter
766 517 834 546 nos,
851 507 925 539 Eius
943 506 1061 539 auxilio
1080 506 1190 545 adiuti,
1211 506 1213 516 ⁴

454 559 544 592 cuius
581 559 664 593 oculi
705 559 736 592 in
777 569 954 603 pauperem
997 558 1189 601 respiciunt,

455 622 617 656 quemque
653 612 765 645 electis
792 612 858 644 suis
883 612 915 644 in
942 611 1114 644 novissimo
1140 611 1190 643 die

453 664 615 698 dicturum
641 664 820 697 credimus:
845 677 857 695 α
875 663 1032 702 Quamdiu
1050 663 1191 696 feceritis

452 718 509 750 uni
535 728 571 750 ex
597 716 647 750 his
666 717 816 750 fratribus
838 717 918 750 meis
939 717 1089 757 minimis,
1111 716 1189 748 mihi

452 769 571 803 fecistis
589 781 621 802 »t
646 780 713 803 non
737 770 781 802 ita
806 770 933 813 pridem
960 769 1136 812 hospitium
1159 780 1212 801 a-·

451 823 649 867 postolicum
689 833 869 867 pauperum
906 822 1121 855 invalidorum
1157 821 1189 853 in

453 878 536 910 alma
575 875 660 909 Urbe
697 877 825 915 nostra,
860 886 896 908 ex
933 886 995 918 qua
1030 875 1211 907 bonorum·

452 941 586 974 operum
623 931 771 973 exempla
810 930 841 962 in
878 940 989 962 omnes
1023 928 1188 961 christiani

453 983 541 1016 orbis
576 988 684 1026 partes
721 987 936 1026 promanant,
964 982 1122 1014 ereximus
1159 987 1189 1014 et

451 1035 661 1075 instituimus,
702 1036 744 1067 ita
780 1035 930 1068 similiter
962 1035 1082 1077 ubique
1107 1035 1190 1067 loco-

450 1099 522 1122 rum
548 1093 579 1121 ct
603 1088 757 1131 gentium,
784 1098 819 1119 ac
845 1087 1035 1131 praesertim
1061 1087 1092 1119 in
1119 1087 1189 1120 reli-

453 1141 524 1184 quis
561 1141 741 1173 civitatibus
779 1145 810 1173 et
842 1141 921 1173 loeis
956 1139 1188 1183 temporalibus

452 1194 483 1227 S.
512 1194 547 1226 R.
563 1194 598 1226 E.
619 1193 759 1233 ditionis,
779 1193 937 1226 eiusmodi
956 1193 1109 1236 hospitia,
1129 1203 1189 1236 per

453 1258 535 1290 quae
573 1247 762 1280 eorumdem
797 1257 977 1290 pauperum
1009 1246 1133 1279 animae
1160 1252 1190 1291 et

452 1299 600 1343 eorporis
637 1300 729 1332 saluti
768 1305 954 1342 opportune
986 1300 1186 1340 consulatur,

453 1363 509 1385 seu
536 1354 650 1385 saltem
677 1352 744 1395 pias
778 1353 934 1395 quasdam
965 1352 1190 1394 congregatio-

452 1417 511 1438 nes
539 1406 719 1440 Charilaus
744 1411 955 1449 numupatas,
986 1405 1041 1438 ubi
1066 1406 1191 1438 scilicet

453 1460 534 1492 istae
570 1460 608 1491 ad
645 1465 766 1492 rectam
793 1469 828 1491 ac
854 1459 1012 1492 salubrem
1046 1459 1190 1502 ipsorum

452 1523 634 1556 pauperum
661 1512 874 1545 directionem
906 1518 937 1544 et
961 1523 1068 1545 curam
1105 1513 1190 1545 suffi-

454 1577 527 1599 cere
553 1565 762 1606 videbuntur,
796 1566 875 1608 erigi
911 1576 948 1598 ac
972 1566 1116 1608 institui,
1150 1567 1190 1599 si-

454 1619 528 1652 cubi
553 1629 640 1659 vero,
667 1618 882 1651 benedicente
908 1618 1055 1659 Domino,
1081 1619 1191 1663 hospi-

454 1672 499 1705 tia
517 1683 572 1704 seu
586 1671 857 1714 congregationes
875 1672 1062 1705 huiusmodi
1083 1678 1190 1706 erecta

454 1736 510 1758 seu
536 1731 661 1758 erectae
699 1729 729 1758 et
759 1725 903 1758 instituta
935 1736 989 1758 seu
1021 1726 1190 1759 institutae

455 1778 585 1819 suerint,
608 1777 791 1811 conservari
809 1783 841 1811 et
856 1778 965 1820 augeri
985 1789 1191 1822 summopere

454 1830 634 1874 cupiamus,
651 1836 748 1874 atque
764 1831 801 1864 ad
827 1830 858 1863 id
877 1836 942 1863 tum
958 1832 1190 1864 venerabilium

454 1883 587 1916 fratrum
615 1883 934 1926 archiepiscoporum
962 1889 993 1917 et
1021 1885 1192 1928 cpiscopo-

455 1946 536 1977 rum,
562 1936 765 1979 aliorumque
792 1936 1000 1968 ecclesiarum
1032 1938 1192 1979 praelato-

455 1999 526 2022 rum
551 1994 583 2022 et
606 1989 863 2027 ordinariorum,
901 1995 965 2021 tum
1000 1989 1191 2022 dilectorum

455 2042 596 2075 filiorum
621 2048 804 2075 nostrorum
828 2047 857 2075 et
879 2042 1082 2085 Apostolicac
1103 2043 1193 2076 Sedis

457 2096 496 2128 de
522 2097 622 2128 latere
647 2096 838 2137 legatorum,
862 2106 990 2128 necnon
1009 2095 1193 2138 praesiden-

457 2147 535 2180 tium
572 2153 604 2181 et
641 2148 897 2190 gubernatorum
929 2148 1189 2191 provinciarum,

457 2201 631 2241 civitatum,
656 2201 851 2244 oppidorum
884 2206 914 2233 et
939 2202 1084 2234 locorum
1116 2213 1191 2245 quo-

456 2264 670 2297 rumcumque
706 2254 800 2286 nobis
836 2259 865 2286 et
892 2254 995 2288 dictae
1028 2254 1103 2287 Sedi
1130 2260 1190 2287 tam

457 2307 597 2339 mediate
629 2317 723 2350 quam
757 2307 939 2340 immediate
972 2307 1190 2340 subiectorum

457 2361 579 2400 zelum,
621 2359 819 2401 vigilantiam
855 2365 886 2391 et
910 2360 1072 2402 pietatem,
1111 2360 1192 2393 datis

457 2414 496 2446 ad
522 2423 577 2446 eos
614 2413 699 2445 iussu
735 2418 848 2445 nostro
885 2412 1015 2453 litteris,
1052 2414 1191 2447 excitare

457 2472 552 2510 atque
576 2476 692 2509 urgere
718 2465 919 2509 potissimum
950 2467 1188 2499 curaverimus:

501 2520 563 2564 §2
580 2520 661 2553 Hinc
676 2520 824 2563 estquod
841 2530 911 2559 nos,
923 2519 1024 2559 Illius,
1040 2521 1091 2563 qui
1107 2532 1192 2553 men-

458 2575 547 2608 dicus
577 2580 609 2608 et
631 2584 755 2618 pauper
783 2574 844 2606 dici
866 2584 928 2607 non
958 2574 1139 2614 abhorruit,
1160 2581 1191 2608 et

457 2633 591 2672 propter
609 2638 665 2673 nos
685 2638 804 2670 egenus
823 2626 921 2660 sactus
937 2633 996 2668 est,
1016 2638 1086 2661 eum
1105 2633 1191 2661 esset

1034 244 1212 269 nuLLAntrM
1236 246 1390 270 nontANUM

454 301 570 324 norum
597 292 841 325 necessitatibus
875 297 938 326 tum
971 293 1214 337 spiritualibus*

454 351 521 378 tum
547 346 781 389 temporalibus
807 347 1013 380 sublevandis
1032 347 1128 380 corde
1146 347 1193 380 iu-
1212 356 1214 367 ¹

1236 294 1332 335 ‹tii-cs,
1346 300 1380 327 ut
1394 294 1462 328 eius
1479 294 1587 337 inopia
1603 305 1662 328 nos
1681 294 1793 327 divites
1811 304 1967 336 essemus,

1236 348 1328 387 vices,
1348 349 1424 381 licet
1447 349 1610 389 immeriti,
1626 354 1776 391 gerentes
1802 349 1833 381 in
1860 348 1966 390 terris,

1236 407 1269 432 ut
1303 400 1530 434 christifideles
1561 401 1760 444 ubicumque
1793 401 1968 434 existentes

1235 464 1272 486 eo
1297 453 1435 486 alacrius
1461 458 1523 485 tam
1548 453 1637 496 pium
1664 464 1699 486 ac
1722 454 1862 486 salutare
1887 464 1968 497 opus

1234 507 1266 538 in
1297 516 1479 549 pauperum
1515 506 1758 549 praedictorum
1793 506 1967 539 utilitatem

1232 569 1423 601 promovere
1439 559 1655 599 connituntur,
1675 569 1738 602 quo
1753 558 1968 602 spiritualium

1234 612 1417 653 gratiarum,
1440 622 1574 654 quarum
1601 612 1846 655 dispensatores
1871 623 1889 645 a
1908 612 1969 645 Do-

1233 663 1319 696 mino
1345 664 1509 697 constituti
1535 675 1653 704 sumus,
1679 665 1866 698 muneribus
1890 665 1969 698 ube-

1233 717 1298 748 rius
1323 717 1470 750 noverint
1494 727 1526 749 se
1552 718 1699 758 resectos,
1724 723 1879 761 paternae
1896 718 1968 751 cha-

1233 769 1335 802 ritatis
1361 770 1466 803 studio
1503 769 1673 813 providere
1699 770 1894 813 cupientes,
1927 771 1966 804 de

1232 822 1465 866 omnipotentis
1491 822 1544 854 Dei
1571 823 1795 856 misericordia
1827 834 1862 856 ac
1893 823 1968 856 bea-

1233 881 1336 908 torum
1362 875 1447 908 Petri
1473 881 1503 907 et
1528 875 1617 907 Pauli
1644 877 1868 919 apostolorum
1897 876 1965 909 eius

1232 928 1422 961 auctoritate
1447 929 1571 968 confisi,
1600 929 1750 961 omnibus
1776 934 1808 962 et
1832 928 1967 971 singulis

1232 981 1448 1024 hospitiorum
1486 991 1544 1014 seu
1577 982 1868 1024 congregationum
1900 982 1964 1014 hu-

1230 1033 1370 1067 iusmodi
1406 1034 1509 1066 ubivis
1535 1039 1599 1067 tam
1630 1035 1785 1067 hactenus
1810 1034 1966 1067 canonice

1232 1092 1410 1120 erectorum
1435 1098 1489 1119 seu
1523 1092 1701 1120 erectarum
1729 1098 1823 1131 qnam
1849 1087 1881 1120 in
1906 1098 1966 1131 po-

1231 1146 1350 1173 sterum
1375 1141 1648 1184 quandocumque
1669 1141 1824 1174 canonice
1845 1141 1967 1184 pariter

1232 1193 1460 1237 erigendorum
1478 1205 1532 1226 seu
1550 1194 1777 1237 erigendarum
1795 1195 1964 1238 deputatis,

1231 1247 1366 1291 aliisque
1391 1257 1594 1290 quocumque
1619 1247 1751 1280 nomine
1772 1247 1965 1291 nuncupatis

1232 1301 1388 1334 ministris
1413 1306 1444 1333 et
1479 1300 1689 1340 officialibus,
1717 1300 1787 1341 die,
1815 1311 1879 1344 quo
1909 1311 1966 1333 sua

1233 1354 1409 1397 respective
1435 1354 1613 1387 ministeria
1645 1365 1701 1387 seu
1729 1354 1835 1387 officia
1859 1364 1966 1387 susce-

1231 1407 1349 1450 perint,
1376 1407 1402 1440 si
1428 1418 1502 1440 vere
1528 1407 1734 1450 poenitentes
1767 1412 1799 1440 et
1828 1407 1964 1440 confessi

1231 1460 1466 1493 sanctissimum
1490 1460 1711 1493 Eucharistiae
1730 1466 1964 1493 sacramentum

1231 1513 1646 1556 sumpserint,plenariam3
1665 1513 1820 1556 ipsisque,
1838 1523 1967 1546 necnon

1233 1566 1383 1598 omnibus
1408 1571 1439 1598 et
1463 1565 1598 1608 singulis
1630 1566 1816 1598 eorumdem
1851 1566 1964 1609 hospi-

1233 1618 1351 1651 tiorum
1384 1619 1602 1662 pauperibus‚
1635 1629 1716 1661 quos
1751 1618 1781 1650 in
1816 1618 1967 1661 hospitiis

1232 1671 1417 1715 praedictis,
1452 1682 1509 1703 seu
1549 1671 1644 1703 etiam
1682 1671 1712 1703 in
1749 1671 1968 1714 hospitalibus

1232 1724 1445 1764 intirmorum,
1466 1722 1522 1755 ad¹
1543 1734 1623 1766 quae
1650 1723 1688 1755 ab
1714 1723 1792 1766 ipsis
1818 1724 1969 1766 hospitiis

1234 1776 1379 1809 translati
1405 1776 1532 1815 suerint,
1559 1777 1598 1808 ab
1626 1776 1775 1808 humanis
1809 1777 1967 1810 decedere

1234 1829 1419 1872 contigerit,
1447 1840 1481 1861 ac
1508 1829 1659 1872 personis
1685 1829 1716 1861 in
1739 1829 1890 1872 hospitiis
1913 1830 1970 1862 hn—

1234 1882 1374 1916 iusmodi
1414 1882 1665 1915 inservientibus
1691 1882 1968 1926 quibuscumque,

1235 1947 1321 1969 nunc
1356 1941 1387 1969 et
1420 1946 1478 1979 pro
1504 1941 1651 1979 tempore
1688 1935 1910 1976 existentibus,
1937 1936 1968 1968 in

1234 1990 1405 2023 cuiuslibet
1426 1999 1537 2022 eorum
1558 1988 1669 2022 mortis
1690 1988 1834 2029 articulo,
1852 1988 1877 2021 si
1896 1999 1968 2022 vere

1234 2043 1356 2087 pariter
1380 2042 1587 2086 poenitentes
1612 2047 1643 2074 et
1661 2042 1807 2082 confessi,
1828 2053 1862 2075 ac
1880 2044 1970 2075 sacra

1234 2096 1462 2129 communione
1480 2095 1602 2134 resecti,
1622 2095 1680 2134 vel,
1700 2100 1859 2138 quatenus
1876 2095 1907 2127 id
1926 2095 1969 2127 fa-

1234 2160 1307 2182 cere
1332 2149 1546 2192 nequiverint,
1573 2149 1685 2180 saltem
1705 2148 1832 2180 contriti
1851 2158 1968 2180 nomen

1233 2203 1303 2235 Iesu
1329 2212 1394 2241 ore,
1420 2201 1445 2234 si
1471 2201 1648 2244 potuerint,
1673 2201 1720 2233 sin
1740 2201 1845 2233 minus
1872 2201 1969 2234 corde

1235 2257 1346 2289 devote
1380 2253 1613 2294 invocaverint,
1648 2253 1742 2286 etiam
1767 2254 1967 2297 plenariam;

1234 2313 1405 2352 praeterea
1426 2307 1487 2340 illis
1511 2317 1586 2339 vere
1611 2316 1741 2349 quoque
1775 2307 1970 2349 poenitenti-

1234 2362 1292 2395 bus
1318 2367 1350 2394 et
1374 2360 1549 2399 confessis,
1575 2364 1605 2392 et
1631 2361 1717 2391 sacra
1742 2359 1969 2393 communione

1234 2415 1372 2454 resectis,
1399 2413 1453 2457 qui
1479 2412 1527 2444 sui
1553 2412 1691 2456 quisque
1718 2411 1852 2455 hospitii
1871 2412 1970 2445 eccle-

1233 2469 1313 2501 siam
1341 2473 1372 2501 et
1407 2467 1565 2509 capeliam
1599 2476 1656 2498 seu
1689 2465 1892 2506 oratorium,
1918 2466 1969 2499 vel

1233 2523 1344 2554 saltem
1378 2520 1533 2553 maiorem
1567 2520 1616 2551 vel
1652 2519 1874 2562 parochialem
1911 2530 1969 2552 seu

1233 2574 1328 2606 aliam
1353 2572 1520 2606 ecclesiam
1553 2582 1629 2603 suae
1656 2572 1793 2615 quisque
1820 2572 1967 2614 civitatis,

1270 2637 1278 2663 1
1302 2634 1372 2662 Edit.
1394 2633 1473 2662 Main.
1498 2634 1562 2668 legit
1582 2634 1615 2659 ob
1635 2641 1683 2668 pro
1703 2634 1740 2661 ad
1756 2635 1792 2669 (a.
1814 2633 1862 2669 Τ.)-

1973 246 2021 274 An.
2043 246 2073 275 C.
2093 247 2160 276 1693
