2227 3225
121 211 168 237 Λη.
191 211 217 237 C.
238 211 305 238 11ῑοίῖ

898 210 1103 232 13'N1*=t‘.).'t⁴tt·s

314 261 408 293 etiam
430 259 548 293 alicubi
569 257 795 300 Conceptionis
813 257 913 300 ipsius
933 256 1050 290 beatis-

313 313 412 345 simae
437 311 576 354 Virginis
594 310 720 350 Mariae,
748 309 948 353 frequentius
973 319 1050 343 vcro

313 365 365 398 SS.
396 363 548 407 Corporis
575 362 693 396 Christi
725 363 972 395 confraternitas
998 362 1051 395 de-

313 417 507 457 nominatur,
526 426 561 449 ac
581 416 666 449 inter
682 416 864 460 peculiares
882 416 1050 449 memorati

313 470 443 503 Ordinis
468 469 752 503 confraternitates
778 474 978 509 recensetur,
1004 469 1051 501 in-

314 528 364 556 ter
387 528 492 557 cetera
517 523 647 567 pietatis
673 515 920 556 etelwistianae
945 522 1050 555 chari-

314 576 387 609 tatis
413 586 521 620 opera,
555 576 672 620 quibus
704 576 892 609 incumbere
918 586 1052 608 consue-

313 634 441 670 verunt,
461 635 524 662 tam
545 639 581 662 ex
600 630 766 673 primaevo
784 629 1051 673 primodictaruin

315 683 449 716 duarum
468 682 783 722 confraternitatum,
804 692 899 726 quani
916 682 1052 725 proprio
1072 701 1073 712 t

315 735 474 775 instituto,
501 734 585 768 circa
603 735 847 769 venerationem
874 741 906 768 et,
930 735 1051 768 cultum

315 787 470 831 praedicti
492 787 683 821 sanctissimi
702 787 921 821 Eucharistiae
948 798 1052 821 sacra-

315 841 428 882 menti,
452 851 517 874 non
543 840 648 873 minus
670 851 705 874 ac
730 841 777 874 illi
807 841 859 884 qui
879 841 1051 873 confrater-

314 894 469 928 nitatibus
495 895 554 928 sub
581 894 675 927 titulo
702 894 845 928 eiusdem
864 894 917 927 SS.
938 894 1051 938 Corpo-

314 949 356 981 ris
382 947 502 982 Christi
534 947 639 980 ubivis
677 947 792 981 erectis
819 948 974 991 adscripti
1000 959 1051 981 re-

314 1001 497 1044 periuntur,
510 1011 542 1034 se
557 1006 740 1041 exerceant,
752 1001 832 1034 illud
846 1001 1050 1044 potissimum

315 1054 368 1097 pie
392 1064 428 1087 ac
453 1053 567 1087 devote
592 1053 780 1087 comitando
806 1065 878 1087 cuin
904 1055 942 1087 ad
968 1053 1053 1087 infir-

315 1117 384 1140 mos
407 1107 456 1140 vel
482 1107 560 1140 alias
578 1106 608 1139 in
627 1106 894 1150 processionibus
919 1107 1051 1140 circum-

316 1160 435 1202 fertur;
462 1171 497 1194 ac
522 1161 659 1204 proinde
686 1167 883 1204 exponentes
904 1162 1051 1205 praefati,

314 1218 349 1245 ut
369 1213 557 1247 eorumdem
575 1213 774 1246 confratrum
792 1219 823 1247 et
840 1225 1051 1247 consororum

315 1267 421 1309 pietas
458 1277 494 1299 ac
527 1265 655 1299 devotio
693 1277 769 1309 erga
802 1267 1050 1300 sacratissimum

316 1320 377 1353 hoc
402 1318 517 1352 salutis
554 1324 684 1352 nostrae
711 1319 827 1362 pignus
852 1320 954 1363 magis
989 1332 1039 1353 ina

315 1372 429 1415 gisque
450 1372 482 1404 in
509 1371 578 1405 dies
603 1371 768 1411 incitetur,
787 1372 862 1405 illos
880 1372 1052 1415 indulgen-

315 1425 431 1457 tiarum
459 1429 490 1457 et
518 1424 653 1457 aliarum
688 1424 865 1466 gratiarum
902 1425 1051 1468 spiritua-

314 1478 403 1517 lium,
441 1477 558 1521 quibus
597 1478 781 1521 praedictae
817 1478 869 1511 SS.
897 1478 1051 1522 Corporis

312 1530 433 1565 Christi
470 1531 753 1564 confraternitates
779 1532 812 1564 in
836 1532 898 1564 vim
930 1533 1051 1566 decreti

312 1585 507 1628 praeinserti
558 1586 690 1628 eiusque
737 1585 1051 1620 contirrnatoriarum

312 1638 494 1671 innocentii
512 1638 776 1681 praedecessoris
794 1639 975 1672 litterarum
995 1641 1051 1672 hu-

313 1691 450 1725 iusmodi
476 1691 638 1732 fruuntur,
658 1691 835 1735 participes
856 1692 925 1725 sieri
951 1694 1052 1736 pluri-

313 1755 400 1777 mum
425 1744 637 1777 desiderent:
664 1755 738 1785 nos,
765 1745 828 1788 piis
864 1747 1050 1779 eorumdem

314 1797 550 1841 exponentium
573 1798 655 1830 votis
684 1799 744 1831 hac
765 1799 796 1831 in
823 1810 867 1839 re,
895 1806 1050 1842 quantum

314 1861 388 1884 curn
398 1850 536 1884 Domino
553 1851 888 1894 possumus‚benigne
907 1864 1051 1887 annuere

314 1904 472 1945 volentes
489 1909 521 1937 et
538 1904 668 1937 illorum
689 1904 870 1947 singulares
894 1917 1052 1949 personas

313 1969 330 1990 a
355 1957 523 2002 quibusvis
543 1957 900 1999 excommunicationis,
918 1970 1053 2003 suspen-

314 2010 416 2044 sionis
441 2015 472 2044 et
496 2010 671 2052 interdicti,
697 2010 835 2054 aliisque
860 2012 1052 2045 ecclesiasti-

313 2063 358 2096 cis
383 2063 562 2105 sententiis,
588 2063 734 2096 censuris
752 2069 783 2096 et
803 2064 930 2106 poenis,
949 2076 964 2097 a
984 2065 1050 2098 iure

312 2117 363 2151 vel
400 2117 439 2150 ab
477 2116 620 2157 homine,
658 2117 770 2161 quavis
796 2119 967 2152 occasione
1004 2121 1052 2153 vel

314 2171 411 2204 causa
425 2169 509 2211 latis,
523 2170 679 2214 siquibus
695 2171 942 2214 quomodolibet
962 2173 1054 2206 inno-

315 2224 408 2257 datae
426 2223 579 2264 existunt,
597 2224 637 2257 ad
663 2224 810 2258 effectum
835 2227 1053 2269 praesentium

315 2277 482 2310 dumtaxat
516 2277 792 2321 consequendum,
829 2278 943 2311 harum
969 2280 1053 2312 serie

314 2329 521 2363 absolventes
546 2334 578 2363 et
601 2329 767 2363 absolutas
784 2331 852 2364 fore
870 2337 1053 2373 censentes,

314 2382 607 2426 supplicationibus
644 2393 758 2417 eorum
793 2384 926 2417 nomine
960 2385 1054 2418 nobis

315 2445 412 2479 super
436 2435 499 2469 boc
521 2436 690 2470 humiliter
715 2437 874 2480 porrectis
898 2438 1052 2479 inclinati,

316 2499 429 2523 omnes
454 2494 485 2523 et
508 2489 654 2533 singulas
680 2491 902 2534 indulgentias
927 2498 958 2525 et
982 2503 1055 2536 pec-

316 2548 462 2576 catorum
490 2543 706 2577 remissiones
723 2554 760 2577 ac
776 2545 1052 2588 poenitentiarum

314 2595 541 2637 relaxationes,
559 2597 704 2641 aliasque
721 2598 840 2641 gratias
859 2599 1051 2643 spirituales,

406 2659 486 2687 Ball.
507 2659 590 2687 Rom.
608 2675 641 2681 —
660 2661 719 2689 Vol.
742 2662 800 2689 XX.
945 2662 980 2689 96

1131 210 1171 232 xn
1199 211 1245 233 rr.
1733 202 1757 233 7·
1782 202 1787 233 i

1093 257 1209 299 quibus
1235 257 1413 290 confratres
1440 262 1470 290 et
1488 267 1678 291 consorores
1704 260 1826 291 cons'ra-

1094 309 1280 342 ternitatuin
1307 310 1366 341 sub
1392 310 1537 352 praefato
1564 310 1657 342 titulo
1684 310 1736 343 SS.
1757 310 1830 343 Cor-

1094 361 1181 404 poris
1197 362 1313 396 Christi
1336 362 1458 405 ubique
1483 363 1631 395 locorum
1650 363 1828 405 apostoliea

1094 417 1141 449 rel
1174 416 1337 450 ordinaria
1373 416 1565 450 auctoritate
1592 422 1771 450 erectarum
1797 423 1830 449 et

1095 469 1320 512 erigendarum
1356 481 1416 513 per
1450 470 1615 503 decretum
1648 471 1831 512 praeinser-

1096 528 1160 554 tuin
1192 523 1325 566 eiusque
1362 522 1616 556 confirmatorias
1647 522 1829 555 Innocentii

1095 575 1358 618 praedecessoris
1390 576 1514 609 litteras
1539 575 1740 619 supradictas
1764 575 1828 615 uti,

1096 629 1153 661 frui
1191 634 1222 661 et
1258 629 1400 671 gaudere
1438 639 1548 672 posse,
1575 634 1609 661 ut
1638 629 1829 672 praefertur,

1095 682 1294 714 declaratum
1321 683 1389 723 fuit,
1407 683 1446 716 ad
1465 683 1748 716 confraternitates
1769 683 1828 715 sub

1095 741 1270 768 memorato
1289 735 1381 768 titulo
1400 735 1502 768 decem
1530 736 1688 769 virtutum
1705 746 1760 768 seu
1778 735 1830 768 ‹le-

1094 798 1154 819 cem
1188 787 1462 831 lwneplucilorum
1495 789 1640 821 ciusdem
1673 788 1826 821 beatissi-

1095 851 1164 873 mae
1186 841 1323 883 l'irginis
1349 841 1464 875 Mariae
1490 842 1611 885 ubique
1636 843 1761 886 pariter
1785 843 1830 876 lo-

1094 904 1203 927 corum
1223 897 1320 938 opera
1338 896 1556 938 praefatorum
1575 897 1708 929 fratrum
1734 906 1830 930 cano-

1095 948 1163 981 nice
1197 949 1350 981 haetenus
1385 955 1507 982 erectas
1544 955 1575 982 et
1605 950 1638 982 in
1661 957 1828 993 posterum

1094 1001 1276 1043 erigendas,
1297 1001 1487 1045 illarumque
1508 1003 1686 1036 confratres
1705 1009 1735 1036 et
1753 1014 1830 1036 con·

1095 1064 1235 1095 sorores,
1261 1056 1436 1088 dummodo
1462 1061 1567 1089 tamen
1589 1068 1637 1097 ea,
1659 1068 1740 1100 quae
1769 1067 1828 1100 pro

1094 1109 1329 1151 consequendis
1360 1109 1571 1151 indulgentiis
1601 1120 1655 1142 seu
1681 1115 1830 1152 peccato-

1095 1171 1164 1193 rum
1201 1161 1449 1194 remissionibus
1484 1173 1520 1194 ac
1551 1163 1829 1206 poenitentiarum

1095 1215 1346 1247 relaxationibus
1378 1215 1515 1259 aliisque
1542 1216 1651 1258 gratus
1677 1216 1830 1259 spiritua-

1095 1267 1178 1299 libus
1193 1267 1379 1300 huiusmodi
1394 1268 1594 1311 praescripta
1609 1274 1683 1301 sunt,
1697 1279 1751 1301 scu
1770 1279 1829 1311 pro

1096 1327 1240 1364 tempore
1263 1320 1394 1360 fuerint,
1413 1321 1621 1364 adimpleant,
1640 1321 1830 1354 auctoritate

1095 1374 1278 1416 apostolica,
1305 1378 1415 1406 tenore
1441 1375 1676 1417 praesentium,
1705 1375 1735 1407 in
1762 1385 1831 1418 per-

1096 1433 1226 1469 petuum
1246 1427 1448 1459 extendimus
1473 1432 1504 1459 et
1524 1428 1728 1470 ampliamus.

1138 1479 1152 1521 ξ
1177 1478 1208 1511 3.
1246 1478 1313 1511 'Non
1340 1478 1542 1512 obstantibus
1568 1482 1675 1512 nostra
1701 1480 1740 1512 de
1765 1490 1828 1513 non

1094 1531 1312 1564 concedendis
1331 1531 1542 1574 indulgentiis
1561 1533 1600 1565 ad
1618 1533 1728 1573 instar,
1747 1533 1831 1566 aliis-

1096 1595 1156 1628 que
1182 1584 1470 1617 constitutionibus
1508 1590 1539 1618 et
1571 1585 1831 1618 ordinationibus

1095 1639 1299 1682 apostolicis,
1336 1639 1519 1683 ceterisque
1555 1640 1729 1673 contrariis
1765 1639 1833 1683 qui-

1095 1693 1303 1736 buscumque.

1138 1747 1152 1789 ξ
1185 1746 1215 1778 4.
1250 1747 1403 1779 Volumus
1437 1752 1542 1780 autem
1575 1753 1609 1780 ut
1645 1747 1832 1781 earumdem

1096 1799 1318 1843 praesentium
1344 1800 1522 1833 litterarum
1539 1801 1759 1844 transumptis,
1778 1811 1833 1833 seu

1096 1853 1263 1896 exemplis,
1289 1853 1386 1886 etiam
1411 1854 1588 1896 impressis,
1614 1865 1709 1886 manu
1735 1853 1834 1886 alicu-

1097 1906 1144 1937 ius
1168 1905 1282 1937 notarii
1309 1905 1428 1948 publici
1455 1905 1657 1949 subscriptis,
1675 1911 1705 1939 et
1726 1906 1833 1948 sigillo

1096 1969 1252 2002 personae
1278 1959 1309 1991 in
1336 1959 1556 1992 ecclesiastica
1582 1959 1736 2001 dignitate
1762 1970 1834 1992 con-

1096 2012 1225 2044 stitutae
1251 2012 1408 2052 munitis,
1437 2013 1550 2045 cadem
1583 2023 1719 2055 prorsus
1752 2012 1832 2046 tides

1096 2064 1215 2108 ubique
1242 2065 1400 2104 locorum,
1428 2069 1490 2097 tam
1516 2065 1547 2097 in
1581 2065 1700 2097 iudicio
1737 2076 1833 2109 quam

1096 2122 1187 2150 extra
1221 2117 1300 2150 illud
1337 2117 1504 2157 habeatur,
1540 2128 1621 2160 quae
1655 2118 1834 2151 haberetur

1097 2170 1175 2214 ipsis
1210 2170 1439 2214 praesentibus
1469 2170 1493 2203 si
1525 2171 1634 2204 forent
1670 2171 1832 2204 exhibitae

1098 2225 1145 2257 vel
1172 2230 1334 2256 ostensae.

1140 2277 1254 2309 Datum
1280 2276 1423 2316 Romae,
1451 2277 1535 2318 apud
1563 2276 1594 2309 S.
1621 2276 1753 2309 Mariam
1776 2277 1834 2310 Ma-

1097 2330 1209 2370 iorem,
1234 2329 1295 2362 sub
1318 2331 1439 2363 annulo
1464 2330 1651 2371 piscatoris,
1674 2331 1725 2363 die
1748 2341 1778 2363 iv
1802 2341 1835 2363 o-

1096 2383 1215 2416 ctobris
1238 2392 1390 2424 MDcxcvi,
1414 2383 1625 2427 pontificatus
1646 2384 1749 2416 nostri
1778 2394 1834 2417 an-

1097 2448 1139 2471 no
1164 2448 1209 2471 v1.

1132 2500 1190 2528 Dat.
1207 2499 1252 2527 die
1267 2500 1281 2527 ⁴
1298 2499 1414 2528 octobris
1432 2498 1509 2534 1696,
1525 2498 1624 2535 pontif.
1641 2507 1713 2526 anno
1734 2504 1768 2525 Vi.

1841 211 1885 235 itu<
1909 210 1934 235 (ἶ,
1958 210 2021 234 11³1]

1867 1493 1882 1512 Γ,
1899 1493 2023 1513 n'rariuiuin

1843 1789 1895 1810 sunit
1906 1786 1979 1803 totuin.
