2254 3225
231 275 278 303 An.
302 276 330 303 C.
350 277 412 304 tuat

212 1730 218 1735 ²
237 1745 265 1758 1¹1-
277 1744 335 1761 ueni-i

237 1765 297 1790 pituli

464 269 528 301 5311ss

424 434 508 468 dinis
532 435 721 478 respective,
745 438 775 467 et
798 439 896 477 prout
920 434 958 467 de
983 433 1052 466 iure
1078 443 1158 475 opus

424 488 530 528 fuerit,
546 487 783 527 constituimus,
802 497 873 519 curn
891 486 977 520 omni
992 485 1160 529 potestatis

424 540 652 584 legitimaeque
678 540 834 573 facultatis
852 538 1064 582 plenitudine,
1083 549 1119 570 ae
1134 537 1158 569 si

425 594 522 626 creati
548 598 655 626 essent
680 604 697 626 a
722 597 788 626 toto
813 592 956 635 capitulo
981 592 1029 624 vel
1047 590 1180 624 defini-,

427 646 509 679 torio
535 646 691 689 generali.

467 709 523 732 vn.
550 699 696 742 Ipsorum
724 697 854 742 quidem
884 698 924 731 sit
955 697 1099 730 muneris
1123 707 1160 729 ea

425 753 533 785 onmia
559 753 668 784 subire
694 756 725 784 et
750 762 875 784 versare
907 750 1046 793 negotia,
1080 760 1160 793 quae

425 806 462 837 ad
489 810 630 845 senatus,
659 805 840 844 tribunalia,
865 805 915 837 vel
944 803 1067 836 iudices
1093 803 1161 836 eius

388 888 391 890 .
425 859 543 899 curiae,
562 859 595 891 in
621 869 683 901 qua
708 858 886 900 respective
912 857 1043 896 fuerint,
1063 856 1161 899 perti-

425 922 501 945 nere
526 912 705 951 videantur,
744 917 807 943 tam
845 920 904 953 pro
936 909 1161 952 redemptione

425 976 521 1008 quam
547 965 678 998 Ordine.
705 963 762 1002 Qui
794 968 899 996 autem
932 964 995 995 1106
1026 973 1160 995 munere

426 1018 614 1060 funguntur,
642 1018 666 1050 si
700 1027 763 1050 non
789 1016 909 1048 fuerint
941 1015 1098 1058 graduali,
1125 1026 1161 1047 ex

426 1081 464 1103 eo
490 1071 596 1102 solum
625 1080 736 1102 vocem
763 1068 929 1101 electivam
956 1068 1098 1100 habeant
1130 1067 1161 1099 in

425 1122 617 1166 provinciali
644 1121 783 1164 capitulo
809 1131 882 1153 suae
911 1120 1109 1163 provinciae,
1134 1123 1163 1153 et

425 1175 458 1207 111
484 1174 599 1207 ordine
625 1173 761 1206 sedendi
787 1178 861 1215 post
893 1182 1005 1204 omnes
1031 1182 1163 1215 quomo-

427 1227 551 1260 dolibet
590 1227 764 1269 graduatos
800 1226 907 1258 locum
944 1225 1163 1257 immediatum

426 1280 632 1313 othnebunt.
670 1280 757 1318 Quod
795 1279 819 1311 si
857 1278 992 1320 gradum
1022 1278 1164 1321 aliquem

426 1334 614 1374 habuerint,
647 1333 714 1366 eius
740 1332 962 1375 antiquitatem
994 1332 1166 1364 servabunt

427 1388 513 1420 iuxta
538 1387 606 1420 eius
632 1385 912 1419 confirmationem
945 1395 962 1416 a
997 1384 1162 1426 magistro.

430 1442 468 1473 At
485 1451 560 1473 vero
578 1439 662 1472 inter
680 1449 714 1471 se
731 1439 829 1481 ipsos,
848 1437 871 1470 si
895 1437 1024 1470 aliunde
1046 1436 1167 1469 fuerint

429 1494 594 1536 aequales,
612 1502 744 1534 semper
768 1492 902 1524 alterum
920 1490 952 1523 in
973 1491 1044 1523 loco
1064 1490 1165 1522 vincat

430 1546 482 1589 qui
510 1545 771 1588 redemptionem
796 1543 1027 1587 procuraverit,
1041 1542 1165 1575 etiamsi

429 1599 527 1631 fuerit
550 1598 755 1641 professione
782 1596 957 1640 posterior.

475 1664 497 1686 1.
524 1653 655 1685 Domum
674 1651 885 1694 capitularem
904 1660 964 1692 pro
984 1649 1091 1682 futuro
1110 1648 1167 1681 im-

267 1695 310 1731 ni*
361 1690 569 1738 nuffiniediato
607 1705 749 1748 capitulo
786 1703 928 1746 generali
964 1712 1023 1745 per
1060 1712 1167 1735 reram

342 1739 420 1757 ausen·

238 1797 279 1816 quo
304 1758 623 1811 affimffiffistlectioneni
642 1756 787 1790 omnium
807 1756 963 1789 vocalium
982 1755 1167 1787 alternatim

433 1811 595 1852 designari
622 1809 848 1853 praecipimus,
875 1809 917 1841 ita
944 1808 1105 1848 videlicet,
1125 1813 1169 1847 111,

433 1864 458 1896 si
492 1863 655 1905 generalis
691 1864 812 1895 electus
849 1861 890 1894 sit
921 1871 957 1894 ex
993 1860 1169 1903 provinciis

434 1916 652 1949 alternativam
671 1915 817 1948 Coronae
839 1914 1031 1956 Aragonffie,
1049 1913 1170 1946 Galliae

435 1975 466 2001 et
489 1970 598 2002 ltaliae
624 1968 907 2007 constituentibus,
938 1967 1052 2000 domus
1087 1967 1172 2010 capi-

436 2022 546 2054 tularis
578 2022 716 2063 eligatur
741 2032 777 2053 ex
803 2021 911 2064 aliqua
933 2020 1173 2063 provinciarum

436 2074 599 2118 praefatae
625 2073 853 2113 alternativae,
880 2078 911 2105 et
928 2072 1048 2116 pariter
1066 2072 1092 2105 si
1110 2083 1174 2105 ma-

437 2127 539 2170 gister
565 2127 659 2160 fuerit
685 2128 806 2159 electus
824 2137 859 2158 ex
879 2126 1054 2169 provinciis
1074 2126 1112 2158 ad
1131 2126 1175 2158 at-

437 2179 629 2212 ternativani
666 2179 810 2211 Coronae
844 2179 1025 2218 Castellae,
1061 2179 1173 2211 Portu·

439 2232 555 2274 galliae
568 2237 662 2275 atque
672 2232 833 2264 Indiarum
847 2231 1175 2271 attinentibi.1s,etiam

442 2396 565 2434 putetur,
592 2390 635 2422 ita
651 2394 683 2421 ut
700 2389 815 2422 electio
835 2389 977 2431 magistri
995 2389 1176 2422 immediate

442 2446 547 2477 sutura
573 2454 701 2486 semper
728 2443 778 2475 liat
803 2443 834 2474 in
861 2443 967 2485 aliqua
997 2442 1178 2484 provincia-

1004 279 1179 303 nrmimiuu
1207 277 1358 301 nonnum

423 328 549 368 luinuS,
577 331 608 360 et
639 337 750 360 omnes
783 326 821 360 ab
855 337 892 361 eo
918 327 1102 361 nominatos
1127 325 1181 359 in*

422 391 516 414 veros
540 386 763 425 procuratores
787 380 1023 424 redemptionis
1050 385 1080 413 et
1104 379 1180 412 Or-r

1201 325 1422 359 celebratione
1458 324 1588 368 capituli
1625 324 1811 366 generalis,
1839 323 1932 357 fuerit

1200 378 1354 421 impedita
1378 382 1468 421 peste
1486 381 1539 410 aut
1560 377 1646 411 bello
1664 377 1729 410 sive
1753 377 1813 411 alia
1837 377 1931 410 causa

1199 431 1310 464 simili.

1244 494 1279 517 11.
1298 483 1499 527 Ubicumque
1518 488 1623 516 autem
1648 484 1728 517 haec
1753 484 1866 517 domus
1882 495 1932 517 as-

1200 537 1354 579 signetur,
1381 538 1539 570 electores
1563 537 1765 579 provideant,
1783 541 1818 568 ut
1841 537 1931 570 locus

1200 590 1240 622 sit
1263 590 1410 629 salubris,
1429 594 1460 622 et
1478 594 1633 632 quantum
1659 589 1729 622 fieri
1754 589 1856 632 possit
1879 600 1935 622 vo-

1201 643 1323 676 calibus
1341 643 1464 675 cunctis
1480 642 1713 682 accomodatus,
1732 647 1762 675 61
1778 653 1844 675 11611
1860 653 1935 686 pro-

1203 696 1280 728 fusis
1320 695 1501 738 sumptibus
1540 694 1746 734 accessibilis,
1781 695 1935 738 nullaque

1202 748 1341 782 libertati
1366 748 1525 780 vocalium
1542 747 1666 781 ratione
1684 752 1861 790 suspectus,
1879 747 1936 780 ita-

1203 807 1236 833 ut
1256 801 1324 834 iura
1350 800 1524 833 canonicae
1542 800 1709 833 electionis
1727 800 1802 833 inde
1822 800 1936 833 violari

1203 865 1266 887 non
1299 854 1437 896 possint,
1475 863 1582 896 neque
1618 853 1846 886 annullationis
1872 853 1937 886 sive

1203 907 1406 939 infractionis
1432 906 1614 949 periculum
1633 917 1670 939 ex
1693 906 1754 938 hac
1786 910 1877 949 parte
1904 906 1939 938 ti-

1204 964 1338 992 meatur.

1247 1023 1295 1045 111.
1323 1012 1369 1044 Ad
1395 1013 1478 1044 hanc
1503 1017 1607 1044 autem
1633 1012 1761 1044 domum
1793 1016 1938 1055 tempore

1204 1065 1335 1107 capituli
1357 1075 1470 1097 omnes
1498 1065 1626 1105 fratres,
1646 1065 1699 1107 qui
1724 1066 1851 1098 vocales
1875 1076 1940 1097 non

1205 1118 1275 1157 sint,
1301 1118 1351 1151 vel
1377 1127 1413 1150 ex
1439 1128 1571 1150 munere
1604 1122 1785 1157 teneantur,
1809 1117 1940 1151 omnino

1206 1171 1360 1203 accedere
1384 1170 1622 1214 prohibemus:
1657 1170 1742 1213 quod
1774 1175 1810 1202 ut
1838 1170 1941 1203 invio—

1206 1223 1348 1256 labiliter
1383 1224 1579 1263 observetur,
1606 1223 1854 1266 reproducirnus
1887 1224 1942 1257 de-

1207 1281 1328 1309 cretum
1368 1276 1498 1319 capituli
1540 1276 1699 1318 generalis
1737 1276 1888 1319 Optensis
1925 1288 1942 1309 a

1207 1329 1259 1362 SS.
1290 1329 1480 1363 Innocentio
1509 1329 1546 1362 >11
1578 1328 1810 1371 confirmatum,
1847 1330 1942 1363 etiam

1207 1383 1351 1426 alioquin
1366 1383 1464 1426 paulo
1480 1387 1553 1415 ante
1571 1387 1795 1422 memoratum,
1812 1394 1886 1426 quo,
1903 1384 1943 1416 ad

1208 1436 1337 1468 vitanda
1362 1446 1478 1477 magna
1503 1440 1534 1467 et
1564 1435 1784 1468 intolerabilia
1813 1435 1943 1479 dispen-

1209 1489 1261 1521 dia
1295 1499 1376 1531 quae
1413 1488 1481 1520 sieri
1518 1493 1651 1531 possunt
1687 1487 1719 1520 in
1754 1488 1943 1521 huiusmodi

1209 1541 1393 1574 accessibus
1426 1546 1456 1574 et
1480 1541 1671 1573 stationibus
1702 1541 1732 1573 in
1759 1541 1856 1574 domo
1881 1547 1945 1575 tam

1209 1595 1338 1637 capituli
1361 1594 1522 1637 generalis
1548 1605 1642 1637 quam
1660 1594 1869 1637 provincialis
1886 1606 1946 1638 per

1210 1648 1335 1691 aliquos
1361 1647 1529 1689 religiosos
1550 1647 1604 1689 qui
1630 1657 1737 1690 neque
1762 1652 1834 1680 sunt
1858 1659 1947 1681 voca-

1211 1702 1270 1741 les,
1287 1712 1345 1734 nec
1361 1701 1399 1733 dc
1416 1710 1552 1742 corpore
1569 1700 1699 1743 capituli
1726 1711 1785 1733 nec
1801 1701 1942 1744 aliquem

1211 1754 1242 1786 in
1269 1765 1306 1786 eo
1340 1753 1459 1786 habeut
1495 1758 1609 1793 actum,
1646 1753 1709 1786 illis
1745 1753 1946 1787 strictissime

1211 1806 1420 1849 praecipitur,
1439 1805 1495 1838 sub
1516 1808 1623 1848 poena
1647 1807 1947 1839 excommunicatio-

1212 1860 1261 1892 nis
1284 1859 1415 1891 maioris
1441 1860 1523 1892 latae
1549 1859 1726 1892 sententiae
1747 1860 1830 1892 1111111
1854 1871 1948 1893 cano-

1213 1912 1281 1945 nica
1307 1912 1484 1945 monitione
1506 1912 1684 1955 praemissa
1704 1913 1774 1955 ipso
1793 1913 1873 1946 facto
1900 1914 1948 1946 in-

1214 1965 1405 2005 currendae,
1422 1970 1452 1998 et
1465 1964 1522 1997 sub
1536 1966 1641 2007 poena
1655 1965 1845 2007 privationis
1864 1967 1948 2000 vocis

1213 2018 1330 2051 activae
1348 2023 1378 2050 et
1394 2016 1536 2060 passivae
1551 2017 1581 2049 in
1601 2023 1802 2060 perpetuum,
1818 2023 1848 2051 et
1865 2023 1949 2052 utra-

1215 2082 1276 2115 que
1296 2070 1565 2103 irremissibiliter
1581 2071 1756 2109 subeunda,
1776 2070 1823 2103 et'
1842 2073 1948 2105 nullus

1216 2125 1320 2163 frater,
1340 2123 1573 2165 cuiuscumque
1593 2123 1709 2164 gradus
1735 2129 1787 2155 aut
1813 2124 1947 2167 qualita-

1193 2190 1195 2209 1
1216 2179 1254 2210 tis
1280 2177 1428 2216 extiterit,
1445 2176 1534 2209 adire
1552 2176 1602 2208 vel
1621 2176 1749 2218 ingredi
1768 2184 1950 2220 praesumat

1194 2268 1195 2279 ἵ
1217 2231 1343 2263 domum
1365 2229 1583 2272 capitularem⁷
1599 2238 1703 2271 neque
1722 2228 1879 2262 civitatem
1897 2236 1950 2263 aut

440 2286 556 2318 domus
583 2284 769 2327 capitularis
795 2284 976 2316 immediate
1010 2284 1113 2316 futura
1143 2284 1195 2316 in'

440 2339 548 2381 aliqua
582 2348 618 2370 ex
657 2337 842 2369 huiusmodi
879 2337 1053 2379 provinciis
1094 2337 1191 2369 desi-⁴

1217 2285 1319 2316 locum
1347 2282 1573 2324 cuiuscumque
1599 2281 1742 2324 capituli,
1759 2282 1818 2314 nisi
1844 2283 1885 2315 sit
1910 2284 1948 2316 de

1217 2345 1354 2379 corpore
1380 2335 1492 2378 ipsius,
1519 2339 1549 2367 et
1573 2344 1644 2366 cum
1661 2344 1738 2368 voce
1758 2338 1787 2367 et
1804 2340 1874 2368 actu
1894 2336 1950 2369 ali-

1195 2382 1196 2390 *
1218 2399 1280 2432 quo
1307 2388 1337 2420 in
1363 2387 1429 2427 illo,
1455 2387 1505 2419 vel
1531 2387 1569 2419 de
1595 2386 1724 2419 licentia
1757 2387 1789 2419 in
1821 2387 1949 2431 scriptis

1195 2430 1234 2483 fa
1260 2440 1404 2484 generali
1440 2439 1592 2481 magistro
1629 2440 1678 2472 vel
1713 2439 1782 2472 eius
1817 2445 1950 2483 gerente

443 2509 513 2530 rum
542 2507 624 2540 quae
647 2507 710 2529 non
737 2501 810 2528 sunt
837 2496 1003 2528 habiturae
1021 2495 1121 2528 vicem
1147 2488 1197 2528 et¹

444 2551 700 2584 alternationem.
717 2550 792 2582 Eam
815 2559 889 2583 vero
914 2549 959 2581 sic
979 2548 1177 2591 designatam
1197 2538 1198 2550 ¹

445 2616 460 2637 a
489 2603 627 2646 capitulo
653 2604 837 2635 nullatenus
859 2602 1014 2644 magistro
1032 2612 1092 2634 nec
1110 2602 1178 2634 eius
1198 2598 1199 2604 ¹

446 2656 563 2688 vicario
591 2660 711 2688 mutare
737 2655 841 2694 liccat,
862 2654 924 2686 nisi
943 2664 1022 2695 cum,
1042 2654 1177 2686 instante
1198 2656 1199 2663 ¹

1219 2503 1393 2538 personam
1418 2492 1576 2536 expedita.

1263 2557 1303 2580 1v.
1328 2545 1403 2579 Cum
1437 2550 1542 2578 autem
1574 2555 1674 2588 prope
1707 2545 1791 2578 diem
1817 2546 1949 2589 capituli

1219 2601 1343 2633 vocales
1369 2598 1431 2631 iam
1457 2599 1661 2638 conveniunt,
1687 2609 1742 2632 eos
1777 2600 1881 2632 statim
1918 2599 1951 2632 in

1256 2662 1264 2687 1
1289 2659 1397 2687 Videtur
1415 2659 1557 2694 legendum
1577 2662 1608 2687 ul
1627 2667 1674 2696 pro
1693 2662 1717 2688 ec
1737 2660 1773 2695 (a.
1795 2661 1843 2695 T.).

1937 275 1985 303 An.
2008 274 2036 302 C.
2057 272 2120 302 1001
