2227 3225
147 240 185 264 Αη
219 240 246 265 C.
273 239 339 266 1690

191 1731 329 1752 Prooemium.

961 238 1039 261 ALIIX
1051 237 1147 260 maist
1177 239 1228 261 tttt
1255 239 1302 261 ΙΨ.

368 287 537 327 brationis,
563 287 792 330 exemptionis,
818 286 1034 325 liberationis,
1054 287 1107 318 de-

367 340 556 380 corationis,
572 340 757 380 erectionis,
783 340 1012 379 institutionis,
1030 350 1106 372 con-

366 392 544 433 cessionis,
586 393 834 436 assignationis,
871 392 1104 432 subiectionis,

365 444 608 488 applicationis,
634 445 923 489 appropriationis,
960 455 1106 478 reserva—

366 498 477 538 tionis,
493 499 613 532 decreti
632 505 664 532 et
678 499 901 542 derogationis
915 499 1106 541 infringere,

368 552 414 584 vel
436 551 465 584 ei
486 562 563 585 ausu
584 552 758 586 temerario
777 553 961 585 contraire:
989 553 1013 584 si
1036 552 1106 595 quis
1127 561 1129 582 ι

365 610 473 638 autem
497 605 562 638 hoe
586 611 745 638 attentare
771 606 1035 649 praesumpserit,
1058 606 1106 637 in-

365 658 590 702 dignationem
615 659 851 702 omnipotentis
875 660 932 692 Dei
963 670 999 692 ac
1031 659 1106 692 hea—

366 717 470 744 torum
495 711 581 744 Petri
607 717 639 745 et
663 712 753 745 Pauli
786 714 1009 756 apostolorum
1035 713 1104 745 eius

363 775 399 798 se
425 765 553 798 noverit
572 765 792 798 incursurum.

407 818 521 851 Datum
546 819 675 859 Romae,
710 819 795 862 apud
828 819 859 852 S.
888 819 1018 852 Mariam
1044 820 1105 852 Ma-

363 872 467 905 iorem
484 899 491 913 ‚
518 883 603 906 anno
640 873 878 906 Incarnationis
915 873 1126 907 Dominicaer

362 936 485 967 iincxc,
507 937 535 960 iv
552 926 624 959 idus
640 926 762 970 aprilis,
778 926 985 970 pontificatus
999 927 1102 960 nostri

362 990 449 1013 anuo
477 991 499 1014 1.
1046 993 1052 997 ·

398 1042 459 1070 Dat.
478 1041 523 1070 die
545 1043 577 1070 ¹0
596 1043 691 1079 aprilis
710 1043 788 1078 1690,
806 1043 906 1078 pontis.
924 1051 996 1071 auno
1011 1049 1030 1070 1.

690 1159 782 1192 xvii.

361 1229 513 1272 Erigyium·
543 1229 697 1273 oppidum
723 1230 761 1262 de
788 1230 917 1270 Pet-im,
951 1230 1102 1263 asar—hao-

404 1284 514 1316 nensis
539 1283 702 1323 dioecesis,
722 1285 756 1316 in
775 1285 949 1324 civilatem,
970 1285 1103 1327 eiusque

403 1336 536 1368 ecclesia
562 1338 596 1369 in
621 1337 851 1377 cathedralem,
877 1341 904 1369 el
929 1338 999 1380 reyz'
1023 1337 1103 1369 Por-

404 1389 563 1432 luyalliae
602 1389 849 1433 iuspntronatus
888 1394 917 1422 et
949 1400 1102 1433 praesen-

405 1443 499 1476 tandi
523 1443 736 1476 concedssur'.

547 1514 716 1541 Alexander
735 1514 912 1548 Episcopus,

531 1566 637 1586 servus
672 1566 826 1586 servorum
858 1558 928 1593 Dei,

481 1605 516 1630 ad
532 1606 710 1637 perpetuam
726 1603 771 1630 rei
791 1604 976 1630 memoriam.

401 1666 536 1700 Romani
555 1666 718 1698 Pontificis
743 1667 917 1709 pastoralis
942 1667 1101 1700 sollieitu-

357 1720 419 1759 do,
447 1720 480 1752 in
512 1730 666 1762 supremo
699 1720 897 1762 apostolicae
935 1721 1101 1763 potestatis

357 1773 440 1807 solio
476 1783 514 1805 ex
551 1773 782 1816 omnipotentis
808 1774 863 1806 Dei
895 1774 1100 1817 providentia

357 1826 544 1866 constituta,
571 1826 610 1858 ad
636 1836 673 1858 ea
705 1826 911 1869 potissimum
938 1826 1097 1869 dirigitur,

356 1889 417 1922 per
437 1888 519 1922 quae
545 1878 723 1912 Salvatoris
749 1879 852 1911 nostri
881 1878 951 1912 Iesu
982 1879 1099 1913 Christi

356 1932 481 1965 aeterni
508 1931 610 1964 Patris
637 1931 802 1974 Unigeniti
827 1931 906 1964 fides
938 1937 970 1964 et
995 1933 1099 1974 gloria

355 1985 389 2018 in
414 1985 482 2018 dies
499 1986 600 2028 magis
619 1986 789 2029 magisque
811 1991 948 2029 augetur
969 1991 1002 2019 et
1018 1988 1099 2019 niul-

355 2038 531 2081 tiplieatur,
550 2039 613 2082 qui,
632 2039 687 2071 ubi
709 2049 846 2072 messem
870 2040 1005 2073 multam
1025 2050 1096 2073 esse

356 2093 528 2136 comperit,
546 2093 773 2135 operariorum
799 2094 971 2136 penuriam
996 2099 1098 2127 atten-

355 2146 446 2185 dens,
466 2152 498 2178 et
522 2146 747 2180 ministrorum
774 2158 907 2180 suorum
933 2158 1023 2180 curas
1050 2159 1098 2180 va-

355 2199 411 2232 riis
438 2199 500 2233 diei
526 2199 617 2232 horis
639 2201 677 2233 ad
696 2211 796 2243 opera
814 2201 941 2234 mittere
959 2211 1023 2234 non
1044 2202 1096 2234 de-

353 2252 465 2293 stitit²;
493 2263 564 2285 cum
583 2259 615 2286 et
638 2254 719 2297 ipse,
745 2259 779 2286 ut
804 2254 952 2288 homines
979 2255 1096 2287 saluta-

408 2323 562 2351 tsimilem
596 2324 761 2351 erectionem
790 2325 874 2352 habes
903 2325 1094 2353 constitutione

352 2367 536 2402 praecedenti,
554 2371 580 2395 et
595 2368 666 2395 circa
681 2368 949 2396 dismembrationem
965 2378 1092 2405 quarum-

353 2411 414 2439 dam
439 2412 636 2447 provinciarum
666 2413 693 2439 in
718 2413 812 2440 eodem
837 2422 918 2448 regno
947 2413 1091 2441 Galliarum

352 2456 414 2483 vide
433 2457 582 2483 Innocentii
600 2456 642 2483 XIl
659 2457 763 2484 constit.
780 2458 844 2484 edit.
860 2464 984 2490 MDCfflV,
1001 2458 1043 2485 die
1061 2459 1091 2486 16

352 2501 409 2535 (vel
430 2500 474 2534 1⁶2)
493 2501 572 2533 maii,
594 2501 689 2536 pontis.
710 2509 752 2535 111,
773 2506 799 2528 et
818 2502 844 2528 in
866 2510 948 2536 regno
968 2502 1089 2530 Sinarum

352 2545 414 2571 vide
433 2545 584 2573 innocentii
603 2546 646 2572 ΧΗ
668 2547 775 2573 constit.
793 2546 836 2573 edi
853 2553 978 2580 nncxcvt,
999 2547 1042 2574 die
1059 2549 1090 2575 15

353 2589 482 2620 octobris,
505 2590 601 2625 pontif.
623 2597 659 2616 vi.

389 2633 405 2660 2
425 2633 519 2668 Aptius
539 2635 599 2669 lege
618 2635 730 2662 desistit
746 2636 785 2667 (n.
803 2640 850 2667 τ.).

441 2686 509 2713 Ball
540 2688 623 2714 Rom.
648 2704 667 2706 -
704 2688 760 2715 l'ol.
781 2689 832 2715 A‘X

1807 236 1848 268 57

1150 287 1193 318 ris
1218 288 1302 320 vitae
1340 293 1371 320 et
1406 289 1555 321 caelestis
1593 291 1715 332 patriae
1748 294 1890 326 cultores

1150 340 1303 381 efficeret,
1323 342 1361 374 de
1388 343 1522 375 summis
1548 344 1712 377 caelorum
1735 346 1773 377 ad
1794 347 1889 379 liuius

1150 394 1260 425 mundi
1287 394 1405 435 intima,
1426 401 1456 428 et
1482 396 1513 428 in
1540 403 1765 430 sacrosanctae
1788 400 1889 432 crucis

1150 448 1203 478 ara
1221 458 1278 489 pro
1297 451 1408 481 nostra
1427 450 1531 482 salute
1557 450 1588 482 iu
1615 451 1756 493 pretinm
1784 453 1892 485 immo-

1150 500 1208 533 lari
1235 501 1384 543 dignatus
1411 503 1464 535 sit.
1484 503 1579 537 Cuius
1596 515 1668 537 cum
1687 505 1760 538 licet
1780 507 1891 539 imme-

1149 554 1202 586 riti
1226 554 1313 587 vices
1337 567 1485 598 geramus
1501 557 1531 589 iu
1553 559 1655 598 terris,
1673 559 1757 591 inter
1782 561 1890 593 multi-

1150 607 1250 650 plices
1266 619 1371 647 curas,
1390 621 1471 652 quae
1491 621 1526 643 ex
1546 613 1728 654 apostolico
1754 624 1889 647 munere

1149 661 1242 694 nobis
1261 662 1449 696 incumbere
1468 665 1703 706 dignoscimus,
1724 666 1779 699 illa
1796 679 1890 709 prat)-

1148 714 1260 747 sertim
1280 716 1372 748 cordi
1394 722 1505 750 nostro
1527 723 1588 757 est,
1609 724 1652 757 ut,
1671 721 1889 763 multiplicata

1148 778 1264 807 messe,
1284 774 1315 802 et
1340 770 1407 811 agri
1433 770 1585 803 dominici
1611 773 1756 805 cultores
1783 774 1890 807 multi-

1147 821 1324 864 plicentur,
1349 834 1486 865 quorum
1513 824 1653 857 assiduis
1679 827 1833 869 operibus
1860 834 1891 859 et

1147 874 1319 908 fructuosis
1344 876 1537 910 ministeriis
1562 878 1683 911 fructus
1711 880 1890 922 spiritualis

1146 928 1184 960 ad
1217 929 1428 962 centesimum
1453 940 1557 972 usque
1584 937 1747 973 augeatur,
1776 939 1806 965 et
1832 944 1891 976 po-

1146 983 1238 1024 pulus
1264 982 1461 1015 christianus
1487 983 1608 1016 elsdem
1634 986 1818 1019 rectoribus
1837 997 1892 1029 gu-

1145 1034 1311 1075 bernetur,
1337 1047 1418 1078 quos
1444 1036 1537 1069 Pater
1561 1043 1714 1071 aeternus
1741 1040 1788 1071 sui
1815 1051 1890 1082 ope-

1146 1088 1187 1119 ris
1213 1088 1377 1122 ministros
1406 1100 1476 1122 esse
1504 1090 1677 1133 disposuit.
1711 1092 1888 1136 Propterea

1145 1140 1280 1182 piissimi
1306 1142 1548 1184 patrisfamilias
1570 1149 1679 1186 partes
1705 1145 1888 1179 favorabili-

1146 1198 1194 1226 ter
1218 1194 1354 1237 implere
1380 1206 1545 1229 curamus.

1188 1246 1201 1288 ἓ
1231 1247 1257 1279 l.
1285 1247 1378 1287 Saue,
1406 1259 1477 1281 cum
1499 1250 1686 1284 carissimus
1704 1252 1736 1284 in
1759 1252 1887 1286 Christo

1146 1297 1231 1331 tilius
1257 1306 1369 1333 noster
1400 1302 1512 1334 Petrus
1537 1303 1755 1345 Portugaltiae
1781 1311 1812 1339 et
1837 1308 1889 1340 Al-

1145 1354 1334 1396 garbiorum
1353 1364 1408 1386 rex
1427 1355 1563 1388 illustris
1588 1357 1656 1399 <pio
1683 1361 1889 1402 praeponde-

1144 1417 1218 1439 rans
1237 1406 1351 1439 affectu
1370 1408 1457 1450 quod
1481 1408 1514 1440 in
1538 1414 1604 1442 toto
1623 1412 1803 1446 vastissimo
1829 1414 1888 1447 ini-

1145 1460 1236 1503 pcrio
1269 1459 1441 1500 Sinarum,
1469 1461 1502 1493 in
1536 1473 1602 1505 quo
1636 1463 1781 1498 infinitae
1814 1477 1889 1509 pro-

1145 1513 1319 1556 pemodum
1348 1519 1460 1555 gentes
1492 1515 1531 1547 ad
1564 1517 1786 1558 cognitionem
1819 1521 1886 1553 veri

1144 1567 1273 1600 luminis
1292 1572 1322 1599 et
1341 1573 1470 1601 sanctae
1494 1569 1604 1602 matris
1626 1570 1790 1605 Ecclesiae
1816 1584 1887 1616 gre-

1144 1620 1241 1652 mium
1268 1627 1488 1661 accesserunt,
1514 1622 1610 1655 unica
1636 1629 1757 1657 tantum
1784 1627 1886 1659 eccle-

1143 1674 1189 1706 sia
1220 1674 1418 1707 cathedralis
1442 1676 1696 1718 Machaonensis,
1731 1690 1813 1722 quae
1845 1681 1885 1713 de

1143 1726 1404 1769 iurepatronatus
1439 1728 1515 1761 dicti
1548 1729 1634 1772 regIs
1661 1741 1697 1763 ex
1726 1732 1886 1765 fundatio-

1142 1791 1191 1819 ne,
1217 1781 1266 1813 vel
1289 1780 1462 1821 dotatione,
1482 1793 1538 1815 seu
1557 1783 1729 1826 privilegio
1755 1793 1884 1829 aposto-

1142 1833 1212 1873 lico,
1239 1833 1289 1865 cui
1315 1844 1381 1866 non
1407 1839 1452 1866 est
1472 1835 1630 1868 hactenus
1651 1836 1682 1868 in
1701 1838 1811 1880 aliquo
1829 1840 1884 1872 de-

1142 1891 1302 1929 rogatum,
1330 1887 1400 1918 sore
1415 1886 1423 1902 ¹
1445 1887 1660 1928 dignoscitur,
1687 1891 1880 1933 reperiatur,

1141 1939 1231 1972 cuius
1258 1939 1432 1982 episcopus
1453 1939 1494 1971 ob
1520 1940 1668 1973 locorum
1695 1942 1880 1977 distantiam

1140 1992 1347 2034 singulorum
1385 1993 1490 2024 vultus
1530 1992 1692 2036 inspicere
1736 1996 1880 2040 aliasque

1139 2050 1247 2088 partes
1273 2045 1350 2078 honi
1376 2045 1517 2088 pastoris
1535 2046 1567 2078 in
1586 2047 1773 2081 universum
1791 2060 1882 2083 exer—

1139 2108 1214 2130 cere
1232 2098 1401 2140 nequiret,
1420 2099 1593 2131 attendens
1612 2101 1697 2142 quod
1716 2101 1747 2133 in
1764 2103 1877 2136 eodem

1139 2151 1275 2193 imperio
1302 2151 1396 2183 etiam
1423 2152 1643 2194 reperiretur⁹
1660 2154 1747 2187 inter
1773 2162 1879 2190 cetera

1139 2215 1237 2236 unum
1266 2203 1422 2247 oppidum
1449 2204 1487 2236 de
1506 2205 1615 2237 Pekim
1641 2215 1876 2251 nuncupatum,

1137 2257 1314 2290 incolarum
1341 2256 1557 2296 multitudine,
1584 2260 1773 2301 praesertim
1797 2263 1877 2294 chri-

1137 2309 1338 2348 stifidelium,
1360 2319 1395 2341 ac
1416 2309 1556 2342 militum
1576 2321 1611 2342 ac
1628 2312 1875 2354 magistratuum

1135 2372 1273 2394 numero
1300 2361 1434 2405 copiose
1459 2362 1625 2403 refertum,
1653 2370 1684 2397 ct
1717 2366 1754 2398 ad
1789 2368 1875 2409 quod

1135 2427 1172 2448 ex
1194 2415 1281 2448 omni
1307 2421 1399 2459 parte
1426 2416 1517 2458 regni
1536 2416 1685 2450 Sinarum
1711 2430 1786 2462 pars
1811 2431 1875 2453 ma-

1134 2468 1214 2501 xima
1242 2473 1273 2501 et
1291 2469 1358 2502 sere
1377 2470 1478 2501 totius
1500 2469 1631 2512 imperii
1649 2471 1778 2504 divitiae
1797 2484 1874 2505 cou-

1170 2549 1178 2574 1
1199 2548 1296 2575 Nescio
1313 2557 1360 2575 cur
1376 2548 1417 2575 hic
1434 2552 1459 2576 et
1474 2557 1555 2584 supra
1570 2558 1631 2585 pag.
1648 2551 1698 2577 654
1713 2561 1730 2577 a
1745 2554 1807 2586 sore
1823 2561 1871 2587 pro

1131 2601 1188 2619 esse
1205 2593 1302 2628 legitur
1315 2594 1356 2626 (n.
1373 2594 1421 2624 τ.).

1168 2638 1182 2664 Ξ
1204 2637 1270 2665 Male
1292 2637 1356 2665 edit.
1374 2638 1453 2665 Main.
1472 2638 1534 2674 legit
1555 2640 1754 2674 reperirentur
1768 2641 1806 2675 (n.
1823 2640 1870 2677 Τ.).

1896 245 1943 270 An.
1963 245 1990 271 C.
2017 245 2084 273 tuos)

1921 1258 2003 1279 Canum
2012 1258 2083 1280 *lictae

1899 1288 2021 1306 erectiuun.
