2227 3225
111 267 218 307 *Aac
240 277 303 305 ¹691

907 276 1117 300 INNOCENTJUS
1142 276 1186 300 xu
1211 277 1258 300 1²1¹.

314 327 364 360 vel
388 326 534 370 praefata
570 335 607 359 ex
643 324 750 359 officio
783 322 951 359 emendari
988 335 1052 359 non
1073 335 1077 360 t
1098 330 1146 358 est
1172 325 1258 358 enim
1295 316 1471 369 aliquando
1507 325 1581 360 oleo
1617 331 1781 362 maturare
1808 338 1840 364 et

315 379 465 414 sufficiat.
500 379 531 413 Si
565 385 671 413 autem
708 379 841 422 aliquod
878 384 1051 418 occurrat,

315 434 403 478 quod
429 438 565 477 propter
582 443 750 467 commune
769 433 890 466 bonum
909 432 1054 474 indigeat

316 487 522 520 accusatione
547 487 596 520 vel
623 486 871 524 denuntiatione
896 485 1051 525 iudiciali,

316 540 396 574 haec
420 540 508 583 prius
534 551 631 583 quam
656 540 710 573 illa
734 539 884 583 eligenda
903 545 961 580 est,
980 539 1054 581 quia

315 593 422 627 lenior
435 599 468 627 et
487 594 588 637 magis
603 593 795 627 charitatem
814 592 975 632 redolens,
991 591 1053 624 nisi

316 648 398 680 sorte
428 648 632 681 accusatione
668 645 709 680 sit
737 656 818 689 opus
851 645 984 679 omnino
1015 644 1053 677 ad

314 700 471 734 maiorem
495 701 670 734 vindictam
694 700 845 739 sceleris,
878 699 927 731 vel
960 698 986 731 si
1014 699 1053 731 ab

315 756 351 786 ea
377 754 501 787 delator
525 753 642 786 reverti
673 753 825 793 noluerit,
859 752 943 784 velut
981 762 1054 795 pars

314 808 403 840 laesa
428 808 546 840 clamat
570 807 608 840 ad
635 807 786 840 iudicem.

359 871 400 894 iv.
421 859 647 904 Quaecumque
666 865 771 893 autem
786 864 980 899 assumatur,
1001 859 1055 892 de-

314 914 370 946 bet
394 913 463 946 sieri
488 924 597 948 coram
621 914 805 953 secretario,
832 913 886 956 qui
921 913 1054 945 delatio-

314 977 389 1000 nem
403 967 523 1001 scribat
542 978 612 1000 cum
630 967 816 1000 nominibus
839 967 1003 1006 delatoris,
1023 972 1054 999 et

315 1021 465 1062 tertium3
488 1021 520 1054 in
546 1032 610 1065 quo
639 1027 745 1055 tamen
771 1032 844 1055 casu
877 1021 902 1053 si
938 1022 1053 1053 fratres

314 1074 347 1107 in
373 1075 582 1118 inquisitione
611 1076 743 1119 speciali
776 1075 972 1109 iudicialiter
1001 1076 1054 1108 de-

316 1127 400 1160 ferre
425 1134 456 1161 et
475 1128 635 1162 ratificare
659 1129 824 1162 noluerint
846 1138 928 1171 quae
948 1128 978 1159 in
1002 1139 1055 1170 ge-

315 1181 418 1213 nerali
437 1181 634 1221 detulerunt,
651 1182 772 1215 debent
789 1181 859 1223 cogi
881 1186 1054 1224 praecepto

316 1239 347 1266 et
372 1234 528 1275 censuris,
549 1240 580 1268 et
600 1234 661 1277 ipsi
685 1240 837 1268 tenentur
854 1234 989 1266 obedire
1008 1233 1055 1265 iu-

316 1287 392 1320 dici.
420 1287 506 1320 Sciat
530 1293 637 1320 autem
663 1298 825 1327 accusans,
852 1287 955 1330 ipsum
982 1296 1054 1319 csse

316 1339 495 1382 obligatum
531 1341 568 1373 ad
599 1341 805 1384 probandum
838 1341 933 1383 plene
966 1339 1056 1372 dehi-

315 1392 414 1433 tum¹‚
432 1393 491 1425 sub
516 1396 625 1436 poena
641 1394 786 1433 talionis;
813 1393 865 1426 cui
884 1393 980 1425 etiam
998 1392 1056 1425 ali-

315 1499 487 1532 sufficienti
511 1499 722 1532 fundamento
749 1500 976 1537 denunciavit,
1003 1504 1057 1532 aut

315 1558 485 1585 accusator
509 1552 662 1596 palliatus
697 1553 895 1597 reperiatur;
928 1553 981 1596 qui
1016 1564 1054 1587 eo

316 1604 540 1646 dignoscitur,
565 1615 636 1638 cum
663 1615 775 1637 revera
798 1605 901 1637 utitur
926 1605 1055 1637 nomine

317 1657 554 1698 denunciamus,
583 1664 614 1690 et
645 1658 727 1691 nihil
758 1658 854 1690 scribi
876 1658 1055 1701 permittit,

317 1719 378 1742 nec
400 1710 469 1742 vult
486 1709 592 1742 delata
609 1709 823 1749 subscribere,
844 1714 897 1741 aut
915 1709 978 1741 illis
997 1719 1056 1741 no-

317 1773 391 1796 men
418 1763 508 1803 dare,
535 1761 590 1795 et²
614 1762 747 1795 omnino
775 1772 898 1806 poenas
926 1762 1057 1796 talionis

319 1815 463 1859 effugiat.

362 1882 393 1903 x.
420 1869 619 1909 Delationes,
645 1880 726 1913 quae
756 1869 941 1913 importune
966 1871 1059 1904 mali-

320 1923 475 1968 gnitatem
507 1923 671 1962 redolent,
699 1932 765 1956 non
790 1923 888 1956 debet
911 1924 1059 1957 visitator

320 1977 516 2017 admittere3
543 1977 697 2009 admissas
723 1982 831 2010 autem
849 1982 878 2010 ct
900 1979 977 2011 tales
1003 1988 1060 2021 po-

320 2036 390 2064 stea
414 2035 560 2073 repertas
585 2040 649 2062 non
675 2030 843 2073 prosequi,
863 2031 918 2063 sed
938 2031 1061 2064 rescin-

321 2084 416 2117 dere:
443 2083 590 2126 quinimo
624 2083 767 2125 prudcns
801 2084 976 2117 consilium
1001 2084 1062 2117 erit

321 2148 412 2170 veras
439 2137 612 2180 aliquando
629 2147 692 2169 non
711 2142 847 2170 tractare
873 2138 904 2170 in
931 2138 1062 2178 iudicio,

322 2201 358 2224 ex
387 2191 505 2234 quibus
529 2190 638 2223 forsan
665 2190 768 2223 maius
791 2192 979 2224 scandalum
999 2192 1064 2225 sor-

322 2243 472 2284 midatur,
500 2254 595 2286 quam
628 2244 794 2286 profectus
821 2245 961 2285 eruitur,
987 2246 1063 2278 dum

324 2307 360 2329 ex
386 2297 458 2340 ipso
483 2296 603 2329 iudicio
628 2296 725 2329 altius
761 2297 795 2329 in
820 2298 1063 2341 delinquentem

324 2356 379 2383 aut
402 2349 667 2382 communitatem
699 2350 861 2393 crepitare
895 2352 1065 2384 consuevit

324 2399 457 2433 infamia
481 2401 530 2432 vel
555 2400 639 2443 ignis
661 2400 841 2434 discordiae
860 2401 891 2433 in
910 2402 1065 2435 fratribus

327 2454 552 2487 exardescere.
591 2454 720 2487 Talibus
758 2460 866 2488 autem
903 2458 1065 2499 praelatus

327 2506 467 2539 suaviter
490 2512 522 2539 et
544 2512 681 2550 paterne
701 2508 869 2541 medeatur
886 2510 1067 2542 secundum

327 2558 531 2602 prudentiam
545 2560 609 2600 ,sibi
626 2561 730 2594 datam
748 2572 766 2594 a
785 2561 934 2595 Domino.
954 2563 1067 2596 Melius

365 2629 375 2655 1
399 2628 500 2655 Forsan
520 2630 656 2657 delictum
678 2630 719 2658 vel
738 2632 863 2659 cle-latum
884 2634 920 2666 (n.
938 2635 986 2666 T.).

363 2672 379 2698 2
400 2672 500 2700 Forsan
520 2674 665 2709 legendum
689 2679 717 2703 ut
738 2685 785 2711 pro
807 2680 831 2705 el
852 2683 889 2712 tu.
907 2678 955 2712 Tr).

1097 389 1300 422 concoquere
1327 381 1452 419 vulnus,
1474 391 1569 423 quam
1590 381 1669 414 illud
1693 383 1775 415 sciro
1794 385 1840 416 in-

1096 433 1258 473 scindere,
1271 435 1392 476 suaque
1411 435 1582 477 putredine
1601 435 1721 469 iudicio
1739 438 1840 479 publi-

1096 497 1133 519 co
1159 486 1276 519 diffusa
1293 487 1450 520 delicatos
1478 493 1510 520 et
1536 488 1668 531 ignaros
1694 490 1835 524 inficere.

1140 551 1183 573 Χι.
1211 541 1255 573 De
1293 541 1415 574 levibus
1453 553 1617 586 nunquam
1655 544 1841 578 instituatur

1097 593 1262 631 iudicium,
1279 595 1334 627 scd
1361 596 1399 627 de
1425 596 1523 638 plano
1549 597 1771 640 corripiantur
1791 610 1840 631 se-

1096 647 1238 679 cundum
1263 647 1391 680 Ordinis
1416 654 1547 688 statuta,
1583 656 1615 682 et
1647 651 1732 683 iuxta
1763 663 1840 694 pru-

1097 700 1241 733 dentiam
1278 707 1309 733 ct
1345 712 1517 735 censuram
1554 705 1704 745 praelati.
1731 705 1774 738 De
1802 706 1839 738 iis

1097 753 1191 786 etiam
1229 755 1343 787 fratres
1380 756 1583 799 respondere
1621 762 1774 790 tenentur
1806 759 1839 791 in

1096 807 1253 840 scrutinio
1280 809 1437 850 praefato,
1473 810 1731 854 praesertimque
1757 822 1837 854 ape-

1097 860 1162 892 rire
1191 871 1411 904 quaecumque
1436 863 1563 905 possint
1584 864 1614 896 in
1634 875 1839 899 communem

1097 914 1223 946 ruinam
1250 915 1487 948 observantiam
1514 917 1682 951 iuducere.

1140 977 1195 1000 xii.
1217 967 1370 1000 Visitator
1395 974 1501 1001 autem
1528 975 1559 1002 et
1585 971 1690 1003 omnis
1718 974 1841 1014 praela-

1098 1024 1148 1051 tus
1174 1026 1283 1052 caveat
1307 1021 1346 1052 ab
1373 1021 1522 1063 epistolis
1549 1034 1613 1055 non
1643 1025 1838 1067 subscriptis

1098 1079 1209 1105 contra
1224 1074 1353 1106 fratrem
1368 1074 1508 1118 aliquem
1527 1076 1586 1109 sibi
1603 1076 1743 1117 directis,
1760 1089 1838 1120 quas

1098 1125 1197 1158 delict
1221 1127 1353 1159 omnino
1375 1128 1554 1171 despicere,
1581 1135 1616 1161 ut
1636 1141 1694 1172 per
1719 1142 1772 1163 eas
1800 1132 1839 1164 de

1099 1179 1152 1210 tali
1179 1179 1274 1212 fratre
1307 1180 1345 1212 ad
1384 1181 1626 1223 inquisitionem
1663 1184 1840 1226 specialem

1099 1232 1295 1272 deveniant,
1334 1233 1459 1266 etiamsi
1490 1235 1628 1277 epistola
1665 1247 1730 1269 non
1765 1239 1841 1270 subm

1098 1285 1219 1328 scripta
1249 1291 1346 1319 testes
1383 1287 1558 1320 adhibeat:
1598 1289 1683 1331 quod
1709 1290 1734 1322 si
1760 1291 1837 1323 sub-

1099 1339 1251 1381 scriptam
1272 1340 1310 1372 ab
1332 1341 1442 1383 aliquo
1479 1342 1577 1375 fratre
1604 1343 1664 1375 sibi
1690 1350 1767 1377 noto
1794 1355 1842 1377 re-

1083 1391 1218 1438 lcipiat⁷
1245 1392 1368 1435 poterit
1393 1394 1431 1425 ab
1463 1394 1535 1436 ipso
1571 1405 1638 1427 rem
1666 1396 1842 1439 diligenter

315 1452 474 1488 quatenus
500 1446 651 1479 subditur
677 1447 877 1479 denuncians
907 1446 960 1489 qui
986 1445 1054 1478 sine
1082 1448 1085 1455 '

1099 1443 1322 1487 investigare,
1363 1456 1534 1490 quousque
1569 1448 1644 1479 satis.
1675 1448 1714 1480 sit
1747 1455 1780 1480 ut
1805 1460 1842 1482 ea

1099 1504 1244 1531 versetur
1269 1498 1301 1531 in
1328 1499 1459 1533 iudicio.

1142 1561 1212 1584 xul.
1240 1551 1463 1586 Saecularium
1485 1554 1665 1588 delationes
1683 1561 1736 1588 aut
1754 1556 1840 1589 litte-

1100 1614 1149 1636 ras
1175 1605 1207 1637 in
1233 1606 1347 1639 fratres
1383 1617 1549 1650 nunquam
1586 1609 1750 1652 suscipiat,
1782 1621 1842 1642 nec

1100 1667 1156 1689 eos
1181 1668 1241 1700 pro
1267 1659 1402 1691 testibus
1434 1660 1590 1702 admittat,
1623 1663 1682 1694 uisi
1720 1664 1841 1695 crimen

1100 1712 1149 1743 vel
1175 1712 1362 1745 scandalum
1389 1713 1496 1747 fratrIs
1523 1721 1647 1757 urgeat,
1682 1722 1710 1747 et
1738 1717 1841 1749 solum

1101 1765 1198 1798 suerit
1222 1765 1307 1798 inter
1324 1767 1507 1800 saeculares
1526 1769 1616 1802 nullo
1639 1769 1762 1802 sciente
1782 1770 1843 1802 sra-

1101 1823 1147 1851 tre
1173 1819 1390 1853 commissum.

1144 1882 1208 1905 xw.
1232 1872 1377 1916 Denique
1403 1883 1474 1906 eum
1500 1875 1636 1917 praelati
1662 1874 1727 1908 sint
1752 1875 1843 1919 quasi

1102 1924 1228 1967 siguum
1254 1925 1292 1958 ad
1319 1926 1480 1968 sagittam,
1506 1938 1566 1961 uec
1592 1929 1718 1971 possint
1742 1930 1845 1962 omni-

1102 1979 1162 2011 bus
1188 1979 1327 2021 placere,
1353 1981 1410 2013 sed
1436 1982 1543 2023 potius
1573 1983 1606 2014 in
1638 1993 1692 2015 eos
1726 1984 1845 2016 multo-

1104 2041 1173 2063 rum
1200 2032 1274 2064 odia
1298 2040 1497 2073 succenseat,
1522 2035 1643 2069 idcirco
1661 2036 1694 2068 in
1714 2037 1844 2069 eosdem

1104 2086 1266 2119 accusatio
1286 2097 1348 2119 uon
1370 2093 1418 2120 est
1442 2088 1534 2122 facile
1559 2100 1576 2122 a
1601 2090 1767 2123 visitatore
1793 2090 1845 2123 ad-

1105 2138 1270 2178 mittenda,
1297 2140 1353 2171 sed
1372 2140 1561 2183 diligentem
1579 2144 1735 2175 cautelam
1753 2143 1845 2175 adlii-

1105 2192 1189 2231 beat,
1207 2197 1251 2231 ut,
1270 2203 1306 2224 ex
1325 2193 1535 2235 qualitatibus
1561 2195 1707 2237 praelati,
1734 2196 1845 2228 subdi-

1106 2249 1211 2278 torum
1248 2255 1284 2277 ac
1308 2245 1486 2287 prudenter
1512 2247 1640 2288 delicti,
1668 2256 1845 2290 agnoscat,

1107 2309 1144 2331 an
1172 2309 1209 2331 ex
1235 2298 1356 2331 invidia
1373 2300 1507 2342 zeloque
1530 2301 1701 2344 aequitatis
1725 2303 1845 2335 delatio

1108 2352 1284 2396 procedat,
1324 2357 1355 2385 et
1386 2353 1431 2385 sic
1456 2364 1489 2386 se
1515 2360 1605 2396 gerat
1636 2355 1670 2387 in
1695 2355 1846 2388 omnibus

1108 2412 1140 2438 et
1161 2405 1331 2449 provideat
1347 2416 1387 2438 ne
1404 2407 1539 2449 praelati
1564 2407 1846 2441 criminationibus

1109 2464 1280 2492 versentur
1304 2459 1431 2492 iniustis
1447 2486 1455 2500 ‚
1484 2464 1518 2492 ut
1543 2466 1651 2493 tamen
1678 2467 1788 2494 caveat
1808 2473 1847 2494 ne

1110 2512 1169 2544 sub
1191 2512 1252 2545 hac
1276 2513 1392 2545 umbra
1415 2512 1605 2546 crimitiibus
1630 2514 1846 2546 indolescant.

1110 2564 1238 2597 Cunctis
1261 2575 1338 2608 crgo
1356 2565 1530 2608 praedietis
1556 2577 1573 2598 a
1597 2566 1762 2599 visitatore
1788 2577 1851 2598 ser-

1112 2617 1203 2657 vatis,
1223 2618 1264 2649 ita
1285 2628 1318 2650 se
1341 2618 1457 2650 habeat
1483 2629 1554 2651 cum
1579 2619 1730 2650 fratribus
1748 2625 1779 2651 et.
1797 2619 1850 2650 de-

1114 2670 1206 2710 lictis,
1227 2675 1269 2711 ut,
1290 2676 1442 2714 quantum
1469 2671 1582 2713 possit,
1609 2671 1689 2702 nibil
1716 2671 1841 2713 impuni

1738 272 1802 304 387
1848 280 1897 307 An.
1915 282 1941 307 c.
1966 283 2028 311 iovi
