2227 3225
176 221 222 248 An.
239 220 266 248 C.
291 221 357 247 1094

199 389 318 410 Emittam).

223 1027 348 1047 Constituti&

166 1052 277 1073 Cleua-nus
307 1054 348 1074 l‘lll

166 1083 262 1100 rrlrrtitt'.

955 218 1162 243 INNOCENTms
1187 220 1230 243 xu
1255 221 1301 243 PP.

543 266 744 294 Innocentius
766 267 845 299 Papa
866 267 929 299 xli,

484 313 520 341 ad
540 315 718 347 perpetuam
739 311 784 355 rei
805 311 985 338 memoriam.

409 376 453 408 Ex
477 375 626 408 iniuncto
644 374 738 408 nobis
754 373 890 408 caelitus
907 373 1104 417 apostolicae

365 428 529 462 servitutis
553 438 697 468 munere,
723 428 789 468 illa,
813 438 895 471 quae
913 438 929 459 a
950 427 1103 460 Romanis

365 481 576 515 Pontificibus
590 481 899 525 praedecessoribus
916 480 1033 513 nostris
1044 490 1103 523 pro

364 534 452 567 felici
476 523 736 567 christifidelium
753 534 813 567 sub
829 533 916 566 suavi
935 532 1103 566 monastici

364 587 504 620 instituti
521 588 597 631 iugo
615 592 688 621 vota
706 597 762 620 sua
782 586 946 619 Altissimo
964 585 1102 618 reddere

364 642 576 675 laudabiliter
610 641 826 685 satagentium
862 645 945 673 statu
973 650 1104 689 conser-

365 695 496 736 vando¹‚
523 696 718 738 illorumque
743 694 895 737 religiosa
920 694 1029 737 quiete
1056 693 1104 725 tir-

364 748 459 782 miter
483 749 679 782 stabilienda
707 749 760 791 pie
784 748 986 791 provideque
1019 757 1103 779 ema-

363 812 458 836 nasse
483 807 676 842 noscuntur,
694 807 737 834 -ut
756 801 901 834 solidiori
918 801 1035 833 robore
1050 811 1102 843 pe-

361 860 522 895 rennent,
563 855 735 898 apostolici
770 854 960 887 muniminis
1000 853 1100 886 nostri

361 908 539 952 praesid10‚
565 919 639 942 cum
665 909 696 940 id
722 919 739 941 a
763 908 858 941 nobis
889 907 1033 950 petitur,
1069 907 1102 940 li-

360 962 478 995 benter
502 962 760 995 constabilimus.

404 1015 419 1058 g
447 1014 474 1047 1.
508 1014 634 1047 Dudum
667 1014 828 1057 siquidem
860 1013 961 1046 felicis
993 1023 1101 1046 reeor-

361 1067 500 1101 dationis
535 1067 682 1100 Clemens
709 1068 794 1110 Papa
819 1067 882 1099 Ylll
912 1067 1101 1109 praedeces-

361 1132 416 1154 sor
440 1126 570 1160 noster,
598 1126 633 1153 ut
660 1120 833 1162 religiosae
865 1120 1099 1153 monachorum

361 1174 629 1217 Congregationis
672 1174 833 1215 regularis
875 1174 1098 1206 observantiae

360 1228 391 1260 S.
405 1227 561 1260 Bernardi
581 1227 737 1260 Castellae
755 1226 884 1259 Ordinis
908 1227 1099 1259 Cistcrcien-

360 1280 404 1312 sis
433 1279 659 1323 tranquillitati
692 1289 918 1322 prosperoque
948 1279 1096 1321 regimini

359 1332 530 1365 salubriter
554 1333 760 1371 consuleret,
785 1331 910 1364 litteras
935 1332 967 1363 in
1000 1332 1095 1365 simili

358 1388 459 1419 forma
476 1385 586 1418 Brevis
603 1384 706 1418 edidit
724 1384 847 1417 tenoris
863 1384 917 1428 qui
933 1384 1094 1428 sequitur,

359 1438 514 1472 videlicet
530 1449 536 1470 :

406 1504 419 1522 «a
447 1491 592 1525 Clemens
616 1491 713 1534 Papa
734 1491 826 1531 VIII,
847 1491 890 1524 acl
904 1496 1096 1535 ρον-1101110111

356 1546 403 1578 rei
426 1545 625 1578 memoriam.
653 1545 827 1578 Pastoralis
853 1550 981 1578 nostrae
1007 1547 1095 1579 solli-

356 1598 508 1637 citudinis
540 1599 623 1631 ratio
655 1600 810 1642 postulat,
837 1605 872 1631 ut
896 1599 929 1631 in
962 1599 1014 1632 liis
1039 1611 1095 1632 au-

356 1651 514 1684 ctoritatis
535 1657 667 1684 nostrae
692 1657 802 1695 partes
829 1652 972 1685 libenter
995 1653 1095 1686 inter-

356 1715 525 1748 ponamus,
545 1715 603 1748 per
629 1715 710 1748 quae
735 1705 966 1748 religiosorum
991 1708 1093 1739 status

356 1758 458 1801 quieti
489 1769 525 1791 ac
542 1768 703 1801 prospero
730 1759 881 1801 regimini
908 1766 1093 1802 opportune

357 1812 548 1846 consulitur.
565 1812 662 1852 Sane,
681 1823 752 1845 011111
774 1813 1005 1855 religiosorum
1023 1825 1095 1857 pro-

356 1866 462 1909 prium
487 1866 529 1898 sit
553 1865 586 1898 in
613 1865 804 1898 humilitatis
829 1872 860 1899 et
886 1867 1093 1901 obedientiae

356 1918 473 1961 spiritu
504 1918 571 1951 Deo
603 1919 745 1958 servire,
774 1924 805 1951 et
830 1929 847 1951 a
878 1921 1091 1953 saecularium

354 1981 464 2004 rerum
489 1973 577 2010 cura,
599 1981 616 2003 a
630 1981 703 2014 qua,
721 1982 794 2003 cum
812 1972 1003 2014 religionen]
1020 1984 1094 2016 pro-

354 2025 497 2065 fitentur,
525 2024 659 2057 omnino
685 2035 718 2056 se
744 2023 942 2058 subtraxisse
964 2027 1093 2067 debent,

354 2079 486 2122 penitus
504 2078 627 2111 liberos
646 2076 744 2118 esse2,
766 2078 850 2112 1111111
865 2079 965 2121 magis
982 2091 1093 2114 eorum

354 2133 499 2176 quietem
536 2132 733 2174 perturbare
770 2137 892 2175 potest,
929 2144 1026 2176 quam
1052 2135 1091 2176 si,

353 2191 464 2219 contra
488 2184 657 2229 proprium
686 2185 877 2219 huiusmodi
895 2186 1092 2229 institutum,

353 2238 579 2283 superioribus
612 2238 834 2272 obedientiam
866 2250 1024 2281 recusare,
1058 2253 1093 2275 ae

353 2293 391 2326 ad
417 2292 601 2325 saeculares
625 2302 782 2335 personas
806 2303 868 2336 pro
898 2305 1012 2327 eorum
1043 2306 1093 2329 re-

354 2345 519 2388 gularibus
532 2344 672 2386 negotiis
691 2355 860 2379 recurrere
881 2357 947 2380 non
966 2358 1094 2381 verean-

354 2403 416 2430 tur.
436 2398 503 2430 Hoc
528 2397 690 2440 siquidem
715 2397 959 2432 incommodum
982 2411 1017 2434 ex
1036 2401 1092 2434 Or-

354 2451 430 2484 dine
459 2450 664 2484 Cisterciensi
693 2452 885 2485 submovere
915 2453 1010 2496 eique
1035 2455 1092 2487 ob-

389 2532 400 2557 1
424 2530 494 2557 Edit.
514 2529 596 2557 Main.
616 2529 682 2564 legit
701 2532 886 2560 conservandi
905 2534 942 2565 (a.
966 2534 1016 2561 T.)-

387 2576 403 2602 2
424 2574 493 2601 Edit.
514 2574 594 2601 Maia.
615 2575 682 2610 legit
697 2574 832 2603 liberasse
848 2585 895 2612 pro
917 2578 1019 2606 liberos
1034 2587 1091 2607 esse

354 2623 391 2655 (n.
414 2619 462 2654 T.).

459 2672 538 2702 Ball.
560 2673 642 2700 Rom.
663 2689 695 2693 -
721 2674 778 2703 Vol.
800 2674 859 2703 XX.
1004 2676 1036 2706 77

1148 267 1232 300 viare
1247 269 1426 311 cupientes,
1441 270 1543 303 felicis
1561 274 1795 309 recordationis
1810 278 1884 310 Ale-

1147 321 1268 354 xander
1288 322 1333 361 lv,
1359 322 1434 354 Pius
1459 323 1483 355 ll
1520 330 1551 356 et
1574 325 1783 361 Innocentius
1808 330 1881 371 Vltl,

1147 384 1182 405 ae
1206 374 1260 406 alii
1286 375 1394 408 forsan
1426 376 1562 409 Romani
1588 378 1759 414 Pontifices
1793 393 1883 425 prae-

1147 427 1332 461 decessores
1351 430 1463 470 nostri‚
1483 441 1541 473 per
1559 442 1632 464 suas
1655 440 1816 476 perpetuo
1832 446 1883 468 va-

1145 480 1256 513 lituras
1282 483 1530 516 constitutiones
1560 484 1645 517 inter
1679 491 1787 519 cetera
1823 493 1883 520 sta-

1147 539 1287 575 tuerunt,
1314 537 1399 578 quod
1421 547 1581 580 personae
1608 540 1775 582 regulares
1793 540 1884 574 Ordi-

1146 588 1194 620 nis
1219 587 1445 622 Cisterciensis
1480 590 1591 633 aliquo
1628 598 1797 634 praetextu
1832 595 1882 627 vel

1144 641 1313 674 occasione
1331 642 1370 674 ab
1388 643 1648 677 ordinationibus
1666 650 1697 678 et
1713 647 1884 680 correctio-

1144 694 1238 726 nibus
1276 686 1537 739 quibuseumque
1567 702 1628 730 tam
1658 709 1792 732 suorum
1828 700 1883 732 al]-

1144 748 1253 780 batun]
1280 753 1311 781 et
1336 750 1556 791 praelatorum
1582 761 1678 794 quam
1705 752 1801 785 etiam
1827 754 1883 786 ab·

1144 800 1225 832 batis
1250 806 1282 833 et
1306 802 1439 844 capituli
1457 803 1618 844 generalis
1635 806 1810 847 appellare,
1831 812 1884 839 aut

1144 864 1235 886 curas
1263 859 1294 887 et
1319 856 1470 897 querelas
1494 866 1566 889 suas
1584 862 1672 890 extra
1690 858 1808 891 dietum
1826 860 1883 892 Or-

1144 907 1251 939 dinem
1267 907 1403 940 educere
1420 908 1662 952 (praeterquam
1677 922 1737 954 pro
1756 912 1883 945 notoria

1143 972 1179 993 ac
1202 959 1373 993 manifesta
1398 960 1567 1002 iniustitia,
1595 968 1626 995 et
1661 963 1692 996 in
1731 970 1881 998 eventum

1143 1014 1323 1055 denegatae
1350 1013 1501 1053 iustitiae,
1527 1025 1544 1047 a
1569 1016 1709 1058 capitulo
1736 1018 1880 1059 generali

1143 1067 1180 1099 ad
1199 1066 1316 1099 Sedeni
1335 1067 1555 1109 Apostolicam
1574 1074 1695 1101 tantum
1714 1072 1880 1113 appellare

1142 1125 1173 1153 et
1198 1130 1365 1153 recursum
1385 1121 1520 1162 habere)
1540 1133 1605 1155 non
1623 1124 1758 1166 possint,
1781 1131 1881 1168 prout

1141 1172 1173 1204 in
1205 1174 1394 1206 eorumdem
1432 1175 1726 1217 praedecessorum
1762 1177 1879 1211 litteris

1141 1226 1269 1269 plenius
1283 1227 1564 1261 continetur.Cum
1578 1234 1682 1262 autem
1697 1231 1759 1263 hoc
1771 1231 1879 1274 ipsum

1140 1280 1172 1310 111
1190 1278 1451 1322 Congregatione
1474 1282 1633 1323 regularis
1652 1284 1877 1318 observantiae

1139 1333 1240 1364 saneti
1251 1333 1407 1365 Bernardi
1422 1344 1597 1375 regnorum
1609 1335 1778 1378 Castellae,
1795 1349 1876 1381 quae

1139 1384 1285 1417 eiusdem
1309 1385 1438 1418 Ordinis
1456 1386 1677 1420 Cisterciensis
1703 1390 1825 1430 existit,
1847 1397 1878 1423 et

1139 1437 1261 1470 eisdem
1287 1439 1464 1482 privilegiis
1492 1451 1528 1473 ae
1555 1442 1758 1483 regularibus
1792 1443 1879 1477 insti-

1139 1491 1213 1524 tutis
1239 1491 1350 1533 utitur,
1369 1492 1600 1526 inviolabiliter
1621 1495 1785 1528 observari
1812 1508 1878 1530 ma—

1137 1544 1220 1578 xime
1242 1545 1364 1586 deceat,
1391 1551 1423 1578 ct
1447 1557 1507 1579 nos
1537 1558 1744 1592 summopere
1770 1550 1878 1594 cupia-

1137 1609 1206 1631 mus
1240 1598 1384 1631 eiusdem
1409 1599 1678 1643 congregationis
1713 1603 1813 1646 quieti
1847 1610 1878 1637 et

1137 1662 1299 1695 prospero
1335 1652 1486 1695 regimini
1523 1655 1743 1697 opportunius
1778 1657 1876 1690 etiam

1137 1706 1321 1738 consulere:
1335 1712 1423 1738 motu
1442 1708 1588 1750 proprio,
1604 1717 1669 1741 non
1685 1710 1723 1742 ad
1738 1710 1875 1744 alieuius

1136 1759 1231 1792 nobis
1259 1770 1356 1803 super
1388 1761 1451 1793 1100
1481 1761 1607 1795 oblatae
1634 1763 1801 1805 petitionis
1828 1765 1876 1796 in-

1136 1813 1300 1853 stantiam,
1327 1814 1383 1846 sed
1406 1824 1442 1846 ex
1468 1817 1558 1847 certa
1575 1815 1711 1849 scientia
1739 1820 1877 1850 matura-

1137 1877 1197 1909 que
1223 1867 1463 1900 deliberatione
1488 1869 1621 1909 nostris,
1648 1880 1685 1902 ac
1721 1870 1762 1903 de
1797 1882 1876 1914 apo-

1136 1920 1269 1953 stolicae
1294 1921 1465 1963 potestatis
1491 1922 1708 1964 plenitudine,
1733 1935 1769 1956 ex
1799 1929 1874 1958 voto

1136 1973 1372 2006 venerabilium
1391 1974 1527 2007 fratrum
1546 1981 1734 2009 nostrorum
1758 1977 1872 2011 S.R.E.

1137 2026 1350 2059 cardinalium
1385 2028 1527 2070 negotiis
1564 2029 1762 2070 regularium
1799 2035 1876 2064 tune

1136 2080 1408 2123 praepositorum,
1424 2081 1674 2115 constitutiones
1691 2083 1876 2130 praedicto-

1136 2144 1205 2166 rum
1230 2134 1521 2177 praedecessorum
1543 2140 1732 2169 nostrorum
1763 2148 1799 2170 ac
1822 2138 1875 2171 lit-

1137 2192 1219 2219 teras
1238 2187 1377 2230 desuper
1394 2188 1565 2229 consectas,
1588 2200 1724 2232 quarum
1742 2195 1874 2225 tenores

1135 2240 1372 2283 praesentibus,
1391 2252 1428 2274 ae
1453 2240 1479 2274 si
1505 2242 1544 2275 de
1564 2242 1664 2275 verbo
1682 2244 1721 2276 ad
1738 2245 1873 2278 verbum

1135 2293 1365 2336 insererentur,
1392 2305 1452 2338 pro
1486 2295 1684 2329 sufficienter
1709 2299 1871 2341 expressis

1135 2347 1249 2380 haberi
1265 2348 1422 2388 volumus,
1442 2353 1474 2381 et
1490 2349 1523 2381 in
1542 2349 1588 2382 eis
1607 2355 1757 2384 contenta
1774 2362 1873 2396 quae-

1135 2411 1281 2444 cumque,
1307 2402 1500 2436 auctoritate
1536 2404 1724 2446 apostolica,
1758 2410 1871 2440 tenore

1134 2454 1364 2497 praesentium,
1387 2455 1627 2496 confirmamus,
1645 2459 1870 2501 approbamus

1135 2513 1167 2540 et
1191 2508 1394 2549 innovamus,
1412 2509 1542 2552 illisque
1567 2516 1746 2554 perpetuae
1771 2518 1804 2545 et
1826 2513 1872 2545 in-

1133 2561 1294 2595 violabilis
1333 2561 1494 2596 firmitatis
1534 2565 1732 2607 apostolicae
1769 2567 1870 2600 robur

1133 2615 1312 2658 adiicimus,
1330 2625 1448 2660 easque
1463 2616 1495 2650 in
1515 2617 1598 2651 dicta
1611 2617 1868 2662 Congregatione

1783 218 1846 253 (109
1892 228 1940 256 An.
1962 229 1989 257 C.
2009 231 2074 259 teat
