2254 3225
208 255 254 282 An.
272 255 301 285 o,
325 256 389 283 1697
436 246 499 280 78ss

233 531 389 554 (Ianuariarum

206 559 322 583 (itlugdll').

234 2229 355 2250 Exordium.

398 304 535 337 iudicari
560 308 592 337 et
617 303 747 338 definiri
774 304 911 346 debere,
938 315 974 338 ac
1006 304 1135 338 irritum

400 363 432 390 et
456 357 562 398 inane,
579 357 604 390 si
622 368 713 391 secus
731 368 830 402 super
854 358 905 392 his
923 369 940 391 a
961 368 1133 402 quoquam,

400 411 510 455 quavis
549 412 750 452 auctoritate,
787 412 930 446 scienter
966 413 1017 446 vel
1042 412 1134 455 igno-

398 470 518 505 ranter,
544 465 719 508 contigerit
743 466 908 499 attentari.

443 520 458 562 ἓ
482 519 513 552 4.
540 519 611 553 Non
636 520 842 553 obstantibus
876 519 1073 562 praemissis,
1099 529 1157 555 ac,

399 572 685 606 constitutionibus
711 577 742 605 et
766 571 1025 605 ordinationibus
1057 582 1157 615 apo-.

399 625 531 665 stolicis,
548 635 686 665 necnon,
707 629 865 668 quatenus
884 634 966 667 opus
986 624 1037 664 sit,
1061 634 1135 667 pro·
1155 643 1157 650 =

399 678 577 711 rinciarum
592 683 623 711 et
636 677 765 711 Ordinis
777 677 1136 720 praedictoi·um‚etiam

399 731 595 771 iuramento,
613 730 858 764 confirmatione
877 730 1068 774 apostolica,
1086 731 1135 763 vel
1156 728 1157 764 Ῐ

399 784 512 826 qumis
535 782 684 816 firmitate
717 783 781 816 alia
814 783 986 824 roboratis,
1012 782 1136 816 statutis

399 841 432 868 ct
455 836 757 878 consuetudinibus,
783 836 964 880 privilegiis
995 846 1136 879 quoque,

397 889 534 921 indultis
553 894 585 921 et
600 888 716 922 litteris
738 889 928 932 apostolicis
952 889 985 921 in
1011 894 1136 922 contra-

398 942 482 973 rium
506 942 761 985 praemissorum
786 942 1037 985 quomodolibet
1058 952 1136 975 con-

399 994 511 1034 cessis,
536 994 737 1027 confirmatis
762 1000 793 1027 et
816 995 997 1035 innovatis,
1020 995 1136 1038 quibus

399 1047 551 1080 omnibus
591 1052 623 1079 et
661 1046 817 1089 singulis,
843 1047 975 1080 illorum
1007 1052 1137 1081 tenores

396 1099 623 1142 praesentibus
658 1110 717 1142 pro
752 1101 851 1143 plene
882 1106 914 1133 et
937 1100 1137 1134 sufficienter

398 1152 561 1195 expressis
597 1163 633 1185 ac
668 1153 707 1186 ad
746 1154 879 1186 verbum
915 1154 1045 1187 insertis
1078 1154 1136 1187 lia-

396 1204 523 1245 hcntes,
565 1205 629 1239 illis
666 1206 743 1238 alias
779 1206 813 1238 in
838 1217 894 1239 suo
919 1207 1037 1240 robore
1063 1218 1136 1250 per-

396 1258 581 1299 mansuris,
606 1258 646 1291 ad
671 1260 924 1302 praemissorum
959 1260 1133 1302 effectum,

397 1311 459 1344 hac
468 1311 536 1344 vice
552 1312 724 1353 dumtaxat,
740 1313 925 1356 specialiter
939 1318 970 1346 et
984 1324 1136 1357 expresse

398 1364 616 1406 derogamus;
643 1366 826 1409 ceterisque
865 1367 1039 1400 contrariis
1065 1368 1137 1411 qui-

398 1416 612 1460 buseumque.

442 1470 557 1502 Datum
584 1471 714 1511 Romae,
735 1472 821 1514 apud
846 1471 877 1504 S.
897 1471 1026 1505 Mariam
1044 1473 1136 1506 Maio-

398 1534 479 1563 rem,
500 1523 558 1556 sub
584 1525 703 1556 annulo
725 1524 914 1566 Piscatoris,
937 1525 989 1558 die
1012 1535 1043 1558 iv
1061 1526 1135 1559 maii

398 1585 560 1617 uncxcvn,
585 1577 789 1620 pontificatus
814 1578 918 1610 nostri
944 1589 1028 1612 anno
1053 1589 1096 1613 vi.

436 1638 498 1666 Dat.
519 1638 563 1666 die
581 1639 599 1665 4
618 1639 681 1666 maii
702 1639 780 1674 1697,
796 1640 893 1675 pontif.
910 1648 979 1668 anno
996 1647 1030 1668 Vl.

689 1780 817 1814 CXLIX.

403 1860 555 1896 Eduntur
579 1861 739 1904 quaedam
763 1861 887 1894 decreta
906 1862 993 1895 circa
1009 1862 1136 1895 modum

444 1914 636 1946 concedendi
673 1915 823 1946 habitum
861 1925 997 1958 maynae
1033 1917 1137 1948 crucis

443 1967 486 1998 acl
508 1967 641 1999 honores
659 1969 694 1999 ‘in
709 1967 866 2010 hospitali
878 1969 984 2001 sancti
999 1969 1137 2002 Ioannis

442 2020 765 2063 Hicrosolgmzitani¹.

576 2101 774 2128 Innocentius
795 2101 875 2135 Papa
895 2102 960 2136 XII,

540 2145 577 2172 ad
597 2146 730 2172 futuram
749 2146 794 2173 rei
813 2147 995 2174 memoriam.

446 2215 611 2248 Militantis
644 2216 806 2249 Ecclesiae
843 2217 995 2259 regimini
1030 2217 1138 2251 divina

403 2268 620 2312 dispositione
638 2270 873 2312 praesidentes,
894 2271 1088 2313 dignitatum
1106 2277 1139 2306 et

401 2322 564 2355 honorum
590 2322 885 2355 ecclesiasticorum
910 2334 1138 2366 quorumcum-

439 2386 449 2412 i
473 2385 502 2412 ln
522 2384 672 2412 innocentii
699 2383 731 2411 XI
752 2385 858 2412 constit.
880 2386 943 2412 edit.
965 2393 1137 2421 MDCLxxxw,

401 2430 445 2457 die
465 2430 499 2456 25
524 2429 606 2463 iunii,
627 2428 722 2464 pontif.
751 2435 787 2463 x,
809 2438 935 2457 concessa
963 2430 1013 2457 fuit
1041 2439 1138 2466 magno

401 2475 532 2510 magistro
552 2474 664 2500 facultas
693 2472 766 2500 cirea
793 2474 976 2508 receptionem
1004 2474 1137 2509 fratrum3

402 2520 428 2546 iu
449 2518 591 2546 Alexandri
606 2517 661 2544 VIII
683 2518 792 2544 constit.
809 2518 853 2544 ed.
870 2524 966 2552 tinem,
989 2518 1032 2545 die
1052 2520 1068 2545 5
1088 2527 1137 2546 au-

402 2565 484 2599 gusti,
502 2563 597 2598 pontif.
615 2571 634 2595 1,
654 2563 742 2597 agitur
762 2562 794 2589 de
814 2563 919 2589 aerario
940 2564 1095 2598 hospitalis3
1113 2568 1140 2591 et

403 2610 429 2635 iu
450 2609 592 2635 Clementis
617 2607 648 2634 xl
677 2611 761 2634 coust.
784 2607 826 2634 ed.
849 2614 960 2641 thexl,
981 2608 1075 2643 pontif.
1097 2615 1138 2643 xl,

405 2655 437 2680 de
458 2655 514 2680 iurc
537 2653 616 2679 trium
638 2651 744 2678 navium
766 2651 934 2678 bellicarum.

974 256 1153 282 BULLAIIIUM
1178 256 1332 281 ROMANUM

1176 314 1248 348 que,
1267 310 1297 338 et
1320 305 1516 348 praesertim
1541 305 1699 338 Ordinum
1724 305 1911 338 militarium

1176 358 1340 401 egregiam
1370 358 1573 401 reipublicae
1605 358 1801 391 christianae
1835 369 1912 402 ope-

1176 422 1245 444 ram
1269 411 1467 452 navantium,
1491 410 1668 455 providae¹
1692 411 1909 455 prudentique

1176 463 1396 497 distributioni
1421 464 1564 497 libenter
1587 464 1796 504 consulimus,
1829 464 1912 497 sicut

1176 517 1293 549 rationi
1318 522 1574 550 consentaneum
1601 527 1670 551 esse
1705 517 1739 550 in
1773 517 1910 551 Domino

1177 569 1383 602 arbitramur.

1221 623 1291 666 gl.
1324 623 1447 666 Exponi
1483 623 1644 667 siquidem
1679 623 1774 657 nobis
1809 634 1912 667 nuper

1177 728 1332 771 magister
1357 729 1526 772 hospitalis
1552 728 1583 761 S.
1610 728 1740 762 loannis
1761 729 1911 762 Hieroso-

1178 782 1335 825 lymitani‚
1355 782 1442 825 quod
1461 782 1548 825 (cum
1566 782 1605 815 ab
1622 783 1695 826 ipso
1717 783 1826 825 magni
1851 794 1911 815 nia-

1177 835 1300 877 gisterii
1327 835 1375 869 sui
1401 835 1582 879 primordio
1600 836 1639 868 ad
1656 836 1763 869 varios
1782 836 1912 874 abusus,

1179 898 1260 931 quos
1296 889 1329 921 in
1362 889 1477 921 eodem
1511 888 1692 932 hospitali,
1719 889 1912 932 praesertim

1178 941 1262 974 circa
1286 941 1381 975 nimis
1413 942 1600 985 frequentes
1626 941 1817 984 dignitatum
1850 952 1910 974 ma-

1179 1004 1261 1037 gnae
1278 994 1392 1033 crucis,
1416 1000 1452 1027 ut
1477 999 1602 1035 vocant,
1620 994 1661 1027 ad
1678 994 1821 1027 honores
1846 1001 1912 1027 tan-

1180 1052 1245 1079 tum
1270 1047 1472 1087 collationes,
1498 1047 1672 1090 irrepsisse
1697 1052 1911 1090 compererat,

1178 1100 1390 1142 corrigendos
1407 1099 1550 1132 animum
1567 1100 1773 1140 intendisset,
1791 1100 1913 1133 dilecti-

1179 1163 1241 1196 que
1262 1153 1358 1186 etiam
1382 1152 1440 1186 filii
1464 1153 1608 1193 baiulivi,
1626 1153 1858 1186 conventuales
1882 1158 1914 1186 et

1178 1206 1232 1239 alii
1250 1205 1428 1239 consiliarii
1454 1206 1554 1249 ipsius
1572 1205 1745 1249 hospitalis
1762 1206 1856 1238 enixe
1875 1205 1913 1238 ab

1179 1269 1216 1292 eo
1240 1259 1411 1303 petiissent
1434 1264 1469 1292 ut
1493 1264 1675 1302 opportuna
1699 1259 1806 1302 aliqua
1830 1259 1914 1292 ratio

1178 1312 1325 1352 iniretur,
1353 1323 1415 1356 qua
1438 1312 1672 1346 immoderatae
1694 1312 1795 1346 dictas
1817 1313 1916 1355 digni-

1179 1371 1259 1399 tates
1278 1366 1491 1399 ambientium
1507 1365 1676 1410 cupiditati
1698 1366 1802 1399 aditus
1822 1377 1915 1410 prae-

1179 1420 1390 1462 cluderetur)
1421 1420 1493 1462 ipse
1519 1430 1654 1462 magnus
1684 1419 1838 1462 magister
1863 1420 1915 1453 die

1178 1484 1217 1506 xv
1242 1473 1399 1506 februarii
1429 1473 1569 1516 proximi
1601 1472 1773 1516 praeteriti
1810 1473 1915 1506 consi-

1179 1526 1257 1559 lium
1274 1527 1479 1569 completum,
1497 1529 1600 1558 status
1618 1531 1852 1569 nuncupatum,
1871 1525 1916 1558 di-

1179 1579 1220 1612 cti
1246 1579 1420 1623 hospitalis
1445 1578 1617 1612 convocari
1639 1578 1726 1620 fecit,
1751 1578 1782 1611 in
1808 1589 1914 1623 eoque

1179 1632 1341 1676 quoddam
1359 1631 1615 1675 chirographum
1636 1642 1734 1664 manu
1759 1633 1817 1664 sua
1841 1632 1916 1664 sub·

1179 1685 1335 1728 scriptum
1361 1685 1507 1718 exhibuit
1538 1690 1569 1718 et
1604 1685 1668 1727 legi
1693 1685 1829 1726 curavit,
1855 1695 1914 1727 per

1179 1738 1265 1781 quod
1284 1737 1434 1771 videlicet
1454 1743 1567 1771 notum
1588 1737 1663 1770 fecit
1681 1744 1713 1771 et
1730 1737 1915 1778 declaravit,

1178 1801 1237 1834 per
1261 1795 1380 1823 statuta
1401 1800 1459 1823 seu
1483 1789 1706 1823 stabilimenta
1730 1795 1761 1823 et
1786 1790 1916 1823 ordina-

1179 1845 1284 1877 tiones
1319 1843 1515 1886 capitulares
1540 1843 1687 1876 eiusdem
1724 1843 1912 1887 hospitalis,

1179 1897 1370 1930 auctoritate
1391 1896 1568 1939 apostolica
1585 1896 1800 1937 confirmatas,
1816 1896 1915 1930 dictas

1179 1951 1352 1993 dignitates
1376 1959 1512 1992 magnae
1533 1949 1638 1982 crucis
1656 1955 1746 1983 certo
1767 1960 1804 1983 ao
1824 1960 1918 1993 prae-

1178 2003 1271 2036 finito
1306 2012 1522 2046 personarum
1546 2008 1683 2045 propter
1718 2012 1827 2035 earum
1861 2013 1917 2035 an-

1180 2057 1369 2097 tianitatcm‚
1387 2056 1503 2089 merita
1517 2061 1549 2088 et
1562 2066 1670 2088 rerum
1685 2054 1855 2099 peritiam⁹
1871 2056 1918 2088 iu-

1179 2111 1286 2144 dicum
1301 2114 1332 2143 et
1346 2109 1605 2143 consiliariorum
1618 2108 1807 2141 muneribus
1827 2109 1916 2152 fungi

1179 2164 1345 2208 capacium
1370 2172 1508 2195 numero
1534 2163 1698 2195 dumtaxat
1719 2162 1840 2195 deferri
1866 2163 1917 2195 de-

1178 2217 1272 2257 bere3
1300 2215 1537 2249 multitudinem
1573 2225 1649 2248 vero
1686 2215 1825 2255 illorum,
1863 2215 1917 2259 qui

1180 2270 1367 2312 dignitatem
1391 2279 1448 2301 scu
1474 2267 1620 2301 habitum
1644 2277 1779 2310 magnae
1813 2267 1917 2300 crucis

1180 2321 1363 2355 huiusmodi
1381 2322 1421 2354 ad
1442 2322 1586 2354 honores
1613 2326 1737 2353 tantum
1759 2332 1793 2353 cx
1817 2320 1918 2363 gratia

1181 2375 1316 2409 assecuti
1342 2380 1427 2415 sunt,
1454 2384 1519 2407 non
1540 2374 1650 2407 multis
1679 2373 1797 2406 abhinc
1824 2373 1916 2407 annis

1181 2439 1279 2473 supra
1303 2429 1435 2462 modum
1459 2427 1650 2467 excrevisse,
1677 2426 1817 2470 indeque
1835 2427 1919 2470 poli-

1182 2484 1263 2516 ticae
1304 2483 1379 2516 dicti
1417 2481 1587 2524 hospitalis
1623 2480 1917 2513 administrationis

1182 2537 1342 2570 rationem
1378 2541 1409 2568 et
1432 2538 1556 2568 rectum
1585 2534 1729 2567 iustitiae
1768 2534 1918 2567 ordinem

1216 2609 1228 2635 1
1248 2607 1318 2634 Edit.
1335 2606 1414 2633 ill-aiu.
1432 2606 1496 2641 legit
1508 2606 1628 2640 provide
1643 2607 1683 2638 (u.
1699 2604 1749 2641 12).

1217 2654 1234 2679 2
1254 2652 1324 2679 Edit,
1348 2651 1426 2677 Main.
1449 2651 1512 2685 legit
1530 2651 1638 2685 parilia
1661 2653 1700 2686 (R.
1720 2650 1771 2685 Τ.).

1916 257 1962 284 An.
1985 256 2013 284 C.
2037 257 2100 284 ¹007

1979 636 2104 657 Hes-mimiu-

1178 675 1253 709 secit
1278 675 1417 709 dilectus
1454 676 1540 709 filius
1564 677 1739 710 modernus
1774 669 2104 720 magnus&tltfflffiar'z'tol

1922 722 1930 735 Ι·
1933 722 1971 736 tm.
