<?xml version="1.0" encoding="UTF-8"?>
<!DOCTYPE html PUBLIC "-//W3C//DTD XHTML 1.0 Transitional//EN"
    "http://www.w3.org/TR/xhtml1/DTD/xhtml1-transitional.dtd">
<html xmlns="http://www.w3.org/1999/xhtml" xml:lang="en" lang="en">
 <head>
  <title>
</title>
<meta http-equiv="Content-Type" content="text/html;charset=utf-8" />
  <meta name='ocr-system' content='tesseract 3.04.00' />
  <meta name='ocr-capabilities' content='ocr_page ocr_carea ocr_par ocr_line ocrx_word'/>
</head>
<body>
  <div class='ocr_page' id='page_1' title='image "./bullarumdiplomat20cath_0345.png"; bbox 0 0 2227 3225; ppageno 0'>
   <div class='ocr_carea' id='block_1_1' title="bbox 131 175 1070 2011">
    <p class='ocr_par' dir='ltr' id='par_1_1' title="bbox 131 175 1060 371">
     <span class='ocr_line' id='line_1_1' title="bbox 131 175 311 203; baseline -0.006 0"><span class='ocrx_word' id='word_1_1' title='bbox 131 177 180 203; x_wconf 80' lang='lat' dir='ltr'>An.</span> <span class='ocrx_word' id='word_1_2' title='bbox 197 175 225 202; x_wconf 82' lang='lat' dir='ltr'>C.</span> <span class='ocrx_word' id='word_1_3' title='bbox 250 175 311 202; x_wconf 68' lang='lat' dir='ltr'>tuot</span> 
     </span>
     <span class='ocr_line' id='line_1_2' title="bbox 324 222 1060 265; baseline -0.004 -8"><span class='ocrx_word' id='word_1_4' title='bbox 324 224 370 257; x_wconf 82' lang='lat' dir='ltr'>rei</span> <span class='ocrx_word' id='word_1_5' title='bbox 389 223 622 262; x_wconf 88' lang='lat' dir='ltr'>testimonium,</span> <span class='ocrx_word' id='word_1_6' title='bbox 642 223 727 255; x_wconf 87' lang='lat' dir='ltr'>hanc</span> <span class='ocrx_word' id='word_1_7' title='bbox 746 222 920 255; x_wconf 80' lang='lat' dir='ltr'>canonicae</span> <span class='ocrx_word' id='word_1_8' title='bbox 939 223 1060 265; x_wconf 85' lang='lat' dir='ltr'>profes-</span> 
     </span>
     <span class='ocr_line' id='line_1_3' title="bbox 323 274 1060 319; baseline -0.004 -10"><span class='ocrx_word' id='word_1_9' title='bbox 323 276 421 310; x_wconf 81' lang='lat' dir='ltr'>sionis</span> <span class='ocrx_word' id='word_1_10' title='bbox 438 276 676 309; x_wconf 89' lang='lat' dir='ltr'>attestationcm</span> <span class='ocrx_word' id='word_1_11' title='bbox 690 274 804 316; x_wconf 84' lang='lat' dir='ltr'>feci,et</span> <span class='ocrx_word' id='word_1_12' title='bbox 817 274 951 319; x_wconf 72' lang='lat' dir='ltr'>propria</span> <span class='ocrx_word' id='word_1_13' title='bbox 964 285 1060 307; x_wconf 88' lang='lat' dir='ltr'>manu</span> 
     </span>
     <span class='ocr_line' id='line_1_4' title="bbox 324 328 553 371; baseline -0.004 -9"><span class='ocrx_word' id='word_1_14' title='bbox 324 328 503 371; x_wconf 83' lang='lat' dir='ltr'>subscripsi</span> <span class='ocrx_word' id='word_1_15' title='bbox 522 341 553 361; x_wconf 74' lang='lat' dir='ltr'>n.</span> 
     </span>
    </p>

    <p class='ocr_par' dir='ltr' id='par_1_2' title="bbox 322 382 1066 888">
     <span class='ocr_line' id='line_1_5' title="bbox 367 382 1062 415; baseline -0.004 -1"><span class='ocrx_word' id='word_1_16' title='bbox 367 392 397 415; x_wconf 89' lang='lat' dir='ltr'>v.</span> <span class='ocrx_word' id='word_1_17' title='bbox 436 382 494 414; x_wconf 86' lang='lat' dir='ltr'>Hic</span> <span class='ocrx_word' id='word_1_18' title='bbox 528 387 635 415; x_wconf 88' lang='lat' dir='ltr'>autem</span> <span class='ocrx_word' id='word_1_19' title='bbox 670 385 831 414; x_wconf 77' lang='lat' dir='ltr'><strong>memoret</strong></span> <span class='ocrx_word' id='word_1_20' title='bbox 865 384 1062 413; x_wconf 89' lang='lat' dir='ltr'>conventum</span> 
     </span>
     <span class='ocr_line' id='line_1_6' title="bbox 322 432 1061 477; baseline -0.003 -11"><span class='ocrx_word' id='word_1_21' title='bbox 322 433 376 466; x_wconf 88' lang='lat' dir='ltr'>ubi</span> <span class='ocrx_word' id='word_1_22' title='bbox 403 432 588 477; x_wconf 81' lang='lat' dir='ltr'>profitetur,</span> <span class='ocrx_word' id='word_1_23' title='bbox 607 438 637 466; x_wconf 91' lang='lat' dir='ltr'>et</span> <span class='ocrx_word' id='word_1_24' title='bbox 657 443 778 466; x_wconf 92' lang='lat' dir='ltr'>annum</span> <span class='ocrx_word' id='word_1_25' title='bbox 802 432 939 472; x_wconf 81' lang='lat' dir='ltr'>Domini,</span> <span class='ocrx_word' id='word_1_26' title='bbox 966 432 1061 470; x_wconf 90' lang='lat' dir='ltr'>diem,</span> 
     </span>
     <span class='ocr_line' id='line_1_7' title="bbox 323 484 1064 526; baseline -0.004 -7"><span class='ocrx_word' id='word_1_27' title='bbox 323 496 466 520; x_wconf 87' lang='lat' dir='ltr'>mensem</span> <span class='ocrx_word' id='word_1_28' title='bbox 484 492 515 520; x_wconf 88' lang='lat' dir='ltr'>et</span> <span class='ocrx_word' id='word_1_29' title='bbox 533 486 658 526; x_wconf 89' lang='lat' dir='ltr'>horam,</span> <span class='ocrx_word' id='word_1_30' title='bbox 675 497 712 519; x_wconf 85' lang='lat' dir='ltr'>ac</span> <span class='ocrx_word' id='word_1_31' title='bbox 727 486 826 519; x_wconf 87' lang='lat' dir='ltr'>etiam</span> <span class='ocrx_word' id='word_1_32' title='bbox 851 495 969 518; x_wconf 80' lang='lat' dir='ltr'>annum</span> <span class='ocrx_word' id='word_1_33' title='bbox 993 484 1064 517; x_wconf 90' lang='lat' dir='ltr'>fun-</span> 
     </span>
     <span class='ocr_line' id='line_1_8' title="bbox 324 537 1065 573; baseline -0.003 -1"><span class='ocrx_word' id='word_1_34' title='bbox 324 539 463 573; x_wconf 78' lang='lat' dir='ltr'>dationis</span> <span class='ocrx_word' id='word_1_35' title='bbox 482 545 514 572; x_wconf 89' lang='lat' dir='ltr'>et</span> <span class='ocrx_word' id='word_1_36' title='bbox 532 539 740 573; x_wconf 87' lang='lat' dir='ltr'>revelationis</span> <span class='ocrx_word' id='word_1_37' title='bbox 755 538 882 572; x_wconf 78' lang='lat' dir='ltr'>Ordinis</span> <span class='ocrx_word' id='word_1_38' title='bbox 900 538 939 570; x_wconf 84' lang='lat' dir='ltr'>ab</span> <span class='ocrx_word' id='word_1_39' title='bbox 957 537 1065 570; x_wconf 89' lang='lat' dir='ltr'>lmma-</span> 
     </span>
     <span class='ocr_line' id='line_1_9' title="bbox 324 591 1063 634; baseline -0.003 -10"><span class='ocrx_word' id='word_1_40' title='bbox 324 591 445 625; x_wconf 66' lang='lat' dir='ltr'>catat-5⁴</span> <span class='ocrx_word' id='word_1_41' title='bbox 470 592 663 626; x_wconf 85' lang='lat' dir='ltr'>Fundatrice</span> <span class='ocrx_word' id='word_1_42' title='bbox 685 593 808 632; x_wconf 75' lang='lat' dir='ltr'>nostra,</span> <span class='ocrx_word' id='word_1_43' title='bbox 834 596 866 624; x_wconf 89' lang='lat' dir='ltr'>et</span> <span class='ocrx_word' id='word_1_44' title='bbox 889 596 1004 634; x_wconf 85' lang='lat' dir='ltr'>postea</span> <span class='ocrx_word' id='word_1_45' title='bbox 1031 600 1063 623; x_wconf 89' lang='lat' dir='ltr'>se</span> 
     </span>
     <span class='ocr_line' id='line_1_10' title="bbox 324 642 1066 688; baseline -0.004 -11"><span class='ocrx_word' id='word_1_46' title='bbox 324 644 505 678; x_wconf 86' lang='lat' dir='ltr'>subscribat</span> <span class='ocrx_word' id='word_1_47' title='bbox 521 656 528 684; x_wconf 89' lang='lat'>;</span> <span class='ocrx_word' id='word_1_48' title='bbox 548 654 630 688; x_wconf 87' lang='lat' dir='ltr'>quae</span> <span class='ocrx_word' id='word_1_49' title='bbox 647 644 756 678; x_wconf 89' lang='lat' dir='ltr'>omnia</span> <span class='ocrx_word' id='word_1_50' title='bbox 773 643 944 677; x_wconf 84' lang='lat' dir='ltr'>contestari</span> <span class='ocrx_word' id='word_1_51' title='bbox 969 642 1066 675; x_wconf 88' lang='lat' dir='ltr'>debet</span> 
     </span>
     <span class='ocr_line' id='line_1_11' title="bbox 324 695 1064 740; baseline -0.004 -10"><span class='ocrx_word' id='word_1_52' title='bbox 324 697 489 740; x_wconf 87' lang='lat' dir='ltr'>praelatus</span> <span class='ocrx_word' id='word_1_53' title='bbox 508 703 540 730; x_wconf 89' lang='lat' dir='ltr'>et</span> <span class='ocrx_word' id='word_1_54' title='bbox 557 697 609 730; x_wconf 86' lang='lat' dir='ltr'>alii</span> <span class='ocrx_word' id='word_1_55' title='bbox 629 698 692 731; x_wconf 89' lang='lat' dir='ltr'>duo</span> <span class='ocrx_word' id='word_1_56' title='bbox 715 697 830 730; x_wconf 87' lang='lat' dir='ltr'>fratres</span> <span class='ocrx_word' id='word_1_57' title='bbox 848 696 972 740; x_wconf 85' lang='lat' dir='ltr'>pariter</span> <span class='ocrx_word' id='word_1_58' title='bbox 989 695 1064 728; x_wconf 89' lang='lat' dir='ltr'>sub-</span> 
     </span>
     <span class='ocr_line' id='line_1_12' title="bbox 325 748 1064 793; baseline -0.003 -12"><span class='ocrx_word' id='word_1_59' title='bbox 325 749 533 790; x_wconf 87' lang='lat' dir='ltr'>scribentes;</span> <span class='ocrx_word' id='word_1_60' title='bbox 574 749 656 783; x_wconf 87' lang='lat' dir='ltr'>liber</span> <span class='ocrx_word' id='word_1_61' title='bbox 686 753 794 783; x_wconf 89' lang='lat' dir='ltr'>autem</span> <span class='ocrx_word' id='word_1_62' title='bbox 823 748 1064 793; x_wconf 74' lang='lat' dir='ltr'>professionum</span> 
     </span>
     <span class='ocr_line' id='line_1_13' title="bbox 325 800 1065 846; baseline -0.003 -12"><span class='ocrx_word' id='word_1_63' title='bbox 325 811 456 845; x_wconf 83' lang='lat' dir='ltr'>semper</span> <span class='ocrx_word' id='word_1_64' title='bbox 471 801 503 835; x_wconf 87' lang='lat' dir='ltr'>in</span> <span class='ocrx_word' id='word_1_65' title='bbox 518 802 667 846; x_wconf 90' lang='lat' dir='ltr'>deposito</span> <span class='ocrx_word' id='word_1_66' title='bbox 685 808 861 836; x_wconf 86' lang='lat' dir='ltr'>conventus</span> <span class='ocrx_word' id='word_1_67' title='bbox 886 800 1065 844; x_wconf 83' lang='lat' dir='ltr'>diligentis-</span> 
     </span>
     <span class='ocr_line' id='line_1_14' title="bbox 324 853 635 888; baseline 0.006 -2"><span class='ocrx_word' id='word_1_68' title='bbox 324 853 405 887; x_wconf 88' lang='lat' dir='ltr'>sime</span> <span class='ocrx_word' id='word_1_69' title='bbox 422 854 635 888; x_wconf 74' lang='lat' dir='ltr'>custodiatur.</span> 
     </span>
    </p>

    <p class='ocr_par' dir='ltr' id='par_1_3' title="bbox 369 907 986 951">
     <span class='ocr_line' id='line_1_15' title="bbox 369 907 986 951; baseline 0.002 -11"><span class='ocrx_word' id='word_1_70' title='bbox 369 907 423 940; x_wconf 88' lang='lat' dir='ltr'>His</span> <span class='ocrx_word' id='word_1_71' title='bbox 441 907 501 940; x_wconf 88' lang='lat' dir='ltr'>rite</span> <span class='ocrx_word' id='word_1_72' title='bbox 527 907 676 951; x_wconf 79' lang='lat' dir='ltr'>peractis,</span> <span class='ocrx_word' id='word_1_73' title='bbox 695 908 779 941; x_wconf 85' lang='lat' dir='ltr'>dicat</span> <span class='ocrx_word' id='word_1_74' title='bbox 800 909 986 951; x_wconf 82' lang='lat' dir='ltr'>praelatus:</span> 
     </span>
    </p>

    <p class='ocr_par' dir='ltr' id='par_1_4' title="bbox 325 960 1066 1055">
     <span class='ocr_line' id='line_1_16' title="bbox 369 960 1066 1004; baseline 0.001 -12"><span class='ocrx_word' id='word_1_75' title='bbox 369 960 400 1000; x_wconf 51' lang='grc' dir='ltr'>ᾖ.</span> <span class='ocrx_word' id='word_1_76' title='bbox 427 960 592 1003; x_wconf 84' lang='lat' dir='ltr'>Confirma</span> <span class='ocrx_word' id='word_1_77' title='bbox 608 960 675 1003; x_wconf 78' lang='lat' dir='ltr'>hoc,</span> <span class='ocrx_word' id='word_1_78' title='bbox 693 960 787 1001; x_wconf 55' lang='lat' dir='ltr'>Deus</span> <span class='ocrx_word' id='word_1_79' title='bbox 805 960 891 1004; x_wconf 83' lang='lat' dir='ltr'>quod</span> <span class='ocrx_word' id='word_1_80' title='bbox 915 964 1066 1004; x_wconf 80' lang='lat' dir='ltr'>operatus</span> 
     </span>
     <span class='ocr_line' id='line_1_17' title="bbox 325 1013 558 1055; baseline 0.004 -10"><span class='ocrx_word' id='word_1_81' title='bbox 325 1017 370 1045; x_wconf 78' lang='lat' dir='ltr'>esc</span> <span class='ocrx_word' id='word_1_82' title='bbox 394 1014 430 1045; x_wconf 74' lang='lat' dir='ltr'>in</span> <span class='ocrx_word' id='word_1_83' title='bbox 454 1013 558 1055; x_wconf 77' lang='lat' dir='ltr'>nobis,</span> 
     </span>
    </p>

    <p class='ocr_par' dir='ltr' id='par_1_5' title="bbox 326 1066 1065 1152">
     <span class='ocr_line' id='line_1_18' title="bbox 370 1066 1065 1111; baseline 0.001 -12"><span class='ocrx_word' id='word_1_84' title='bbox 370 1070 401 1108; x_wconf 53' lang='grc' dir='ltr'>ιγ.</span> <span class='ocrx_word' id='word_1_85' title='bbox 425 1066 451 1100; x_wconf 86' lang='grc' dir='ltr'><strong><em>Α</em></strong></span> <span class='ocrx_word' id='word_1_86' title='bbox 481 1066 597 1110; x_wconf 83' lang='lat' dir='ltr'>templo</span> <span class='ocrx_word' id='word_1_87' title='bbox 621 1071 731 1100; x_wconf 75' lang='lat' dir='ltr'>sancto</span> <span class='ocrx_word' id='word_1_88' title='bbox 752 1071 805 1101; x_wconf 74' lang='lat' dir='ltr'>tuo</span> <span class='ocrx_word' id='word_1_89' title='bbox 836 1066 923 1111; x_wconf 81' lang='lat' dir='ltr'>quod</span> <span class='ocrx_word' id='word_1_90' title='bbox 953 1071 998 1100; x_wconf 79' lang='lat' dir='ltr'>est</span> <span class='ocrx_word' id='word_1_91' title='bbox 1030 1067 1065 1100; x_wconf 75' lang='lat' dir='ltr'>¹in</span> 
     </span>
     <span class='ocr_line' id='line_1_19' title="bbox 326 1118 544 1152; baseline 0.005 -1"><span class='ocrx_word' id='word_1_92' title='bbox 326 1118 544 1152; x_wconf 77' lang='lat' dir='ltr'>Hierusalem.</span> 
     </span>
    </p>

    <p class='ocr_par' dir='ltr' id='par_1_6' title="bbox 327 1173 1070 2011">
     <span class='ocr_line' id='line_1_20' title="bbox 370 1173 1063 1207; baseline 0.001 -2"><span class='ocrx_word' id='word_1_93' title='bbox 370 1183 412 1206; x_wconf 77' lang='lat' dir='ltr'>vt.</span> <span class='ocrx_word' id='word_1_94' title='bbox 439 1173 560 1207; x_wconf 83' lang='lat' dir='ltr'>Deinde</span> <span class='ocrx_word' id='word_1_95' title='bbox 586 1173 686 1207; x_wconf 88' lang='lat' dir='ltr'>donet</span> <span class='ocrx_word' id='word_1_96' title='bbox 721 1173 750 1207; x_wconf 85' lang='lat' dir='ltr'>ei</span> <span class='ocrx_word' id='word_1_97' title='bbox 787 1184 990 1207; x_wconf 89' lang='lat' dir='ltr'>communem</span> <span class='ocrx_word' id='word_1_98' title='bbox 1015 1184 1063 1207; x_wconf 86' lang='lat' dir='ltr'>so-</span> 
     </span>
     <span class='ocr_line' id='line_1_21' title="bbox 327 1225 1065 1270; baseline 0.001 -12"><span class='ocrx_word' id='word_1_99' title='bbox 327 1225 475 1259; x_wconf 84' lang='lat' dir='ltr'>cietatem</span> <span class='ocrx_word' id='word_1_100' title='bbox 500 1227 647 1270; x_wconf 79' lang='lat' dir='ltr'>professi,</span> <span class='ocrx_word' id='word_1_101' title='bbox 666 1237 779 1260; x_wconf 90' lang='lat' dir='ltr'>manus</span> <span class='ocrx_word' id='word_1_102' title='bbox 804 1237 876 1260; x_wconf 86' lang='lat' dir='ltr'>suas</span> <span class='ocrx_word' id='word_1_103' title='bbox 902 1227 1065 1266; x_wconf 88' lang='lat' dir='ltr'>claudens,</span> 
     </span>
     <span class='ocr_line' id='line_1_22' title="bbox 328 1279 1065 1323; baseline 0.001 -12"><span class='ocrx_word' id='word_1_104' title='bbox 328 1284 360 1311; x_wconf 86' lang='lat' dir='ltr'>et</span> <span class='ocrx_word' id='word_1_105' title='bbox 379 1279 512 1312; x_wconf 84' lang='lat' dir='ltr'>dicens:</span> <span class='ocrx_word' id='word_1_106' title='bbox 535 1279 677 1312; x_wconf 76' lang='lat' dir='ltr'>«Omnes</span> <span class='ocrx_word' id='word_1_107' title='bbox 696 1279 842 1322; x_wconf 89' lang='lat' dir='ltr'>quamvis</span> <span class='ocrx_word' id='word_1_108' title='bbox 856 1290 915 1323; x_wconf 89' lang='lat' dir='ltr'>per</span> <span class='ocrx_word' id='word_1_109' title='bbox 931 1280 1065 1322; x_wconf 76' lang='lat' dir='ltr'>gratiam</span> 
     </span>
     <span class='ocr_line' id='line_1_23' title="bbox 327 1331 1067 1375; baseline 0.003 -12"><span class='ocrx_word' id='word_1_110' title='bbox 327 1331 478 1375; x_wconf 76' lang='lat' dir='ltr'>baptismi</span> <span class='ocrx_word' id='word_1_111' title='bbox 516 1333 630 1365; x_wconf 86' lang='lat' dir='ltr'>fratres</span> <span class='ocrx_word' id='word_1_112' title='bbox 666 1333 765 1365; x_wconf 87' lang='lat' dir='ltr'>simus</span> <span class='ocrx_word' id='word_1_113' title='bbox 801 1332 834 1365; x_wconf 89' lang='lat' dir='ltr'>in</span> <span class='ocrx_word' id='word_1_114' title='bbox 871 1333 1010 1373; x_wconf 86' lang='lat' dir='ltr'>Christo,</span> <span class='ocrx_word' id='word_1_115' title='bbox 1036 1339 1067 1365; x_wconf 87' lang='lat' dir='ltr'>et</span> 
     </span>
     <span class='ocr_line' id='line_1_24' title="bbox 328 1384 1066 1425; baseline 0.004 -10"><span class='ocrx_word' id='word_1_116' title='bbox 328 1394 427 1416; x_wconf 91' lang='lat' dir='ltr'>unum</span> <span class='ocrx_word' id='word_1_117' title='bbox 463 1384 588 1417; x_wconf 84' lang='lat' dir='ltr'>Patrem</span> <span class='ocrx_word' id='word_1_118' title='bbox 625 1385 804 1418; x_wconf 77' lang='lat' dir='ltr'>habeamus</span> <span class='ocrx_word' id='word_1_119' title='bbox 840 1385 872 1417; x_wconf 90' lang='lat' dir='ltr'>in</span> <span class='ocrx_word' id='word_1_120' title='bbox 909 1385 1009 1425; x_wconf 86' lang='lat' dir='ltr'>caelo,</span> <span class='ocrx_word' id='word_1_121' title='bbox 1040 1386 1066 1418; x_wconf 83' lang='lat' dir='ltr'>si</span> 
     </span>
     <span class='ocr_line' id='line_1_25' title="bbox 329 1435 1067 1481; baseline 0.003 -12"><span class='ocrx_word' id='word_1_122' title='bbox 329 1435 396 1469; x_wconf 86' lang='lat' dir='ltr'>eius</span> <span class='ocrx_word' id='word_1_123' title='bbox 418 1438 612 1481; x_wconf 81' lang='lat' dir='ltr'>praeceptis,</span> <span class='ocrx_word' id='word_1_124' title='bbox 641 1443 736 1480; x_wconf 87' lang='lat' dir='ltr'>prout</span> <span class='ocrx_word' id='word_1_125' title='bbox 760 1448 946 1480; x_wconf 89' lang='lat' dir='ltr'>possumus,</span> <span class='ocrx_word' id='word_1_126' title='bbox 974 1438 1067 1472; x_wconf 90' lang='lat' dir='ltr'>obse-</span> 
     </span>
     <span class='ocr_line' id='line_1_26' title="bbox 328 1488 1069 1532; baseline 0.004 -12"><span class='ocrx_word' id='word_1_127' title='bbox 328 1488 463 1531; x_wconf 88' lang='lat' dir='ltr'>quimur,</span> <span class='ocrx_word' id='word_1_128' title='bbox 489 1491 601 1532; x_wconf 90' lang='lat' dir='ltr'>procul</span> <span class='ocrx_word' id='word_1_129' title='bbox 627 1489 725 1522; x_wconf 92' lang='lat' dir='ltr'>dubio</span> <span class='ocrx_word' id='word_1_130' title='bbox 744 1496 819 1522; x_wconf 88' lang='lat' dir='ltr'>tunc</span> <span class='ocrx_word' id='word_1_131' title='bbox 836 1490 972 1523; x_wconf 78' lang='lat' dir='ltr'>maxime</span> <span class='ocrx_word' id='word_1_132' title='bbox 999 1491 1069 1523; x_wconf 91' lang='lat' dir='ltr'>uni-</span> 
     </span>
     <span class='ocr_line' id='line_1_27' title="bbox 327 1542 1067 1585; baseline 0.004 -12"><span class='ocrx_word' id='word_1_133' title='bbox 327 1551 412 1582; x_wconf 88' lang='lat' dir='ltr'>mur,</span> <span class='ocrx_word' id='word_1_134' title='bbox 438 1542 566 1585; x_wconf 85' lang='lat' dir='ltr'>quando</span> <span class='ocrx_word' id='word_1_135' title='bbox 603 1542 802 1575; x_wconf 86' lang='lat' dir='ltr'>orationibus</span> <span class='ocrx_word' id='word_1_136' title='bbox 835 1548 867 1575; x_wconf 90' lang='lat' dir='ltr'>et</span> <span class='ocrx_word' id='word_1_137' title='bbox 901 1543 1067 1576; x_wconf 83' lang='lat' dir='ltr'>beneficiis</span> 
     </span>
     <span class='ocr_line' id='line_1_28' title="bbox 328 1595 1068 1640; baseline 0.005 -14"><span class='ocrx_word' id='word_1_138' title='bbox 328 1595 465 1628; x_wconf 84' lang='lat' dir='ltr'>invicem</span> <span class='ocrx_word' id='word_1_139' title='bbox 488 1595 706 1638; x_wconf 85' lang='lat' dir='ltr'>nosmetipsos</span> <span class='ocrx_word' id='word_1_140' title='bbox 724 1596 936 1638; x_wconf 88' lang='lat' dir='ltr'>copulamus;</span> <span class='ocrx_word' id='word_1_141' title='bbox 957 1608 1068 1640; x_wconf 85' lang='lat' dir='ltr'>quem-</span> 
     </span>
     <span class='ocr_line' id='line_1_29' title="bbox 328 1648 1068 1693; baseline 0.003 -13"><span class='ocrx_word' id='word_1_142' title='bbox 328 1648 503 1680; x_wconf 84' lang='lat' dir='ltr'>admodum</span> <span class='ocrx_word' id='word_1_143' title='bbox 529 1653 560 1680; x_wconf 90' lang='lat' dir='ltr'>et</span> <span class='ocrx_word' id='word_1_144' title='bbox 585 1648 616 1680; x_wconf 90' lang='lat' dir='ltr'>in</span> <span class='ocrx_word' id='word_1_145' title='bbox 641 1648 804 1690; x_wconf 79' lang='lat' dir='ltr'>primitiva</span> <span class='ocrx_word' id='word_1_146' title='bbox 824 1648 976 1689; x_wconf 75' lang='lat' dir='ltr'>Ecclesia,</span> <span class='ocrx_word' id='word_1_147' title='bbox 998 1651 1068 1693; x_wconf 81' lang='lat' dir='ltr'>qui-</span> 
     </span>
     <span class='ocr_line' id='line_1_30' title="bbox 328 1700 1069 1746; baseline 0.005 -14"><span class='ocrx_word' id='word_1_148' title='bbox 328 1700 387 1733; x_wconf 89' lang='lat' dir='ltr'>bus</span> <span class='ocrx_word' id='word_1_149' title='bbox 411 1711 468 1733; x_wconf 89' lang='lat' dir='ltr'>cor</span> <span class='ocrx_word' id='word_1_150' title='bbox 491 1711 589 1733; x_wconf 90' lang='lat' dir='ltr'>unum</span> <span class='ocrx_word' id='word_1_151' title='bbox 614 1707 683 1734; x_wconf 86' lang='lat' dir='ltr'>erat</span> <span class='ocrx_word' id='word_1_152' title='bbox 707 1706 739 1734; x_wconf 91' lang='lat' dir='ltr'>et</span> <span class='ocrx_word' id='word_1_153' title='bbox 763 1701 871 1734; x_wconf 90' lang='lat' dir='ltr'>anima</span> <span class='ocrx_word' id='word_1_154' title='bbox 896 1712 971 1743; x_wconf 87' lang='lat' dir='ltr'>una,</span> <span class='ocrx_word' id='word_1_155' title='bbox 992 1713 1069 1746; x_wconf 87' lang='lat' dir='ltr'>quo-</span> 
     </span>
     <span class='ocr_line' id='line_1_31' title="bbox 328 1755 1070 1799; baseline 0.004 -12"><span class='ocrx_word' id='word_1_156' title='bbox 328 1765 399 1787; x_wconf 90' lang='lat' dir='ltr'>rum</span> <span class='ocrx_word' id='word_1_157' title='bbox 425 1755 506 1788; x_wconf 72' lang='lat' dir='ltr'>vitae</span> <span class='ocrx_word' id='word_1_158' title='bbox 531 1765 639 1788; x_wconf 90' lang='lat' dir='ltr'>amore</span> <span class='ocrx_word' id='word_1_159' title='bbox 657 1756 768 1798; x_wconf 89' lang='lat' dir='ltr'>plures</span> <span class='ocrx_word' id='word_1_160' title='bbox 793 1756 930 1796; x_wconf 87' lang='lat' dir='ltr'>accensi,</span> <span class='ocrx_word' id='word_1_161' title='bbox 949 1767 1070 1799; x_wconf 87' lang='lat' dir='ltr'>posses-</span> 
     </span>
     <span class='ocr_line' id='line_1_32' title="bbox 329 1807 1066 1849; baseline 0.003 -9"><span class='ocrx_word' id='word_1_162' title='bbox 329 1807 438 1840; x_wconf 89' lang='lat' dir='ltr'>siones</span> <span class='ocrx_word' id='word_1_163' title='bbox 469 1813 501 1840; x_wconf 84' lang='lat' dir='ltr'>et</span> <span class='ocrx_word' id='word_1_164' title='bbox 537 1807 705 1840; x_wconf 82' lang='lat' dir='ltr'>facultates</span> <span class='ocrx_word' id='word_1_165' title='bbox 738 1818 844 1840; x_wconf 90' lang='lat' dir='ltr'>rerum</span> <span class='ocrx_word' id='word_1_166' title='bbox 870 1810 1066 1849; x_wconf 88' lang='lat' dir='ltr'>vendentes,</span> 
     </span>
     <span class='ocr_line' id='line_1_33' title="bbox 330 1860 1067 1903; baseline 0.001 -9"><span class='ocrx_word' id='word_1_167' title='bbox 330 1860 536 1903; x_wconf 78' lang='lat' dir='ltr'>congregatis</span> <span class='ocrx_word' id='word_1_168' title='bbox 560 1871 633 1893; x_wconf 87' lang='lat' dir='ltr'>cum</span> <span class='ocrx_word' id='word_1_169' title='bbox 669 1860 766 1893; x_wconf 82' lang='lat' dir='ltr'>Matre</span> <span class='ocrx_word' id='word_1_170' title='bbox 802 1860 873 1893; x_wconf 79' lang='lat' dir='ltr'>Iesu</span> <span class='ocrx_word' id='word_1_171' title='bbox 903 1861 934 1894; x_wconf 90' lang='lat' dir='ltr'>in</span> <span class='ocrx_word' id='word_1_172' title='bbox 967 1873 1067 1895; x_wconf 90' lang='lat' dir='ltr'>unum</span> 
     </span>
     <span class='ocr_line' id='line_1_34' title="bbox 330 1913 1069 1957; baseline 0.004 -11"><span class='ocrx_word' id='word_1_173' title='bbox 330 1914 433 1955; x_wconf 85' lang='lat' dir='ltr'>pretia</span> <span class='ocrx_word' id='word_1_174' title='bbox 451 1913 640 1946; x_wconf 87' lang='lat' dir='ltr'>deferebant</span> <span class='ocrx_word' id='word_1_175' title='bbox 662 1913 850 1955; x_wconf 63' lang='lat' dir='ltr'>gaudentes</span> <span class='ocrx_word' id='word_1_176' title='bbox 870 1925 951 1957; x_wconf 89' lang='lat' dir='ltr'>quae</span> <span class='ocrx_word' id='word_1_177' title='bbox 976 1926 1069 1949; x_wconf 87' lang='lat' dir='ltr'>acce-</span> 
     </span>
     <span class='ocr_line' id='line_1_35' title="bbox 330 1965 1068 2011; baseline 0.004 -13"><span class='ocrx_word' id='word_1_178' title='bbox 330 1972 384 2010; x_wconf 87' lang='lat' dir='ltr'>pta</span> <span class='ocrx_word' id='word_1_179' title='bbox 402 1965 549 2010; x_wconf 74' lang='lat' dir='ltr'>Apostoli</span> <span class='ocrx_word' id='word_1_180' title='bbox 577 1966 747 1998; x_wconf 84' lang='lat' dir='ltr'>tradebant</span> <span class='ocrx_word' id='word_1_181' title='bbox 771 1966 922 1999; x_wconf 87' lang='lat' dir='ltr'>omnibus</span> <span class='ocrx_word' id='word_1_182' title='bbox 939 1973 972 2000; x_wconf 88' lang='lat' dir='ltr'>ut</span> <span class='ocrx_word' id='word_1_183' title='bbox 989 1979 1068 2011; x_wconf 90' lang='lat' dir='ltr'>opus</span> 
     </span>
    </p>
   </div>
   <div class='ocr_carea' id='block_1_2' title="bbox 906 174 1255 199">
    <p class='ocr_par' dir='ltr' id='par_1_7' title="bbox 906 174 1255 199">
     <span class='ocr_line' id='line_1_36' title="bbox 906 174 1255 199; baseline -0.006 -1"><span class='ocrx_word' id='word_1_184' title='bbox 906 174 1114 199; x_wconf 68' lang='lat' dir='ltr'>INNOCENTIPS</span> <span class='ocrx_word' id='word_1_185' title='bbox 1139 175 1184 197; x_wconf 66' lang='lat' dir='ltr'>KH</span> <span class='ocrx_word' id='word_1_186' title='bbox 1209 175 1255 197; x_wconf 76' lang='lat' dir='ltr'>PF.</span> 
     </span>
    </p>
   </div>
   <div class='ocr_carea' id='block_1_3' title="bbox 1104 165 2029 687">
    <p class='ocr_par' dir='ltr' id='par_1_8' title="bbox 1146 165 2029 265">
     <span class='ocr_line' id='line_1_37' title="bbox 1742 165 2029 201; baseline 0.01 -3"><span class='ocrx_word' id='word_1_187' title='bbox 1742 165 1806 198; x_wconf 60' lang='grc'>993</span> <span class='ocrx_word' id='word_1_188' title='bbox 1851 174 1944 201; x_wconf 64' lang='lat' dir='ltr'>Aac.</span> <span class='ocrx_word' id='word_1_189' title='bbox 1967 176 2029 201; x_wconf 68' lang='lat' dir='ltr'>iem</span> 
     </span>
     <span class='ocr_line' id='line_1_38' title="bbox 1146 221 1839 265; baseline 0.001 -11"><span class='ocrx_word' id='word_1_190' title='bbox 1146 232 1203 254; x_wconf 70' lang='lat' dir='ltr'>vu.</span> <span class='ocrx_word' id='word_1_191' title='bbox 1223 221 1365 253; x_wconf 69' lang='lat' dir='ltr'>&#39;l&#39;andem</span> <span class='ocrx_word' id='word_1_192' title='bbox 1391 232 1468 254; x_wconf 88' lang='lat' dir='ltr'>vero</span> <span class='ocrx_word' id='word_1_193' title='bbox 1489 222 1557 264; x_wconf 89' lang='lat' dir='ltr'>ipse</span> <span class='ocrx_word' id='word_1_194' title='bbox 1582 225 1747 265; x_wconf 88' lang='lat' dir='ltr'>praelatus</span> <span class='ocrx_word' id='word_1_195' title='bbox 1767 234 1839 255; x_wconf 88' lang='lat' dir='ltr'>cum</span> 
     </span>
    </p>

    <p class='ocr_par' dir='ltr' id='par_1_9' title="bbox 1104 273 1840 317">
     <span class='ocr_line' id='line_1_39' title="bbox 1104 273 1840 317; baseline 0.004 -12"><span class='ocrx_word' id='word_1_196' title='bbox 1104 273 1231 316; x_wconf 84' lang='lat' dir='ltr'>reliquo</span> <span class='ocrx_word' id='word_1_197' title='bbox 1267 279 1426 306; x_wconf 81' lang='lat' dir='ltr'>conventu</span> <span class='ocrx_word' id='word_1_198' title='bbox 1463 274 1641 317; x_wconf 87' lang='lat' dir='ltr'>suscipiant</span> <span class='ocrx_word' id='word_1_199' title='bbox 1674 275 1764 308; x_wconf 91' lang='lat' dir='ltr'>illum</span> <span class='ocrx_word' id='word_1_200' title='bbox 1801 275 1840 308; x_wconf 86' lang='lat' dir='ltr'>ad</span> 
     </span>
    </p>

    <p class='ocr_par' dir='ltr' id='par_1_10' title="bbox 1104 326 1841 370">
     <span class='ocr_line' id='line_1_40' title="bbox 1104 326 1841 370; baseline 0.001 -12"><span class='ocrx_word' id='word_1_201' title='bbox 1104 326 1252 358; x_wconf 89' lang='lat' dir='ltr'>osculum</span> <span class='ocrx_word' id='word_1_202' title='bbox 1286 330 1317 358; x_wconf 89' lang='lat' dir='ltr'>et</span> <span class='ocrx_word' id='word_1_203' title='bbox 1350 326 1532 369; x_wconf 74' lang='lat' dir='ltr'>amplexum</span> <span class='ocrx_word' id='word_1_204' title='bbox 1557 327 1647 369; x_wconf 87' lang='lat' dir='ltr'>pacis</span> <span class='ocrx_word' id='word_1_205' title='bbox 1680 330 1841 370; x_wconf 84' lang='lat' dir='ltr'>tamquam</span> 
     </span>
    </p>

    <p class='ocr_par' dir='ltr' id='par_1_11' title="bbox 1105 378 1844 422">
     <span class='ocr_line' id='line_1_41' title="bbox 1105 378 1844 422; baseline 0 -11"><span class='ocrx_word' id='word_1_206' title='bbox 1105 378 1237 411; x_wconf 89' lang='lat' dir='ltr'>fratrem</span> <span class='ocrx_word' id='word_1_207' title='bbox 1257 378 1318 411; x_wconf 91' lang='lat' dir='ltr'>sibi</span> <span class='ocrx_word' id='word_1_208' title='bbox 1339 378 1402 411; x_wconf 87' lang='lat' dir='ltr'>iam</span> <span class='ocrx_word' id='word_1_209' title='bbox 1417 379 1657 419; x_wconf 83' lang='lat' dir='ltr'>cohaerentem,</span> <span class='ocrx_word' id='word_1_210' title='bbox 1676 389 1772 422; x_wconf 88' lang='lat' dir='ltr'>quem</span> <span class='ocrx_word' id='word_1_211' title='bbox 1790 379 1844 412; x_wconf 90' lang='lat' dir='ltr'>ite-</span> 
     </span>
    </p>

    <p class='ocr_par' dir='ltr' id='par_1_12' title="bbox 1106 430 1844 474">
     <span class='ocr_line' id='line_1_42' title="bbox 1106 430 1844 474; baseline 0.003 -11"><span class='ocrx_word' id='word_1_212' title='bbox 1106 441 1176 463; x_wconf 89' lang='lat' dir='ltr'>rum</span> <span class='ocrx_word' id='word_1_213' title='bbox 1199 430 1238 463; x_wconf 90' lang='lat' dir='ltr'>ad</span> <span class='ocrx_word' id='word_1_214' title='bbox 1263 431 1365 474; x_wconf 86' lang='lat' dir='ltr'>pedes</span> <span class='ocrx_word' id='word_1_215' title='bbox 1390 431 1491 474; x_wconf 86' lang='lat' dir='ltr'>ipsius</span> <span class='ocrx_word' id='word_1_216' title='bbox 1516 432 1768 465; x_wconf 89' lang='lat' dir='ltr'>redeuntem...</span> <span class='ocrx_word' id='word_1_217' title='bbox 1789 433 1844 465; x_wconf 89' lang='lat' dir='ltr'>ad-</span> 
     </span>
    </p>

    <p class='ocr_par' dir='ltr' id='par_1_13' title="bbox 1107 484 1843 528">
     <span class='ocr_line' id='line_1_43' title="bbox 1107 484 1843 528; baseline 0.003 -13"><span class='ocrx_word' id='word_1_218' title='bbox 1107 489 1215 516; x_wconf 87' lang='lat' dir='ltr'>monet</span> <span class='ocrx_word' id='word_1_219' title='bbox 1235 490 1270 516; x_wconf 93' lang='lat' dir='ltr'>ut</span> <span class='ocrx_word' id='word_1_220' title='bbox 1294 484 1414 527; x_wconf 83' lang='lat' dir='ltr'>gratias</span> <span class='ocrx_word' id='word_1_221' title='bbox 1438 484 1504 517; x_wconf 86' lang='lat' dir='ltr'>Deo</span> <span class='ocrx_word' id='word_1_222' title='bbox 1528 484 1646 517; x_wconf 85' lang='lat' dir='ltr'>referat</span> <span class='ocrx_word' id='word_1_223' title='bbox 1669 495 1728 528; x_wconf 90' lang='lat' dir='ltr'>pro</span> <span class='ocrx_word' id='word_1_224' title='bbox 1753 489 1843 517; x_wconf 88' lang='lat' dir='ltr'>tanto</span> 
     </span>
    </p>

    <p class='ocr_par' dir='ltr' id='par_1_14' title="bbox 1108 538 1845 581">
     <span class='ocr_line' id='line_1_44' title="bbox 1108 538 1845 581; baseline 0.003 -12"><span class='ocrx_word' id='word_1_225' title='bbox 1108 547 1241 570; x_wconf 84' lang='lat' dir='ltr'>munere</span> <span class='ocrx_word' id='word_1_226' title='bbox 1265 538 1383 580; x_wconf 83' lang='lat' dir='ltr'>adepto</span> <span class='ocrx_word' id='word_1_227' title='bbox 1400 563 1407 577; x_wconf 90' lang='lat'>,</span> <span class='ocrx_word' id='word_1_228' title='bbox 1432 543 1462 570; x_wconf 89' lang='lat' dir='ltr'>et</span> <span class='ocrx_word' id='word_1_229' title='bbox 1487 538 1515 571; x_wconf 93' lang='lat' dir='ltr'>ei</span> <span class='ocrx_word' id='word_1_230' title='bbox 1541 538 1690 580; x_wconf 84' lang='lat' dir='ltr'>designet</span> <span class='ocrx_word' id='word_1_231' title='bbox 1721 543 1845 581; x_wconf 89' lang='lat' dir='ltr'>postre-</span> 
     </span>
    </p>

    <p class='ocr_par' dir='ltr' id='par_1_15' title="bbox 1106 590 2016 687">
     <span class='ocr_line' id='line_1_45' title="bbox 1106 590 1842 633; baseline 0.001 -11"><span class='ocrx_word' id='word_1_232' title='bbox 1106 600 1193 622; x_wconf 91' lang='lat' dir='ltr'>mum</span> <span class='ocrx_word' id='word_1_233' title='bbox 1218 591 1327 623; x_wconf 89' lang='lat' dir='ltr'>locum</span> <span class='ocrx_word' id='word_1_234' title='bbox 1353 591 1438 623; x_wconf 89' lang='lat' dir='ltr'>inter</span> <span class='ocrx_word' id='word_1_235' title='bbox 1461 590 1627 633; x_wconf 88' lang='lat' dir='ltr'>professos</span> <span class='ocrx_word' id='word_1_236' title='bbox 1653 590 1702 623; x_wconf 87' lang='lat' dir='ltr'>sui</span> <span class='ocrx_word' id='word_1_237' title='bbox 1730 596 1842 623; x_wconf 87' lang='lat' dir='ltr'>status.</span> 
     </span>
     <span class='ocr_line' id='line_1_46' title="bbox 1151 643 2016 687; baseline 0.002 -12"><span class='ocrx_word' id='word_1_238' title='bbox 1151 653 1173 676; x_wconf 85' lang='lat'>1.</span> <span class='ocrx_word' id='word_1_239' title='bbox 1208 643 1283 676; x_wconf 85' lang='lat' dir='ltr'>Post</span> <span class='ocrx_word' id='word_1_240' title='bbox 1306 644 1542 686; x_wconf 87' lang='lat' dir='ltr'>professionem</span> <span class='ocrx_word' id='word_1_241' title='bbox 1567 644 1688 687; x_wconf 88' lang='lat' dir='ltr'>itaque,</span> <span class='ocrx_word' id='word_1_242' title='bbox 1713 654 1753 677; x_wconf 89' lang='lat' dir='ltr'>ne</span> <span class='ocrx_word' id='word_1_243' title='bbox 1784 644 1847 677; x_wconf 86' lang='lat' dir='ltr'>fra·</span> <span class='ocrx_word' id='word_1_244' title='bbox 1879 656 1947 676; x_wconf 52' lang='lat' dir='ltr'>clm</span> <span class='ocrx_word' id='word_1_245' title='bbox 1964 655 2016 677; x_wconf 79' lang='lat' dir='ltr'>viu.</span> 
     </span>
    </p>
   </div>
   <div class='ocr_carea' id='block_1_4' title="bbox 1883 682 2038 706">
    <p class='ocr_par' dir='ltr' id='par_1_16' title="bbox 1883 682 2038 706">
     <span class='ocr_line' id='line_1_47' title="bbox 1883 682 2038 706; baseline -0.006 -4"><span class='ocrx_word' id='word_1_246' title='bbox 1883 682 1913 702; x_wconf 65' lang='lat' dir='ltr'>Do</span> <span class='ocrx_word' id='word_1_247' title='bbox 1939 688 2038 706; x_wconf 63' lang='grc' dir='ltr'>Γϋμιιιιιιιΰ</span> 
     </span>
    </p>
   </div>
   <div class='ocr_carea' id='block_1_5' title="bbox 1107 696 2041 2012">
    <p class='ocr_par' dir='ltr' id='par_1_17' title="bbox 1107 696 2041 1587">
     <span class='ocr_line' id='line_1_48' title="bbox 1108 696 2041 735; baseline -0.001 -6"><span class='ocrx_word' id='word_1_248' title='bbox 1108 700 1191 729; x_wconf 88' lang='lat' dir='ltr'>trum</span> <span class='ocrx_word' id='word_1_249' title='bbox 1215 696 1434 729; x_wconf 84' lang='lat' dir='ltr'>adolescentia</span> <span class='ocrx_word' id='word_1_250' title='bbox 1458 696 1527 730; x_wconf 89' lang='lat' dir='ltr'>sine</span> <span class='ocrx_word' id='word_1_251' title='bbox 1562 702 1652 730; x_wconf 88' lang='lat' dir='ltr'>recto</span> <span class='ocrx_word' id='word_1_252' title='bbox 1678 702 1710 730; x_wconf 87' lang='lat' dir='ltr'>et</span> <span class='ocrx_word' id='word_1_253' title='bbox 1735 708 1846 731; x_wconf 89' lang='lat' dir='ltr'>severo</span> <span class='ocrx_word' id='word_1_254' title='bbox 1858 710 2041 735; x_wconf 48' lang='lat' dir='ltr'>praessuumaa.</span> 
     </span>
     <span class='ocr_line' id='line_1_49' title="bbox 1107 741 2040 794; baseline 0 -13"><span class='ocrx_word' id='word_1_255' title='bbox 1107 748 1328 782; x_wconf 87' lang='lat' dir='ltr'>moderamine</span> <span class='ocrx_word' id='word_1_256' title='bbox 1354 749 1489 789; x_wconf 82' lang='lat' dir='ltr'>diffluat,</span> <span class='ocrx_word' id='word_1_257' title='bbox 1514 760 1574 783; x_wconf 89' lang='lat' dir='ltr'>nec</span> <span class='ocrx_word' id='word_1_258' title='bbox 1603 750 1650 783; x_wconf 88' lang='lat' dir='ltr'>eis</span> <span class='ocrx_word' id='word_1_259' title='bbox 1683 751 1741 784; x_wconf 90' lang='lat' dir='ltr'>sub</span> <span class='ocrx_word' id='word_1_260' title='bbox 1774 741 2040 794; x_wconf 50' lang='lat' dir='ltr'>pro-{follfflffiffssfc&#39;ssss</span> 
     </span>
     <span class='ocr_line' id='line_1_50' title="bbox 1107 789 1952 846; baseline 0.005 -13"><span class='ocrx_word' id='word_1_261' title='bbox 1107 800 1177 844; x_wconf 75' lang='lat' dir='ltr'>pria</span> <span class='ocrx_word' id='word_1_262' title='bbox 1202 803 1284 835; x_wconf 77' lang='lat' dir='ltr'>cella</span> <span class='ocrx_word' id='word_1_263' title='bbox 1313 802 1480 846; x_wconf 89' lang='lat' dir='ltr'>proprium</span> <span class='ocrx_word' id='word_1_264' title='bbox 1513 808 1629 836; x_wconf 85' lang='lat' dir='ltr'>nutum</span> <span class='ocrx_word' id='word_1_265' title='bbox 1654 808 1687 836; x_wconf 88' lang='lat' dir='ltr'>et</span> <span class='ocrx_word' id='word_1_266' title='bbox 1721 789 1952 837; x_wconf 61' lang='lat' dir='ltr'>libitum⁰¹dm⁰⁵&#39;</span> 
     </span>
     <span class='ocr_line' id='line_1_51' title="bbox 1108 855 1847 901; baseline 0.003 -14"><span class='ocrx_word' id='word_1_267' title='bbox 1108 855 1352 898; x_wconf 83' lang='lat' dir='ltr'>relinquamus,</span> <span class='ocrx_word' id='word_1_268' title='bbox 1392 862 1572 901; x_wconf 83' lang='lat' dir='ltr'>eapropter</span> <span class='ocrx_word' id='word_1_269' title='bbox 1609 857 1778 890; x_wconf 83' lang='lat' dir='ltr'>statuimus</span> <span class='ocrx_word' id='word_1_270' title='bbox 1813 861 1847 890; x_wconf 89' lang='lat' dir='ltr'>ut</span> 
     </span>
     <span class='ocr_line' id='line_1_52' title="bbox 1108 909 1848 954; baseline 0.005 -14"><span class='ocrx_word' id='word_1_271' title='bbox 1108 909 1244 951; x_wconf 78' lang='lat' dir='ltr'>professi</span> <span class='ocrx_word' id='word_1_272' title='bbox 1270 910 1371 943; x_wconf 87' lang='lat' dir='ltr'>nostri</span> <span class='ocrx_word' id='word_1_273' title='bbox 1398 910 1537 943; x_wconf 86' lang='lat' dir='ltr'>debeant</span> <span class='ocrx_word' id='word_1_274' title='bbox 1562 920 1633 944; x_wconf 89' lang='lat' dir='ltr'>esse</span> <span class='ocrx_word' id='word_1_275' title='bbox 1663 911 1725 944; x_wconf 88' lang='lat' dir='ltr'>sub</span> <span class='ocrx_word' id='word_1_276' title='bbox 1758 916 1848 954; x_wconf 89' lang='lat' dir='ltr'>pote-</span> 
     </span>
     <span class='ocr_line' id='line_1_53' title="bbox 1109 963 1849 1007; baseline 0.004 -13"><span class='ocrx_word' id='word_1_277' title='bbox 1109 967 1190 995; x_wconf 85' lang='lat' dir='ltr'>state</span> <span class='ocrx_word' id='word_1_278' title='bbox 1205 963 1349 1005; x_wconf 83' lang='lat' dir='ltr'>magistri</span> <span class='ocrx_word' id='word_1_279' title='bbox 1366 963 1562 996; x_wconf 82' lang='lat' dir='ltr'>novitiorum</span> <span class='ocrx_word' id='word_1_280' title='bbox 1581 963 1684 997; x_wconf 87' lang='lat' dir='ltr'>donee</span> <span class='ocrx_word' id='word_1_281' title='bbox 1701 964 1740 997; x_wconf 84' lang='lat' dir='ltr'>ad</span> <span class='ocrx_word' id='word_1_282' title='bbox 1758 974 1849 1007; x_wconf 92' lang='lat' dir='ltr'>pres-</span> 
     </span>
     <span class='ocr_line' id='line_1_54' title="bbox 1109 1015 1849 1059; baseline 0.003 -11"><span class='ocrx_word' id='word_1_283' title='bbox 1109 1015 1292 1059; x_wconf 64' lang='lat' dir='ltr'>byteratum</span> <span class='ocrx_word' id='word_1_284' title='bbox 1317 1016 1512 1056; x_wconf 85' lang='lat' dir='ltr'>ascendant,</span> <span class='ocrx_word' id='word_1_285' title='bbox 1538 1022 1573 1049; x_wconf 92' lang='lat' dir='ltr'>ut</span> <span class='ocrx_word' id='word_1_286' title='bbox 1604 1017 1679 1050; x_wconf 89' lang='lat' dir='ltr'>illos</span> <span class='ocrx_word' id='word_1_287' title='bbox 1705 1027 1744 1050; x_wconf 88' lang='lat' dir='ltr'>eo</span> <span class='ocrx_word' id='word_1_288' title='bbox 1770 1022 1849 1050; x_wconf 89' lang='lat' dir='ltr'>tem-</span> 
     </span>
     <span class='ocr_line' id='line_1_55' title="bbox 1109 1068 1849 1111; baseline 0.003 -11"><span class='ocrx_word' id='word_1_289' title='bbox 1109 1074 1186 1111; x_wconf 85' lang='lat' dir='ltr'>pore</span> <span class='ocrx_word' id='word_1_290' title='bbox 1201 1068 1371 1102; x_wconf 86' lang='lat' dir='ltr'>novitiatus</span> <span class='ocrx_word' id='word_1_291' title='bbox 1385 1069 1549 1102; x_wconf 86' lang='lat' dir='ltr'>contineat</span> <span class='ocrx_word' id='word_1_292' title='bbox 1566 1080 1639 1103; x_wconf 88' lang='lat' dir='ltr'>eum</span> <span class='ocrx_word' id='word_1_293' title='bbox 1655 1070 1849 1103; x_wconf 85' lang='lat' dir='ltr'>dormitorio</span> 
     </span>
     <span class='ocr_line' id='line_1_56' title="bbox 1110 1121 1850 1166; baseline 0.003 -13"><span class='ocrx_word' id='word_1_294' title='bbox 1110 1125 1142 1153; x_wconf 85' lang='lat' dir='ltr'>et</span> <span class='ocrx_word' id='word_1_295' title='bbox 1165 1121 1301 1161; x_wconf 90' lang='lat' dir='ltr'>cellulis,</span> <span class='ocrx_word' id='word_1_296' title='bbox 1321 1127 1474 1164; x_wconf 89' lang='lat' dir='ltr'>quantum</span> <span class='ocrx_word' id='word_1_297' title='bbox 1498 1122 1567 1155; x_wconf 80' lang='lat' dir='ltr'>fieri</span> <span class='ocrx_word' id='word_1_298' title='bbox 1593 1122 1704 1166; x_wconf 90' lang='lat' dir='ltr'>possit,</span> <span class='ocrx_word' id='word_1_299' title='bbox 1727 1133 1744 1155; x_wconf 86' lang='lat' dir='ltr'>a</span> <span class='ocrx_word' id='word_1_300' title='bbox 1761 1123 1850 1156; x_wconf 87' lang='lat' dir='ltr'>novi-</span> 
     </span>
     <span class='ocr_line' id='line_1_57' title="bbox 1111 1173 1849 1218; baseline 0.003 -13"><span class='ocrx_word' id='word_1_301' title='bbox 1111 1173 1228 1206; x_wconf 89' lang='lat' dir='ltr'>tiorum</span> <span class='ocrx_word' id='word_1_302' title='bbox 1253 1174 1400 1207; x_wconf 84' lang='lat' dir='ltr'>convictu</span> <span class='ocrx_word' id='word_1_303' title='bbox 1427 1175 1598 1218; x_wconf 85' lang='lat' dir='ltr'>separatis.</span> <span class='ocrx_word' id='word_1_304' title='bbox 1633 1174 1710 1208; x_wconf 90' lang='lat' dir='ltr'>Inde</span> <span class='ocrx_word' id='word_1_305' title='bbox 1743 1180 1849 1208; x_wconf 86' lang='lat' dir='ltr'>autem</span> 
     </span>
     <span class='ocr_line' id='line_1_58' title="bbox 1111 1226 1850 1269; baseline 0.005 -11"><span class='ocrx_word' id='word_1_306' title='bbox 1111 1236 1174 1258; x_wconf 92' lang='lat' dir='ltr'>non</span> <span class='ocrx_word' id='word_1_307' title='bbox 1201 1226 1409 1269; x_wconf 81' lang='lat' dir='ltr'>egrediantur</span> <span class='ocrx_word' id='word_1_308' title='bbox 1434 1227 1494 1260; x_wconf 89' lang='lat' dir='ltr'>nisi</span> <span class='ocrx_word' id='word_1_309' title='bbox 1528 1238 1598 1260; x_wconf 90' lang='lat' dir='ltr'>cum</span> <span class='ocrx_word' id='word_1_310' title='bbox 1624 1228 1756 1261; x_wconf 80' lang='lat' dir='ltr'>lieentia</span> <span class='ocrx_word' id='word_1_311' title='bbox 1786 1239 1850 1261; x_wconf 87' lang='lat' dir='ltr'>ma·</span> 
     </span>
     <span class='ocr_line' id='line_1_59' title="bbox 1110 1279 1850 1324; baseline 0.004 -14"><span class='ocrx_word' id='word_1_312' title='bbox 1110 1279 1200 1321; x_wconf 77' lang='lat' dir='ltr'>gistri</span> <span class='ocrx_word' id='word_1_313' title='bbox 1227 1281 1276 1312; x_wconf 70' lang='lat' dir='ltr'>vel</span> <span class='ocrx_word' id='word_1_314' title='bbox 1303 1281 1393 1321; x_wconf 85' lang='lat' dir='ltr'>socii,</span> <span class='ocrx_word' id='word_1_315' title='bbox 1421 1281 1473 1324; x_wconf 87' lang='lat' dir='ltr'>qui</span> <span class='ocrx_word' id='word_1_316' title='bbox 1500 1291 1611 1314; x_wconf 88' lang='lat' dir='ltr'>eorum</span> <span class='ocrx_word' id='word_1_317' title='bbox 1642 1282 1738 1314; x_wconf 89' lang='lat' dir='ltr'>vitam</span> <span class='ocrx_word' id='word_1_318' title='bbox 1772 1281 1850 1314; x_wconf 92' lang='lat' dir='ltr'>diri-</span> 
     </span>
     <span class='ocr_line' id='line_1_60' title="bbox 1111 1334 1850 1373; baseline 0.003 -9"><span class='ocrx_word' id='word_1_319' title='bbox 1111 1342 1196 1373; x_wconf 82' lang='lat' dir='ltr'>gere,</span> <span class='ocrx_word' id='word_1_320' title='bbox 1222 1338 1253 1365; x_wconf 92' lang='lat' dir='ltr'>et</span> <span class='ocrx_word' id='word_1_321' title='bbox 1277 1343 1349 1365; x_wconf 91' lang='lat' dir='ltr'>cum</span> <span class='ocrx_word' id='word_1_322' title='bbox 1374 1334 1504 1366; x_wconf 78' lang='lat' dir='ltr'>novitiis</span> <span class='ocrx_word' id='word_1_323' title='bbox 1529 1334 1645 1367; x_wconf 83' lang='lat' dir='ltr'>virtute</span> <span class='ocrx_word' id='word_1_324' title='bbox 1678 1340 1710 1367; x_wconf 92' lang='lat' dir='ltr'>et</span> <span class='ocrx_word' id='word_1_325' title='bbox 1735 1334 1850 1367; x_wconf 90' lang='lat' dir='ltr'>timore</span> 
     </span>
     <span class='ocr_line' id='line_1_61' title="bbox 1111 1384 1849 1430; baseline 0.005 -14"><span class='ocrx_word' id='word_1_326' title='bbox 1111 1384 1235 1417; x_wconf 87' lang='lat' dir='ltr'>Domini</span> <span class='ocrx_word' id='word_1_327' title='bbox 1281 1386 1549 1430; x_wconf 79' lang='lat' dir='ltr'>regularibusque</span> <span class='ocrx_word' id='word_1_328' title='bbox 1585 1387 1765 1430; x_wconf 89' lang='lat' dir='ltr'>disciplinis</span> <span class='ocrx_word' id='word_1_329' title='bbox 1801 1387 1849 1419; x_wconf 90' lang='lat' dir='ltr'>in-</span> 
     </span>
     <span class='ocr_line' id='line_1_62' title="bbox 1110 1439 1849 1474; baseline 0.004 -4"><span class='ocrx_word' id='word_1_330' title='bbox 1110 1444 1233 1472; x_wconf 87' lang='lat' dir='ltr'>struere</span> <span class='ocrx_word' id='word_1_331' title='bbox 1252 1439 1383 1472; x_wconf 87' lang='lat' dir='ltr'>debent.</span> <span class='ocrx_word' id='word_1_332' title='bbox 1402 1439 1436 1472; x_wconf 85' lang='lat' dir='ltr'>In</span> <span class='ocrx_word' id='word_1_333' title='bbox 1451 1440 1553 1473; x_wconf 78' lang='lat' dir='ltr'>clioro</span> <span class='ocrx_word' id='word_1_334' title='bbox 1569 1441 1606 1473; x_wconf 84' lang='lat' dir='ltr'>ad</span> <span class='ocrx_word' id='word_1_335' title='bbox 1622 1451 1736 1473; x_wconf 87' lang='lat' dir='ltr'>omnes</span> <span class='ocrx_word' id='word_1_336' title='bbox 1753 1441 1849 1474; x_wconf 87' lang='lat' dir='ltr'>horas</span> 
     </span>
     <span class='ocr_line' id='line_1_63' title="bbox 1112 1492 1849 1535; baseline 0.004 -11"><span class='ocrx_word' id='word_1_337' title='bbox 1112 1502 1167 1524; x_wconf 87' lang='lat' dir='ltr'>eos</span> <span class='ocrx_word' id='word_1_338' title='bbox 1191 1502 1258 1524; x_wconf 92' lang='lat' dir='ltr'>non</span> <span class='ocrx_word' id='word_1_339' title='bbox 1276 1492 1389 1525; x_wconf 85' lang='lat' dir='ltr'>sedere</span> <span class='ocrx_word' id='word_1_340' title='bbox 1410 1493 1635 1535; x_wconf 86' lang='lat' dir='ltr'>permittimus,</span> <span class='ocrx_word' id='word_1_341' title='bbox 1655 1494 1710 1527; x_wconf 84' lang='lat' dir='ltr'>sed</span> <span class='ocrx_word' id='word_1_342' title='bbox 1728 1499 1849 1527; x_wconf 85' lang='lat' dir='ltr'>stantes</span> 
     </span>
     <span class='ocr_line' id='line_1_64' title="bbox 1112 1544 1847 1587; baseline 0.004 -11"><span class='ocrx_word' id='word_1_343' title='bbox 1112 1544 1234 1587; x_wconf 87' lang='lat' dir='ltr'>pariter</span> <span class='ocrx_word' id='word_1_344' title='bbox 1254 1555 1327 1576; x_wconf 71' lang='lat' dir='ltr'>«eum</span> <span class='ocrx_word' id='word_1_345' title='bbox 1346 1545 1473 1578; x_wconf 76' lang='lat' dir='ltr'>novitiis</span> <span class='ocrx_word' id='word_1_346' title='bbox 1493 1546 1628 1579; x_wconf 80' lang='lat' dir='ltr'>recitare</span> <span class='ocrx_word' id='word_1_347' title='bbox 1649 1547 1698 1579; x_wconf 78' lang='lat' dir='ltr'>vel</span> <span class='ocrx_word' id='word_1_348' title='bbox 1720 1557 1847 1580; x_wconf 86' lang='lat' dir='ltr'>canere.</span> 
     </span>
    </p>

    <p class='ocr_par' dir='ltr' id='par_1_18' title="bbox 1111 1598 1853 2012">
     <span class='ocr_line' id='line_1_65' title="bbox 1155 1598 1851 1644; baseline 0.004 -14"><span class='ocrx_word' id='word_1_349' title='bbox 1155 1608 1189 1631; x_wconf 90' lang='lat'>11.</span> <span class='ocrx_word' id='word_1_350' title='bbox 1217 1598 1383 1631; x_wconf 86' lang='lat' dir='ltr'>Laicorum</span> <span class='ocrx_word' id='word_1_351' title='bbox 1408 1599 1503 1632; x_wconf 83' lang='lat' dir='ltr'>etiam</span> <span class='ocrx_word' id='word_1_352' title='bbox 1536 1599 1719 1633; x_wconf 83' lang='lat' dir='ltr'>educationi</span> <span class='ocrx_word' id='word_1_353' title='bbox 1745 1601 1851 1644; x_wconf 79' lang='lat' dir='ltr'>prori-</span> 
     </span>
     <span class='ocr_line' id='line_1_66' title="bbox 1111 1652 1850 1696; baseline 0.003 -12"><span class='ocrx_word' id='word_1_354' title='bbox 1111 1652 1236 1691; x_wconf 84' lang='lat' dir='ltr'>dentes,</span> <span class='ocrx_word' id='word_1_355' title='bbox 1262 1653 1383 1694; x_wconf 87' lang='lat' dir='ltr'>pariter</span> <span class='ocrx_word' id='word_1_356' title='bbox 1408 1653 1634 1685; x_wconf 76' lang='lat' dir='ltr'>constituimus</span> <span class='ocrx_word' id='word_1_357' title='bbox 1654 1659 1689 1685; x_wconf 89' lang='lat' dir='ltr'>ut</span> <span class='ocrx_word' id='word_1_358' title='bbox 1713 1654 1850 1696; x_wconf 83' lang='lat' dir='ltr'>professi</span> 
     </span>
     <span class='ocr_line' id='line_1_67' title="bbox 1112 1705 1850 1750; baseline 0.003 -12"><span class='ocrx_word' id='word_1_359' title='bbox 1112 1705 1184 1738; x_wconf 90' lang='lat' dir='ltr'>laici</span> <span class='ocrx_word' id='word_1_360' title='bbox 1218 1715 1277 1748; x_wconf 87' lang='lat' dir='ltr'>per</span> <span class='ocrx_word' id='word_1_361' title='bbox 1312 1711 1436 1749; x_wconf 86' lang='lat' dir='ltr'>septem</span> <span class='ocrx_word' id='word_1_362' title='bbox 1472 1716 1575 1739; x_wconf 82' lang='lat' dir='ltr'>anuos</span> <span class='ocrx_word' id='word_1_363' title='bbox 1604 1717 1621 1739; x_wconf 90' lang='lat' dir='ltr'>a</span> <span class='ocrx_word' id='word_1_364' title='bbox 1645 1707 1850 1750; x_wconf 87' lang='lat' dir='ltr'>professione</span> 
     </span>
     <span class='ocr_line' id='line_1_68' title="bbox 1112 1758 1852 1803; baseline 0.004 -13"><span class='ocrx_word' id='word_1_365' title='bbox 1112 1758 1300 1791; x_wconf 87' lang='lat' dir='ltr'>subiaceant</span> <span class='ocrx_word' id='word_1_366' title='bbox 1325 1758 1477 1801; x_wconf 85' lang='lat' dir='ltr'>magistro</span> <span class='ocrx_word' id='word_1_367' title='bbox 1503 1759 1707 1800; x_wconf 87' lang='lat' dir='ltr'>novitiorum,</span> <span class='ocrx_word' id='word_1_368' title='bbox 1735 1761 1788 1803; x_wconf 87' lang='lat' dir='ltr'>qui</span> <span class='ocrx_word' id='word_1_369' title='bbox 1815 1761 1852 1793; x_wconf 88' lang='lat' dir='ltr'>si-</span> 
     </span>
     <span class='ocr_line' id='line_1_69' title="bbox 1112 1811 1851 1854; baseline 0.001 -11"><span class='ocrx_word' id='word_1_370' title='bbox 1112 1811 1241 1851; x_wconf 83' lang='lat' dir='ltr'>militer,</span> <span class='ocrx_word' id='word_1_371' title='bbox 1259 1816 1414 1854; x_wconf 88' lang='lat' dir='ltr'>quantum</span> <span class='ocrx_word' id='word_1_372' title='bbox 1435 1812 1587 1853; x_wconf 86' lang='lat' dir='ltr'>potuerit,</span> <span class='ocrx_word' id='word_1_373' title='bbox 1606 1822 1715 1844; x_wconf 86' lang='lat' dir='ltr'>eorum</span> <span class='ocrx_word' id='word_1_374' title='bbox 1741 1823 1851 1844; x_wconf 90' lang='lat' dir='ltr'>curam</span> 
     </span>
     <span class='ocr_line' id='line_1_70' title="bbox 1112 1864 1852 1909; baseline 0.005 -14"><span class='ocrx_word' id='word_1_375' title='bbox 1112 1864 1269 1897; x_wconf 84' lang='lat' dir='ltr'>sustineat</span> <span class='ocrx_word' id='word_1_376' title='bbox 1294 1870 1324 1896; x_wconf 89' lang='lat' dir='ltr'>et</span> <span class='ocrx_word' id='word_1_377' title='bbox 1349 1864 1551 1906; x_wconf 82' lang='lat' dir='ltr'>regularibus</span> <span class='ocrx_word' id='word_1_378' title='bbox 1570 1865 1693 1897; x_wconf 87' lang='lat' dir='ltr'>imbuat</span> <span class='ocrx_word' id='word_1_379' title='bbox 1710 1865 1852 1909; x_wconf 87' lang='lat' dir='ltr'>discipli-</span> 
     </span>
     <span class='ocr_line' id='line_1_71' title="bbox 1113 1916 1853 1959; baseline 0.001 -10"><span class='ocrx_word' id='word_1_380' title='bbox 1113 1917 1174 1957; x_wconf 89' lang='lat' dir='ltr'>nis,</span> <span class='ocrx_word' id='word_1_381' title='bbox 1201 1927 1237 1949; x_wconf 86' lang='lat' dir='ltr'>ac</span> <span class='ocrx_word' id='word_1_382' title='bbox 1261 1916 1452 1959; x_wconf 86' lang='lat' dir='ltr'>praesertim</span> <span class='ocrx_word' id='word_1_383' title='bbox 1477 1917 1708 1950; x_wconf 83' lang='lat' dir='ltr'>catechismum</span> <span class='ocrx_word' id='word_1_384' title='bbox 1740 1919 1853 1951; x_wconf 85' lang='lat' dir='ltr'>catho-</span> 
     </span>
     <span class='ocr_line' id='line_1_72' title="bbox 1113 1969 1851 2012; baseline 0.003 -11"><span class='ocrx_word' id='word_1_385' title='bbox 1113 1969 1209 2002; x_wconf 88' lang='lat' dir='ltr'>licum</span> <span class='ocrx_word' id='word_1_386' title='bbox 1235 1969 1523 2012; x_wconf 85' lang='lat' dir='ltr'>quamfrequenter</span> <span class='ocrx_word' id='word_1_387' title='bbox 1548 1969 1627 2012; x_wconf 89' lang='lat' dir='ltr'>ipsis</span> <span class='ocrx_word' id='word_1_388' title='bbox 1653 1975 1685 2002; x_wconf 89' lang='lat' dir='ltr'>ut</span> <span class='ocrx_word' id='word_1_389' title='bbox 1711 1971 1851 2003; x_wconf 86' lang='lat' dir='ltr'>rudiori-</span> 
     </span>
    </p>
   </div>
   <div class='ocr_carea' id='block_1_6' title="bbox 331 2018 1571 2066">
    <p class='ocr_par' dir='ltr' id='par_1_19' title="bbox 331 2018 1571 2066">
     <span class='ocr_line' id='line_1_73' title="bbox 331 2018 1571 2066; baseline 0.002 -12"><span class='ocrx_word' id='word_1_390' title='bbox 331 2025 420 2060; x_wconf 80' lang='lat' dir='ltr'>erat3</span> <span class='ocrx_word' id='word_1_391' title='bbox 441 2019 550 2062; x_wconf 85' lang='lat' dir='ltr'>sicque</span> <span class='ocrx_word' id='word_1_392' title='bbox 569 2019 640 2058; x_wconf 83' lang='lat' dir='ltr'>iste,</span> <span class='ocrx_word' id='word_1_393' title='bbox 656 2023 688 2050; x_wconf 88' lang='lat' dir='ltr'>ut</span> <span class='ocrx_word' id='word_1_394' title='bbox 707 2018 856 2062; x_wconf 80' lang='lat' dir='ltr'>proficiat</span> <span class='ocrx_word' id='word_1_395' title='bbox 873 2019 905 2052; x_wconf 84' lang='lat' dir='ltr'>iu</span> <span class='ocrx_word' id='word_1_396' title='bbox 922 2021 1068 2062; x_wconf 90' lang='lat' dir='ltr'>Domino,</span> <span class='ocrx_word' id='word_1_397' title='bbox 1112 2023 1172 2055; x_wconf 89' lang='lat' dir='ltr'>bus</span> <span class='ocrx_word' id='word_1_398' title='bbox 1198 2027 1228 2056; x_wconf 88' lang='lat' dir='ltr'>et</span> <span class='ocrx_word' id='word_1_399' title='bbox 1252 2023 1412 2056; x_wconf 86' lang='lat' dir='ltr'>illiteratis</span> <span class='ocrx_word' id='word_1_400' title='bbox 1437 2023 1571 2066; x_wconf 88' lang='lat' dir='ltr'>aperiat.</span> 
     </span>
    </p>
   </div>
   <div class='ocr_carea' id='block_1_7' title="bbox 329 2073 1071 2214">
    <p class='ocr_par' dir='ltr' id='par_1_20' title="bbox 329 2073 1071 2214">
     <span class='ocr_line' id='line_1_74' title="bbox 330 2073 1071 2118; baseline 0.001 -11"><span class='ocrx_word' id='word_1_401' title='bbox 330 2075 401 2118; x_wconf 86' lang='lat' dir='ltr'>ipso</span> <span class='ocrx_word' id='word_1_402' title='bbox 425 2073 612 2117; x_wconf 89' lang='lat' dir='ltr'>inspirante,</span> <span class='ocrx_word' id='word_1_403' title='bbox 637 2077 669 2105; x_wconf 90' lang='lat' dir='ltr'>et</span> <span class='ocrx_word' id='word_1_404' title='bbox 689 2083 800 2105; x_wconf 89' lang='lat' dir='ltr'>eorum</span> <span class='ocrx_word' id='word_1_405' title='bbox 821 2075 969 2117; x_wconf 80' lang='lat' dir='ltr'>exemplo</span> <span class='ocrx_word' id='word_1_406' title='bbox 987 2085 1071 2108; x_wconf 88' lang='lat' dir='ltr'>com-</span> 
     </span>
     <span class='ocr_line' id='line_1_75' title="bbox 329 2126 1067 2169; baseline 0.001 -9"><span class='ocrx_word' id='word_1_407' title='bbox 329 2128 480 2166; x_wconf 87' lang='lat' dir='ltr'>munitus,</span> <span class='ocrx_word' id='word_1_408' title='bbox 506 2126 623 2159; x_wconf 85' lang='lat' dir='ltr'>nostris</span> <span class='ocrx_word' id='word_1_409' title='bbox 649 2131 738 2169; x_wconf 88' lang='lat' dir='ltr'>optat</span> <span class='ocrx_word' id='word_1_410' title='bbox 763 2126 851 2169; x_wconf 86' lang='lat' dir='ltr'>iungi</span> <span class='ocrx_word' id='word_1_411' title='bbox 882 2129 1067 2161; x_wconf 75' lang='lat' dir='ltr'>consortiis.</span> 
     </span>
     <span class='ocr_line' id='line_1_76' title="bbox 330 2179 1069 2214; baseline -0.001 0"><span class='ocrx_word' id='word_1_412' title='bbox 330 2181 452 2214; x_wconf 86' lang='lat' dir='ltr'>Idcirco</span> <span class='ocrx_word' id='word_1_413' title='bbox 470 2181 583 2212; x_wconf 86' lang='lat' dir='ltr'>damus</span> <span class='ocrx_word' id='word_1_414' title='bbox 605 2179 633 2212; x_wconf 89' lang='lat' dir='ltr'>ei</span> <span class='ocrx_word' id='word_1_415' title='bbox 659 2189 859 2212; x_wconf 88' lang='lat' dir='ltr'>communem</span> <span class='ocrx_word' id='word_1_416' title='bbox 885 2181 1069 2214; x_wconf 86' lang='lat' dir='ltr'>societatem</span> 
     </span>
    </p>
   </div>
   <div class='ocr_carea' id='block_1_8' title="bbox 330 2203 1092 2275">
    <p class='ocr_par' dir='ltr' id='par_1_21' title="bbox 330 2203 1092 2275">
     <span class='ocr_line' id='line_1_77' title="bbox 330 2203 1092 2275; baseline 0.001 -9"><span class='ocrx_word' id='word_1_417' title='bbox 330 2233 456 2266; x_wconf 89' lang='lat' dir='ltr'>vivendi</span> <span class='ocrx_word' id='word_1_418' title='bbox 481 2232 672 2272; x_wconf 87' lang='lat' dir='ltr'>nobiscum,</span> <span class='ocrx_word' id='word_1_419' title='bbox 705 2238 861 2275; x_wconf 89' lang='lat' dir='ltr'>quantum</span> <span class='ocrx_word' id='word_1_420' title='bbox 886 2244 903 2265; x_wconf 88' lang='lat' dir='ltr'>a</span> <span class='ocrx_word' id='word_1_421' title='bbox 934 2203 1092 2268; x_wconf 61' lang='lat' dir='ltr'>Dominol</span> 
     </span>
    </p>
   </div>
   <div class='ocr_carea' id='block_1_9' title="bbox 1112 2075 1850 2274">
    <p class='ocr_par' dir='ltr' id='par_1_22' title="bbox 1112 2075 1850 2274">
     <span class='ocr_line' id='line_1_78' title="bbox 1156 2075 1850 2120; baseline 0.003 -11"><span class='ocrx_word' id='word_1_422' title='bbox 1156 2075 1427 2109; x_wconf 84' lang='lat' dir='ltr'>111.Strictissime</span> <span class='ocrx_word' id='word_1_423' title='bbox 1452 2081 1559 2108; x_wconf 89' lang='lat' dir='ltr'>autem</span> <span class='ocrx_word' id='word_1_424' title='bbox 1584 2077 1735 2119; x_wconf 87' lang='lat' dir='ltr'>praelatis</span> <span class='ocrx_word' id='word_1_425' title='bbox 1760 2088 1850 2120; x_wconf 88' lang='lat' dir='ltr'>prae-</span> 
     </span>
     <span class='ocr_line' id='line_1_79' title="bbox 1112 2129 1849 2173; baseline 0.001 -11"><span class='ocrx_word' id='word_1_426' title='bbox 1112 2129 1261 2173; x_wconf 87' lang='lat' dir='ltr'>cipimus,</span> <span class='ocrx_word' id='word_1_427' title='bbox 1287 2135 1321 2161; x_wconf 90' lang='lat' dir='ltr'>ut</span> <span class='ocrx_word' id='word_1_428' title='bbox 1345 2129 1507 2161; x_wconf 84' lang='lat' dir='ltr'>neminem</span> <span class='ocrx_word' id='word_1_429' title='bbox 1533 2129 1572 2162; x_wconf 89' lang='lat' dir='ltr'>ad</span> <span class='ocrx_word' id='word_1_430' title='bbox 1591 2140 1700 2162; x_wconf 85' lang='lat' dir='ltr'>sacros</span> <span class='ocrx_word' id='word_1_431' title='bbox 1719 2131 1849 2163; x_wconf 71' lang='lat' dir='ltr'>ordine:</span> 
     </span>
     <span class='ocr_line' id='line_1_80' title="bbox 1113 2182 1847 2226; baseline 0.004 -12"><span class='ocrx_word' id='word_1_432' title='bbox 1113 2187 1333 2225; x_wconf 78' lang='lat' dir='ltr'>promoveant,</span> <span class='ocrx_word' id='word_1_433' title='bbox 1354 2182 1416 2214; x_wconf 90' lang='lat' dir='ltr'>nisi</span> <span class='ocrx_word' id='word_1_434' title='bbox 1442 2182 1587 2215; x_wconf 89' lang='lat' dir='ltr'>decursis</span> <span class='ocrx_word' id='word_1_435' title='bbox 1611 2194 1628 2215; x_wconf 89' lang='lat' dir='ltr'>a</span> <span class='ocrx_word' id='word_1_436' title='bbox 1645 2183 1847 2226; x_wconf 84' lang='lat' dir='ltr'>professione</span> 
     </span>
     <span class='ocr_line' id='line_1_81' title="bbox 1113 2234 1848 2274; baseline 0.004 -7"><span class='ocrx_word' id='word_1_437' title='bbox 1113 2235 1213 2268; x_wconf 89' lang='lat' dir='ltr'>tribus</span> <span class='ocrx_word' id='word_1_438' title='bbox 1240 2234 1352 2274; x_wconf 82' lang='lat' dir='ltr'>annis,</span> <span class='ocrx_word' id='word_1_439' title='bbox 1386 2239 1418 2267; x_wconf 86' lang='lat' dir='ltr'>et</span> <span class='ocrx_word' id='word_1_440' title='bbox 1442 2245 1508 2268; x_wconf 88' lang='lat' dir='ltr'>non</span> <span class='ocrx_word' id='word_1_441' title='bbox 1533 2235 1640 2268; x_wconf 88' lang='lat' dir='ltr'>aliter.</span> <span class='ocrx_word' id='word_1_442' title='bbox 1674 2236 1848 2270; x_wconf 82' lang='lat' dir='ltr'>Licentiam</span> 
     </span>
    </p>
   </div>
   <div class='ocr_carea' id='block_1_10' title="bbox 332 2284 1850 2541">
    <p class='ocr_par' dir='ltr' id='par_1_23' title="bbox 332 2284 1850 2541">
     <span class='ocr_line' id='line_1_82' title="bbox 332 2284 1850 2331; baseline 0.002 -12"><span class='ocrx_word' id='word_1_443' title='bbox 332 2296 502 2329; x_wconf 88' lang='lat' dir='ltr'>possumus</span> <span class='ocrx_word' id='word_1_444' title='bbox 527 2284 704 2328; x_wconf 88' lang='lat' dir='ltr'>promereri</span> <span class='ocrx_word' id='word_1_445' title='bbox 731 2290 762 2317; x_wconf 89' lang='lat' dir='ltr'>et</span> <span class='ocrx_word' id='word_1_446' title='bbox 792 2290 941 2318; x_wconf 88' lang='lat' dir='ltr'>nostrum</span> <span class='ocrx_word' id='word_1_447' title='bbox 968 2292 1018 2319; x_wconf 89' lang='lat' dir='ltr'>est</span> <span class='ocrx_word' id='word_1_448' title='bbox 1043 2298 1071 2320; x_wconf 87' lang='lat' dir='ltr'>e·</span> <span class='ocrx_word' id='word_1_449' title='bbox 1090 2297 1092 2328; x_wconf 55' lang='lat' dir='ltr'>l</span> <span class='ocrx_word' id='word_1_450' title='bbox 1111 2298 1188 2321; x_wconf 83' lang='lat' dir='ltr'>vero</span> <span class='ocrx_word' id='word_1_451' title='bbox 1224 2288 1261 2320; x_wconf 86' lang='lat' dir='ltr'>ad</span> <span class='ocrx_word' id='word_1_452' title='bbox 1298 2287 1428 2321; x_wconf 85' lang='lat' dir='ltr'>ordines</span> <span class='ocrx_word' id='word_1_453' title='bbox 1465 2288 1692 2331; x_wconf 84' lang='lat' dir='ltr'>suscipiendos</span> <span class='ocrx_word' id='word_1_454' title='bbox 1727 2291 1850 2323; x_wconf 80' lang='lat' dir='ltr'>nullam</span> 
     </span>
     <span class='ocr_line' id='line_1_83' title="bbox 332 2332 1848 2384; baseline 0.001 -11"><span class='ocrx_word' id='word_1_455' title='bbox 332 2340 453 2382; x_wconf 86' lang='lat' dir='ltr'>largiri,</span> <span class='ocrx_word' id='word_1_456' title='bbox 474 2344 631 2382; x_wconf 82' lang='lat' dir='ltr'>quatenus</span> <span class='ocrx_word' id='word_1_457' title='bbox 655 2348 725 2370; x_wconf 86' lang='lat' dir='ltr'>curn</span> <span class='ocrx_word' id='word_1_458' title='bbox 745 2339 855 2371; x_wconf 86' lang='lat' dir='ltr'>electis</span> <span class='ocrx_word' id='word_1_459' title='bbox 881 2350 898 2371; x_wconf 91' lang='lat' dir='ltr'>a</span> <span class='ocrx_word' id='word_1_460' title='bbox 923 2350 1071 2373; x_wconf 83' lang='lat' dir='ltr'>remune-</span> <span class='ocrx_word' id='word_1_461' title='bbox 1091 2332 1092 2374; x_wconf 63' lang='lat' dir='ltr'>l</span> <span class='ocrx_word' id='word_1_462' title='bbox 1113 2351 1207 2383; x_wconf 84' lang='lat' dir='ltr'>posse</span> <span class='ocrx_word' id='word_1_463' title='bbox 1233 2342 1410 2384; x_wconf 83' lang='lat' dir='ltr'>praelatum</span> <span class='ocrx_word' id='word_1_464' title='bbox 1448 2341 1604 2383; x_wconf 84' lang='lat' dir='ltr'>praebere</span> <span class='ocrx_word' id='word_1_465' title='bbox 1630 2341 1848 2384; x_wconf 84' lang='lat' dir='ltr'>declaramus,</span> 
     </span>
     <span class='ocr_line' id='line_1_84' title="bbox 333 2383 1847 2437; baseline 0.002 -13"><span class='ocrx_word' id='word_1_466' title='bbox 333 2398 439 2424; x_wconf 81' lang='lat' dir='ltr'>ratore</span> <span class='ocrx_word' id='word_1_467' title='bbox 465 2390 607 2424; x_wconf 89' lang='lat' dir='ltr'>omnium</span> <span class='ocrx_word' id='word_1_468' title='bbox 626 2390 784 2423; x_wconf 86' lang='lat' dir='ltr'>bonorum</span> <span class='ocrx_word' id='word_1_469' title='bbox 806 2391 911 2423; x_wconf 86' lang='lat' dir='ltr'>valeat</span> <span class='ocrx_word' id='word_1_470' title='bbox 928 2392 1071 2434; x_wconf 85' lang='lat' dir='ltr'>praemia</span> <span class='ocrx_word' id='word_1_471' title='bbox 1090 2383 1093 2422; x_wconf 77' lang='lat' dir='ltr'>l</span> <span class='ocrx_word' id='word_1_472' title='bbox 1112 2393 1173 2426; x_wconf 91' lang='lat' dir='ltr'>nisi</span> <span class='ocrx_word' id='word_1_473' title='bbox 1199 2393 1431 2436; x_wconf 71' lang='lat' dir='ltr'>provincialem</span> <span class='ocrx_word' id='word_1_474' title='bbox 1467 2393 1498 2425; x_wconf 91' lang='lat' dir='ltr'>in</span> <span class='ocrx_word' id='word_1_475' title='bbox 1535 2395 1589 2425; x_wconf 79' lang='lat' dir='ltr'>sua</span> <span class='ocrx_word' id='word_1_476' title='bbox 1614 2393 1793 2437; x_wconf 77' lang='lat' dir='ltr'>provincia,</span> <span class='ocrx_word' id='word_1_477' title='bbox 1820 2401 1847 2428; x_wconf 83' lang='lat' dir='ltr'>et</span> 
     </span>
     <span class='ocr_line' id='line_1_85' title="bbox 334 2442 1845 2489; baseline 0.002 -13"><span class='ocrx_word' id='word_1_478' title='bbox 334 2443 527 2487; x_wconf 85' lang='lat' dir='ltr'>repromissa</span> <span class='ocrx_word' id='word_1_479' title='bbox 541 2442 720 2486; x_wconf 82' lang='lat' dir='ltr'>percipere.</span> <span class='ocrx_word' id='word_1_480' title='bbox 736 2442 796 2478; x_wconf 81' lang='lat' dir='ltr'>Per</span> <span class='ocrx_word' id='word_1_481' title='bbox 816 2442 989 2485; x_wconf 84' lang='lat' dir='ltr'>Christum,</span> <span class='ocrx_word' id='word_1_482' title='bbox 1006 2450 1067 2477; x_wconf 86' lang='lat' dir='ltr'>etc.</span> <span class='ocrx_word' id='word_1_483' title='bbox 1112 2457 1169 2489; x_wconf 89' lang='lat' dir='ltr'>pro</span> <span class='ocrx_word' id='word_1_484' title='bbox 1195 2451 1260 2479; x_wconf 87' lang='lat' dir='ltr'>toto</span> <span class='ocrx_word' id='word_1_485' title='bbox 1281 2445 1400 2479; x_wconf 85' lang='lat' dir='ltr'>Ordine</span> <span class='ocrx_word' id='word_1_486' title='bbox 1426 2447 1614 2487; x_wconf 76' lang='lat' dir='ltr'>magistrum</span> <span class='ocrx_word' id='word_1_487' title='bbox 1640 2447 1845 2488; x_wconf 76' lang='lat' dir='ltr'>generalem3</span> 
     </span>
     <span class='ocr_line' id='line_1_86' title="bbox 337 2496 1844 2541; baseline 0.001 -11"><span class='ocrx_word' id='word_1_488' title='bbox 337 2496 449 2530; x_wconf 85' lang='lat' dir='ltr'>Amen.</span> <span class='ocrx_word' id='word_1_489' title='bbox 478 2508 491 2526; x_wconf 61' lang='grc' dir='ltr'><strong>ν</strong></span> <span class='ocrx_word' id='word_1_490' title='bbox 1111 2498 1228 2541; x_wconf 87' lang='lat' dir='ltr'>quibus</span> <span class='ocrx_word' id='word_1_491' title='bbox 1263 2498 1378 2530; x_wconf 76' lang='lat' dir='ltr'>iterum</span> <span class='ocrx_word' id='word_1_492' title='bbox 1403 2499 1432 2531; x_wconf 93' lang='lat' dir='ltr'>in</span> <span class='ocrx_word' id='word_1_493' title='bbox 1459 2499 1577 2531; x_wconf 88' lang='lat' dir='ltr'>virtute</span> <span class='ocrx_word' id='word_1_494' title='bbox 1613 2504 1742 2531; x_wconf 85' lang='lat' dir='ltr'>sanctae</span> <span class='ocrx_word' id='word_1_495' title='bbox 1773 2499 1844 2531; x_wconf 84' lang='lat' dir='ltr'>obe·</span> 
     </span>
    </p>
   </div>
   <div class='ocr_carea' id='block_1_11' title="bbox 371 2551 1843 2596">
    <p class='ocr_par' dir='ltr' id='par_1_24' title="bbox 371 2551 1843 2596">
     <span class='ocr_line' id='line_1_87' title="bbox 371 2551 1843 2596; baseline -0.002 -10"><span class='ocrx_word' id='word_1_496' title='bbox 371 2559 382 2586; x_wconf 81' lang='lat'>¹</span> <span class='ocrx_word' id='word_1_497' title='bbox 405 2556 542 2585; x_wconf 77' lang='lat' dir='ltr'>Coniunct.</span> <span class='ocrx_word' id='word_1_498' title='bbox 565 2560 591 2586; x_wconf 74' lang='lat' dir='ltr'>et</span> <span class='ocrx_word' id='word_1_499' title='bbox 610 2557 750 2585; x_wconf 56' lang='lat' dir='ltr'>abiit-imus</span> <span class='ocrx_word' id='word_1_500' title='bbox 769 2558 808 2593; x_wconf 71' lang='lat' dir='ltr'>(a.</span> <span class='ocrx_word' id='word_1_501' title='bbox 826 2558 873 2594; x_wconf 70' lang='lat' dir='ltr'>r).</span> <span class='ocrx_word' id='word_1_502' title='bbox 1112 2551 1251 2585; x_wconf 84' lang='lat' dir='ltr'>dientiae</span> <span class='ocrx_word' id='word_1_503' title='bbox 1288 2551 1515 2596; x_wconf 77' lang='lat' dir='ltr'>praecipimus,</span> <span class='ocrx_word' id='word_1_504' title='bbox 1549 2561 1588 2584; x_wconf 89' lang='lat' dir='ltr'>ne</span> <span class='ocrx_word' id='word_1_505' title='bbox 1625 2551 1774 2595; x_wconf 84' lang='lat' dir='ltr'>cuiquam</span> <span class='ocrx_word' id='word_1_506' title='bbox 1812 2562 1843 2584; x_wconf 66' lang='lat' dir='ltr'>ez</span> 
     </span>
    </p>
   </div>
  </div>
 </body>
</html>
