2254 3225
224 200 260 225 An
293 199 322 225 c.
346 198 412 224 τοῦθ
457 189 499 221 Qu

257 2161 348 2182 Litterae
369 2168 413 2183 rna-

231 2192 287 2212 aistri
299 2190 382 2209 ordinis
394 2190 412 2209 in

231 2215 308 2239 quihuu

231 2242 257 2259 ἢν
270 2244 413 2265 praesentato-

231 2273 274 2286 ruui
291 2269 415 2292 privilegiis,

232 2294 305 2313 hatum
321 2298 341 2314 et
356 2301 413 2314 amo-

230 2323 288 2340 tione
305 2322 412 2347 religioso·

231 2357 283 2372 rum.

345 2218 413 2239 agitur

417 246 668 280 consuetudines
694 246 770 278 dicti
795 244 923 278 Ordinis
947 245 1079 276 minune
1105 243 1150 274 in-

418 300 527 342 signiti
552 300 785 343 reperirentur,
805 299 866 330 frui
884 303 915 331 et
935 296 1031 340 potiri
1057 296 1151 328 debe-

418 360 506 394 rent·,
524 363 651 386 necnon
670 353 791 396 pariter
816 350 914 394 aliqui
942 350 1054 381 fratres
1079 346 1151 380 laici

418 416 472 439 seu
499 406 646 439 conversi
672 404 855 448 provinciae
881 402 1042 446 praefatae
1071 399 1153 433 obti-

419 464 571 499 nuerant,
590 464 635 498 ut,
661 463 788 491 retento
814 463 897 489 statu
916 460 946 488 et
967 453 1151 487 conditione

419 513 538 552 laicali,
561 513 672 544 habitu
700 522 759 553 per
784 512 895 543 fratres
920 507 1055 540 clericos
1080 516 1153 548 pro-

419 566 543 598 vinciae
579 571 609 598 et
645 565 773 598 Ordinis
812 561 993 595 huiusmodi
1036 557 1153 600 gestari

420 618 516 651 solito
542 619 770 655 induerentur,
798 624 901 657 eoque
928 611 1031 644 induti
1066 611 1154 642 ince-

421 672 553 711 derent;
580 681 615 703 ac
641 675 810 713 praeterea
834 668 945 710 plures
979 664 1009 696 in
1042 663 1154 695 eadem

420 724 588 768 provincia
614 724 729 755 fratres
756 722 902 758 aderant,
930 717 996 760 qui,
1022 716 1156 748 obtenta

421 776 637 819 assignatione
669 786 725 807 seu
752 772 962 806 collocatione
988 769 1020 801 in
1046 767 1154 810 aliquo

422 836 582 863 conventu
609 841 625 861 a
651 826 872 871 superioribus
899 823 975 857 dit-ti
1001 820 1153 858 Ordinis,

423 893 491 916 eam
517 882 704 916 auctoritate
739 885 826 912 extra
851 877 1004 910 Ordinem
1030 873 1157 916 praefa-

423 943 511 976 tum,
538 936 603 969 sive
629 935 724 967 etiam
749 930 923 974 aliquando
949 939 966 960 a
992 933 1068 959 tunc
1092 925 1158 958 exi-

423 989 582 1022 stentibus
599 985 761 1028 magistris
782 982 991 1026 generalibus
1011 979 1157 1012 eiusdem

422 1042 552 1075 Ordinis
583 1038 765 1072 confirmari
802 1035 1029 1072 obtinuerant,
1063 1036 1157 1073 atque

424 1095 538 1128 exinde
565 1093 604 1126 ab
629 1092 751 1124 eisdem
781 1086 993 1121 conventibus
1023 1094 1082 1127 per
1107 1091 1159 1115 su-

424 1149 569 1191 periores
593 1143 808 1188 provinciales
834 1151 894 1184 pro
921 1145 1068 1181 tempore
1094 1136 1159 1169 exi-

422 1207 542 1235 stentes
578 1198 763 1243 provinciae
798 1192 981 1227 huiusmodi
1017 1189 1158 1223 amoveri

424 1253 556 1287 minime
581 1261 674 1294 posse
700 1247 971 1292 praesumebant:
998 1245 1083 1277 idem
1109 1243 1159 1274 ln—

423 1306 592 1339 nocentius
618 1303 861 1347 praedecessor,
880 1299 1032 1332 abusibus
1053 1297 1083 1329 in
1110 1306 1159 1327 re-

423 1359 540 1402 gularis
566 1355 790 1391 observantiae
816 1351 1003 1396 provinciae
1032 1348 1159 1393 praefa-

424 1418 474 1446 tae
503 1411 729 1445 detrimentum
750 1405 960 1449 vergentibus
985 1411 1157 1436 occurrere

423 1466 574 1505 studens»,
601 1464 720 1497 dilecto
758 1460 824 1494 tilio
851 1457 1014 1491 Antonino
1039 1455 1157 1488 Cloelie

423 1519 576 1562 magistro
601 1514 746 1560 generali
772 1513 848 1546 dicti
875 1510 1002 1544 Ordinis
1026 1507 1159 1541 manda-

424 1573 478 1612 vit,
495 1578 529 1604 ut
546 1570 776 1604 concessiones
801 1573 833 1599 et
853 1565 1020 1598 facultates
1047 1561 1159 1594 huius-

424 1626 510 1659 modi
544 1624 748 1657 rescinderet
782 1630 819 1653 ac
854 1615 1155 1651 circumscriberet,

425 1689 527 1722 eaque
554 1677 670 1714 omnia,
695 1675 926 1715 cuiuscumque
952 1669 1080 1702 tandem
1104 1677 1159 1699 au-

423 1732 573 1765 ctoritate
591 1731 672 1763 facta
697 1732 814 1766 essent,
834 1725 896 1758 nisi
915 1722 1100 1756 immediate
1118 1719 1157 1752 ab

425 1784 609 1829 Apostolica
644 1782 725 1815 Sede
761 1788 914 1814 concessa
939 1776 1094 1813 fuissent,
1119 1773 1156 1805 ad

425 1838 578 1871 terminos
604 1833 874 1869 constitutionum
899 1836 929 1863 et
951 1829 1158 1862 decretorum

424 1892 637 1935 capitulorum
656 1886 854 1932 generalium
877 1883 953 1917 dicti
966 1881 1092 1915 Ordinis
1109 1890 1159 1912 re-

425 1947 568 1979 duceret.
597 1945 696 1977 Porro
714 1942 784 1985 ipse
803 1938 983 1972 Antoninus
1003 1935 1158 1977 magister

424 1998 586 2042 generalis
610 1996 765 2040 quasdam
791 1997 939 2037 patentes
965 1991 1088 2024 litteras
1107 1989 1159 2021 de-

425 2063 524 2095 super
548 2050 650 2084 edidit
674 2048 797 2082 tenoris
822 2046 875 2090 qni
898 2044 1055 2088 sequitur,
1075 2043 1158 2075 vide-

422 2106 498 2139 licet
514 2116 520 2137 z

472 2172 484 2191 «
513 2160 546 2192 In
576 2158 641 2191 Deo
667 2156 738 2190 filiis
768 2155 828 2188 sibi
857 2151 984 2186 dilectis
1010 2161 1159 2186 reveren-

425 2214 556 2246 dissimo
581 2212 750 2244 admodum
777 2208 858 2252 patri
884 2207 1098 2251 provinciali,
1124 2207 1156 2238 in

425 2269 515 2299 sacra
555 2264 717 2306 theologia
755 2261 937 2304 magistris,
969 2260 1155 2303 prioribus,

424 2318 647 2362 praesentatis,
680 2314 957 2359 praedicatorilms
992 2312 1154 2355 generali-

424 2373 492 2411 bus,
508 2371 639 2413 aliisque
657 2369 807 2401 fratribus
825 2366 1010 2410 provinciae
1026 2371 1155 2398 nostrae

424 2424 638 2465 portugalliae
664 2422 793 2455 Ordinis
832 2421 964 2452 fratrum
990 2419 1157 2451 Praedica-

424 2484 540 2515 tornm,
566 2476 664 2508 frater
688 2474 868 2507 Antoninus
891 2472 1022 2512 Ctoche,
1046 2481 1154 2504 sacrae

426 2529 607 2573 theologiae
632 2528 812 2572 professor,
838 2537 873 2560 ac
897 2525 1042 2559 eiusdem
1067 2524 1156 2557 Ordi-

425 2583 474 2619 nis
492 2582 621 2618 humilis
635 2581 787 2626 magister
805 2578 967 2626 generalis
982 2583 1014 2623 et
1030 2588 1152 2620 servus,

991 195 1166 220 BULtAttuut
1194 194 1256 216 thll
1267 192 1345 215 tx't'at

1193 242 1350 279 salutem,
1377 245 1408 271 et
1437 239 1543 280 legum
1580 242 1764 270 nostrarum
1798 238 1927 278 zelum,

1193 292 1385 334 Ordinisque
1411 291 1511 323 nostri
1549 291 1705 323 honorem
1722 317 1729 329 ‚
1755 290 1931 323 charisma-

1195 351 1288 388 taque
1314 345 1460 377 meliora.
1488 344 1521 376 In
1549 344 1619 383 liis,
1653 354 1734 386 quae
1761 344 1929 386 religionis

1194 403 1322 430 nostrae
1340 402 1427 433 sunt,
1448 396 1602 439 pastorali
1629 396 1847 430 sollicitudine
1872 407 1930 440 pro

1195 452 1249 482 sua
1276 450 1308 481 in
1333 460 1390 482 nos
1414 449 1634 492 Ordinemque
1671 454 1820 481 nostrum
1845 449 1933 482 beni·

1196 503 1329 544 gnitate,
1355 502 1527 534 clementia
1551 507 1582 534 et
1604 503 1674 535 zelo
1700 502 1845 544 invigilat
1861 513 1934 535 san-

1197 555 1357 587 ctissimus
1382 555 1533 588 dominus
1554 555 1760 588 Innocentius
1783 556 1865 598 Papa
1884 555 1932 595 xl,

1198 608 1319 651 quippe
1344 608 1399 651 qui
1432 609 1473 641 ob
1506 608 1741 641 incrementum
1774 608 1934 651 regularis

1197 661 1425 694 observantiae
1462 662 1556 704 plura
1591 661 1743 701 sancivit,
1777 661 1870 694 iussit
1905 666 1937 694 et

1198 714 1374 747 mandavit.
1410 714 1496 752 Quae
1522 715 1630 747 omnia
1655 714 1744 748 filiali
1774 714 1933 748 obedien-

1200 767 1242 799 tia
1268 767 1385 810 exequi
1407 767 1573 807 debentes,
1592 778 1664 801 curn
1693 768 1732 801 ad
1751 779 1824 800 suas
1843 779 1937 801 aures

1199 820 1383 862 pervenerit
1401 821 1531 853 nomine
1557 822 1703 864 gravium
1726 826 1850 864 patrum
1868 831 1939 864 pro-

1200 872 1321 905 vinciae
1354 878 1484 906 nostrae
1516 871 1730 916 Portugalliae
1764 874 1877 906 humili
1902 874 1939 906 li-

1200 926 1288 957 bello
1309 926 1448 969 supplici
1473 926 1553 959 Suae
1579 927 1745 959 Sanctitati
1772 931 1935 970 porrecto,

1201 978 1286 1020 quod
1303 976 1350 1009 in¹
1369 980 1404 1011 ea
1422 978 1584 1021 provincia
1602 979 1764 1021 aliquibus
1782 990 1817 1012 ex
1838 979 1938 1011 fratri-

1200 1029 1259 1062 bus
1277 1032 1395 1064 nostris
1422 1042 1608 1065 concessum
1631 1033 1734 1071 suerit,
1754 1038 1788 1064 ut
1811 1033 1939 1076 privile-

1202 1082 1261 1125 giis
1277 1090 1571 1126 praesentatorum,
1588 1085 1662 1118 licet
1680 1096 1718 1118 eo
1733 1087 1832 1128 gradu
1851 1085 1939 1118 iuxta

1202 1146 1349 1169 normam
1374 1142 1405 1170 et
1424 1137 1549 1180 praxim
1565 1138 1694 1171 Ordinis
1711 1138 1854 1180 insigniti
1873 1149 1938 1171 non

1202 1190 1275 1229 sint,
1301 1190 1465 1233 potiantur
1481 1197 1513 1223 et
1537 1191 1713 1233 gaudeant,
1732 1191 1850 1234 aliique
1875 1191 1939 1223 sint

1203 1244 1316 1276 fratres
1334 1244 1418 1282 laici,
1437 1244 1491 1287 qui
1513 1245 1733 1283 obtinuerunt,
1751 1250 1795 1284 ut,
1812 1249 1938 1278 retento

1202 1301 1283 1328 statu
1311 1297 1429 1336 laicali,
1457 1297 1568 1329 habitu
1591 1298 1783 1330 clericorum
1810 1297 1938 1330 Ordinis

1202 1349 1301 1381 nostri
1328 1349 1562 1390 induerentur,
1589 1360 1695 1393 eoque
1720 1350 1824 1383 vestiti
1852 1350 1938 1383 ince-

1202 1402 1331 1442 derent;
1350 1403 1415 1436 imo
1433 1404 1542 1446 plures
1562 1403 1626 1435 sint
1647 1405 1683 1436 ea
1703 1404 1735 1436 in
1761 1404 1938 1446 provincia,

1202 1455 1265 1497 qui,
1285 1455 1418 1488 obtenta
1432 1456 1648 1499 assignatione
1666 1467 1725 1499 pro
1740 1456 1848 1500 aliquo
1864 1468 1938 1490 con-

1200 1513 1299 1540 ventu
1325 1519 1341 1541 a
1366 1509 1590 1552 superioribus
1615 1509 1762 1549 Ordinis,
1790 1520 1858 1542 eam
1884 1519 1939 1542 au-

1201 1561 1350 1595 ctoritate
1376 1568 1463 1595 extra
1488 1562 1665 1602 Ordinem,
1687 1563 1736 1595 vel
1763 1562 1938 1606 aliquando

1202 1625 1218 1646 a
1242 1615 1403 1657 magistris
1428 1615 1568 1654 OrdiniS,
1594 1615 1688 1648 etiarn
1707 1626 1724 1648 a
1749 1616 1855 1656 nobis,
1883 1616 1939 1649 ob-

1202 1667 1385 1708 tinuerunt,
1413 1679 1476 1711 qua
1500 1669 1642 1708 obtenta,
1656 1668 1696 1701 ab
1722 1669 1842 1702 eisdem
1861 1679 1938 1702 con-

1200 1720 1347 1753 ventibus
1373 1731 1431 1764 per
1455 1721 1671 1764 provinciales
1703 1723 1841 1755 amoveri
1871 1733 1937 1755 non

1200 1783 1295 1815 posse
1319 1779 1530 1816 praesumant
1548 1779 1578 1806 et
1599 1773 1794 1815 gloriantur:
1820 1775 1936 1818 quibus

1200 1827 1292 1860 malis
1317 1833 1348 1860 et
1380 1829 1645 1861 constitutionum
1679 1834 1862 1862 nostrarum
1887 1840 1938 1863 re-

1200 1881 1355 1914 laxationi
1372 1887 1406 1913 ut
1423 1881 1549 1915 mederi
1573 1882 1743 1925 possimus,
1770 1882 1863 1915 iussit
1882 1893 1937 1916 no-

1200 1936 1248 1967 bis
1273 1935 1505 1975 sanctissimus,
1532 1940 1563 1967 et
1586 1935 1620 1967 in
1644 1935 1803 1967 mandatis
1828 1935 1933 1976 dedit,

1199 1995 1233 2021 ut
1258 1989 1315 2020 bas
1339 1988 1579 2027 concessiones,
1604 1988 1790 2027 facultates,
1815 1988 1934 2021 abusus

1200 2042 1460 2076 rescinderemus
1496 2046 1528 2073 et
1566 2040 1907 2073 circumscriberemus
1923 2068 1930 2081 ‚

1200 2106 1300 2139 eaque
1319 2095 1435 2133 omnia,
1457 2094 1687 2136 cuiuscumque
1712 2093 1777 2125 sint
1801 2094 1934 2126 auctori-

1199 2155 1262 2182 tate
1289 2149 1379 2187 facta,
1404 2147 1464 2179 nisi
1490 2146 1672 2178 immediate
1697 2156 1714 2177 a
1734 2145 1794 2178 Sua
1814 2146 1931 2179 Sancti-

1199 2209 1263 2236 tate
1287 2211 1439 2235 concessa
1464 2199 1592 2237 fuerint,
1618 2199 1656 2231 ad
1682 2199 1836 2232 terminos
1856 2210 1932 2233 con-

1197 2256 1397 2289 stitutionum
1411 2258 1593 2286 nostrarum
1612 2256 1643 2284 et
1656 2251 1866 2295 capitulorum
1880 2264 1932 2296 ge-

1198 2309 1356 2341 neralium
1381 2306 1563 2339 sanctiones
1588 2305 1830 2338 reduceremus.
1849 2305 1931 2343 Qua-

1197 2373 1241 2400 re,
1260 2362 1373 2394 harum
1392 2359 1484 2397 serie,
1501 2364 1528 2391 et
1544 2357 1732 2390 auctoritate
1750 2358 1930 2401 apostolica

1197 2416 1290 2448 nobis
1307 2415 1367 2446 bac
1385 2413 1415 2445 in
1434 2417 1522 2455 parte
1544 2411 1731 2454 specialiter
1747 2412 1927 2451 commissa,

1197 2475 1228 2502 et
1245 2469 1329 2502 iussu
1355 2465 1487 2510 speciali
1513 2465 1706 2497 sanctissimi
1728 2464 1849 2497 domini
1874 2475 1929 2498 no-

1196 2524 1275 2563 stri,
1309 2522 1532 2559 declaramus,
1560 2528 1781 2562 quoscumque
1811 2518 1926 2553 fratres

1230 2585 1242 2613 1
1264 2582 1415 2620 Praeposit,
1437 2581 1465 2609 in
1486 2588 1534 2609 nos
1554 2579 1678 2609 addimus
1697 2579 1733 2616 (n.
1756 2580 1804 2617 Τ.).

1930 188 1978 213 ΛΠ.
1999 187 2029 212 C.
2054 187 2121 214 ¹590
