2254 3225
216 168 261 194 1η,
280 167 307 194 C.
328 170 397 196 1692
443 162 508 195 464

984 179 1162 205 BULLARlL'M
1188 183 1341 209 ROMAM'M

405 219 502 261 gotiis
528 220 596 253 [ieri
623 223 726 262 solet,
756 231 950 258 recurratur.
979 228 1012 259 ln
1039 229 1142 262 tertiis
1184 232 1266 265 ultra
1306 240 1450 276 quartam
1488 245 1610 280 partem
1653 243 1721 275 eius
1757 248 1915 279 mercedis

403 282 478 304 vero
504 283 559 305 seu
578 274 788 309 ulterioribus
805 277 976 320 instantiis,
990 290 1028 313 eo
1045 282 1140 315 modo

403 335 466 368 quo
491 325 521 358 in
547 328 651 360 causis
675 330 931 372 appellationum
950 333 1139 369 aiudicibus

402 379 440 411 de
465 379 610 422 partibus
636 381 675 414 ad
706 382 882 416 Romanam
908 384 1034 419 Curiam
1059 389 1139 431 legi-

401 431 477 465 time
503 433 726 468 devolutarum
750 437 883 480 procedi
909 439 1001 480 solet,
1027 441 1138 474 obser-

399 489 503 518 vetur.

243 544 271 564 t»
288 546 386 567 sisuinn-
441 537 455 580 ἓ
481 537 511 571 7.
539 538 649 577 Quoad
673 542 862 575 consulatus
879 543 997 576 artium
1019 551 1050 578 et
1069 546 1135 579 uni-

204 572 562 625 ili-ssfss‘f'lfflissllversitates
594 592 689 626 etiam
722 594 922 628 medicorum
953 602 985 630 et
1009 608 1133 632 merca-

202 626 294 645 ⁵¹¹¹⁴¹⁰¹¹¹¹
396 648 517 685 torum,
543 645 678 679 sublatis
711 648 859 680 omnibus
892 651 1131 694 assessoribus,

395 702 426 729 et
450 697 605 740 abrogata
629 699 661 731 in
686 700 894 735 iudicialibus
928 714 1129 749 quacumque

393 751 560 783 consulum
578 756 608 783 et
626 752 873 787 universitatum
900 756 1128 794 iurisdictione

392 801 487 843 (itaut
511 803 701 837 eorumdem
725 811 756 838 et
789 809 974 842 earumdem
998 811 1128 846 iurisdi-

390 854 466 895 ctio,
492 866 530 888 ex
555 866 660 897 nunc,
688 857 784 892 etiam
809 861 916 903 quoad
941 873 1053 897 causas
1079 866 1127 899 in-

390 912 538 949 structas,
565 910 692 952 penitus
716 917 749 944 et
774 914 906 948 omnino
924 925 1050 951 cessare
1075 919 1126 952 de—

388 959 473 1001 beat,
495 966 528 993 et
547 972 688 996 cessasse
705 963 930 1011 intelligatur),
950 971 1125 1005 succedant

386 1018 418 1046 et
442 1015 623 1056 procedant
648 1023 870 1061 competentes
895 1020 1017 1056 iudices
1038 1026 1124 1058 ordi-

384 1066 466 1099 narii
492 1068 580 1102 iuxta
606 1079 719 1103 eorum
744 1072 925 1107 ordinarias
954 1076 1118 1121 faculates,

384 1120 482 1159 nulla,
509 1125 545 1153 ut
569 1132 677 1165 supra,
704 1124 815 1158 habita
839 1127 964 1161 ratione
988 1130 1121 1173 privile-

381 1171 507 1213 giorum
533 1178 567 1207 et
590 1175 795 1219 antiquarum
813 1178 1013 1223 facultatum,
1033 1184 1120 1218 inter

381 1235 462 1268 quos
488 1225 528 1259 sit
546 1227 647 1262 ,loeus
678 1231 913 1274 praeventioni,
946 1235 1115 1280 adhibitis,

380 1283 540 1321 quatenus
565 1280 724 1316 iudicibus
756 1283 835 1327 ipsis
857 1296 936 1330 opus
960 1289 1114 1332 videatur,

379 1330 494 1365 iisdem
520 1334 710 1368 consulibus
727 1337 934 1373 solummodo
950 1346 1114 1386 tamquam

378 1383 493 1425 peritis
519 1384 552 1417 in
578 1387 676 1420 rebus
701 1393 734 1421 et
756 1391 895 1433 negotiis
927 1404 1040 1428 eorum
1063 1407 1114 1429 ar-

377 1440 442 1469 tem
468 1440 754 1474 concernentibus.
780 1442 964 1488 Excipimus
992 1453 1110 1491 tamen,

375 1493 407 1521 et
442 1490 503 1523 sub
537 1493 700 1535 praesenti
735 1498 851 1530 nostra
876 1500 1109 1537 constitutione

373 1544 627 1586 comprehensos
653 1557 723 1581 esse
747 1550 911 1592 nolumus,
941 1558 1007 1587 tum
1032 1566 1109 1590 con-

372 1596 458 1629 sules
483 1597 700 1640 agriculturae
736 1601 933 1648 illorumque
964 1617 1108 1642 assesso-

371 1659 454 1690 rem,
480 1654 546 1683 tum
572 1653 715 1686 notarios
740 1656 847 1690 curiae
873 1657 988 1702 Burgi,
1016 1672 1103 1695 mer-

369 1708 515 1736 catorum
542 1709 574 1737 et
597 1708 870 1743 aromatariorum
903 1722 963 1754 pro
990 1724 1104 1749 eorum

368 1754 481 1788 officiis
518 1756 613 1791 titulo
652 1769 791 1794 oneroso
831 1765 1009 1807 acquisitis,
1047 1779 1103 1802 seu

367 1807 610 1851 administratis
636 1811 739 1846 donec
763 1815 858 1848 aliter
881 1819 1101 1860 provideatur.

211 1865 240 1885 ni-
266 1867 354 1888 uotiuis
409 1860 423 1903 g
448 1860 479 1894 8.
507 1863 553 1895 Ad
581 1863 671 1905 haec,
697 1867 851 1902 basilicae
876 1871 1023 1914 collegia,
1043 1873 1101 1907 ho-

171 1894 503 1956 ἶῧῖἒῗῖἒηιιιιῗῗὼ511113Ιί3,
530 1921 700 1961 ceteraque
725 1927 903 1955 memorata
930 1925 1000 1957 loca
1026 1927 1097 1969 pia,

362 1975 443 2008 quae
469 1978 505 2000 ex
531 1971 744 2005 concessione
769 1976 946 2017 apostolica
976 1979 1024 2011 ve]
1051 1980 1097 2012 in-

359 2022 501 2053 veterata
525 2024 761 2059 consuetudine
789 2028 985 2063 electionem
1013 2037 1044 2064 et
1064 2044 1097 2065 11-

359 2081 429 2104 sum
453 2074 577 2117 proprii
602 2077 721 2110 notarii
746 2078 779 2111 in
803 2080 917 2123 primis
942 2084 991 2116 vel
1016 2085 1095 2118 ulte-

356 2124 496 2159 rioribus
521 2127 684 2162 instantiis
714 2131 895 2174 habebant,
925 2140 955 2167 et
980 2137 1012 2168 in
1037 2148 1093 2180 po-

357 2183 487 2220 sterum,
515 2180 547 2213 in
584 2183 688 2216 causis
714 2184 747 2217 iu
772 2187 890 2229 quibus
915 2194 1028 2232 agatur
1052 2191 1090 2224 de

354 2241 432 2265 vero
457 2243 495 2266 ac
518 2236 655 2277 proprio
680 2236 836 2272 interesse
863 2240 1022 2275 dictarum
1044 2253 1090 2276 cc-

355 2285 525 2319 clesiarum
551 2292 582 2320 et
606 2289 752 2323 locorum
777 2292 917 2335 piorum,
952 2306 1017 2328 non
1044 2302 1089 2331 te-

352 2344 492 2372 neantur
505 2340 544 2373 ad
559 2341 699 2385 aliquam
715 2344 911 2380 solutionem
925 2353 1087 2383 extractus

353 2403 410 2426 seu
434 2393 584 2436 regestri,
611 2396 668 2428 sed
692 2397 809 2430 notarii
827 2402 1014 2441 quorumvis
1033 2403 1087 2435 tri-

349 2446 519 2480 bunalium
544 2449 684 2482 debeant
708 2450 740 2483 in
762 2451 854 2485 dictis
872 2454 986 2493 causis,
1005 2462 1035 2489 et
1051 2457 1083 2489 in

1182 294 1262 327 quae
1287 286 1440 321 solvenda
1476 297 1562 324 esset
1597 304 1656 337 pro
1682 302 1823 330 extractu
1857 310 1913 332 seu

1180 343 1325 379 regestro
1343 350 1400 382 pro
1419 342 1503 376 dicto
1521 344 1737 382 instrumento
1756 357 1911 392 actorum,

1179 390 1238 423 sub
1271 393 1383 434 quovis
1413 401 1581 437 praetextu
1615 400 1709 434 etiam
1736 405 1913 438 excessivi-

1179 442 1250 475 tatis
1276 445 1467 488 scripturae,
1494 455 1607 492 petere
1633 454 1683 486 vel
1713 455 1842 499 exigere
1860 470 1912 493 va-

1176 495 1276 529 leant.

1219 548 1234 591 ξ
1259 547 1289 581 9.
1318 550 1485 587 Postremo
1512 556 1720 601 declaramus,
1740 571 1798 604 per
1815 575 1909 607 prae·
1940 581 2100 609 avem-nqua-

1174 606 1284 635 sentes
1303 609 1431 639 nostras
1456 608 1580 643 litteras
1595 614 1780 648 nullatenus
1800 618 1908 651 adem·
1918 610 2012 656 {3¹3}ssssOE
2036 610 2100 632 [⁴⁰¹sp

1172 658 1260 695 ptam
1286 666 1354 690 esse
1371 660 1587 696 cardinalibus
1606 666 1906 713 archipresbyteris,

1173 706 1367 751 titularibus,
1386 722 1439 745 seu
1458 718 1706 759 protectoribus,
1729 731 1906 767 eorumque

1170 758 1319 801 vicariis,
1345 762 1479 808 aliisque
1506 768 1668 810 deputatis
1685 799 1692 811 ,
1720 773 1904 810 facultatem

1169 820 1226 844 seu
1258 812 1517 851 iurisdictionem
1552 820 1582 853 in
1608 822 1657 862 iis,
1685 835 1766 868 quae
1797 829 1904 861 servi-

1169 863 1249 897 tium
1274 869 1441 910 ecclesiae,
1459 882 1514 905 seu
1534 874 1595 907 loci
1621 877 1676 919 pii,
1695 878 1778 912 circa
1797 886 1902 916 tamen

1167 916 1372 961 disciplinam
1412 925 1662 962 ecclesiasticam
1706 936 1736 963 et
1775 943 1901 968 morum

1165 972 1401 1007 correctionem
1423 976 1595 1020 dumtaxat,
1612 992 1822 1027 concernunt,
1844 989 1901 1021 mi-

1163 1032 1290 1067 nusque
1316 1027 1374 1059 sub
1398 1028 1513 1063 iisdem
1538 1036 1766 1074 praesentibus
1799 1040 1883 1074 tribu

1163 1075 1249 1109 nalia
1273 1077 1424 1114 Gamerae
1450 1083 1670 1127 Apostolicae,
1696 1090 1836 1133 legatum
1860 1096 1899 1126 A·-

1161 1130 1405 1175 venionensem,
1426 1134 1566 1171 iudicem
1592 1139 1731 1175 fabricae
1750 1143 1780 1176 S.
1802 1145 1897 1186 Petri,

1160 1191 1266 1225 neque
1286 1184 1371 1228 ipsas
1388 1192 1662 1232 congregationes
1687 1194 1719 1227 in
1745 1198 1841 1230 solito
1862 1199 1898 1231 li-

1159 1233 1290 1270 berculo
1316 1249 1372 1271 seu
1392 1241 1531 1276 elencho
1549 1247 1836 1289 congregationum
1858 1262 1895 1285 ac

1160 1288 1370 1325 tribunalium
1402 1293 1497 1328 Urbis
1527 1296 1704 1342 descriptas
1737 1312 1893 1347 compre-

1157 1341 1269 1376 heudL

1198 1396 1212 1438 g
1232 1395 1284 1430 10.
1304 1397 1528 1443 Decernentes,
1551 1405 1679 1439 easdem
1696 1416 1888 1450 praesentes

1152 1447 1274 1489 literas,
1293 1455 1324 1483 ct
1348 1452 1380 1484 in
1406 1453 1451 1486 eis
1477 1461 1631 1491 contenta
1651 1468 1887 1507 quaecumque,

1152 1501 1248 1534 etiam
1285 1514 1323 1537 ex
1359 1516 1397 1538 eo
1436 1509 1522 1550 quod
1548 1520 1662 1545 omncs
1685 1515 1734 1547 vel
1768 1516 1885 1559 singuli

1150 1556 1337 1598 supradicti,
1368 1568 1404 1591 ac
1429 1560 1482 1593 alii
1509 1563 1703 1608 quicumque
1729 1567 1760 1600 in
1791 1580 1886 1612 prae—

1149 1607 1255 1641 missis
1281 1613 1528 1653 quomodolibet
1559 1616 1608 1649 ius
1641 1620 1690 1652 vel
1723 1620 1883 1657 interesse

1148 1660 1319 1703 habentes,
1333 1674 1389 1697 seu
1416 1666 1536 1700 habere
1554 1672 1816 1715 praetendentes,
1836 1685 1884 1708 cu-

1146 1713 1242 1746 iusvis
1267 1721 1378 1756 status,
1405 1719 1541 1760 gradus,
1561 1723 1693 1763 ordinis,
1722 1729 1883 1768 praeemi-

1146 1767 1273 1800 nentiae
1295 1771 1345 1802 vel
1371 1771 1556 1814 dignitatiS,
1583 1785 1639 1808 seu
1669 1777 1747 1811 alias
1779 1781 1882 1823 speci-

1143 1818 1201 1851 fica
1227 1826 1259 1853 ct
1289 1822 1453 1857 individua
1487 1828 1653 1862 mentione
1686 1837 1718 1864 et
1743 1843 1880 1876 expres-

1143 1873 1234 1906 sione
1259 1875 1346 1918 digni
1374 1877 1524 1919 existant,
1551 1880 1664 1915 iisdem
1691 1887 1877 1927 praemissis

1140 1936 1204 1958 non
1232 1930 1454 1970 consenserit,
1480 1942 1541 1966 nec
1567 1934 1605 1967 ad
1632 1946 1668 1969 ea
1692 1940 1794 1971 vocati
1821 1951 1876 1973 seu

1139 1980 1236 2013 auditi
1265 1981 1392 2022 fuerint,
1421 1986 1548 2018 tametsi
1574 1998 1706 2022 suorum
1732 1992 1875 2027 indulto-

1138 2042 1207 2065 rum
1245 2035 1292 2067 vel
1318 2036 1561 2080 privilegiorum
1594 2042 1704 2084 vigore
1737 2056 1874 2080 consen-

1137 2085 1195 2118 tire
1218 2097 1271 2119 seu
1298 2088 1403 2121 vocari
1429 2092 1529 2124 semel
1563 2094 1613 2126 vel
1638 2096 1760 2137 pluries
1793 2110 1870 2142 quo-

1135 2140 1300 2181 quomodo
1326 2141 1524 2185 debuissent,
1543 2152 1645 2180 autex
1667 2150 1729 2182 alia
1760 2162 1870 2195 quam-

1135 2193 1248 2225 tumvis
1274 2193 1409 2228 iuridica
1434 2201 1466 2229 et
1490 2198 1660 2243 privilegia
1685 2208 1787 2245 causa,
1815 2217 1869 2240 co-

1131 2245 1218 2287 lore,
1263 2253 1431 2290 praetextu
1471 2255 1503 2283 et
1541 2253 1663 2296 capite,
1701 2257 1796 2291 etiam
1833 2260 1865 2293 in

1130 2308 1266 2341 corpore
1291 2300 1370 2333 iuris
1396 2302 1517 2344 clauso,
1543 2305 1609 2339 ullo
1627 2317 1768 2351 unquam
1786 2317 1866 2345 tem-

1128 2361 1207 2394 pore
1244 2353 1284 2385 de
1321 2355 1542 2398 subreptionis
1576 2359 1625 2391 vel
1661 2360 1863 2406 obreptionis

1128 2415 1184 2438 seu
1210 2407 1367 2441 nullitatis
1390 2408 1477 2449 vitio,
1504 2416 1556 2444 aut
1580 2411 1771 2449 intentionis
1803 2429 1862 2451 no-

1127 2462 1210 2491 strae
1226 2459 1274 2492 vel
1290 2459 1444 2494 interesse
1463 2462 1654 2497 habentium
1671 2472 1860 2512 consensus,

1926 1425 2045 1449 ‹namuh-io.

349 2500 493 2542 qualibet
511 2501 820 2542 istantia,conflcere
835 2505 1083 2542 instrumentum
1126 2511 1252 2555 alioque
1274 2514 1430 2556 quolibet,
1452 2516 1547 2549 etiam
1568 2521 1778 2561 quamtumvis
1797 2534 1859 2557 ma-

349 2559 508 2597 actorum,
528 2561 625 2599 prout
649 2556 767 2598 iacent,
794 2558 941 2605 nihilque
966 2561 1004 2593 ab
1026 2562 1079 2603 eis,
1124 2573 1188 2608 guo
1218 2575 1253 2598 ac
1280 2566 1405 2601 formali
1440 2573 1471 2602 et
1494 2570 1695 2605 substantiali
1730 2574 1856 2611 defectu
