2254 3225
250 247 297 272 An.
315 245 342 271 C.
368 245 429 271 ¹(ssAE

308 1310 431 1335 Aea-eptsilio

258 1340 422 1362 prxffutssniuiu

250 1370 340 1383 oiuwum
355 1366 372 1382 νΙ
390 1369 431 1383 [1ιο-

249 1391 285 1409 [1ιν
297 1391 380 1412 petendi
391 1391 432 1410 ilis-

267 1420 414 1440 plumbum-tu

248 1449 310 1468 super
327 1444 409 1464 nalem.

478 237 541 269 (⁸⁵4ss

442 294 565 327 vinciae
590 300 694 338 pater,
722 306 822 338 penes
849 306 943 339 quem
971 301 1115 328 remanet
1134 295 1196 326 fa-¹¹

441 348 540 380 cultas
558 348 756 381 convocandi
779 349 816 381 ad
843 349 1035 381 electionem
1055 348 1173 389 vicarii,
1195 367 1196 373 κ

441 405 589 434 teneatur
613 401 777 435 conscium
804 402 940 435 reddere
973 402 1174 445 superiorem
1195 397 1197 442 ξ

441 455 626 496 generalem
642 455 680 488 de
701 455 846 487 vacantia
864 455 1041 498 praedicta,
1059 454 1082 485 si
1102 464 1176 486 con·
1195 447 1197 495 ᾖ

440 506 531 540 sistat
553 508 639 540 intra
663 513 728 540 tres
747 508 848 540 dietas
868 518 883 539 a
902 507 1082 540 confinibus
1103 516 1176 549 pro·
1196 497 1197 513 ¹

440 560 578 603 vinciae)
600 560 750 594 dixerunt
775 567 806 594 et
830 561 1049 599 declararunt,
1075 559 1174 602 quod,

440 614 571 657 quando
596 614 745 657 superior
770 613 931 656 generalis
957 613 1071 645 Matriti
1104 623 1178 645 con-

441 666 533 707 sistit,
548 666 603 699 ubi
629 672 678 699 est
698 667 889 709 regulariter
905 666 972 699 eius
990 665 1176 706 residentia,

442 730 459 751 a
489 725 668 752 memorato
701 719 887 763 provinciae
920 724 1010 762 patre
1037 718 1176 761 digniori

441 773 609 805 certiorari
636 773 730 805 debet
755 773 793 805 de
820 772 987 815 praedicta
1010 772 1176 811 vacantia,

443 825 604 868 siquidem
637 831 813 858 conventus
846 825 1037 858 Matritensis
1062 836 1078 857 a
1104 836 1180 858 con-

442 877 559 910 snibus
584 878 768 921 praedictae
794 878 824 911 S.
853 878 959 910 iacobi
992 878 1178 921 provinciae

442 941 500 973 per
525 936 590 963 tres
613 932 711 964 dietas
737 942 800 964 non
830 932 939 970 distat,
968 932 1048 971 imo,
1075 932 1098 963 si
1135 937 1180 964 at-

442 983 616 1016 tendantur
634 983 802 1027 utriusque
827 985 1012 1027 provini-iae
1031 984 1180 1025 confinia,

441 1034 489 1066 viv
515 1036 677 1069 sexdecim
699 1037 807 1069 leucae
824 1036 992 1069 distantiae
1012 1036 1180 1080 interipsa

441 1093 678 1131 computantur,
705 1089 790 1121 unde
816 1089 1000 1121 necessario
1027 1089 1059 1121 in
1084 1099 1178 1132 prac-

442 1141 528 1174 dicto
555 1151 627 1173 casu
657 1142 807 1185 superior
839 1143 999 1181 ,aeneralis
1026 1147 1073 1175 est
1103 1143 1179 1175 ade-

440 1194 557 1232 undus,
585 1200 616 1226 et
640 1194 666 1226 si
693 1195 842 1227 electioni
865 1205 1015 1238 praeesse
1029 1195 1178 1236 voluerit,

443 1247 576 1279 omnino
603 1248 833 1290 expectandus.

485 1310 593 1333 xxviii.
610 1300 760 1333 Dixeriint
780 1306 954 1344 postremo,
971 1306 1033 1334 tam
1049 1301 1179 1335 nomine

443 1355 578 1398 proprio
603 1365 698 1398 quam
724 1366 835 1388 eorum
873 1356 1015 1388 omnium
1043 1366 1179 1399 quorum

443 1408 711 1450 procurationem
730 1414 840 1450 agunt,
861 1409 1009 1441 sclilierc
1031 1419 1067 1441 ac
1083 1420 1181 1452 spon-

444 1466 537 1493 tanee
563 1461 671 1493 omnia
698 1461 881 1504 supradicta
906 1472 965 1504 pro
991 1461 1095 1501 firmo,
1119 1467 1182 1493 sta-

442 1513 500 1545 bili
526 1523 561 1545 ac
594 1518 754 1556 perpetuo
786 1514 1002 1553 concordato,
1027 1525 1043 1546 a
1070 1514 1180 1557 quovis

443 1567 573 1599 alumno
600 1566 786 1609 provinciae
813 1577 847 1599 ex
875 1577 960 1598 nunc
977 1566 1180 1610 inposterum

444 1629 571 1662 semper
596 1619 827 1659 observando,
855 1619 893 1652 ad
927 1619 1063 1652 invicem
1095 1630 1181 1653 acec-

444 1677 546 1716 ptare‚
572 1682 632 1704 nec
657 1673 739 1705 velle
760 1683 902 1715 unquam
924 1678 1035 1705 contra
1050 1673 1179 1716 aliquod

445 1735 482 1757 ex
518 1725 705 1768 praemissis
739 1725 913 1769 quidquam
953 1727 1178 1768 praetendere.

444 1778 657 1811 Deelararunt
682 1783 798 1818 tamen,
825 1779 926 1821 quod,
953 1778 976 1811 si
1015 1779 1101 1812 circa
1134 1790 1180 1819 ea,

446 1831 575 1875 quaein
596 1831 757 1873 praesenti
774 1830 948 1864 concordia
963 1831 1181 1871 eontinentur,

445 1890 477 1917 et
501 1885 578 1917 alias
606 1883 696 1916 Brevi
731 1883 839 1926 aliquo
866 1894 920 1916 seu
946 1884 1080 1916 decreto
1106 1895 1182 1928 apo-

445 1937 559 1970 stolico
584 1947 686 1980 usque
713 1947 798 1969 nunc
830 1937 951 1970 munita
976 1943 1007 1970 et
1032 1939 1182 1971 roborata

444 2000 511 2023 non
536 1995 635 2029 erant,
662 1990 835 2032 aliquando
868 1990 1087 2023 necessarium
1124 2002 1180 2024 scu

445 2042 621 2086 expediens
647 2042 744 2075 suerit
772 2043 983 2086 dispensare,
1008 2045 1057 2076 vel
1088 2044 1181 2087 quid-

446 2106 540 2138 quam
569 2096 689 2128 addere
722 2106 777 2128 seu
808 2095 967 2136 minuere,
993 2098 1042 2129 vcl
1067 2097 1182 2130 immu-

445 2155 523 2189 tare,
544 2155 747 2192 proponatur
764 2149 853 2192 prius
871 2150 901 2182 in
922 2151 1021 2193 pleno
1039 2151 1180 2194 capitulo

445 2202 639 2245 provinciali
675 2202 808 2234 dubium
841 2213 880 2234 an
918 2203 1091 2246 expediat,
1123 2215 1179 2237 seu

446 2265 578 2287 necesse
614 2265 688 2287 num
726 2255 766 2287 sit
797 2256 846 2288 vel
886 2266 962 2288 non.
1001 2256 1091 2295 Quod
1124 2257 1180 2289 du-

445 2306 536 2340 bium
565 2308 747 2340 resolvetur
776 2318 835 2351 per
869 2308 1020 2350 suffragia
1056 2315 1181 2342 secreta

446 2360 590 2393 omnium
614 2360 792 2399 vocalium,
816 2361 971 2394 adhibitis
997 2359 1036 2394 a‘d
1062 2362 1092 2395 id
1118 2364 1181 2396 cal-

447 2414 527 2447 culis
551 2413 633 2449 albis
656 2418 687 2446 et
712 2413 833 2455 nigrim
861 2420 892 2446 et
921 2414 944 2446 si
972 2425 1008 2447 ex·
1044 2421 1182 2458 quatuor

446 2466 594 2510 partibus
619 2466 844 2509 capitularium
871 2472 934 2500 tres
953 2468 1098 2510 integrae
1118 2469 1182 2501 sue-

447 2521 510 2553 rint
535 2530 593 2563 pro
619 2522 681 2552 una
707 2524 808 2562 parte,
826 2525 857 2552 ct
875 2526 986 2562 quarta
1002 2522 1103 2553 solum
1122 2532 1181 2564 pro

448 2575 556 2614 altera,
582 2573 662 2606 illud
688 2575 877 2613 resolvatur,
905 2574 936 2605 in
962 2575 1048 2617 quod
1077 2575 1181 2607 dictae

450 2635 513 2661 tres
540 2632 648 2671 partes
674 2626 820 2669 integrae
847 2627 1072 2659 convenerint:
1097 2627 1183 2670 pari-

1019 246 1198 270 nt'ffliartttssttt
1223 246 1377 281 ROMANT‘M

1217 305 1277 337 que
1304 295 1400 327 modo
1424 297 1538 337 postea
1563 293 1695 326 debebit
1714 291 1855 336 procedi,
1878 300 1947 322 cum

1217 347 1407 379 deveniatur
1431 347 1468 379 ad
1495 346 1784 390 dispensationem,
1811 343 1950 377 additio-

1218 410 1302 439 nem,
1321 399 1568 432 diminutionem
1589 409 1645 432 seu
1672 397 1948 431 immutationem:

1219 458 1250 484 et
1275 453 1337 485 lioc
1363 452 1404 484 ita
1430 452 1739 495 indispensabiliter,
1757 456 1791 484 ut
1812 450 1950 494 quilibet

1218 515 1369 536 evressus
1384 505 1467 536 ultra
1488 509 1632 547 quartam
1647 510 1769 547 partem
1788 503 1949 536 sufficiens

1218 556 1258 588 sit
1283 557 1320 589 ad
1347 557 1591 599 impediendum
1609 556 1697 596 illud,
1724 567 1782 599 pro
1807 567 1871 598 quo
1888 561 1959 589 ste-

1220 609 1317 642 terint
1334 609 1485 652 sulti-agia
1504 615 1688 642 ceterorum
1706 609 1950 652 capitularium2

1221 672 1279 694 nce
1304 672 1443 705 unquam
1470 662 1591 705 poterit
1608 662 1637 695 id
1658 663 1772 695 resolvi
1793 672 1851 706 per
1870 662 1953 694 viam

1220 714 1453 757 compromissi,
1471 715 1524 747 sed
1551 725 1679 758 semper
1703 714 1759 747 fiet
1783 726 1798 747 a
1818 720 1885 748 toto
1907 724 1954 748 ca·

1221 767 1324 810 pitulo
1351 778 1413 800 non
1440 768 1643 809 intermedio,
1669 768 1723 800 sed
1751 767 1952 812 provinciali,

1221 826 1251 852 et
1277 821 1314 853 ad
1338 825 1463 864 tempus
1490 826 1611 854 tantum
1631 832 1688 864 pro
1707 832 1771 864 quo
1792 821 1865 854 talis
1883 831 1956 864 pro-

1220 873 1360 906 videntia
1387 874 1537 906 credatur
1555 874 1735 907 necessaria
1753 884 1810 906 seu
1836 884 1956 917 oppor-

1223 932 1312 966 tuna3
1339 926 1365 959 si
1392 927 1467 969 quid
1494 937 1570 959 vero
1599 927 1808 970 imposterum
1842 933 1957 970 postu·

1223 980 1352 1012 landum
1380 979 1421 1012 sit
1447 981 1495 1012 rel
1517 992 1533 1012 a
1558 980 1589 1012 S.
1616 980 1697 1013 Sede
1716 982 1763 1013 vel
1781 991 1798 1013 a
1815 981 1956 1023 capitulo

1222 1032 1366 1074 generali
1391 1042 1444 1064 seu
1470 1032 1639 1075 superiore
1676 1033 1805 1066 Ordinis
1830 1034 1880 1066 vel
1907 1033 1954 1065 sa-

1223 1085 1330 1118 miliae
1355 1095 1571 1128 quocumque,
1594 1096 1628 1118 ex
1656 1086 1771 1128 quibus
1799 1087 1957 1119 resultare

1224 1144 1320 1181 queat
1338 1145 1597 1181 praememorata
1622 1139 1820 1182 dispensatio
1839 1145 1892 1172 aut
1909 1140 1960 1171 ad-

1224 1191 1304 1224 ditio
1330 1192 1378 1224 vel
1405 1191 1577 1224 diminutio
1603 1203 1657 1224 seu
1684 1192 1875 1232 immutatio,
1898 1193 1957 1225 sub

1225 1244 1336 1277 eadem
1363 1245 1476 1286 forma,
1496 1250 1526 1277 et
1551 1250 1676 1278 servato
1695 1246 1811 1278 eodem
1832 1245 1956 1286 ordine,

1224 1298 1410 1340 exquiratur
1448 1298 1538 1341 prius
1576 1309 1755 1331 cousensus
1791 1298 1954 1331 eiusdem-

1224 1356 1290 1383 met
1313 1351 1441 1394 capituli
1475 1351 1708 1395 provincialis,
1745 1352 1958 1395 praestandus

1224 1403 1373 1436 similiter
1396 1415 1454 1447 per
1475 1404 1624 1447 suffragia
1648 1410 1772 1438 secreta
1803 1416 1820 1438 a
1854 1405 1957 1438 tribus

1225 1457 1357 1499 integris
1391 1457 1539 1501 partibus
1564 1458 1742 1498 vocalium,
1774 1468 1879 1501 eoque
1905 1458 1960 1491 de·

1201 1500 1202 1521 ³
1223 1509 1377 1550 ficiente,
1407 1511 1529 1543 nullam
1554 1511 1617 1543 vim
1642 1511 1868 1554 obligatoriam
1904 1511 1960 1545 ha-

1224 1564 1301 1595 bere
1327 1563 1430 1606 possit
1454 1564 1584 1606 quaevis
1611 1564 1801 1607 dispositio,
1828 1564 1959 1597 ordina-

1224 1616 1279 1657 tio,
1306 1616 1472 1649 concessio
1498 1622 1553 1649 aut
1576 1618 1761 1650 constitutio
1793 1618 1830 1650 ad
1857 1617 1958 1650 intro-

1224 1669 1403 1701 ducendam
1428 1669 1567 1713 aliquam
1590 1671 1766 1704 novitatem
1797 1681 1852 1703 seu
1878 1672 1958 1704 alte-

1224 1722 1381 1755 rationem
1407 1733 1467 1766 per
1506 1734 1600 1766 quam
1636 1724 1830 1766 gubernium
1865 1734 1960 1767 prae-

1224 1776 1354 1808 missum
1387 1781 1441 1808 aut
1476 1776 1538 1809 vita
1574 1777 1733 1820 regularis
1771 1777 1958 1821 provinciae

1223 1829 1337 1861 mutari
1375 1835 1429 1861 aut
1466 1829 1593 1862 alterari
1631 1835 1751 1873 queat,
1790 1830 1843 1874 qui
1881 1841 1959 1864 vero

1224 1882 1471 1914 conti‘aseeeriut
1490 1887 1545 1914 aut
1565 1883 1802 1923 attentaverint,
1821 1883 1961 1926 punian-

1225 1939 1274 1966 tur
1298 1935 1336 1967 ad
1358 1935 1594 1978 praescriptum
1619 1941 1810 1968 statutorum
1831 1935 1959 1969 Ordinis

1224 1987 1256 2020 in
1282 1988 1421 2031 capitulo
1453 1989 1594 2031 generali
1628 1999 1832 2023 tinctxxxvm
1865 1989 1960 2023 inno-

1224 2048 1381 2080 vatorum,
1414 2045 1445 2072 et
1469 2041 1738 2074 constitutionum
1764 2042 1960 2085 apostolica-

1223 2103 1292 2125 rum
1317 2093 1386 2126 Iulii
1412 2093 1453 2134 II,
1480 2094 1594 2127 Leonis
1620 2094 1660 2133 X,
1685 2094 1857 2127 Clementis
1890 2094 1957 2135 Vll,

1222 2145 1292 2181 Iulii
1318 2148 1355 2180 tll
1381 2152 1411 2180 et
1435 2147 1572 2180 aliorum
1606 2147 1825 2180 Romanorum
1851 2148 1960 2181 Ponti-

1223 2204 1317 2237 ficum
1343 2210 1564 2234 suceessorum
1590 2199 1749 2232 editarum
1778 2205 1890 2233 contra
1911 2200 1960 2232 in·

1223 2256 1332 2290 debite
1357 2258 1570 2298 procurantes
1595 2253 1720 2286 indulta
1738 2259 1769 2286 et
1789 2253 1959 2296 privilegia

1223 2317 1445 2353 quaecumque
1470 2306 1503 2339 in
1528 2306 1623 2338 simili
1650 2311 1702 2338 aut
1727 2306 1788 2338 alia
1813 2307 1956 2345 materia,

1224 2374 1303 2406 quas
1323 2365 1452 2394 sanetae
1478 2359 1652 2392 memoriae
1676 2359 1852 2392 Innocentii
1871 2360 1910 2392 xl
1927 2360 1958 2392 in

1223 2415 1401 2459 praecitato
1413 2413 1505 2446 Brevi
1517 2412 1645 2455 Erpeni
1659 2412 1749 2444 nobis
1760 2412 1874 2445 ultimo
1885 2423 1961 2445 con-

1224 2468 1371 2508 firmavit,
1398 2465 1552 2508 ligatique
1572 2469 1766 2497 censeantur
1784 2464 1856 2508 ipso
1875 2465 1958 2498 sacto

1224 2520 1369 2554 censuris
1391 2518 1508 2551 ibidem
1535 2517 1649 2550 taxatis
1674 2522 1706 2550 et
1731 2517 1955 2562 praescriptis.

1268 2583 1350 2607 xxix.
1376 2573 1420 2604 Ad
1443 2581 1580 2614 quorum
1604 2570 1747 2603 omnium
1766 2570 1957 2611 firmitatem,

1226 2624 1437 2671 praesentatis
1464 2624 1551 2667 prius
1577 2634 1709 2656 suorum
1729 2623 1958 2667 principalium

1959 241 2051 267 AnA‘..
2076 241 2140 268 ¹691

2010 2575 2152 2602 Satist-figatu-

1970 2609 2013 2623 1105.
