2254 3225
175 163 224 189 Λη.
244 163 272 190 c.
297 161 363 189 icoo
408 153 449 186 (5ss

219 1383 316 1404 Extensio
331 1383 366 1403 de-

185 1413 237 1429 ernu
260 1412 314 1429 iuxta
336 1409 366 1429 ln·

185 1436 366 1456 n1›1·enti=chori-

186 1465 313 1483 stituti->uem
337 1463 367 1483 sa-

187 1490 268 1510 cienda.

367 211 508 244 cessoris
545 209 645 244 nostri
672 209 703 241 in
730 207 827 241 simili
864 207 965 240 forma
997 205 1105 238 Brevis

366 264 483 299 litteris
508 274 606 308 super
631 262 759 295 senario
791 261 822 293 in
860 260 1011 293 omnibus
1038 259 1105 290 scre

367 317 530 351 indiarum
562 315 739 359 provinciis
764 314 918 358 praefatis
942 311 1106 354 magistro-

367 381 438 403 rum
463 380 597 403 numero
623 378 686 401 non
717 367 903 400 excedendo
941 362 1104 401 eiuauatis,

370 434 453 467 quae
478 423 639 466 incipiunt
661 421 822 455 Admonet
847 429 914 458 nos,
937 423 1010 457 ete,
1026 417 1105 449 duo-

370 476 523 509 denarius
547 475 774 517 magistrorum
794 470 976 505 huiusmodi
995 479 1106 502 nume-

369 541 423 562 rus
447 540 507 573 pro
533 529 617 561 dicta
632 527 797 571 provincia
815 524 960 563 Quitcnsi
979 535 995 555 a
1013 523 1107 555 nobis

370 587 536 622 statuatur,
563 582 605 614 ita
628 586 744 616 tamen,
770 584 824 617 ut,
850 577 954 620 quoad
981 585 1108 618 promo-

370 637 494 669 vendos
511 635 549 668 ad
568 632 744 675 magisterii
761 632 893 674 gradum
909 628 1106 667 huiusmodi,

372 688 547 731 postulatio
574 698 590 719 a
615 684 800 718 definitorio
833 681 980 715 facienda
1010 680 1109 713 indis-

371 741 586 786 pcnsabilitcr
603 738 794 782 requiratur,
810 747 844 768 ac
859 735 1019 779 quaedam
1037 745 1110 766 con-

373 795 499 827 stitutio
532 792 721 826 recolendae
753 788 927 822 memoriae
953 788 1110 820 Innocen-

374 848 408 880 tii
434 848 492 880 Pr.
512 846 549 878 XI
575 842 837 888 praedecessoris
857 841 980 885 pariter
996 840 1108 880 nostri,

374 911 455 943 quae
480 898 594 941 incipit
624 897 665 930 In
689 895 852 939 suprema,
878 899 950 934 etc.,
975 904 1035 937 pro
1061 896 1111 926 ea-

375 954 446 986 dem
471 952 635 996 provincia
660 950 711 983 die
736 960 799 983 xvii
824 948 930 981 martii
949 958 1110 982 MDCLxxix

375 1006 461 1039 edita
475 1006 533 1037 sub
549 1003 689 1036 numeris
705 1012 790 1036 xxvu
808 1006 840 1033 ct
855 1011 961 1038 xxxin,
978 1001 1110 1033 omnino

375 1064 530 1091 servetur.
557 1056 655 1089 Nobis
693 1060 866 1098 propterca
901 1053 1005 1087 dictus
1038 1054 1112 1086 Phi-

374 1111 483 1154 lippus
510 1113 706 1153 procurator,
730 1107 825 1140 etiam
851 1106 983 1139 nomine
1009 1106 1111 1139 dictae

375 1163 571 1207 provinciae,
592 1160 760 1194 humiliter
780 1159 959 1203 supplicari
986 1159 1063 1191 fecit
1079 1164 1113 1191 ut

375 1217 407 1249 in
424 1216 608 1260 praemissis
626 1219 808 1257 opportune
829 1213 1000 1256 providere
1026 1217 1057 1245 et
1080 1217 1114 1244 ut

376 1269 460 1302 infra
484 1268 656 1309 indulgere
682 1266 721 1299 de
745 1264 947 1308 benignitate
985 1271 1114 1308 aposto-

376 1323 439 1356 lica
464 1321 683 1363 dignaremur.

421 1375 436 1418 ἓ
453 1374 484 1406 ⁶2.
503 1373 567 1406 Nos
585 1372 695 1415 igitur,
715 1371 821 1415 ipsum
838 1370 1025 1413 Philippum
1043 1380 1117 1413 pro-

378 1432 559 1460 curatorem
586 1425 737 1469 specialis
763 1425 871 1457 favore
896 1424 1019 1466 gratiae
1048 1434 1117 1466 pro-

377 1480 468 1523 sequi
502 1480 660 1518 volentes,
687 1482 718 1511 et
747 1488 764 1510 a
790 1477 955 1520 quibusvis
992 1487 1118 1509 excom-

377 1531 612 1570 municationis,
634 1530 860 1574 suspensionis
889 1534 920 1561 et
941 1529 1117 1569 interdicti,

379 1585 516 1628 aliisque
541 1583 769 1617 ecclesiasticis
796 1581 977 1620 sententiis,
1003 1591 1119 1614 censu-

379 1637 422 1670 ris
449 1642 480 1670 et
503 1636 641 1680 poeniS,
669 1647 686 1669 a
711 1635 782 1668 iure
808 1636 857 1668 vel
890 1635 929 1667 ab
964 1634 1117 1674 homine,

379 1690 492 1734 quavis
517 1689 688 1722 occasione
707 1689 756 1721 vel
782 1690 877 1720 causa
902 1687 987 1726 latis,
1005 1687 1029 1719 si
1049 1687 1119 1730 qui-

378 1744 438 1777 bus
463 1742 709 1786 quomodolibet
732 1741 908 1774 innodatus
933 1740 1052 1781 existit,
1078 1741 1117 1773 ad

379 1796 527 1829 effectum
557 1795 779 1839 praesentium
812 1794 978 1827 dumtaxat
1004 1804 1120 1826 conse-

379 1850 556 1893 quendum,
587 1849 702 1881 harum
735 1848 818 1881 serie
852 1848 1061 1881 absolventes
1089 1852 1119 1880 et,

379 1903 563 1935 absolutum
599 1901 667 1934 sore
704 1905 898 1940 censentes,
931 1899 1117 1933 huiusmodi

380 1954 672 1997 supplicationibus
698 1953 855 1992 inclinati,
883 1953 921 1986 de
949 1953 1119 1986 venerabi-

380 2008 458 2040 lium
483 2008 615 2040 sratrum
641 2012 827 2040 nostrorum
851 2007 882 2040 S.
903 2007 940 2039 R.
960 2007 995 2039 E.
1015 2006 1119 2039 cardi-

381 2061 502 2094 nalium
520 2060 656 2103 negotiis
682 2066 713 2093 et
737 2060 1029 2094 consultationibus
1055 2060 1120 2103 epi-

382 2124 555 2156 scoporum
580 2119 612 2146 et
636 2114 834 2156 regularium
856 2113 1118 2156 praepositorum

383 2166 540 2207 consilio,
566 2171 602 2198 ut
627 2167 665 2199 de
691 2172 801 2200 cetero
837 2167 984 2199 senarius
1017 2166 1119 2199 dictae

382 2219 568 2262 provinciae
602 2219 764 2258 Quitensis
800 2220 1029 2262 magistrorum
1061 2229 1120 2251 nu-

383 2283 493 2305 merus
518 2272 556 2306 ad
575 2273 809 2306 duodenarium
827 2277 994 2316 augeatur,
1014 2277 1121 2305 aucto-

383 2326 478 2359 ritate
514 2326 706 2369 apostolica,
742 2331 855 2359 tenore
890 2326 1119 2370 praesentium,

384 2379 588 2412 concedimus
609 2384 641 2412 et
656 2379 861 2422 indulgemus
877 2391 885 2419 3
903 2379 947 2412 ita
964 2383 1070 2412 tamen
1087 2385 1122 2412 ut

386 2432 418 2465 in
445 2432 579 2475 reliquis
604 2442 641 2465 ea
664 2432 783 2472 omnia,
809 2443 890 2475 quae
916 2432 949 2464 in
975 2433 1122 2476 supradi-

388 2486 437 2517 cta
461 2484 640 2517 Innocentii
676 2485 935 2528 praedecessoris
971 2485 1120 2518 constitu-

388 2536 474 2569 tione
500 2537 697 2582 praescripta
714 2542 795 2580 sunt,
814 2537 968 2581 religiose
993 2543 1025 2572 et
1050 2545 1119 2571 exa-

944 158 1013 181 BULl
1027 157 1122 181 imru
1147 155 1299 179 ROMANUM

1884 158 1930 183 Au.
1954 158 1980 183 C.
2009 159 2073 187 1690

1150 209 1199 236 cte
1225 208 1404 244 serventur;
1426 204 1515 237 salva
1533 215 1662 248 semper
1679 206 1711 238 in
1729 207 1885 249 praemis-

1149 257 1191 289 sis
1209 257 1399 290 auctoritate
1413 257 1678 300 Congregationis
1695 261 1884 294 eorumdem

1148 309 1374 343 cardinalium.

1192 363 1206 405 ᾖ
1230 362 1262 396 3
1290 363 1508 396 Decernentes
1525 363 1608 406 ipsas
1626 371 1816 407 praesentes
1833 367 1886 399 lit·
1923 379 2043 401 eumue.

1149 422 1232 448 teras
1261 426 1391 459 semper
1423 415 1549 456 sirmas,
1581 418 1702 450 validas
1727 424 1758 451 et
1783 419 1888 452 effica-

1148 479 1200 502 ces
1229 469 1367 501 existere
1394 474 1426 502 et
1444 470 1522 508 sore,
1548 480 1692 513 suosque
1720 473 1887 514 plenarios

1149 527 1181 554 ct
1204 522 1349 564 integros
1373 522 1505 555 effectus
1531 523 1640 555 sortiri
1671 530 1702 556 et
1726 525 1888 566 obtinere,

1149 584 1184 605 ac
1203 573 1279 614 illis,
1293 575 1332 607 ad
1358 586 1436 617 quos
1462 580 1588 618 spectat
1612 581 1642 608 et
1663 586 1721 618 pro
1740 582 1888 620 tempore

1150 627 1420 670 quandocumque
1444 628 1614 670 spectabit,
1635 628 1668 660 iu
1690 629 1839 662 omuibus
1861 635 1893 662 et

1150 691 1209 723 per
1234 681 1341 713 omnia
1368 681 1556 724 plenissime
1584 680 1766 723 suffragari,
1793 687 1825 714 et
1850 682 1889 714 ab

1151 733 1196 765 cis
1221 734 1402 776 respective
1435 734 1668 767 inviolabiliter
1700 735 1889 775 observari,

1151 786 1261 829 sicque
1297 787 1329 819 iu
1360 787 1548 830 praemissis
1582 797 1641 830 per
1666 798 1892 831 quoscumque

1151 840 1273 873 iudices
1303 840 1484 873 ordinarios
1517 845 1549 873 et
1581 841 1762 883 delegatos,
1796 841 1891 874 etiam

1151 903 1321 926 causarum
1356 893 1469 936 palatii
1505 894 1677 937 apostolici
1713 894 1891 933 auditores,

1152 946 1288 979 iudicari
1319 951 1352 979 et
1384 946 1512 979 definiri
1533 947 1653 980 debere
1669 974 1676 986 ,
1701 958 1739 980 ac
1763 947 1894 980 irritum

1152 1005 1184 1033 et
1207 1000 1306 1033 inane
1332 1000 1357 1032 si
1382 1010 1474 1033 secus
1491 1000 1658 1043 superbis
1677 1011 1695 1033 a
1718 1011 1894 1044 quoquam,

1153 1053 1265 1096 quavis
1285 1052 1489 1092 auctoritate,
1515 1053 1656 1086 scienter
1673 1054 1723 1087 vel
1740 1053 1896 1095 ignoran-

1153 1110 1214 1146 ter,
1242 1105 1418 1148 contigerit
1438 1105 1603 1138 attentari.

1198 1159 1213 1201 ξ
1238 1157 1269 1190 4.
1297 1158 1367 1191 Non
1393 1158 1600 1191 obstantibus
1623 1158 1789 1201 praefatis,
1814 1158 1899 1192 aliis·
1932 1169 2089 1190 contrariorum

1156 1222 1218 1254 que
1244 1211 1409 1254 quibusvis
1434 1210 1560 1251 litteris,
1594 1222 1631 1244 ac
1663 1196 2024 1244 constitutioni-d‘svg'ssm'

1155 1265 1216 1296 bus
1243 1270 1274 1297 et
1298 1263 1559 1297 ordinationibus
1591 1263 1798 1307 apostolicis,
1825 1274 1901 1297 nec-

1158 1328 1224 1350 non
1248 1318 1468 1360 praesatorum
1494 1316 1623 1350 Ordinis
1657 1321 1688 1350 et
1712 1317 1899 1360 provinciae

1158 1369 1335 1409 Quitensis,
1354 1369 1449 1403 etiam
1466 1369 1662 1409 iuramento,
1681 1369 1900 1402 confirmatio-

1159 1433 1199 1456 ne
1221 1423 1416 1466 apostolica‚
1435 1423 1485 1455 vel
1511 1423 1625 1465 quavis
1650 1422 1806 1455 firmitate
1835 1423 1900 1456 alia

1158 1476 1335 1516 roboratis,
1362 1476 1494 1508 statutis
1522 1481 1555 1508 et
1588 1476 1899 1516 consuetudinibus,

1159 1528 1343 1572 privilegiis
1380 1539 1523 1572 quoque,
1553 1528 1691 1561 indultis
1720 1534 1751 1561 et
1781 1528 1899 1562 litteris

1160 1581 1351 1625 apostolicis
1379 1582 1411 1614 in
1430 1581 1625 1614 contrarium
1645 1581 1895 1624 praemissorun

1160 1635 1410 1678 quomodolibet
1435 1634 1614 1674 concessis,
1644 1634 1843 1667 confirmatis
1870 1640 1900 1668 et

1159 1689 1334 1728 innovatis;
1365 1688 1481 1731 quibus
1510 1687 1661 1720 omnibus
1691 1692 1722 1720 et
1749 1688 1898 1730 singulis,

1159 1741 1290 1774 illorum
1318 1745 1448 1773 tenores
1477 1740 1700 1783 praesentibus
1725 1751 1783 1784 pro
1801 1743 1898 1784 plene

1160 1799 1191 1827 et
1221 1793 1419 1827 sufficienter
1447 1793 1607 1836 expressis
1633 1803 1669 1825 ac
1696 1794 1735 1827 ad
1764 1795 1898 1827 verbum

1159 1847 1293 1880 insertis
1318 1846 1490 1886 habentes,
1510 1846 1576 1879 illis
1605 1846 1684 1879 alias
1712 1846 1745 1878 in
1770 1857 1828 1879 suo
1853 1857 1900 1879 ro-

1159 1901 1238 1933 bore
1256 1899 1486 1943 permansuris,
1503 1899 1540 1931 ad
1556 1899 1809 1942 praemissorum
1829 1899 1901 1932 effe-

1160 1960 1257 1994 ctum,
1277 1953 1337 1985 hac
1361 1953 1430 1985 vice
1456 1952 1633 1992 dumtaxat,
1657 1952 1843 1995 specialiter
1868 1958 1900 1985 et

1161 2017 1313 2050 expresse
1331 2006 1525 2047 derogamus
1542 2016 1550 2045 ;
1569 2004 1754 2047 ceterisque
1772 2010 1900 2038 contra-

1160 2060 1216 2093 riis
1238 2059 1512 2102 quibuscumque.

1205 2112 1275 2156 gs).
1308 2112 1461 2145 Volumus
1494 2116 1600 2143 autem
1632 2115 1667 2143 ut
1698 2111 1899 2145 earumdem-

1162 2167 1232 2199 dem
1247 2165 1467 2208 praesentium
1484 2163 1665 2196 litterarum
1682 2165 1898 2207 transumptis,

1162 2229 1217 2251 seu
1242 2217 1398 2260 exemplis
1415 2244 1422 2256 ,
1456 2216 1551 2249 etiam
1575 2216 1740 2260 impressis
1757 2243 1764 2257 ,
1801 2228 1899 2250 manu

1162 2270 1295 2304 alicuius
1321 2270 1437 2303 notarii
1458 2269 1578 2312 publici
1597 2269 1795 2312 subscriptis,
1814 2275 1845 2302 et
1861 2270 1901 2302 si·

1163 2325 1240 2367 gillo
1264 2333 1426 2367 personae
1451 2323 1484 2356 in
1502 2323 1720 2356 ecclesiastica
1740 2323 1898 2365 dignitate

1163 2377 1355 2411 constitutae
1376 2377 1521 2417 munitis,
1539 2377 1651 2409 eadem
1669 2386 1801 2419 prorsus
1819 2376 1898 2409 sides

1165 2438 1229 2465 tam
1254 2432 1287 2464 in
1311 2430 1431 2464 iudicio
1449 2441 1545 2473 quam
1563 2434 1652 2462 extra
1676 2429 1755 2462 illud
1781 2429 1900 2461 habea-

1166 2490 1239 2524 tur,
1265 2494 1346 2527 quae
1372 2483 1548 2516 baberetur
1572 2481 1649 2524 ipsis
1674 2481 1900 2523 praesentibus

1164 2538 1191 2571 si
1209 2537 1315 2572 forent
1340 2536 1500 2570 exhibitae
1524 2535 1575 2568 vel
1601 2538 1765 2570 ostensae.

1961 2117 2023 2137 Vidn<
2039 2120 2094 2141 tran.

1908 2147 2045 2170 sumpturum,
