2227 3225
159 205 207 232 An.
223 204 251 232 C.
274 203 340 231 1602

174 1208 286 1234 paragano
295 1215 344 1231 con·

161 1239 280 1258 tranei-niu.

351 252 487 285 existere
513 254 544 282 et
570 249 657 288 sore,
690 256 829 289 suosque
862 245 1027 289 plenarios
1052 248 1084 276 ct

350 303 496 346 integros
522 301 653 334 effectus
671 299 779 334 sortiri
805 304 835 331 ct
862 298 1009 332 obtinere.
1032 297 1085 329 de-

350 356 438 395 bere,
458 360 490 388 et
507 354 546 387 ab
571 353 728 393 omnibus,
751 353 788 385 ad
804 362 885 395 quos
910 355 1033 394 spectat.
1054 354 1085 383 et

350 417 409 451 pro
436 413 581 450 tempore
599 406 870 449 quandocumque
897 409 926 437 et
954 412 1085 446 quomo-

351 461 532 504 documque
568 459 737 503 spectabit,
761 457 989 491 inviolabiliter
1021 456 1082 487 ob—

350 513 481 553 servari,
508 513 618 556 sieque
643 517 675 545 et
699 518 764 544 no'n
789 511 882 544 aliter
906 520 966 553 per
990 519 1086 552 quos-

350 576 489 609 cumque
515 565 638 598 iudices
663 564 844 598 ordinarios
858 568 889 596 et
906 563 1083 604 delegatos,

350 618 462 661 quavis
501 618 715 657 auctoritate,
742 614 999 659 praeeminentia
1033 619 1086 646 aut

350 676 509 714 potestate
535 671 704 714 fungentes
729 674 760 703 et
785 670 963 709 suncturos,
991 667 1086 700 etiam

351 724 514 767 praefatae
533 723 682 756 Gamerae
696 723 831 756 clericos
849 721 1085 765 praesidentes,

352 787 520 810 causarum
546 777 656 820 palatii
674 776 844 819 apostolici
862 775 1036 809 auditores,
1056 778 1087 805 et

351 829 383 862 S.
404 830 440 862 R.
460 829 493 862 E.
515 829 705 868 cardinales,
731 829 826 861 etiarn
853 829 891 862 de
917 829 1018 860 latere
1045 828 1088 859 le-

351 889 450 925 gatos,
469 883 592 915 sublata
611 882 657 915 eis
676 887 708 914 et
733 892 844 915 eorum
861 880 994 913 cuilibet
1015 890 1087 922 qua-

351 935 396 968 vis
421 935 515 968 aliter
539 934 703 969 in‘dieandi
730 940 762 967 et
785 933 1024 976 interpretandi
1048 933 1086 964 sa·

352 989 483 1027 cultate,
512 988 647 1021 iudicari
673 993 705 1020 et
730 986 859 1020 definiri
885 986 1017 1023 debere,
1046 986 1088 1018 ir-

352 1041 450 1074 ritum
477 1051 606 1084 quoque
633 1045 665 1074 et
689 1040 796 1080 inane,
824 1040 848 1072 si
874 1050 966 1072 secus
991 1047 1088 1082 super

353 1095 404 1127 liis
418 1105 435 1127 a
452 1105 628 1138 quoquam,
646 1094 756 1137 quavis
774 1094 977 1133 auctoritate,
989 1093 1088 1125 scien-

354 1153 403 1180 ter
423 1148 471 1180 vel
497 1148 697 1190 ignoranter,
722 1147 897 1189 contigerit
921 1146 1086 1179 attentari.

398 1200 445 1243 §li
466 1200 534 1233 Non
549 1199 763 1239 obstantibus,
775 1205 933 1242 quatenus
944 1209 1024 1242 opus
1038 1200 1088 1238 sit,

355 1254 393 1287 de
411 1253 480 1286 iure
498 1253 646 1297 quaesito
671 1264 737 1286 non
768 1253 934 1291 tollendo,
952 1253 1088 1295 aliisque

354 1307 472 1341 nostris
486 1312 518 1339 et
537 1306 754 1339 Cancellariae
770 1306 973 1349 Apostolicae
996 1315 1090 1347 regu-

354 1360 414 1400 lis,
436 1363 465 1392 et
498 1359 600 1392 felicis
625 1358 862 1392 recordationis
887 1358 1088 1401 Symmachi,

354 1413 445 1446 Pauli
459 1412 563 1455 Papae
581 1412 615 1451 ll,
630 1411 716 1444 Pauli
729 1412 836 1455 Papae
850 1412 936 1452 liget
950 1412 1088 1445 aliorum
1110 1423 1113 1455 ᾗ

354 1465 544 1499 Pontificum
576 1465 866 1508 praedecessorum
902 1456 1112 1498 nostrorum?

355 1520 395 1553 de
419 1519 517 1552 rebus
552 1518 714 1551 Ecclesiae
750 1528 814 1551 non
848 1518 1029 1551 alienandis
1060 1524 1092 1551 et

355 1571 504 1605 alienatis
533 1571 788 1614 recuperandis,
823 1581 860 1603 ac
897 1571 1090 1604 recolendae

355 1624 530 1658 memoriae
563 1622 611 1657 Pii
636 1624 740 1666 Papae
765 1624 801 1656 lv
825 1623 975 1656 similiter
1000 1633 1092 1666 prae-

355 1677 540 1710 decessoris
570 1676 673 1710 nostri
699 1677 739 1709 de
764 1675 876 1719 gratiis
907 1677 1092 1719 qualecum-

357 1739 418 1773 que
444 1729 605 1762 interesse
631 1728 783 1762 Camerae
816 1729 1091 1762 concernentibus

356 1782 442 1815 intra
471 1787 595 1815 certum
632 1782 712 1814 inibi
748 1792 936 1825 expressum
964 1787 1090 1825 teinpus

357 1834 549 1868 exhibendis
567 1839 599 1867 et
615 1834 837 1877 registrandis,
858 1835 939 1867 itaut
960 1835 1091 1867 easdem

356 1894 545 1931 praesentes
581 1888 706 1921 litteras
744 1887 862 1921 ibidem
888 1888 1035 1920 exbiberi
1061 1893 1093 1921 et

357 1942 523 1984 registrari
547 1952 712 1984 nunquam
738 1951 872 1974 necesse
898 1940 959 1980 sit,
981 1941 1092 1974 aliisve

358 1995 523 2038 quibusvis
547 1994 832 2027 constitutionibus
862 1998 894 2026 et
918 1994 1093 2027 ordinatio-

357 2048 463 2087 nibus,
489 2058 526 2080 ac
550 2047 770 2085 tribunalium,
797 2046 975 2079 officiorum
997 2052 1029 2079 et
1046 2047 1093 2079 os-

356 2100 508 2133 fieialium
533 2100 763 2144 praefatorum,
781 2099 876 2133 etiam
896 2099 1090 2140 iuramento,

358 2153 603 2187 confirmatione
627 2153 818 2196 apostolica,
836 2154 886 2186 vel
904 2152 1015 2196 quavis
1041 2152 1093 2184 fir-

357 2207 467 2240 mitate
492 2207 555 2239 alia
571 2206 745 2246 roboratis,
766 2205 899 2245 statutis,
920 2210 1094 2238 consuetu-

359 2260 488 2293 dinibus
519 2264 551 2293 et
576 2259 735 2298 decretis,
762 2259 857 2292 etiam
881 2259 1093 2291 cameralibus

359 2318 391 2347 et
415 2313 709 2352 consistorialibus‚
734 2322 862 2345 necnon
887 2312 1094 2355 quibuscum-

360 2377 422 2410 que
445 2366 631 2400 eorumdem
667 2366 845 2398 officiorum
871 2365 1094 2398 erectionibus

359 2425 390 2453 et
420 2419 710 2459 concessionibus,
744 2418 838 2451 etiam
874 2418 1093 2462 praesentium

359 2483 596 2517 possessorum,
612 2471 734 2505 tametsi
749 2472 825 2505 alias
838 2471 927 2504 sactis
945 2471 984 2504 ad
996 2471 1092 2504 vitam
1113 2489 1115 2508 l

359 2536 417 2559 seu
441 2526 473 2558 in
498 2530 710 2569 perpetuum,
744 2535 780 2558 ac
812 2524 909 2558 etiam
935 2534 971 2557 ex
997 2527 1094 2557 eausa

345 2626 358 2633 ι

934 196 1141 221 INNOCENTH'S
1166 196 1209 219 x11
1233 195 1280 218 Pr.

359 2579 497 2614 onerosa
522 2589 577 2612 seu
598 2578 847 2622 correspeetiva,
866 2578 917 2611 vel
934 2587 992 2621 per
1010 2577 1093 2610 viam
1111 2599 1116 2617 ι

1758 184 1823 216 475
1868 194 1916 219 An.
1938 194 1964 221 c.
1985 195 2050 222 leoz

1126 247 1319 281 contractus,
1341 251 1397 274 seu
1421 240 1483 274 vim
1503 247 1685 275 contractus
1705 244 1857 282 habente,

1127 294 1303 337 privilegiis
1336 304 1490 337 quoque,
1518 295 1649 328 indultis
1683 303 1713 328 et
1745 299 1860 331 litteris

1127 347 1319 390 apostolicis,
1347 347 1575 387 tribunalibus,
1595 348 1707 381 officiis
1731 360 1787 382 scu
1813 352 1860 384 os-

1127 400 1284 433 sicialibus
1309 400 1485 443 praefatis,
1511 401 1569 433 sub
1602 403 1860 447 quibuscumque

1129 454 1296 486 tenoribus
1313 457 1345 485 et
1362 453 1481 491 formis,
1495 465 1565 486 cum
1587 455 1750 498 quibusvis
1764 458 1860 490 etiam

1129 506 1405 548 derogatoriarum
1443 507 1660 549 derogatoriis
1681 536 1687 548 ‚
1727 510 1861 553 aliisque

1130 559 1364 592 efficacioribus
1394 564 1426 592 ct
1449 560 1681 593 efficacissimis
1703 568 1733 595 et
1754 563 1864 597 insoli-

1131 611 1169 644 tis
1187 611 1340 644 clausulis
1359 618 1389 643 ct
1403 612 1554 649 decretis,
1572 613 1603 646 iu
1625 624 1744 655 genere
1762 617 1812 648 vel
1830 617 1864 648 in

1129 664 1249 706 speeie,
1264 665 1360 697 etiam
1379 670 1468 698 motu
1487 670 1519 697 et
1544 667 1712 708 potestatis
1728 668 1866 710 plenitu-

1130 716 1205 748 dine.
1231 717 1406 757 similibus,
1432 723 1487 750 aut
1515 718 1593 751 alias
1619 720 1867 761 quomodolibet

1130 779 1188 810 per
1208 779 1266 801 nos
1294 775 1325 802 et
1351 769 1514 804 Romanos
1535 770 1707 805 Pontifices
1731 774 1867 816 praede-

1130 832 1278 854 cessores
1300 828 1429 855 nostros
1456 833 1487 855 in
1514 824 1711 857 contrarium
1739 836 1867 858 eorum-

1131 874 1202 907 dem
1228 875 1476 917 praemissorum
1503 878 1680 916 concessis,
1707 889 1742 911 ac
1771 880 1866 911 etiam

1130 927 1254 970 pluries
1281 928 1488 964 confirmatis,
1508 929 1669 962 innoratis
1695 936 1727 963 et
1751 939 1869 974 appro-

1130 980 1234 1019 batis3
1263 980 1380 1023 quibus
1407 981 1559 1015 omnibus
1582 988 1614 1014 et
1638 983 1797 1025 singulis,
1821 988 1868 1016 et-

1131 1033 1220 1065 iamsi
1234 1044 1295 1076 pro
1321 1033 1450 1066 illorum
1469 1035 1637 1068 sufficienti
1654 1035 1867 1078 derogatione

1132 1085 1170 1118 de
1198 1085 1261 1118 illis
1287 1095 1466 1129 eorumque
1501 1088 1577 1119 totis
1604 1089 1772 1122 tenoribus
1797 1100 1868 1132 spe-

1132 1138 1232 1177 cialis,
1253 1138 1412 1182 specifica,
1440 1140 1621 1181 individua,
1644 1152 1680 1174 ac
1704 1142 1743 1175 de
1770 1143 1868 1175 verbo

1133 1192 1170 1224 ad
1196 1192 1349 1231 verbum,
1376 1203 1438 1225 non
1474 1200 1580 1226 autem
1616 1205 1675 1236 per
1706 1196 1867 1229 clausulas

1132 1247 1301 1287 generales
1320 1246 1405 1281 idem
1432 1247 1654 1290 importantes,
1673 1250 1794 1282 mentio
1812 1260 1869 1283 seu

1134 1299 1264 1340 quaevis
1289 1299 1350 1331 alia
1375 1301 1540 1342 expressio
1567 1301 1717 1334 habenda
1741 1308 1796 1334 aut
1813 1303 1870 1336 ali-

1133 1359 1194 1393 qua
1219 1351 1280 1383 alia
1313 1352 1469 1394 exquisita
1502 1353 1605 1386 forma
1637 1354 1675 1386 ad
1706 1354 1769 1388 hoc
1801 1365 1869 1388 ser-

1132 1404 1235 1437 vanda
1251 1404 1341 1441 foret.
1361 1411 1490 1438 tenores
1504 1406 1690 1439 huiusmodi
1704 1434 1711 1447 ,
1731 1418 1767 1440 ac
1785 1409 1809 1439 si
1829 1409 1868 1441 de

1133 1458 1230 1490 verbo
1257 1458 1295 1490 ad
1315 1459 1461 1497 verbum,
1478 1459 1559 1492 nibil
1585 1460 1714 1502 penitus
1738 1461 1868 1501 omisso,

1135 1516 1166 1543 et
1191 1511 1294 1543 forma
1321 1511 1351 1543 in
1378 1512 1442 1544 illis
1473 1513 1591 1549 tradita
1616 1513 1787 1546 observata
1819 1525 1870 1547 ex·

1132 1564 1350 1607 primercntnr
1364 1570 1395 1597 et
1409 1565 1642 1605 insererentur,
1653 1567 1765 1600 iisdem
1781 1578 1871 1611 prae-

1133 1618 1279 1650 sentibus
1313 1625 1373 1661 pro
1409 1620 1506 1662 plene
1537 1624 1569 1651 ct
1593 1619 1791 1653 sufficienter
1816 1631 1870 1654 ex-

1133 1671 1254 1714 pressis
1278 1677 1310 1704 et
1335 1671 1463 1704 insertis
1481 1672 1647 1712 habentes,
1663 1673 1725 1706 illis
1741 1674 1820 1707 alias
1838 1675 1870 1707 in

1134 1735 1190 1757 suo
1215 1725 1333 1757 robore
1359 1726 1590 1768 permansuris,
1611 1727 1649 1759 ad
1675 1727 1872 1770 praemisso-

1134 1788 1204 1810 rum
1229 1778 1398 1819 ellectum,
1425 1779 1540 1811 barum
1566 1779 1661 1820 serie,
1687 1781 1872 1822 specialiter

1134 1836 1163 1863 et
1176 1839 1339 1874 expresse,
1355 1837 1457 1871 motu,
1474 1832 1618 1871 scientia,
1633 1833 1870 1867 deliberatione

1134 1889 1164 1916 et
1189 1885 1358 1927 potestatis
1384 1885 1586 1928 plenitudine
1611 1885 1752 1928 paribus,
1778 1886 1872 1919 dero-

1135 1947 1257 1979 gamus,
1276 1943 1308 1970 et
1328 1938 1521 1979 derogatum
1542 1949 1612 1971 esse
1637 1940 1800 1981 volumus,
1819 1950 1872 1972 ee-

1135 1991 1278 2034 terisque
1303 1991 1472 2024 contrariis
1497 1992 1766 2036 quibuscumque.

1179 2044 1238 2087 §5
1254 2044 1339 2077 Nulli
1353 2054 1430 2087 ergo
1446 2045 1579 2078 omnino
1591 2045 1761 2079 hominum
1777 2047 1874 2080 liceat
1910 2055 1996 2076 summ
2015 2062 2065 2082 110⁶-

1134 2097 1284 2141 paginam
1308 2098 1391 2130 hanc
1411 2103 1594 2130 nostrarum
1617 2084 1944 2142 silppi'essionis,⁰⁰¹'‘’

1136 2150 1354 2190 extinctionis,
1376 2151 1580 2191 remotionis,
1599 2152 1798 2193 abolitionis,
1819 2164 1872 2186 vo-

1136 2203 1284 2244 luntatis,
1309 2204 1474 2243 mandati,
1502 2204 1718 2245 decretorum,
1743 2207 1873 2240 restitu-

1136 2258 1242 2297 tionis,
1268 2256 1499 2297 renovationis,
1521 2257 1803 2300 incorporationis,
1818 2271 1873 2303 ap-

1136 2309 1322 2353 plicationis
1353 2314 1385 2342 et
1418 2309 1640 2352 derogationis
1673 2311 1869 2353 infringere,

1135 2364 1184 2396 vel
1210 2363 1238 2396 ei
1257 2373 1334 2396 ausu
1359 2363 1533 2396 temerario
1558 2363 1737 2404 contraire;
1757 2364 1782 2396 si
1801 2365 1872 2408 quis

1136 2422 1242 2450 autem
1267 2417 1330 2450 hoc
1350 2422 1510 2450 attentare
1532 2418 1801 2461 praesumpserit,
1827 2419 1871 2451 in·

1136 2470 1358 2513 dignationem
1388 2470 1624 2513 omnipotentis
1654 2470 1709 2503 Dei
1735 2481 1771 2503 ac
1795 2471 1872 2503 bea-

1136 2529 1239 2556 torum
1270 2523 1354 2556 Petri
1384 2529 1416 2556 et
1440 2523 1527 2556 Pauli
1552 2525 1774 2567 apostolorum
1801 2523 1870 2556 eius

1134 2587 1167 2610 se
1193 2576 1320 2611 noverit
1342 2576 1562 2610 incursurum.
