2254 3225
185 218 187 221 .
206 246 259 274 An.
280 245 308 275 c.
326 244 390 272 4691
439 235 503 270 222

247 620 343 641 Revocat
367 621 390 642 ut

206 647 228 668 in
242 648 336 669 rubrica.

399 294 510 333 nostri,
525 304 561 327 ac
571 293 743 337 praecipue
757 293 980 337 pauperiores,
996 293 1026 325 in
1045 303 1133 335 quos,

399 347 469 379 eius
495 347 581 390 quod
608 347 725 379 ceteris
760 347 865 389 iisque
896 351 932 378 ut
960 345 1133 388 plurimum

399 399 672 442 locupletioribus
705 409 762 442 per
787 399 1004 432 immunitates
1029 402 1059 429 ct
1084 407 1134 428 ex-

400 452 583 494 emptiones
615 452 799 484 huiusmodi
832 451 1027 489 remittitur,
1055 459 1135 481 onus

386 505 540 537 'derivari
565 515 698 537 necesse
724 510 783 544 est,
798 504 923 548 ingenti
950 503 1067 536 damno
1093 500 1136 532 as-

399 557 552 590 siciuntur
564 557 572 574 ¹
585 568 593 590 ε

444 611 459 653 ἓ
484 610 515 642 2.
541 611 624 643 Hinc
648 615 698 643 est
725 609 810 652 quod
830 619 896 647 nos,
915 607 1067 641 Gamerae
1100 614 1134 637 ac

400 663 667 696 communitatum
700 667 731 694 et
755 661 1000 693 universitatum
1027 657 1137 689 subdi-

400 721 572 758 torumque
591 719 774 747 nostrorum
792 712 1028 755 praedictorum
1047 709 1137 742 inde-

399 767 526 799 mnitati
552 772 584 799 et
605 767 794 803 levamento,
814 769 968 807 quantum
987 772 1058 794 cum
1076 761 1137 793 Do-

399 819 488 852 mino
502 828 683 862 possumus,
703 827 803 859 aeque
821 814 1045 858 principaliter
1062 823 1138 845 con-

401 871 512 903 sulere
530 870 708 913 cupientes,
727 878 761 901 ac
779 868 883 900 felicis
901 865 1136 899 recordationis

400 922 478 956 Sixti
504 923 538 962 V,
565 922 653 954 Pauli
679 921 774 953 etiam
798 920 830 958 V,
854 918 974 951 Urbani
998 918 1071 957 vlu,
1090 917 1138 949 In-

400 974 544 1007 nocentii
562 974 598 1014 X,
622 972 795 1006 Alexandri
812 971 874 1011 Vll,
898 970 1071 1004 Clementis
1087 971 1136 1011 lx,

402 1028 574 1061 Clementis
600 1027 637 1066 X,
672 1024 850 1057 Innocentii
876 1023 915 1056 XI
946 1033 982 1055 ac
1006 1024 1139 1056 Alexan—

402 1079 449 1113 dri
476 1079 548 1118 vlu,
574 1078 775 1119 aliorumque
792 1077 1012 1109 Romanorum
1030 1074 1139 1108 Ponti-

400 1132 497 1165 ficum
532 1132 820 1175 praedecessorum
857 1134 1052 1168 nostrorum,
1083 1127 1138 1170 qui

401 1185 652 1218 constitutiones
671 1183 826 1215 similium
844 1182 1088 1223 exemptionum
1109 1185 1141 1212 et

400 1236 641 1269 immunitatum
680 1234 899 1267 revocatorias
939 1233 1140 1276 ediderunt,

400 1289 545 1332 vestigiis
580 1289 809 1327 inhaerentes,
835 1297 964 1320 necnon
990 1297 1141 1329 quarum-

402 1352 538 1384 cumque
563 1340 819 1379 concessionum,
846 1339 1084 1371 immunitatum
1110 1343 1142 1370 et

403 1394 644 1436 exemptionum
671 1392 867 1431 huiusmodi,
890 1392 1139 1433 litterarumque

403 1447 657 1490 apostolicarum
681 1447 740 1479 sul)
764 1445 898 1489 plumbo
927 1455 962 1477 ac
987 1445 1019 1476 in
1044 1444 1140 1476 simili

404 1500 507 1531 forma
532 1499 658 1538 Brevis,
692 1499 882 1531 cedularum
908 1497 1141 1539 motusproprii

403 1558 435 1584 et
448 1552 743 1594 chirographorum
760 1550 899 1583 cuiusvis
912 1549 1045 1582 Romani
1063 1549 1143 1581 Pon-

404 1604 498 1636 tificis
524 1603 784 1646 praedecessoris
817 1603 919 1635 nostri
945 1612 1042 1634 manu
1067 1602 1142 1634 sub-

404 1657 615 1699 scriptorum,
652 1667 688 1688 ac
723 1656 857 1688 aliarum
893 1655 1074 1688 litterarum
1111 1659 1142 1687 et

405 1709 637 1751 scripturarum
663 1708 803 1751 desuper
833 1708 1080 1750 quomodolibet
1111 1717 1143 1739 e-

405 1767 607 1793 manatarum
631 1762 821 1804 pluriesque
851 1761 948 1793 etiam
979 1760 1144 1793 confirma-

405 1820 512 1846 tarum
537 1819 666 1847 tenores
696 1814 791 1846 etiam
824 1814 967 1846 veriores
992 1818 1024 1846 et
1054 1814 1143 1845 datas

407 1878 443 1898 ac
466 1867 662 1905 occasiones,
688 1872 720 1899 et
743 1867 805 1899 alia
830 1866 927 1898 etiam
951 1866 1085 1909 speciali
1109 1876 1144 1897 ac

407 1919 573 1951 individua
597 1919 808 1961 expressione
834 1918 943 1960 digna,
967 1918 1145 1960 praesenti-

406 1973 467 2005 bus
494 1982 552 2014 pro
576 1973 674 2015 plene
696 1977 728 2004 et
757 1972 956 2004 sufficienter
983 1971 1144 2014 expressis

408 2031 440 2057 et
457 2025 614 2057 verbatim
633 2024 764 2057 insertis
778 2025 955 2067 respective
973 2024 1142 2062 habentes,

408 2083 498 2110 motu
523 2078 666 2121 proprio,
692 2088 757 2110 non
778 2078 817 2109 ad
841 2077 1027 2120 cuiusquam
1052 2076 1145 2109 nobis

409 2141 505 2173 super
530 2131 592 2163 hoc
617 2131 745 2163 oblatae
766 2130 934 2173 petitionis
950 2129 1144 2168 instantiam,

410 2184 468 2215 sed
494 2193 529 2215 ex
552 2185 639 2216 certa
663 2183 799 2216 scientia
820 2189 851 2216 et
875 2185 1000 2215 matura
1025 2182 1148 2215 delibe-

410 2235 534 2267 ratione
559 2236 689 2275 nostris,
709 2236 815 2278 deque
840 2235 1038 2278 apostolicae
1055 2240 1146 2277 pote-

411 2289 503 2320 statis
522 2289 736 2330 plenitudiue,
756 2289 816 2321 liae
833 2290 944 2321 nostra
969 2287 1147 2331 perpetua⁴²

411 2341 544 2373 valitura
578 2341 807 2373 constitutione
843 2351 955 2374 omnes
992 2346 1024 2373 et
1055 2350 1148 2383 quas-

413 2403 550 2435 cumque
576 2395 797 2447 exemptionqp
832 2400 864 2427 et
886 2393 1105 2426 immunitates
1131 2404 1149 2426 a

413 2446 572 2478 solutione
612 2446 748 2479 subsidii
781 2447 979 2486 triennalis,
1020 2456 1147 2479 necnon

414 2499 518 2541 quarti
546 2499 592 2531 illi
618 2500 772 2540 adiuncti,
796 2505 951 2539 taxarum,
982 2509 1147 2543 equorum,

450 2568 460 2593 1
483 2566 577 2601 Aptius
596 2567 656 2602 lege
674 2569 841 2603 efficiantur
859 2569 899 2604 (n.
920 2569 967 2603 τ.).

449 2609 465 2636 2
484 2611 585 2637 Forsan
605 2615 737 2646 perpetuo
758 2613 793 2648 (u.
810 2613 857 2648 r).

973 244 1150 268 emmaum
1175 242 1327 266 ROMANUM

1178 291 1360 327 tallearum,
1387 296 1553 327 censuum,
1570 286 1713 326 archivii,
1733 286 1912 329 fogliettae,

1179 340 1366 378 triremium,
1394 339 1593 378 utensilium,
1623 339 1833 379 dohanarum,
1860 349 1914 382 ga-

1179 393 1335 425 bellarum
1362 401 1646 435 quarumcumque,
1681 397 1770 425 taxae
1803 398 1914 435 portus

1179 446 1339 483 Anconae,
1358 443 1590 486 quatrinorum,
1614 449 1795 480 tractarum.
1820 446 1915 488 peda-

1179 498 1315 539 giorum,
1329 496 1544 538 vectigalium,
1563 497 1772 529 collectarum
1790 503 1822 530 et
1839 509 1915 541 quo-

1179 550 1331 582 rumlibet
1354 549 1490 582 aliorum
1517 559 1652 581 onerum
1678 554 1710 582 et
1730 560 1913 591 munerum,

1179 602 1411 645 personalium,
1436 602 1572 634 realium
1597 607 1629 634 et
1653 602 1837 642 mixtorum,
1863 613 1915 636 or-

1180 654 1377 686 dinariorum
1415 658 1446 686 et
1475 654 1815 695 extraordinariorum,
1840 656 1916 688 soli-

1181 713 1285 739 torum
1311 711 1342 739 et
1362 706 1580 745 insolitorum,
1605 707 1810 740 cameraliurn
1837 718 1917 751 quo-

1181 769 1400 801 rumcumque,
1426 769 1461 791 ac
1486 759 1581 791 etiam
1614 769 1725 791 eorum
1752 770 1834 802 quae
1858 770 1917 803 per

1180 811 1425 844 communitates
1444 817 1474 843 et
1487 811 1711 844 universitates
1729 812 1850 845 directe
1868 813 1917 845 vel

1180 863 1340 896 indirecte
1357 873 1417 906 pro
1443 864 1630 896 eorumdem
1654 874 1790 897 onerum
1815 875 1918 898 came-

1182 917 1296 949 ralium
1314 917 1476 949 solutione
1506 917 1779 960 publicorumque
1808 928 1919 950 mune-

1181 979 1250 1001 rum
1264 968 1517 1012 supportatione,
1529 980 1563 1001 ac
1578 979 1636 1011 pro
1650 969 1707 1002 viis
1720 975 1751 1002 et
1764 971 1918 1012 pontibus

1181 1022 1417 1061 construendiS,
1439 1022 1666 1062 instaurandis,
1684 1023 1869 1055 muniendis
1888 1029 1920 1056 et

1181 1075 1450 1114 manutenendis,
1487 1075 1623 1117 aliisque
1660 1075 1850 1117 indigentiis
1887 1081 1919 1108 et

1182 1128 1295 1160 usibus
1310 1127 1565 1170 quibuscumque
1582 1133 1644 1159 tam
1659 1127 1810 1161 Gamerae
1824 1139 1918 1170 quam

1182 1180 1448 1212 communitatum
1473 1185 1502 1212 et
1528 1180 1774 1213 universitatum
1793 1181 1921 1223 praedi-

1183 1239 1316 1270 ctarum,
1343 1243 1397 1264 seu
1430 1231 1515 1271 alias,
1546 1231 1667 1264 indicta
1692 1238 1724 1265 et
1758 1233 1920 1275 imposita,

1183 1297 1218 1318 ac
1239 1286 1323 1328 erigi
1348 1285 1445 1317 solita
1470 1290 1553 1324 sunt,
1578 1295 1707 1318 necnon
1732 1286 1772 1318 ab
1798 1286 1922 1327 obliga-

1184 1339 1272 1371 tione
1300 1338 1479 1381 rccipiendi
1512 1343 1544 1369 et
1579 1337 1766 1380 hospitandi
1801 1339 1920 1371 milites

1184 1397 1215 1423 et
1232 1391 1324 1424 Sedis
1349 1390 1533 1433 praedictae
1551 1390 1715 1431 officiales,
1732 1391 1918 1433 barigellos,

1184 1449 1382 1483 executores,
1409 1443 1553 1485 aliosque
1579 1442 1719 1475 iustitiae
1745 1443 1919 1482 ministros,

1184 1497 1294 1538 cisque
1318 1495 1471 1528 utensilia
1496 1501 1528 1527 et
1552 1495 1614 1528 alia
1644 1495 1828 1527 necessaria
1852 1496 1922 1527 sub-

1183 1547 1396 1587 ministrandi,
1407 1558 1464 1590 per
1476 1547 1638 1579 Romanos
1650 1547 1820 1579 Pontifices
1834 1557 1922 1590 prae-

1184 1601 1375 1633 decessores
1399 1605 1528 1632 nostros
1564 1610 1600 1631 ac
1631 1599 1777 1632 eamdem
1803 1598 1921 1631 Sedem

1186 1653 1452 1696 Apostolicam,et
1468 1653 1597 1695 quosvis
1615 1652 1705 1685 Sedis
1722 1658 1753 1685 et
1770 1652 1920 1685 Gamerae

1185 1706 1422 1749 praedictarum
1448 1706 1602 1738 officiales
1619 1710 1651 1737 et
1666 1705 1831 1737 ministros
1849 1714 1922 1747 qua-

1185 1769 1321 1801 cumque
1346 1757 1535 1790 auctoritate
1562 1763 1594 1790 et
1609 1762 1770 1800 potestate
1789 1757 1923 1799 fungen-

1186 1816 1312 1854 gentes,
1339 1811 1433 1843 etiam
1458 1810 1489 1842 S.
1510 1810 1543 1843 R.
1561 1809 1593 1842 E.
1612 1809 1801 1849 cardinales,
1827 1809 1921 1842 etiam

1187 1865 1225 1897 ‹le
1250 1865 1351 1896 latere
1376 1865 1509 1905 legatos,
1528 1863 1624 1895 ctiam
1646 1862 1850 1903 camerarios,
1876 1872 1923 1895 ce-

1188 1924 1338 1960 terosque
1364 1917 1459 1949 etiam
1484 1915 1616 1959 speciali
1641 1918 1718 1948 nota
1748 1920 1779 1948 et
1796 1924 1923 1958 expres-

1187 1971 1280 2003 sione
1302 1970 1416 2012 dignos
1445 1980 1480 2001 ac
1505 1969 1680 2011 specialem
1706 1969 1744 2000 ad
1770 1968 1802 2001 id
1827 1968 1924 2000 sacul-

1189 2030 1284 2056 tatem
1306 2024 1471 2062 habentes,
1497 2021 1664 2063 quibusvis
1689 2021 1925 2054 communitati—

1187 2077 1247 2109 bus
1269 2082 1302 2109 et
1316 2075 1588 2113 universitatibus,
1607 2073 1797 2113 civitatibus,
1817 2074 1923 2111 terris,

1188 2129 1317 2172 oppidis
1331 2133 1361 2161 et
1376 2128 1455 2161 locis
1471 2127 1602 2160 ditionis
1617 2125 1802 2169 temporalis
1819 2125 1922 2158 S.R.E.

1189 2182 1383 2224 praedictae,
1402 2191 1438 2213 ac
1458 2180 1554 2213 etiam
1579 2179 1837 2222 quibuscumque
1863 2179 1926 2211 seu-

1190 2234 1334 2273 datariis,
1369 2232 1557 2271 censuariis,
1593 2231 1733 2264 dominis
1769 2233 1924 2271 locorum,

1191 2286 1318 2319 familiis
1342 2286 1516 2324 nobilibus,
1534 2284 1722 2323 baronibus,
1744 2284 1924 2321 comitibus,

1166 2339 1443 2378 ¹marchionibus,
1469 2339 1614 2375 ducibus,
1635 2343 1666 2369 et
1691 2337 1761 2370 aliis
1785 2337 1925 2368 cuiusvis

1190 2398 1302 2432 status,
1325 2393 1458 2434 gradus,
1484 2391 1680 2424 conditionis
1714 2395 1745 2423 et
1768 2389 1927 2432 praeemi-

1191 2445 1318 2478 nentiae
1340 2444 1564 2483 existentibus,
1582 2454 1619 2475 ac
1636 2442 1747 2485 quavis
1768 2441 1926 2484 dignitate

1192 2498 1287 2531 etiam
1313 2496 1535 2530 ecclesiastica
1562 2500 1594 2528 et
1618 2494 1814 2527 auctoritate
1835 2503 1928 2535 prae-

1192 2551 1277 2588 ditis,
1292 2550 1388 2583 etiam
1413 2549 1630 2581 cardinalatus
1655 2547 1781 2579 honore
1807 2547 1929 2588 fulgen-

1193 2603 1291 2645 tibus,
1315 2602 1369 2646 qui
1395 2607 1498 2635 castra
1522 2606 1555 2634 et
1578 2599 1819 2634 iurisdictiones
1843 2599 1929 2632 intra

1913 238 1966 266 An.
1988 238 2017 266 C.
2035 239 2099 267 1691
