2227 3225
135 218 178 241 tiz.
194 215 223 240 C.
250 215 314 241 ltO‘Z

205 1541 320 1567 nerogatio

137 1569 298 1591 contrariorum.

910 212 1116 235 txxotttffiwvs
1141 211 1185 233 ΧΠ
1209 210 1257 234 PP.

322 261 439 302 notari,
463 261 658 304 impugnari,
684 260 835 302 infringi,
870 260 902 292 in
933 265 1056 292 contro-

321 315 457 348 versiam
482 314 638 354 revocari,
664 314 703 347 ad
729 313 886 346 terminos
913 313 989 346 iuris
1009 323 1057 345 re-

322 368 404 407 duci,
430 377 489 400 seu
513 366 666 400 adversus
684 368 756 400 illas
774 366 963 410 aperitiouis
981 366 1056 406 oris,

321 421 536 454 restitutionis
561 421 594 454 in
620 421 781 463 integrum
806 420 931 453 aliudve
958 419 1058 462 quod-

322 484 461 517 cumque
477 473 569 514 iuris,
586 474 658 506 facti
676 474 725 506 vel
743 472 863 516 gratiae
878 471 1058 505 remedium

322 526 473 560 intentari
498 527 548 560 vel
566 518 734 570 impetrari*
749 526 933 558 nullatenus
952 534 1059 567 posse,

324 579 381 612 sed
406 589 539 622 semper
563 583 595 612 et
615 584 774 622 perpetuo
795 578 926 617 validas,
952 576 1059 609 sirmas

325 638 357 666 et
391 631 538 665 efficaces
577 632 717 665 existere
742 637 773 664 et
809 631 892 670 sore,
920 639 1058 673 suosque

324 685 492 728 plenarios
517 690 548 718 et
572 685 717 727 integros
743 683 875 717 etl‘eetus
904 683 1012 716 sortiri
1030 688 1059 715 et

326 738 476 772 obtinere
491 738 622 779 debere,
640 743 673 771 et
692 738 730 770 ab
747 737 908 777 omnibus,
924 737 961 769 ad
980 746 1060 779 quos

326 796 452 835 spectat
477 797 508 824 et
532 802 591 834 pro
617 796 763 834 tempore
789 790 1059 833 quandocumque

327 844 504 889 spectabit,
529 844 760 878 inviolabiliter
785 843 966 881 observari,
993 842 1058 882 sie,

328 903 359 931 et
384 908 451 931 non
475 897 580 937 aliter,
606 907 665 941 per
690 906 914 940 quoscumque
939 895 1059 927 indices

327 951 510 984 ordinarios
531 955 562 983 et
583 950 765 992 delegatos,
790 949 898 992 quavis
924 947 1060 980 auctori-

327 1009 402 1045 tate,
428 1003 699 1047 praeeminentia,
727 1008 780 1035 aut
808 1006 965 1045 potestate
994 1000 1062 1033 sun-

328 1063 442 1100 gentes
479 1061 511 1090 et
546 1056 734 1095 suncini-os,
761 1055 856 1087 ctiam
892 1064 1059 1086 causarum

328 1109 439 1153 palatii
464 1109 633 1153 apostolici
655 1110 837 1145 auditores,
858 1112 888 1139 ct
908 1107 937 1139 S.
962 1107 998 1139 R.
1024 1105 1059 1138 E.

329 1163 518 1201 cardinales,
537 1162 633 1195 etiam
657 1162 695 1194 de
717 1161 815 1194 latere
837 1161 970 1202 legatos,
991 1158 1062 1191 sub-

330 1217 393 1248 lata
417 1216 462 1248 eis
488 1220 650 1248 eteorum
675 1213 805 1247 cuilibet
833 1213 944 1256 quavis
970 1211 1063 1244 aliter

329 1267 494 1301 iudicandi
516 1272 547 1300 et
568 1266 803 1310 interpretandi
823 1266 973 1298 facultate
987 1292 994 1305 ,
1019 1265 1062 1297 iu—

330 1321 428 1355 dicari
453 1326 485 1354 et
509 1320 637 1353 deliniri
669 1319 810 1359 dehere,
837 1319 962 1351 irritum
989 1328 1063 1361 quo-

330 1384 394 1418 que
419 1379 450 1407 et
467 1374 574 1413 inane,
595 1371 620 1405 si
638 1382 730 1405 secus
749 1381 848 1414 super
872 1371 922 1403 liis
947 1382 963 1403 a
990 1380 1065 1413 quo-

330 1438 427 1471 quam
443 1453 450 1467 ,
482 1425 594 1470 quavis
620 1424 824 1465 auctoritate,
849 1423 991 1457 scienter
1014 1425 1063 1457 vel

330 1480 532 1523 ignoranter,
559 1478 730 1521 contigerit
754 1477 918 1510 attentari.

374 1533 467 1577 511.
503 1533 574 1566 Non
610 1531 811 1565 obstantibus
845 1531 997 1564 omnibus
1033 1537 1064 1564 et

330 1586 467 1630 singulis
492 1585 697 1629 praemissis,
725 1589 774 1626 et,
800 1589 957 1627 quatenus
982 1594 1063 1627 opus

330 1640 379 1679 sit,
405 1641 516 1672 nostra
540 1644 571 1672 et
607 1637 827 1672 Cancellariae
857 1637 1063 1681 Apostolicae

331 1693 443 1735 regul-:1
466 1692 506 1725 de
530 1691 599 1724 inre
635 1691 782 1735 quaesito
808 1701 872 1724 non
906 1691 1061 1731 tollendo,

331 1751 363 1779 et
378 1745 510 1789 pariter,
525 1750 685 1788 quatenus
701 1755 783 1788 opus
801 1744 853 1785 sit,
870 1746 1062 1778 recolendae

330 1798 505 1832 memoriae
529 1797 575 1830 Pii
601 1798 706 1840 Papae
730 1797 766 1830 IV
791 1797 939 1831 similiter
971 1808 1063 1841 prae—

331 1851 514 1886 decessoris
537 1851 640 1884 nostri
665 1851 703 1884 de
735 1850 844 1893 gratiis
871 1852 1060 1894 qualecum-

331 1917 394 1950 que
418 1905 575 1938 interesse
600 1904 751 1938 Camcrae
769 1905 973 1948 Apostolicae
991 1915 1063 1938 con-

330 1958 536 1993 cernentibus
561 1957 596 1990 in
621 1957 705 1990 dicta
729 1957 861 1990 Camerti
886 1958 970 1991 intra
998 1969 1063 1991 eer-

330 2018 396 2046 tum
429 2011 510 2045 inibi
544 2011 779 2054 praescriptum
811 2017 936 2054 tempus
972 2022 1064 2054 prae-

329 2065 496 2099 sentandis
508 2063 772 2107 etregistrandis‚
785 2064 865 2097 itaut
876 2070 1063 2107 praesentes

330 2119 363 2151 in
381 2119 418 2152 ea
441 2117 645 2162 praesentari
664 2122 694 2150 et
712 2117 879 2160 registrari
899 2118 988 2150 nullo
1007 2128 1064 2150 un-

329 2183 425 2216 quam
449 2176 594 2214 tempore
623 2171 673 2204 vel
698 2171 793 2204 modo
830 2181 966 2203 necesse
1002 2170 1061 2211 sit,

328 2235 460 2259 necnon
495 2224 566 2258 aliis
601 2224 886 2257 constitutionibus
922 2229 953 2256 et
979 2224 1064 2257 ordi-

328 2278 513 2312 nationibus
539 2277 738 2321 apostolicis,
757 2287 793 2310 ac
812 2277 905 2310 Urbis
924 2283 1062 2319 nostrae,

330 2333 554 2374 dictarumque
590 2330 817 2372 ecclesiarum,
854 2331 1063 2374 omniumque

331 2390 362 2419 et
378 2385 582 2428 singulorum
607 2383 869 2427 supradictorum
888 2383 1062 2426 quibusvis,

331 2438 440 2482 (etiam
464 2438 647 2470 iuramento
673 2437 721 2469 vel
758 2436 836 2469 alias
873 2436 983 2479 quavis
1012 2436 1065 2469 sn·-

330 2491 460 2531 mitate‚
496 2491 554 2524 sub
590 2490 851 2534 quibuscumque
887 2490 1062 2523 verborum

331 2543 515 2584 tenoribus,
543 2543 671 2584 formis,
700 2543 872 2583 clausulis,
907 2543 1064 2584 decretis,

331 2597 468 2640 aliisque
492 2597 685 2641 supradictis
702 2596 734 2629 in
753 2597 952 2630 contrarium
973 2607 1065 2640 prae-

402 2659 482 2687 Buzl.
503 2660 586 2688 Rom.
608 2676 639 2681 —-
662 2660 722 2689 Vol.
742 2660 802 2688 XX.
945 2660 978 2687 59

1733 202 1796 234 lif-5

1101 259 1269 291 missorum
1283 259 1454 298 roboratis,
1466 269 1521 291 seu
1537 259 1732 292 confirmatis
1747 266 1776 293 et
1791 260 1833 292 in-

1102 311 1237 353 novatis)
1255 311 1389 351 statutis,
1417 321 1451 344 ac
1469 311 1588 351 usibus,
1607 313 1696 354 stylis
1714 318 1745 344 et
1761 323 1834 345 con-

1101 364 1346 404 suetudinibus,
1374 364 1469 397 etiam
1502 364 1832 404 immemorabiliffirs,

1101 416 1216 460 quibus
1241 417 1380 461 pariter,
1406 417 1518 456 modo,
1547 417 1646 450 fornia
1667 422 1698 449 ct
1722 422 1834 449 tenore

1102 469 1296 512 praemissis,
1313 470 1350 502 ad
1365 470 1514 502 effectum
1529 470 1758 513 praesentium,
1772 470 1836 503 illis

1102 522 1179 555 alias
1209 522 1242 555 in
1267 533 1323 555 suo
1355 523 1474 556 robore
1507 523 1743 566 permansuris,
1771 533 1836 554 aiu-

1103 575 1259 619 plissime,
1278 582 1311 608 ut
1336 576 1533 619 praefertur,
1553 576 1764 618 detegi-unus,
1784 585 1836 607 ce-

1104 629 1246 672 terisque
1271 629 1442 662 contrariis
1466 629 1736 672 quibuscumque.

1146 682 1238 725 512.
1275 682 1359 715 Nulli
1392 692 1470 724 ergo
1507 682 1640 715 omnino
1666 681 1836 714 hominum

1102 735 1195 767 liceat
1213 735 1363 778 paginam
1380 735 1465 767 lianc
1484 739 1669 767 nostrarum
1687 744 1838 777 suppres-

1104 787 1219 829 sionis,
1245 788 1449 828 abolitionis,
1476 787 1716 830 abrogationis‚
1743 787 1838 819 redu-

1103 840 1257 880 monum,
1278 840 1533 883 derogationum,
1549 840 1735 878 voluntatis,
1751 849 1838 871 man-

1103 893 1177 932 dati,
1205 893 1436 926 declarationis
1462 898 1493 926 et
1517 893 1639 926 decreti
1660 893 1839 934 infringere

1102 948 1151 979 vel
1173 946 1218 979 cis
1236 957 1312 979 ausu
1334 946 1505 979 temerario
1524 946 1700 986 contraire,
1723 945 1748 977 si
1768 945 1839 988 quis

1103 1005 1211 1033 autem
1237 1000 1299 1032 hoc
1325 1005 1483 1032 attentare
1508 999 1772 1043 praesumpserit,
1791 998 1839 1031 in-

1104 1053 1325 1095 dignationem
1349 1053 1584 1095 omnipotentis
1615 1051 1670 1084 Dei
1700 1061 1736 1084 ac
1760 1051 1836 1084 bea-

1105 1111 1209 1139 torum
1234 1106 1317 1138 Petri
1343 1111 1375 1138 ct
1398 1106 1490 1138 Pauli
1521 1107 1745 1149 apostolorum
1770 1105 1839 1138 eius

1104 1169 1138 1192 se
1163 1159 1290 1191 noverit
1314 1159 1529 1191 incursurum.

1148 1211 1260 1244 Datum
1282 1212 1413 1251 Romae,
1446 1213 1531 1255 apud
1563 1212 1593 1245 S.
1622 1211 1754 1244 Mariam
1779 1211 1841 1244 Ma-

1106 1264 1224 1305 iorem,
1269 1275 1353 1297 anno
1396 1265 1630 1298 lncarnationis
1659 1264 1840 1298 dominicae

1106 1327 1246 1357 uncxcn,
1262 1317 1313 1350 die
1330 1327 1394 1350 xvn
1411 1317 1613 1360 septembris,
1631 1316 1839 1361 pontificatus

1106 1371 1208 1404 nostri
1235 1381 1320 1404 anno
1346 1381 1380 1404 11.

1141 1432 1201 1460 Dat.
1219 1432 1263 1460 die
1281 1434 1310 1460 17
1326 1432 1490 1468 septembris
1512 1432 1590 1465 1692,
1612 1432 1707 1468 pontis.
1727 1440 1797 1460 auno
1812 1439 1840 1460 u.

1841 212 1888 238 An.
1909 212 1936 237 C.
1958 211 2025 238 1⁶92>

1873 691 1959 711 Sanctio
1979 696 2027 717 poe-

1847 718 1907 738 natis.

1406 1572 1486 1582 ......

1107 1620 1302 1654 [intenditur
1325 1620 1474 1652 senarius
1497 1630 1651 1653 numerus
1671 1622 1843 1664 mayv'slro-

1150 1684 1224 1706 rum
1248 1675 1386 1717 fratrum
1419 1674 1629 1706 eremitarum
1662 1674 1695 1707 S.
1728 1674 1843 1717 Anyti-

1149 1727 1230 1759 sez'nz'
1258 1727 1446 1760 fllexicatzae
1474 1727 1662 1770 provinciae
1692 1727 1734 1760 ad
1764 1727 1842 1760 duo·

1149 1779 1354 1814 denarium¹.

1291 1850 1489 1878 Innocentius
1511 1851 1590 1884 Papa
1610 1851 1660 1878 XII

1246 1895 1282 1923 ad
1302 1895 1435 1922 futuram
1453 1895 1498 1922 rei
1516 1895 1699 1922 memoriam.

1149 1958 1212 2002 §¹1.
1232 1957 1319 1997 Cum,
1337 1958 1419 1990 sicut
1440 1957 1549 1990 dilecti
1574 1956 1631 1990 filii
1656 1958 1748 2000 prior
1771 1969 1841 2002 pro·
1851 1963 1978 2016 gigffiffis
1989 1968 2034 2012 133¹-

1105 2011 1250 2045 vincialis
1276 2016 1308 2044 et
1333 2010 1517 2044 definitores
1536 2011 1719 2053 provinciae
1745 2012 1906 2065 alexi-045¹?
1923 2018 1960 2038 s⁰¹¹
1977 2024 2034 2038 ΗΑ·

1106 2075 1204 2098 canae
1229 2065 1262 2097 in
1296 2064 1394 2096 indiis
1419 2063 1678 2096 Occidentalibus
1712 2046 2033 2099 ΟΓᾶίῐιίεῘῗιιυὲιῖιιενῗῃοΓὲΙιι

1106 2119 1238 2150 fratrum
1256 2117 1463 2150 eremitarum
1480 2116 1580 2149 sancti
1598 2117 1766 2159 Augustini
1786 2129 1841 2151 no-

1106 2171 1154 2204 bis
1192 2181 1298 2214 nuper
1323 2169 1439 2214 exponi
1474 2170 1630 2210 fecerunt,
1665 2171 1842 2214 capitulum

1107 2225 1258 2268 generale
1284 2224 1360 2256 dicti
1396 2223 1537 2264 Ordinis,
1563 2234 1648 2256 anno
1674 2234 1842 2259 unetxxxv

1107 2278 1140 2311 in
1164 2278 1247 2310 alma
1270 2276 1355 2310 Urbe
1380 2278 1490 2309 nostra
1514 2276 1729 2318 celebratum,
1748 2288 1841 2311 sena-

1106 2331 1189 2363 rium
1203 2330 1429 2373 magistrorum
1444 2339 1612 2362 numerum
1627 2330 1660 2362 in
1674 2331 1842 2374 provincia

1106 2383 1291 2428 praedicta,
1312 2383 1527 2417 benedicente
1548 2383 1683 2417 Domino
1704 2386 1841 2418 multum

1143 2472 1153 2498 1
1177 2471 1252 2498 Idem
1271 2471 1370 2498 factum
1390 2471 1488 2506 legitur
1508 2479 1556 2506 pro
1576 2471 1716 2505 provincia
1737 2471 1843 2499 Baetica

1106 2517 1134 2543 in
1150 2520 1235 2543 const.
1252 2516 1295 2543 ed.
1312 2523 1435 2548 MDCXCH,
1456 2516 1501 2542 die
1517 2516 1532 2542 ⁹2
1548 2516 1688 2545 februarii,
1706 2516 1797 2550 pontif.
1817 2523 1839 2548 13

1107 2561 1172 2588 etin
1188 2560 1335 2588 Clementis
1350 2559 1380 2586 XI
1398 2565 1484 2586 const.
1502 2561 1544 2587 ed.
1561 2568 1657 2595 mnrcx,
1671 2560 1712 2587 die
1724 2561 1757 2586 2⁶»
1769 2560 1841 2593 maii,

1108 2605 1203 2642 pontif,
1224 2614 1248 2640 x,
1264 2614 1313 2640 pro
1334 2605 1471 2641 proxincist
1492 2604 1628 2631 (Iliitieusi.
