<?xml version="1.0" encoding="UTF-8"?>
<!DOCTYPE html PUBLIC "-//W3C//DTD XHTML 1.0 Transitional//EN"
    "http://www.w3.org/TR/xhtml1/DTD/xhtml1-transitional.dtd">
<html xmlns="http://www.w3.org/1999/xhtml" xml:lang="en" lang="en">
 <head>
  <title>
</title>
<meta http-equiv="Content-Type" content="text/html;charset=utf-8" />
  <meta name='ocr-system' content='tesseract 3.04.00' />
  <meta name='ocr-capabilities' content='ocr_page ocr_carea ocr_par ocr_line ocrx_word'/>
</head>
<body>
  <div class='ocr_page' id='page_1' title='image "./bullarumdiplomat20cath_0674.png"; bbox 0 0 2254 3225; ppageno 0'>
   <div class='ocr_carea' id='block_1_1' title="bbox 265 240 561 276">
    <p class='ocr_par' dir='ltr' id='par_1_1' title="bbox 265 240 561 276">
     <span class='ocr_line' id='line_1_1' title="bbox 265 240 561 276; baseline -0.007 -3"><span class='ocrx_word' id='word_1_1' title='bbox 265 247 312 276; x_wconf 54' lang='lat' dir='ltr'>Aa.</span> <span class='ocrx_word' id='word_1_2' title='bbox 334 247 363 274; x_wconf 84' lang='lat' dir='ltr'>C.</span> <span class='ocrx_word' id='word_1_3' title='bbox 388 247 452 274; x_wconf 72' lang='lat' dir='ltr'>teet</span> <span class='ocrx_word' id='word_1_4' title='bbox 498 240 561 272; x_wconf 65' lang='grc'>000</span> 
     </span>
    </p>
   </div>
   <div class='ocr_carea' id='block_1_2' title="bbox 264 2474 447 2630">
    <p class='ocr_par' dir='ltr' id='par_1_2' title="bbox 264 2474 447 2630">
     <span class='ocr_line' id='line_1_2' title="bbox 291 2474 447 2495; baseline 0 -2"><span class='ocrx_word' id='word_1_5' title='bbox 291 2474 348 2494; x_wconf 72' lang='lat' dir='ltr'>Salis</span> <span class='ocrx_word' id='word_1_6' title='bbox 372 2479 447 2495; x_wconf 79' lang='lat' dir='ltr'>conve-</span> 
     </span>
     <span class='ocr_line' id='line_1_3' title="bbox 265 2501 447 2526; baseline 0.011 -7"><span class='ocrx_word' id='word_1_7' title='bbox 265 2501 370 2520; x_wconf 55' lang='lat' dir='ltr'>mentihus</span> <span class='ocrx_word' id='word_1_8' title='bbox 399 2506 447 2526; x_wconf 76' lang='lat' dir='ltr'>pro·</span> 
     </span>
     <span class='ocr_line' id='line_1_4' title="bbox 265 2528 446 2546; baseline 0.006 -1"><span class='ocrx_word' id='word_1_9' title='bbox 265 2528 381 2546; x_wconf 65' lang='lat' dir='ltr'>tvi-turibus</span> <span class='ocrx_word' id='word_1_10' title='bbox 427 2528 446 2546; x_wconf 83' lang='lat' dir='ltr'>et</span> 
     </span>
     <span class='ocr_line' id='line_1_5' title="bbox 269 2553 447 2572; baseline 0 0"><span class='ocrx_word' id='word_1_11' title='bbox 269 2553 375 2572; x_wconf 56' lang='lat' dir='ltr'>mentibu&lt;</span> <span class='ocrx_word' id='word_1_12' title='bbox 399 2558 447 2572; x_wconf 77' lang='lat' dir='ltr'>can·</span> 
     </span>
     <span class='ocr_line' id='line_1_6' title="bbox 264 2579 447 2599; baseline 0 -2"><span class='ocrx_word' id='word_1_13' title='bbox 264 2580 346 2598; x_wconf 51' lang='lat' dir='ltr'>«autum</span> <span class='ocrx_word' id='word_1_14' title='bbox 360 2579 447 2599; x_wconf 60' lang='lat' dir='ltr'>saculi-is</span> 
     </span>
     <span class='ocr_line' id='line_1_7' title="bbox 265 2606 363 2630; baseline 0.01 -6"><span class='ocrx_word' id='word_1_15' title='bbox 265 2606 363 2630; x_wconf 72' lang='lat' dir='ltr'>eligendi.</span> 
     </span>
    </p>
   </div>
   <div class='ocr_carea' id='block_1_3' title="bbox 454 296 1195 2613">
    <p class='ocr_par' dir='ltr' id='par_1_3' title="bbox 454 296 1194 2455">
     <span class='ocr_line' id='line_1_8' title="bbox 456 296 1191 341; baseline 0 -13"><span class='ocrx_word' id='word_1_16' title='bbox 456 296 607 330; x_wconf 86' lang='lat' dir='ltr'>humanis</span> <span class='ocrx_word' id='word_1_17' title='bbox 623 297 824 341; x_wconf 81' lang='lat' dir='ltr'><strong>respectibus</strong></span> <span class='ocrx_word' id='word_1_18' title='bbox 841 297 1059 341; x_wconf 76' lang='lat' dir='ltr'>undequaque</span> <span class='ocrx_word' id='word_1_19' title='bbox 1077 296 1191 329; x_wconf 88' lang='lat' dir='ltr'>immu-</span> 
     </span>
     <span class='ocr_line' id='line_1_9' title="bbox 456 348 1192 384; baseline 0.001 -1"><span class='ocrx_word' id='word_1_20' title='bbox 456 361 530 384; x_wconf 86' lang='lat' dir='ltr'>nem</span> <span class='ocrx_word' id='word_1_21' title='bbox 561 356 594 384; x_wconf 91' lang='lat' dir='ltr'>et</span> <span class='ocrx_word' id='word_1_22' title='bbox 623 355 843 384; x_wconf 85' lang='lat' dir='ltr'>sacrosantam</span> <span class='ocrx_word' id='word_1_23' title='bbox 875 348 1060 384; x_wconf 84' lang='lat' dir='ltr'>libertatem</span> <span class='ocrx_word' id='word_1_24' title='bbox 1090 351 1123 383; x_wconf 92' lang='lat' dir='ltr'>in</span> <span class='ocrx_word' id='word_1_25' title='bbox 1153 350 1192 384; x_wconf 91' lang='lat' dir='ltr'>il-</span> 
     </span>
     <span class='ocr_line' id='line_1_10' title="bbox 456 403 1192 438; baseline -0.001 -2"><span class='ocrx_word' id='word_1_26' title='bbox 456 405 561 437; x_wconf 93' lang='lat' dir='ltr'>lorum</span> <span class='ocrx_word' id='word_1_27' title='bbox 593 404 810 438; x_wconf 76' lang='lat' dir='ltr'>electionibus</span> <span class='ocrx_word' id='word_1_28' title='bbox 846 405 965 437; x_wconf 91' lang='lat' dir='ltr'>nedum</span> <span class='ocrx_word' id='word_1_29' title='bbox 998 403 1192 437; x_wconf 86' lang='lat' dir='ltr'>mirabiliter</span> 
     </span>
     <span class='ocr_line' id='line_1_11' title="bbox 457 456 1192 500; baseline -0.003 -11"><span class='ocrx_word' id='word_1_30' title='bbox 457 457 618 498; x_wconf 78' lang='lat' dir='ltr'>conferre,</span> <span class='ocrx_word' id='word_1_31' title='bbox 643 458 700 490; x_wconf 87' lang='lat' dir='ltr'>sed</span> <span class='ocrx_word' id='word_1_32' title='bbox 724 456 868 500; x_wconf 87' lang='lat' dir='ltr'>requiri:</span> <span class='ocrx_word' id='word_1_33' title='bbox 895 462 1090 489; x_wconf 87' lang='lat' dir='ltr'>memoratos</span> <span class='ocrx_word' id='word_1_34' title='bbox 1116 465 1192 498; x_wconf 89' lang='lat' dir='ltr'>pro-</span> 
     </span>
     <span class='ocr_line' id='line_1_12' title="bbox 457 507 1190 548; baseline -0.004 -6"><span class='ocrx_word' id='word_1_35' title='bbox 457 514 596 542; x_wconf 86' lang='lat' dir='ltr'>tectores</span> <span class='ocrx_word' id='word_1_36' title='bbox 619 509 651 542; x_wconf 93' lang='lat' dir='ltr'>in</span> <span class='ocrx_word' id='word_1_37' title='bbox 677 509 812 542; x_wconf 90' lang='lat' dir='ltr'>Domino</span> <span class='ocrx_word' id='word_1_38' title='bbox 838 509 1017 548; x_wconf 76' lang='lat' dir='ltr'>hortamur,</span> <span class='ocrx_word' id='word_1_39' title='bbox 1042 513 1074 540; x_wconf 90' lang='lat' dir='ltr'>et</span> <span class='ocrx_word' id='word_1_40' title='bbox 1098 507 1190 540; x_wconf 78' lang='lat' dir='ltr'>enixe</span> 
     </span>
     <span class='ocr_line' id='line_1_13' title="bbox 456 559 1191 603; baseline -0.003 -9"><span class='ocrx_word' id='word_1_41' title='bbox 456 562 685 602; x_wconf 82' lang='lat' dir='ltr'>obsecramus,</span> <span class='ocrx_word' id='word_1_42' title='bbox 710 572 746 594; x_wconf 83' lang='lat' dir='ltr'>ac</span> <span class='ocrx_word' id='word_1_43' title='bbox 770 561 966 595; x_wconf 80' lang='lat' dir='ltr'>electoribus</span> <span class='ocrx_word' id='word_1_44' title='bbox 1001 561 1123 603; x_wconf 87' lang='lat' dir='ltr'>pariter</span> <span class='ocrx_word' id='word_1_45' title='bbox 1157 559 1191 592; x_wconf 91' lang='lat' dir='ltr'>in</span> 
     </span>
     <span class='ocr_line' id='line_1_14' title="bbox 455 612 1192 647; baseline -0.004 0"><span class='ocrx_word' id='word_1_46' title='bbox 455 615 592 647; x_wconf 90' lang='lat' dir='ltr'>Domino</span> <span class='ocrx_word' id='word_1_47' title='bbox 617 619 649 647; x_wconf 88' lang='lat' dir='ltr'>et</span> <span class='ocrx_word' id='word_1_48' title='bbox 672 615 705 647; x_wconf 90' lang='lat' dir='ltr'>in</span> <span class='ocrx_word' id='word_1_49' title='bbox 730 614 847 646; x_wconf 87' lang='lat' dir='ltr'>virtute</span> <span class='ocrx_word' id='word_1_50' title='bbox 871 618 999 645; x_wconf 86' lang='lat' dir='ltr'>sanctae</span> <span class='ocrx_word' id='word_1_51' title='bbox 1035 612 1192 645; x_wconf 89' lang='lat' dir='ltr'>obedien-</span> 
     </span>
     <span class='ocr_line' id='line_1_15' title="bbox 455 664 1192 710; baseline -0.004 -10"><span class='ocrx_word' id='word_1_52' title='bbox 455 668 518 700; x_wconf 84' lang='lat' dir='ltr'>tiae</span> <span class='ocrx_word' id='word_1_53' title='bbox 543 667 687 700; x_wconf 86' lang='lat' dir='ltr'>districte</span> <span class='ocrx_word' id='word_1_54' title='bbox 708 665 937 710; x_wconf 87' lang='lat' dir='ltr'>praecipimus,</span> <span class='ocrx_word' id='word_1_55' title='bbox 957 675 1013 698; x_wconf 90' lang='lat' dir='ltr'>seu</span> <span class='ocrx_word' id='word_1_56' title='bbox 1035 664 1192 698; x_wconf 84' lang='lat' dir='ltr'>hortatio-</span> 
     </span>
     <span class='ocr_line' id='line_1_16' title="bbox 455 717 1191 762; baseline -0.004 -10"><span class='ocrx_word' id='word_1_57' title='bbox 455 730 530 760; x_wconf 77' lang='lat' dir='ltr'>nes,</span> <span class='ocrx_word' id='word_1_58' title='bbox 556 719 798 752; x_wconf 80' lang='lat' dir='ltr'>obsecrationes</span> <span class='ocrx_word' id='word_1_59' title='bbox 825 724 855 752; x_wconf 89' lang='lat' dir='ltr'>et</span> <span class='ocrx_word' id='word_1_60' title='bbox 878 722 1054 762; x_wconf 85' lang='lat' dir='ltr'>praecepta</span> <span class='ocrx_word' id='word_1_61' title='bbox 1080 717 1191 750; x_wconf 83' lang='lat' dir='ltr'>liuius-</span> 
     </span>
     <span class='ocr_line' id='line_1_17' title="bbox 455 770 1192 813; baseline -0.003 -9"><span class='ocrx_word' id='word_1_62' title='bbox 455 772 542 805; x_wconf 89' lang='lat' dir='ltr'>modi</span> <span class='ocrx_word' id='word_1_63' title='bbox 568 782 780 811; x_wconf 78' lang='lat' dir='ltr'>renovamus,</span> <span class='ocrx_word' id='word_1_64' title='bbox 805 776 841 804; x_wconf 85' lang='lat' dir='ltr'>ut</span> <span class='ocrx_word' id='word_1_65' title='bbox 864 771 896 803; x_wconf 94' lang='lat' dir='ltr'>in</span> <span class='ocrx_word' id='word_1_66' title='bbox 922 770 1072 811; x_wconf 88' lang='lat' dir='ltr'>comitiis,</span> <span class='ocrx_word' id='word_1_67' title='bbox 1099 780 1192 813; x_wconf 88' lang='lat' dir='ltr'>prae-</span> 
     </span>
     <span class='ocr_line' id='line_1_18' title="bbox 455 823 1190 867; baseline -0.003 -10"><span class='ocrx_word' id='word_1_68' title='bbox 455 824 566 857; x_wconf 81' lang='lat' dir='ltr'>sertim</span> <span class='ocrx_word' id='word_1_69' title='bbox 591 824 813 867; x_wconf 82' lang='lat' dir='ltr'>generalibus,</span> <span class='ocrx_word' id='word_1_70' title='bbox 839 824 956 867; x_wconf 89' lang='lat' dir='ltr'>quibus</span> <span class='ocrx_word' id='word_1_71' title='bbox 981 823 1109 856; x_wconf 89' lang='lat' dir='ltr'>eosdem</span> <span class='ocrx_word' id='word_1_72' title='bbox 1131 832 1190 866; x_wconf 91' lang='lat' dir='ltr'>pro</span> 
     </span>
     <span class='ocr_line' id='line_1_19' title="bbox 455 876 1192 922; baseline -0.004 -11"><span class='ocrx_word' id='word_1_73' title='bbox 455 884 603 922; x_wconf 88' lang='lat' dir='ltr'>tempore</span> <span class='ocrx_word' id='word_1_74' title='bbox 626 878 814 922; x_wconf 86' lang='lat' dir='ltr'>praesidere</span> <span class='ocrx_word' id='word_1_75' title='bbox 845 882 877 911; x_wconf 93' lang='lat' dir='ltr'>et</span> <span class='ocrx_word' id='word_1_76' title='bbox 905 877 1083 920; x_wconf 85' lang='lat' dir='ltr'>respective</span> <span class='ocrx_word' id='word_1_77' title='bbox 1109 876 1192 908; x_wconf 86' lang='lat' dir='ltr'>inte-</span> 
     </span>
     <span class='ocr_line' id='line_1_20' title="bbox 455 930 1192 974; baseline -0.005 -10"><span class='ocrx_word' id='word_1_78' title='bbox 455 942 544 964; x_wconf 86' lang='lat' dir='ltr'>resse</span> <span class='ocrx_word' id='word_1_79' title='bbox 569 930 754 974; x_wconf 81' lang='lat' dir='ltr'>contigerit‚</span> <span class='ocrx_word' id='word_1_80' title='bbox 783 931 903 963; x_wconf 91' lang='lat' dir='ltr'>nedum</span> <span class='ocrx_word' id='word_1_81' title='bbox 940 930 1123 969; x_wconf 78' lang='lat' dir='ltr'>interesse,</span> <span class='ocrx_word' id='word_1_82' title='bbox 1161 933 1192 961; x_wconf 90' lang='lat' dir='ltr'>et</span> 
     </span>
     <span class='ocr_line' id='line_1_21' title="bbox 455 983 1193 1026; baseline -0.005 -8"><span class='ocrx_word' id='word_1_83' title='bbox 455 985 528 1018; x_wconf 89' lang='lat' dir='ltr'>aliis</span> <span class='ocrx_word' id='word_1_84' title='bbox 551 985 637 1017; x_wconf 89' lang='lat' dir='ltr'>intra</span> <span class='ocrx_word' id='word_1_85' title='bbox 660 985 804 1018; x_wconf 87' lang='lat' dir='ltr'>claustra</span> <span class='ocrx_word' id='word_1_86' title='bbox 829 984 1036 1026; x_wconf 78' lang='lat' dir='ltr'>degentibus,</span> <span class='ocrx_word' id='word_1_87' title='bbox 1063 983 1120 1015; x_wconf 90' lang='lat' dir='ltr'>sed</span> <span class='ocrx_word' id='word_1_88' title='bbox 1140 993 1193 1014; x_wconf 84' lang='lat' dir='ltr'>ex-</span> 
     </span>
     <span class='ocr_line' id='line_1_22' title="bbox 455 1036 1191 1081; baseline -0.005 -10"><span class='ocrx_word' id='word_1_89' title='bbox 455 1038 534 1071; x_wconf 84' lang='lat' dir='ltr'>teris</span> <span class='ocrx_word' id='word_1_90' title='bbox 565 1038 644 1081; x_wconf 82' lang='lat' dir='ltr'>ipsis</span> <span class='ocrx_word' id='word_1_91' title='bbox 679 1038 934 1081; x_wconf 90' lang='lat' dir='ltr'>quibuscumque</span> <span class='ocrx_word' id='word_1_92' title='bbox 970 1036 1066 1069; x_wconf 85' lang='lat' dir='ltr'>etiam</span> <span class='ocrx_word' id='word_1_93' title='bbox 1102 1036 1191 1068; x_wconf 86' lang='lat' dir='ltr'>laicis</span> 
     </span>
     <span class='ocr_line' id='line_1_23' title="bbox 456 1089 1190 1136; baseline -0.007 -11"><span class='ocrx_word' id='word_1_94' title='bbox 456 1101 661 1136; x_wconf 87' lang='lat' dir='ltr'>quacumque</span> <span class='ocrx_word' id='word_1_95' title='bbox 685 1091 853 1123; x_wconf 80' lang='lat' dir='ltr'>maiestate</span> <span class='ocrx_word' id='word_1_96' title='bbox 869 1115 877 1129; x_wconf 85' lang='lat'>,</span> <span class='ocrx_word' id='word_1_97' title='bbox 915 1089 1190 1132; x_wconf 76' lang='lat' dir='ltr'>praeeminentia,</span> 
     </span>
     <span class='ocr_line' id='line_1_24' title="bbox 455 1143 1192 1189; baseline -0.004 -11"><span class='ocrx_word' id='word_1_98' title='bbox 455 1147 557 1189; x_wconf 81' lang='lat' dir='ltr'>gradu</span> <span class='ocrx_word' id='word_1_99' title='bbox 583 1151 614 1178; x_wconf 86' lang='lat' dir='ltr'>et</span> <span class='ocrx_word' id='word_1_100' title='bbox 634 1145 792 1187; x_wconf 78' lang='lat' dir='ltr'>dignitate</span> <span class='ocrx_word' id='word_1_101' title='bbox 808 1144 1017 1186; x_wconf 77' lang='lat' dir='ltr'>fulgentibus,</span> <span class='ocrx_word' id='word_1_102' title='bbox 1038 1143 1192 1187; x_wconf 88' lang='lat' dir='ltr'>propriae</span> 
     </span>
     <span class='ocr_line' id='line_1_25' title="bbox 455 1196 1192 1239; baseline -0.005 -8"><span class='ocrx_word' id='word_1_103' title='bbox 455 1198 695 1232; x_wconf 80' lang='lat' dir='ltr'>indifferentiae</span> <span class='ocrx_word' id='word_1_104' title='bbox 722 1209 758 1231; x_wconf 91' lang='lat' dir='ltr'>ac</span> <span class='ocrx_word' id='word_1_105' title='bbox 782 1197 870 1230; x_wconf 90' lang='lat' dir='ltr'>unici</span> <span class='ocrx_word' id='word_1_106' title='bbox 902 1197 935 1229; x_wconf 94' lang='lat' dir='ltr'>in</span> <span class='ocrx_word' id='word_1_107' title='bbox 967 1196 1022 1228; x_wconf 87' lang='lat' dir='ltr'>Dei</span> <span class='ocrx_word' id='word_1_108' title='bbox 1056 1196 1192 1239; x_wconf 80' lang='lat' dir='ltr'>gloriam</span> 
     </span>
     <span class='ocr_line' id='line_1_26' title="bbox 455 1248 1191 1294; baseline -0.005 -10"><span class='ocrx_word' id='word_1_109' title='bbox 455 1257 488 1285; x_wconf 88' lang='lat' dir='ltr'>et</span> <span class='ocrx_word' id='word_1_110' title='bbox 511 1250 681 1294; x_wconf 78' lang='lat' dir='ltr'>religionis</span> <span class='ocrx_word' id='word_1_111' title='bbox 712 1251 837 1283; x_wconf 87' lang='lat' dir='ltr'>bonum</span> <span class='ocrx_word' id='word_1_112' title='bbox 872 1250 1042 1292; x_wconf 77' lang='lat' dir='ltr'>respects1s</span> <span class='ocrx_word' id='word_1_113' title='bbox 1077 1248 1122 1281; x_wconf 88' lang='lat' dir='ltr'>ita</span> <span class='ocrx_word' id='word_1_114' title='bbox 1158 1259 1191 1281; x_wconf 92' lang='lat' dir='ltr'>se</span> 
     </span>
     <span class='ocr_line' id='line_1_27' title="bbox 454 1302 1194 1348; baseline -0.007 -10"><span class='ocrx_word' id='word_1_115' title='bbox 454 1305 634 1348; x_wconf 84' lang='lat' dir='ltr'>praebeant</span> <span class='ocrx_word' id='word_1_116' title='bbox 657 1303 820 1345; x_wconf 79' lang='lat' dir='ltr'>singulare</span> <span class='ocrx_word' id='word_1_117' title='bbox 846 1302 1011 1346; x_wconf 85' lang='lat' dir='ltr'>specimen</span> <span class='ocrx_word' id='word_1_118' title='bbox 1037 1306 1069 1334; x_wconf 82' lang='lat' dir='ltr'>et</span> <span class='ocrx_word' id='word_1_119' title='bbox 1091 1312 1194 1334; x_wconf 86' lang='lat' dir='ltr'>exem-</span> 
     </span>
     <span class='ocr_line' id='line_1_28' title="bbox 455 1354 1192 1401; baseline -0.007 -10"><span class='ocrx_word' id='word_1_120' title='bbox 455 1359 537 1401; x_wconf 87' lang='lat' dir='ltr'>plar,</span> <span class='ocrx_word' id='word_1_121' title='bbox 564 1358 726 1400; x_wconf 86' lang='lat' dir='ltr'>talemque</span> <span class='ocrx_word' id='word_1_122' title='bbox 752 1356 848 1389; x_wconf 91' lang='lat' dir='ltr'>huius</span> <span class='ocrx_word' id='word_1_123' title='bbox 872 1360 980 1388; x_wconf 89' lang='lat' dir='ltr'>rectae</span> <span class='ocrx_word' id='word_1_124' title='bbox 1004 1354 1192 1387; x_wconf 87' lang='lat' dir='ltr'>intentionis</span> 
     </span>
     <span class='ocr_line' id='line_1_29' title="bbox 456 1406 1192 1452; baseline -0.007 -9"><span class='ocrx_word' id='word_1_125' title='bbox 456 1415 488 1443; x_wconf 89' lang='lat' dir='ltr'>et</span> <span class='ocrx_word' id='word_1_126' title='bbox 511 1409 655 1443; x_wconf 87' lang='lat' dir='ltr'>melioris</span> <span class='ocrx_word' id='word_1_127' title='bbox 682 1408 881 1452; x_wconf 85' lang='lat' dir='ltr'>operationis</span> <span class='ocrx_word' id='word_1_128' title='bbox 912 1408 1046 1440; x_wconf 90' lang='lat' dir='ltr'>odorem</span> <span class='ocrx_word' id='word_1_129' title='bbox 1080 1406 1192 1440; x_wconf 82' lang='lat' dir='ltr'>ditl‘un-</span> 
     </span>
     <span class='ocr_line' id='line_1_30' title="bbox 456 1460 1193 1505; baseline -0.004 -10"><span class='ocrx_word' id='word_1_130' title='bbox 456 1463 541 1502; x_wconf 86' lang='lat' dir='ltr'>dant,</span> <span class='ocrx_word' id='word_1_131' title='bbox 567 1467 602 1494; x_wconf 90' lang='lat' dir='ltr'>ut</span> <span class='ocrx_word' id='word_1_132' title='bbox 627 1461 674 1494; x_wconf 91' lang='lat' dir='ltr'>illi</span> <span class='ocrx_word' id='word_1_133' title='bbox 692 1466 866 1505; x_wconf 89' lang='lat' dir='ltr'>propterea</span> <span class='ocrx_word' id='word_1_134' title='bbox 881 1460 1067 1493; x_wconf 80' lang='lat' dir='ltr'>vexationes</span> <span class='ocrx_word' id='word_1_135' title='bbox 1085 1465 1116 1492; x_wconf 87' lang='lat' dir='ltr'>et</span> <span class='ocrx_word' id='word_1_136' title='bbox 1135 1460 1193 1493; x_wconf 90' lang='lat' dir='ltr'>im-</span> 
     </span>
     <span class='ocr_line' id='line_1_31' title="bbox 455 1512 1192 1559; baseline -0.005 -11"><span class='ocrx_word' id='word_1_137' title='bbox 455 1520 614 1559; x_wconf 89' lang='lat' dir='ltr'>portunas</span> <span class='ocrx_word' id='word_1_138' title='bbox 639 1513 951 1553; x_wconf 81' lang='lat' dir='ltr'>commendationes,</span> <span class='ocrx_word' id='word_1_139' title='bbox 975 1512 1030 1544; x_wconf 85' lang='lat' dir='ltr'>ubi</span> <span class='ocrx_word' id='word_1_140' title='bbox 1055 1512 1192 1554; x_wconf 84' lang='lat' dir='ltr'>Spiritus</span> 
     </span>
     <span class='ocr_line' id='line_1_32' title="bbox 456 1565 1192 1610; baseline -0.004 -9"><span class='ocrx_word' id='word_1_141' title='bbox 456 1567 635 1601; x_wconf 84' lang='lat' dir='ltr'>Paraclitus</span> <span class='ocrx_word' id='word_1_142' title='bbox 668 1567 770 1610; x_wconf 85' lang='lat' dir='ltr'>spirat</span> <span class='ocrx_word' id='word_1_143' title='bbox 800 1571 832 1599; x_wconf 92' lang='lat' dir='ltr'>et</span> <span class='ocrx_word' id='word_1_144' title='bbox 855 1565 1036 1609; x_wconf 74' lang='lat' dir='ltr'>praesidet,</span> <span class='ocrx_word' id='word_1_145' title='bbox 1062 1565 1192 1599; x_wconf 89' lang='lat' dir='ltr'>inutiles</span> 
     </span>
     <span class='ocr_line' id='line_1_33' title="bbox 456 1619 1192 1662; baseline -0.003 -9"><span class='ocrx_word' id='word_1_146' title='bbox 456 1626 489 1653; x_wconf 91' lang='lat' dir='ltr'>et</span> <span class='ocrx_word' id='word_1_147' title='bbox 512 1621 707 1662; x_wconf 83' lang='lat' dir='ltr'>incongruas</span> <span class='ocrx_word' id='word_1_148' title='bbox 725 1630 796 1652; x_wconf 92' lang='lat' dir='ltr'>esse</span> <span class='ocrx_word' id='word_1_149' title='bbox 814 1623 844 1652; x_wconf 88' lang='lat' dir='ltr'>et</span> <span class='ocrx_word' id='word_1_150' title='bbox 861 1619 931 1652; x_wconf 80' lang='lat' dir='ltr'>sore</span> <span class='ocrx_word' id='word_1_151' title='bbox 950 1619 1069 1652; x_wconf 90' lang='lat' dir='ltr'>certius</span> <span class='ocrx_word' id='word_1_152' title='bbox 1093 1630 1192 1661; x_wconf 78' lang='lat' dir='ltr'>agno-</span> 
     </span>
     <span class='ocr_line' id='line_1_34' title="bbox 456 1672 1191 1715; baseline -0.004 -8"><span class='ocrx_word' id='word_1_153' title='bbox 456 1678 597 1713; x_wconf 88' lang='lat' dir='ltr'>scentes,</span> <span class='ocrx_word' id='word_1_154' title='bbox 621 1673 660 1706; x_wconf 90' lang='lat' dir='ltr'>ab</span> <span class='ocrx_word' id='word_1_155' title='bbox 685 1673 800 1706; x_wconf 89' lang='lat' dir='ltr'>iisdem</span> <span class='ocrx_word' id='word_1_156' title='bbox 840 1682 974 1715; x_wconf 89' lang='lat' dir='ltr'>prorsus</span> <span class='ocrx_word' id='word_1_157' title='bbox 1009 1672 1191 1704; x_wconf 87' lang='lat' dir='ltr'>abstineant</span> 
     </span>
     <span class='ocr_line' id='line_1_35' title="bbox 456 1725 1192 1768; baseline -0.003 -9"><span class='ocrx_word' id='word_1_158' title='bbox 456 1737 513 1760; x_wconf 91' lang='lat' dir='ltr'>seu</span> <span class='ocrx_word' id='word_1_159' title='bbox 538 1726 704 1765; x_wconf 84' lang='lat' dir='ltr'>desistant,</span> <span class='ocrx_word' id='word_1_160' title='bbox 731 1726 875 1768; x_wconf 89' lang='lat' dir='ltr'>indeque</span> <span class='ocrx_word' id='word_1_161' title='bbox 903 1731 964 1757; x_wconf 85' lang='lat' dir='ltr'>tam</span> <span class='ocrx_word' id='word_1_162' title='bbox 995 1725 1192 1758; x_wconf 88' lang='lat' dir='ltr'>intrinsecus</span> 
     </span>
     <span class='ocr_line' id='line_1_36' title="bbox 456 1777 1191 1822; baseline -0.003 -11"><span class='ocrx_word' id='word_1_163' title='bbox 456 1789 552 1822; x_wconf 86' lang='lat' dir='ltr'>quam</span> <span class='ocrx_word' id='word_1_164' title='bbox 573 1778 774 1811; x_wconf 77' lang='lat' dir='ltr'>extrinsecus</span> <span class='ocrx_word' id='word_1_165' title='bbox 788 1777 937 1810; x_wconf 90' lang='lat' dir='ltr'>omnibus</span> <span class='ocrx_word' id='word_1_166' title='bbox 957 1777 1191 1817; x_wconf 78' lang='lat' dir='ltr'>vexationibus,</span> 
     </span>
     <span class='ocr_line' id='line_1_37' title="bbox 455 1829 1193 1870; baseline -0.003 -6"><span class='ocrx_word' id='word_1_167' title='bbox 455 1829 1193 1870; x_wconf 85' lang='lat' dir='ltr'>commendationibus,macliinationibus,liu-</span> 
     </span>
     <span class='ocr_line' id='line_1_38' title="bbox 455 1883 1191 1927; baseline -0.003 -10"><span class='ocrx_word' id='word_1_168' title='bbox 455 1884 627 1927; x_wconf 86' lang='lat' dir='ltr'>manisque</span> <span class='ocrx_word' id='word_1_169' title='bbox 654 1883 774 1915; x_wconf 86' lang='lat' dir='ltr'>sinibus</span> <span class='ocrx_word' id='word_1_170' title='bbox 793 1883 969 1915; x_wconf 82' lang='lat' dir='ltr'>eliminatis</span> <span class='ocrx_word' id='word_1_171' title='bbox 988 1887 1020 1915; x_wconf 91' lang='lat' dir='ltr'>et</span> <span class='ocrx_word' id='word_1_172' title='bbox 1039 1884 1191 1926; x_wconf 77' lang='lat' dir='ltr'>explosis,</span> 
     </span>
     <span class='ocr_line' id='line_1_39' title="bbox 455 1936 1193 1980; baseline -0.001 -10"><span class='ocrx_word' id='word_1_173' title='bbox 455 1937 592 1980; x_wconf 78' lang='lat' dir='ltr'>integra,</span> <span class='ocrx_word' id='word_1_174' title='bbox 616 1936 743 1969; x_wconf 88' lang='lat' dir='ltr'>illibata</span> <span class='ocrx_word' id='word_1_175' title='bbox 767 1941 800 1968; x_wconf 91' lang='lat' dir='ltr'>et</span> <span class='ocrx_word' id='word_1_176' title='bbox 824 1936 942 1968; x_wconf 88' lang='lat' dir='ltr'>intacta</span> <span class='ocrx_word' id='word_1_177' title='bbox 960 1936 1123 1969; x_wconf 89' lang='lat' dir='ltr'>vocalibus</span> <span class='ocrx_word' id='word_1_178' title='bbox 1142 1947 1193 1969; x_wconf 90' lang='lat' dir='ltr'>re-</span> 
     </span>
     <span class='ocr_line' id='line_1_40' title="bbox 455 1989 1193 2032; baseline -0.001 -9"><span class='ocrx_word' id='word_1_179' title='bbox 455 1995 584 2023; x_wconf 84' lang='lat' dir='ltr'>maneat</span> <span class='ocrx_word' id='word_1_180' title='bbox 608 1989 751 2032; x_wconf 78' lang='lat' dir='ltr'>eligendi</span> <span class='ocrx_word' id='word_1_181' title='bbox 779 1989 927 2028; x_wconf 77' lang='lat' dir='ltr'>facultas,</span> <span class='ocrx_word' id='word_1_182' title='bbox 953 1995 985 2021; x_wconf 89' lang='lat' dir='ltr'>et</span> <span class='ocrx_word' id='word_1_183' title='bbox 1010 1994 1072 2021; x_wconf 87' lang='lat' dir='ltr'>tam</span> <span class='ocrx_word' id='word_1_184' title='bbox 1096 2000 1193 2032; x_wconf 89' lang='lat' dir='ltr'>supe-</span> 
     </span>
     <span class='ocr_line' id='line_1_41' title="bbox 454 2041 1191 2086; baseline -0.001 -10"><span class='ocrx_word' id='word_1_185' title='bbox 454 2043 551 2076; x_wconf 87' lang='lat' dir='ltr'>rioris</span> <span class='ocrx_word' id='word_1_186' title='bbox 576 2042 738 2085; x_wconf 81' lang='lat' dir='ltr'>generalis</span> <span class='ocrx_word' id='word_1_187' title='bbox 756 2052 850 2086; x_wconf 89' lang='lat' dir='ltr'>quam</span> <span class='ocrx_word' id='word_1_188' title='bbox 864 2041 1000 2075; x_wconf 91' lang='lat' dir='ltr'>aliorum</span> <span class='ocrx_word' id='word_1_189' title='bbox 1016 2043 1191 2085; x_wconf 81' lang='lat' dir='ltr'>respective</span> 
     </span>
     <span class='ocr_line' id='line_1_42' title="bbox 455 2094 1193 2140; baseline -0.003 -12"><span class='ocrx_word' id='word_1_190' title='bbox 455 2097 677 2140; x_wconf 86' lang='lat' dir='ltr'>praelatorum</span> <span class='ocrx_word' id='word_1_191' title='bbox 702 2095 922 2137; x_wconf 87' lang='lat' dir='ltr'>undequaque</span> <span class='ocrx_word' id='word_1_192' title='bbox 941 2094 1053 2133; x_wconf 87' lang='lat' dir='ltr'>libera,</span> <span class='ocrx_word' id='word_1_193' title='bbox 1074 2095 1193 2137; x_wconf 87' lang='lat' dir='ltr'>optima</span> 
     </span>
     <span class='ocr_line' id='line_1_43' title="bbox 456 2147 1192 2190; baseline -0.003 -8"><span class='ocrx_word' id='word_1_194' title='bbox 456 2155 488 2182; x_wconf 89' lang='lat' dir='ltr'>et</span> <span class='ocrx_word' id='word_1_195' title='bbox 511 2148 669 2181; x_wconf 87' lang='lat' dir='ltr'>canoniea</span> <span class='ocrx_word' id='word_1_196' title='bbox 693 2153 848 2190; x_wconf 89' lang='lat' dir='ltr'>sequatur</span> <span class='ocrx_word' id='word_1_197' title='bbox 873 2147 1007 2187; x_wconf 89' lang='lat' dir='ltr'>electio,</span> <span class='ocrx_word' id='word_1_198' title='bbox 1032 2147 1072 2180; x_wconf 87' lang='lat' dir='ltr'>ad</span> <span class='ocrx_word' id='word_1_199' title='bbox 1097 2158 1192 2190; x_wconf 87' lang='lat' dir='ltr'>quam</span> 
     </span>
     <span class='ocr_line' id='line_1_44' title="bbox 456 2200 1192 2243; baseline -0.003 -9"><span class='ocrx_word' id='word_1_200' title='bbox 456 2213 528 2234; x_wconf 88' lang='lat' dir='ltr'>cum</span> <span class='ocrx_word' id='word_1_201' title='bbox 551 2207 637 2242; x_wconf 84' lang='lat' dir='ltr'>voto,</span> <span class='ocrx_word' id='word_1_202' title='bbox 664 2201 690 2233; x_wconf 90' lang='lat' dir='ltr'>si</span> <span class='ocrx_word' id='word_1_203' title='bbox 716 2201 815 2243; x_wconf 87' lang='lat' dir='ltr'>quod,</span> <span class='ocrx_word' id='word_1_204' title='bbox 843 2206 874 2233; x_wconf 89' lang='lat' dir='ltr'>et</span> <span class='ocrx_word' id='word_1_205' title='bbox 898 2210 935 2233; x_wconf 89' lang='lat' dir='ltr'>eo</span> <span class='ocrx_word' id='word_1_206' title='bbox 961 2200 1078 2240; x_wconf 86' lang='lat' dir='ltr'>modo,</span> <span class='ocrx_word' id='word_1_207' title='bbox 1105 2201 1192 2243; x_wconf 89' lang='lat' dir='ltr'>quod</span> 
     </span>
     <span class='ocr_line' id='line_1_45' title="bbox 456 2253 1192 2298; baseline -0.003 -11"><span class='ocrx_word' id='word_1_208' title='bbox 456 2254 637 2298; x_wconf 87' lang='lat' dir='ltr'>protectori</span> <span class='ocrx_word' id='word_1_209' title='bbox 672 2254 761 2286; x_wconf 85' lang='lat' dir='ltr'>iuxta</span> <span class='ocrx_word' id='word_1_210' title='bbox 795 2253 1028 2296; x_wconf 87' lang='lat' dir='ltr'>cuiuscumque</span> <span class='ocrx_word' id='word_1_211' title='bbox 1063 2253 1192 2286; x_wconf 85' lang='lat' dir='ltr'>Ordinis</span> 
     </span>
     <span class='ocr_line' id='line_1_46' title="bbox 457 2306 1193 2350; baseline -0.004 -9"><span class='ocrx_word' id='word_1_212' title='bbox 457 2308 609 2350; x_wconf 77' lang='lat' dir='ltr'>regulas,</span> <span class='ocrx_word' id='word_1_213' title='bbox 641 2311 783 2346; x_wconf 86' lang='lat' dir='ltr'>statuta,</span> <span class='ocrx_word' id='word_1_214' title='bbox 819 2308 868 2339; x_wconf 80' lang='lat' dir='ltr'>vel</span> <span class='ocrx_word' id='word_1_215' title='bbox 904 2308 982 2339; x_wconf 76' lang='lat' dir='ltr'>alias</span> <span class='ocrx_word' id='word_1_216' title='bbox 1017 2306 1193 2349; x_wconf 84' lang='lat' dir='ltr'>conipetit,</span> 
     </span>
     <span class='ocr_line' id='line_1_47' title="bbox 459 2359 1194 2403; baseline -0.004 -9"><span class='ocrx_word' id='word_1_217' title='bbox 459 2360 559 2394; x_wconf 84' lang='lat' dir='ltr'>Deum</span> <span class='ocrx_word' id='word_1_218' title='bbox 579 2361 713 2403; x_wconf 88' lang='lat' dir='ltr'>eiusque</span> <span class='ocrx_word' id='word_1_219' title='bbox 732 2360 894 2392; x_wconf 90' lang='lat' dir='ltr'>honorem</span> <span class='ocrx_word' id='word_1_220' title='bbox 910 2366 941 2392; x_wconf 89' lang='lat' dir='ltr'>et</span> <span class='ocrx_word' id='word_1_221' title='bbox 953 2359 1089 2401; x_wconf 81' lang='lat' dir='ltr'>gloriam</span> <span class='ocrx_word' id='word_1_222' title='bbox 1106 2359 1194 2391; x_wconf 89' lang='lat' dir='ltr'>dum-</span> 
     </span>
     <span class='ocr_line' id='line_1_48' title="bbox 457 2412 1147 2455; baseline -0.003 -9"><span class='ocrx_word' id='word_1_223' title='bbox 457 2419 545 2446; x_wconf 64' lang='lat' dir='ltr'>taxat</span> <span class='ocrx_word' id='word_1_224' title='bbox 568 2423 647 2455; x_wconf 85' lang='lat' dir='ltr'>prae</span> <span class='ocrx_word' id='word_1_225' title='bbox 673 2412 775 2445; x_wconf 92' lang='lat' dir='ltr'>oculis</span> <span class='ocrx_word' id='word_1_226' title='bbox 802 2413 934 2451; x_wconf 83' lang='lat' dir='ltr'>habeus,</span> <span class='ocrx_word' id='word_1_227' title='bbox 961 2418 1147 2445; x_wconf 86' lang='lat' dir='ltr'>concurrat.</span> 
     </span>
    </p>

    <p class='ocr_par' dir='ltr' id='par_1_4' title="bbox 458 2465 1195 2613">
     <span class='ocr_line' id='line_1_49' title="bbox 503 2465 1192 2509; baseline -0.001 -11"><span class='ocrx_word' id='word_1_228' title='bbox 503 2467 517 2509; x_wconf 60' lang='grc' dir='ltr'>ξ</span> <span class='ocrx_word' id='word_1_229' title='bbox 542 2465 597 2498; x_wconf 69' lang='lat'>102.</span> <span class='ocrx_word' id='word_1_230' title='bbox 613 2465 772 2498; x_wconf 86' lang='lat' dir='ltr'>Nolumus</span> <span class='ocrx_word' id='word_1_231' title='bbox 790 2470 898 2497; x_wconf 87' lang='lat' dir='ltr'>tamen</span> <span class='ocrx_word' id='word_1_232' title='bbox 913 2465 1093 2497; x_wconf 87' lang='lat' dir='ltr'>absentium</span> <span class='ocrx_word' id='word_1_233' title='bbox 1111 2470 1192 2504; x_wconf 84' lang='lat' dir='ltr'>vota,</span> 
     </span>
     <span class='ocr_line' id='line_1_50' title="bbox 458 2516 1193 2562; baseline -0.004 -11"><span class='ocrx_word' id='word_1_234' title='bbox 458 2530 493 2551; x_wconf 86' lang='lat' dir='ltr'>ac</span> <span class='ocrx_word' id='word_1_235' title='bbox 508 2518 713 2562; x_wconf 84' lang='lat' dir='ltr'>protectoris,</span> <span class='ocrx_word' id='word_1_236' title='bbox 726 2527 786 2550; x_wconf 88' lang='lat' dir='ltr'>nec</span> <span class='ocrx_word' id='word_1_237' title='bbox 799 2516 1030 2558; x_wconf 85' lang='lat' dir='ltr'>cuiuscumque</span> <span class='ocrx_word' id='word_1_238' title='bbox 1047 2517 1193 2556; x_wconf 89' lang='lat' dir='ltr'>alterius,</span> 
     </span>
     <span class='ocr_line' id='line_1_51' title="bbox 460 2569 1195 2613; baseline -0.003 -9"><span class='ocrx_word' id='word_1_239' title='bbox 460 2583 518 2604; x_wconf 93' lang='lat' dir='ltr'>uec</span> <span class='ocrx_word' id='word_1_240' title='bbox 539 2571 634 2603; x_wconf 87' lang='lat' dir='ltr'>etiam</span> <span class='ocrx_word' id='word_1_241' title='bbox 653 2571 797 2613; x_wconf 86' lang='lat' dir='ltr'>ipsarum</span> <span class='ocrx_word' id='word_1_242' title='bbox 818 2569 1030 2602; x_wconf 86' lang='lat' dir='ltr'>cardinalium</span> <span class='ocrx_word' id='word_1_243' title='bbox 1052 2569 1195 2612; x_wconf 69' lang='lat' dir='ltr'>Congre-</span> 
     </span>
    </p>
   </div>
   <div class='ocr_carea' id='block_1_4' title="bbox 1032 242 2156 273">
    <p class='ocr_par' dir='ltr' id='par_1_5' title="bbox 1032 242 2156 273">
     <span class='ocr_line' id='line_1_52' title="bbox 1032 242 2156 273; baseline -0.004 0"><span class='ocrx_word' id='word_1_244' title='bbox 1032 248 1208 273; x_wconf 52' lang='lat' dir='ltr'>mumulini</span> <span class='ocrx_word' id='word_1_245' title='bbox 1234 248 1387 271; x_wconf 58' lang='lat' dir='ltr'>nouimus</span> <span class='ocrx_word' id='word_1_246' title='bbox 1969 243 2015 268; x_wconf 74' lang='lat' dir='ltr'>An.</span> <span class='ocrx_word' id='word_1_247' title='bbox 2037 242 2065 267; x_wconf 86' lang='lat' dir='ltr'>C.</span> <span class='ocrx_word' id='word_1_248' title='bbox 2090 242 2156 268; x_wconf 65' lang='grc' dir='ltr'>16Θί</span> 
     </span>
    </p>
   </div>
   <div class='ocr_carea' id='block_1_5' title="bbox 1232 292 2160 762">
    <p class='ocr_par' dir='ltr' id='par_1_6' title="bbox 1232 292 2160 762">
     <span class='ocr_line' id='line_1_53' title="bbox 1232 292 1964 329; baseline -0.008 0"><span class='ocrx_word' id='word_1_249' title='bbox 1232 296 1359 329; x_wconf 87' lang='lat' dir='ltr'>vocales</span> <span class='ocrx_word' id='word_1_250' title='bbox 1383 293 1578 328; x_wconf 79' lang='lat' dir='ltr'>eorumdem</span> <span class='ocrx_word' id='word_1_251' title='bbox 1603 292 1782 326; x_wconf 82' lang='lat' dir='ltr'>absentium</span> <span class='ocrx_word' id='word_1_252' title='bbox 1808 293 1880 325; x_wconf 82' lang='lat' dir='ltr'>loco</span> <span class='ocrx_word' id='word_1_253' title='bbox 1906 301 1964 323; x_wconf 91' lang='lat' dir='ltr'>seu</span> 
     </span>
     <span class='ocr_line' id='line_1_54' title="bbox 1233 345 1964 392; baseline -0.007 -10"><span class='ocrx_word' id='word_1_254' title='bbox 1233 350 1299 382; x_wconf 88' lang='lat' dir='ltr'>vice</span> <span class='ocrx_word' id='word_1_255' title='bbox 1324 349 1507 392; x_wconf 80' lang='lat' dir='ltr'>subrogari,</span> <span class='ocrx_word' id='word_1_256' title='bbox 1534 348 1685 391; x_wconf 88' lang='lat' dir='ltr'>deputari</span> <span class='ocrx_word' id='word_1_257' title='bbox 1707 358 1764 380; x_wconf 90' lang='lat' dir='ltr'>seu</span> <span class='ocrx_word' id='word_1_258' title='bbox 1789 346 1885 389; x_wconf 78' lang='lat' dir='ltr'>eligi;</span> <span class='ocrx_word' id='word_1_259' title='bbox 1908 345 1964 377; x_wconf 92' lang='lat' dir='ltr'>sed</span> 
     </span>
     <span class='ocr_line' id='line_1_55' title="bbox 1233 399 1966 445; baseline -0.005 -11"><span class='ocrx_word' id='word_1_260' title='bbox 1233 402 1281 435; x_wconf 89' lang='lat' dir='ltr'>ius</span> <span class='ocrx_word' id='word_1_261' title='bbox 1307 403 1450 445; x_wconf 80' lang='lat' dir='ltr'>eligendi</span> <span class='ocrx_word' id='word_1_262' title='bbox 1475 403 1507 434; x_wconf 90' lang='lat' dir='ltr'>in</span> <span class='ocrx_word' id='word_1_263' title='bbox 1534 401 1611 434; x_wconf 89' lang='lat' dir='ltr'>solis</span> <span class='ocrx_word' id='word_1_264' title='bbox 1643 401 1729 433; x_wconf 84' lang='lat' dir='ltr'>iuxta</span> <span class='ocrx_word' id='word_1_265' title='bbox 1758 400 1836 433; x_wconf 90' lang='lat' dir='ltr'>iuris</span> <span class='ocrx_word' id='word_1_266' title='bbox 1863 404 1894 431; x_wconf 90' lang='lat' dir='ltr'>et</span> <span class='ocrx_word' id='word_1_267' title='bbox 1918 399 1966 430; x_wconf 93' lang='lat' dir='ltr'>in-</span> 
     </span>
     <span class='ocr_line' id='line_1_56' title="bbox 1233 453 1967 497; baseline -0.004 -10"><span class='ocrx_word' id='word_1_268' title='bbox 1233 456 1336 488; x_wconf 88' lang='lat' dir='ltr'>stituti</span> <span class='ocrx_word' id='word_1_269' title='bbox 1368 455 1497 497; x_wconf 77' lang='lat' dir='ltr'>regulas</span> <span class='ocrx_word' id='word_1_270' title='bbox 1532 454 1572 487; x_wconf 88' lang='lat' dir='ltr'>ad</span> <span class='ocrx_word' id='word_1_271' title='bbox 1609 454 1698 486; x_wconf 90' lang='lat' dir='ltr'>hunc</span> <span class='ocrx_word' id='word_1_272' title='bbox 1732 453 1883 486; x_wconf 78' lang='lat' dir='ltr'>effectum</span> <span class='ocrx_word' id='word_1_273' title='bbox 1918 461 1967 484; x_wconf 87' lang='lat' dir='ltr'>as-</span> 
     </span>
     <span class='ocr_line' id='line_1_57' title="bbox 1234 505 1966 550; baseline -0.003 -11"><span class='ocrx_word' id='word_1_274' title='bbox 1234 508 1389 550; x_wconf 85' lang='lat' dir='ltr'>sumptis,</span> <span class='ocrx_word' id='word_1_275' title='bbox 1417 512 1447 540; x_wconf 87' lang='lat' dir='ltr'>et</span> <span class='ocrx_word' id='word_1_276' title='bbox 1482 507 1515 539; x_wconf 92' lang='lat' dir='ltr'>in</span> <span class='ocrx_word' id='word_1_277' title='bbox 1550 505 1717 539; x_wconf 87' lang='lat' dir='ltr'>destinatis</span> <span class='ocrx_word' id='word_1_278' title='bbox 1752 510 1785 538; x_wconf 91' lang='lat' dir='ltr'>et</span> <span class='ocrx_word' id='word_1_279' title='bbox 1819 507 1966 548; x_wconf 84' lang='lat' dir='ltr'>te’mpore</span> 
     </span>
     <span class='ocr_line' id='line_1_58' title="bbox 1233 556 1965 599; baseline -0.004 -7"><span class='ocrx_word' id='word_1_280' title='bbox 1233 559 1516 599; x_wconf 88' lang='lat' dir='ltr'>convenientibus,</span> <span class='ocrx_word' id='word_1_281' title='bbox 1551 557 1769 599; x_wconf 89' lang='lat' dir='ltr'>consolidari,</span> <span class='ocrx_word' id='word_1_282' title='bbox 1795 567 1852 590; x_wconf 89' lang='lat' dir='ltr'>seu</span> <span class='ocrx_word' id='word_1_283' title='bbox 1877 556 1965 596; x_wconf 77' lang='lat' dir='ltr'>alias,</span> 
     </span>
     <span class='ocr_line' id='line_1_59' title="bbox 1233 603 1967 656; baseline -0.003 -11"><span class='ocrx_word' id='word_1_284' title='bbox 1233 618 1333 656; x_wconf 86' lang='lat' dir='ltr'>prout</span> <span class='ocrx_word' id='word_1_285' title='bbox 1352 613 1390 646; x_wconf 91' lang='lat' dir='ltr'>de</span> <span class='ocrx_word' id='word_1_286' title='bbox 1413 613 1493 653; x_wconf 91' lang='lat' dir='ltr'>iure,</span> <span class='ocrx_word' id='word_1_287' title='bbox 1518 621 1727 656; x_wconf 87' lang='lat' dir='ltr'>permanere,</span> <span class='ocrx_word' id='word_1_288' title='bbox 1754 603 1888 644; x_wconf 85' lang='lat' dir='ltr'>omnino</span> <span class='ocrx_word' id='word_1_289' title='bbox 1912 620 1967 643; x_wconf 90' lang='lat' dir='ltr'>vo-</span> 
     </span>
     <span class='ocr_line' id='line_1_60' title="bbox 1234 665 1621 698; baseline 0 -1"><span class='ocrx_word' id='word_1_290' title='bbox 1234 665 1339 698; x_wconf 88' lang='lat' dir='ltr'>lumus</span> <span class='ocrx_word' id='word_1_291' title='bbox 1366 670 1398 698; x_wconf 87' lang='lat' dir='ltr'>et</span> <span class='ocrx_word' id='word_1_292' title='bbox 1421 665 1621 698; x_wconf 88' lang='lat' dir='ltr'>mandamus.</span> 
     </span>
     <span class='ocr_line' id='line_1_61' title="bbox 1277 716 2160 762; baseline -0.005 -10"><span class='ocrx_word' id='word_1_293' title='bbox 1277 719 1291 762; x_wconf 60' lang='grc' dir='ltr'><strong>ἓ</strong></span> <span class='ocrx_word' id='word_1_294' title='bbox 1317 718 1369 752; x_wconf 77' lang='grc'>13.</span> <span class='ocrx_word' id='word_1_295' title='bbox 1396 718 1436 751; x_wconf 88' lang='lat' dir='ltr'>Ut</span> <span class='ocrx_word' id='word_1_296' title='bbox 1459 723 1565 751; x_wconf 88' lang='lat' dir='ltr'>autem</span> <span class='ocrx_word' id='word_1_297' title='bbox 1594 716 1775 761; x_wconf 86' lang='lat' dir='ltr'>praemissa</span> <span class='ocrx_word' id='word_1_298' title='bbox 1804 717 1914 750; x_wconf 85' lang='lat' dir='ltr'>omnia</span> <span class='ocrx_word' id='word_1_299' title='bbox 1937 721 1969 750; x_wconf 91' lang='lat' dir='ltr'>et</span> <span class='ocrx_word' id='word_1_300' title='bbox 2006 725 2115 746; x_wconf 67' lang='lat' dir='ltr'>Praedicta</span> <span class='ocrx_word' id='word_1_301' title='bbox 2137 731 2160 746; x_wconf 85' lang='lat' dir='ltr'>o-</span> 
     </span>
    </p>
   </div>
   <div class='ocr_carea' id='block_1_6' title="bbox 1977 755 2160 778">
    <p class='ocr_par' dir='ltr' id='par_1_7' title="bbox 1977 755 2160 778">
     <span class='ocr_line' id='line_1_62' title="bbox 1977 755 2160 778; baseline -0.005 -6"><span class='ocrx_word' id='word_1_302' title='bbox 1977 758 2033 773; x_wconf 78' lang='lat' dir='ltr'>mnia</span> <span class='ocrx_word' id='word_1_303' title='bbox 2055 755 2160 778; x_wconf 77' lang='lat' dir='ltr'>protectu-</span> 
     </span>
    </p>
   </div>
   <div class='ocr_carea' id='block_1_7' title="bbox 1233 771 2163 1505">
    <p class='ocr_par' dir='ltr' id='par_1_8' title="bbox 1233 771 2160 1450">
     <span class='ocr_line' id='line_1_63' title="bbox 1233 771 2160 815; baseline -0.002 -12"><span class='ocrx_word' id='word_1_304' title='bbox 1233 771 1359 814; x_wconf 74' lang='lat' dir='ltr'>singula</span> <span class='ocrx_word' id='word_1_305' title='bbox 1390 782 1429 805; x_wconf 90' lang='lat' dir='ltr'>eo</span> <span class='ocrx_word' id='word_1_306' title='bbox 1455 772 1556 814; x_wconf 80' lang='lat' dir='ltr'>magis</span> <span class='ocrx_word' id='word_1_307' title='bbox 1588 771 1734 804; x_wconf 87' lang='lat' dir='ltr'>debitum</span> <span class='ocrx_word' id='word_1_308' title='bbox 1765 779 2035 814; x_wconf 66' lang='lat' dir='ltr'>consequen-riom</span> <span class='ocrx_word' id='word_1_309' title='bbox 2048 779 2160 815; x_wconf 55' lang='lat' dir='ltr'>&#39;‘¹⁶⁸1‘&#39;FF&#39;2*</span> 
     </span>
     <span class='ocr_line' id='line_1_64' title="bbox 1234 805 2160 867; baseline -0.005 -10"><span class='ocrx_word' id='word_1_310' title='bbox 1234 829 1283 857; x_wconf 90' lang='lat' dir='ltr'>tur</span> <span class='ocrx_word' id='word_1_311' title='bbox 1307 824 1465 865; x_wconf 68' lang='lat' dir='ltr'>ellectum,</span> <span class='ocrx_word' id='word_1_312' title='bbox 1484 830 1515 857; x_wconf 92' lang='lat' dir='ltr'>et</span> <span class='ocrx_word' id='word_1_313' title='bbox 1538 823 1747 867; x_wconf 81' lang='lat' dir='ltr'>exequutioni</span> <span class='ocrx_word' id='word_1_314' title='bbox 1772 823 1968 856; x_wconf 86' lang='lat' dir='ltr'>demanden-</span> <span class='ocrx_word' id='word_1_315' title='bbox 1978 806 2035 853; x_wconf 38' lang='lat' dir='ltr'>{¹⁰⁰ss?</span> <span class='ocrx_word' id='word_1_316' title='bbox 2052 805 2160 825; x_wconf 59' lang='lat'>‘³⁰‘¹⁴&#39;‘¹&#39;&#39;&#39;</span> 
     </span>
     <span class='ocr_line' id='line_1_65' title="bbox 1235 876 1968 918; baseline 0 -9"><span class='ocrx_word' id='word_1_317' title='bbox 1235 883 1293 918; x_wconf 86' lang='lat' dir='ltr'>tur,</span> <span class='ocrx_word' id='word_1_318' title='bbox 1319 889 1356 911; x_wconf 89' lang='lat' dir='ltr'>ac</span> <span class='ocrx_word' id='word_1_319' title='bbox 1380 878 1419 911; x_wconf 88' lang='lat' dir='ltr'>ad</span> <span class='ocrx_word' id='word_1_320' title='bbox 1444 878 1600 911; x_wconf 88' lang='lat' dir='ltr'>maiorem</span> <span class='ocrx_word' id='word_1_321' title='bbox 1624 878 1784 910; x_wconf 88' lang='lat' dir='ltr'>cautelam</span> <span class='ocrx_word' id='word_1_322' title='bbox 1815 887 1872 910; x_wconf 91' lang='lat' dir='ltr'>seu</span> <span class='ocrx_word' id='word_1_323' title='bbox 1913 876 1968 909; x_wconf 92' lang='lat' dir='ltr'>de-</span> 
     </span>
     <span class='ocr_line' id='line_1_66' title="bbox 1234 929 1969 973; baseline 0 -11"><span class='ocrx_word' id='word_1_324' title='bbox 1234 930 1458 971; x_wconf 84' lang='lat' dir='ltr'>clarationem,</span> <span class='ocrx_word' id='word_1_325' title='bbox 1485 930 1592 963; x_wconf 83' lang='lat' dir='ltr'>omnia</span> <span class='ocrx_word' id='word_1_326' title='bbox 1615 940 1839 973; x_wconf 89' lang='lat' dir='ltr'>quaecumque</span> <span class='ocrx_word' id='word_1_327' title='bbox 1856 934 1888 962; x_wconf 91' lang='lat' dir='ltr'>et</span> <span class='ocrx_word' id='word_1_328' title='bbox 1904 929 1969 962; x_wconf 91' lang='lat' dir='ltr'>sin-</span> 
     </span>
     <span class='ocr_line' id='line_1_67' title="bbox 1235 982 1969 1026; baseline 0 -11"><span class='ocrx_word' id='word_1_329' title='bbox 1235 984 1320 1025; x_wconf 80' lang='lat' dir='ltr'>gula,</span> <span class='ocrx_word' id='word_1_330' title='bbox 1348 994 1432 1026; x_wconf 87' lang='lat' dir='ltr'>quae</span> <span class='ocrx_word' id='word_1_331' title='bbox 1456 983 1489 1015; x_wconf 92' lang='lat' dir='ltr'>in</span> <span class='ocrx_word' id='word_1_332' title='bbox 1514 983 1704 1026; x_wconf 89' lang='lat' dir='ltr'>praemissis</span> <span class='ocrx_word' id='word_1_333' title='bbox 1721 982 1920 1016; x_wconf 87' lang='lat' dir='ltr'>confirmatis</span> <span class='ocrx_word' id='word_1_334' title='bbox 1938 987 1969 1015; x_wconf 90' lang='lat' dir='ltr'>et</span> 
     </span>
     <span class='ocr_line' id='line_1_68' title="bbox 1235 1034 1969 1079; baseline -0.001 -11"><span class='ocrx_word' id='word_1_335' title='bbox 1235 1036 1378 1069; x_wconf 82' lang='lat' dir='ltr'>extensis</span> <span class='ocrx_word' id='word_1_336' title='bbox 1399 1041 1431 1069; x_wconf 90' lang='lat' dir='ltr'>et</span> <span class='ocrx_word' id='word_1_337' title='bbox 1453 1035 1682 1079; x_wconf 89' lang='lat' dir='ltr'>praesentibus</span> <span class='ocrx_word' id='word_1_338' title='bbox 1703 1035 1823 1068; x_wconf 87' lang='lat' dir='ltr'>nostris</span> <span class='ocrx_word' id='word_1_339' title='bbox 1851 1034 1969 1068; x_wconf 88' lang='lat' dir='ltr'>litteris</span> 
     </span>
     <span class='ocr_line' id='line_1_69' title="bbox 1235 1088 1968 1132; baseline -0.001 -11"><span class='ocrx_word' id='word_1_340' title='bbox 1235 1095 1309 1122; x_wconf 88' lang='lat' dir='ltr'>sunt</span> <span class='ocrx_word' id='word_1_341' title='bbox 1334 1099 1466 1132; x_wconf 90' lang='lat' dir='ltr'>quoquo</span> <span class='ocrx_word' id='word_1_342' title='bbox 1491 1088 1589 1122; x_wconf 87' lang='lat' dir='ltr'>modo</span> <span class='ocrx_word' id='word_1_343' title='bbox 1615 1088 1766 1132; x_wconf 77' lang='lat' dir='ltr'>explicite</span> <span class='ocrx_word' id='word_1_344' title='bbox 1790 1088 1841 1131; x_wconf 77' lang='lat' dir='ltr'>vel</span> <span class='ocrx_word' id='word_1_345' title='bbox 1865 1088 1968 1131; x_wconf 88' lang='lat' dir='ltr'>impli-</span> 
     </span>
     <span class='ocr_line' id='line_1_70' title="bbox 1235 1140 1967 1184; baseline -0.003 -9"><span class='ocrx_word' id='word_1_346' title='bbox 1235 1143 1296 1175; x_wconf 91' lang='lat' dir='ltr'>cite</span> <span class='ocrx_word' id='word_1_347' title='bbox 1320 1141 1506 1175; x_wconf 86' lang='lat' dir='ltr'>memoratis</span> <span class='ocrx_word' id='word_1_348' title='bbox 1524 1141 1768 1184; x_wconf 83' lang='lat' dir='ltr'>protectoribus</span> <span class='ocrx_word' id='word_1_349' title='bbox 1785 1140 1967 1181; x_wconf 85' lang='lat' dir='ltr'>interdieta,</span> 
     </span>
     <span class='ocr_line' id='line_1_71' title="bbox 1234 1195 1970 1239; baseline -0.001 -10"><span class='ocrx_word' id='word_1_350' title='bbox 1234 1197 1267 1229; x_wconf 91' lang='lat' dir='ltr'>in</span> <span class='ocrx_word' id='word_1_351' title='bbox 1291 1200 1458 1239; x_wconf 87' lang='lat' dir='ltr'>posterum</span> <span class='ocrx_word' id='word_1_352' title='bbox 1494 1195 1710 1235; x_wconf 86' lang='lat' dir='ltr'>annullamus,</span> <span class='ocrx_word' id='word_1_353' title='bbox 1749 1204 1912 1227; x_wconf 84' lang='lat' dir='ltr'>cassamus</span> <span class='ocrx_word' id='word_1_354' title='bbox 1938 1199 1970 1228; x_wconf 89' lang='lat' dir='ltr'>et</span> 
     </span>
     <span class='ocr_line' id='line_1_72' title="bbox 1235 1247 1966 1292; baseline -0.004 -10"><span class='ocrx_word' id='word_1_355' title='bbox 1235 1249 1403 1289; x_wconf 88' lang='lat' dir='ltr'>irritamus,</span> <span class='ocrx_word' id='word_1_356' title='bbox 1418 1259 1474 1281; x_wconf 90' lang='lat' dir='ltr'>seu</span> <span class='ocrx_word' id='word_1_357' title='bbox 1488 1248 1597 1292; x_wconf 89' lang='lat' dir='ltr'>potius</span> <span class='ocrx_word' id='word_1_358' title='bbox 1615 1248 1715 1287; x_wconf 90' lang='lat' dir='ltr'>nulla,</span> <span class='ocrx_word' id='word_1_359' title='bbox 1729 1257 1829 1288; x_wconf 84' lang='lat' dir='ltr'>cassa,</span> <span class='ocrx_word' id='word_1_360' title='bbox 1848 1247 1966 1288; x_wconf 88' lang='lat' dir='ltr'>inania,</span> 
     </span>
     <span class='ocr_line' id='line_1_73' title="bbox 1234 1301 1969 1345; baseline -0.001 -10"><span class='ocrx_word' id='word_1_361' title='bbox 1234 1302 1332 1342; x_wconf 90' lang='lat' dir='ltr'>irrita,</span> <span class='ocrx_word' id='word_1_362' title='bbox 1359 1301 1545 1345; x_wconf 87' lang='lat' dir='ltr'>nulliusque</span> <span class='ocrx_word' id='word_1_363' title='bbox 1580 1301 1709 1334; x_wconf 86' lang='lat' dir='ltr'>roboris</span> <span class='ocrx_word' id='word_1_364' title='bbox 1746 1305 1779 1334; x_wconf 88' lang='lat' dir='ltr'>et</span> <span class='ocrx_word' id='word_1_365' title='bbox 1813 1301 1969 1334; x_wconf 87' lang='lat' dir='ltr'>momenti</span> 
     </span>
     <span class='ocr_line' id='line_1_74' title="bbox 1234 1354 1970 1399; baseline 0 -11"><span class='ocrx_word' id='word_1_366' title='bbox 1234 1356 1303 1399; x_wconf 82' lang='lat' dir='ltr'>ipso</span> <span class='ocrx_word' id='word_1_367' title='bbox 1328 1355 1399 1388; x_wconf 84' lang='lat' dir='ltr'>iure</span> <span class='ocrx_word' id='word_1_368' title='bbox 1434 1360 1464 1388; x_wconf 89' lang='lat' dir='ltr'>et</span> <span class='ocrx_word' id='word_1_369' title='bbox 1495 1355 1565 1398; x_wconf 86' lang='lat' dir='ltr'>ipso</span> <span class='ocrx_word' id='word_1_370' title='bbox 1603 1354 1686 1387; x_wconf 85' lang='lat' dir='ltr'>sacto</span> <span class='ocrx_word' id='word_1_371' title='bbox 1719 1354 1807 1387; x_wconf 89' lang='lat' dir='ltr'>omni</span> <span class='ocrx_word' id='word_1_372' title='bbox 1841 1354 1970 1388; x_wconf 89' lang='lat' dir='ltr'>meliori</span> 
     </span>
     <span class='ocr_line' id='line_1_75' title="bbox 1235 1408 1922 1450; baseline -0.004 -8"><span class='ocrx_word' id='word_1_373' title='bbox 1235 1409 1330 1442; x_wconf 90' lang='lat' dir='ltr'>modo</span> <span class='ocrx_word' id='word_1_374' title='bbox 1356 1409 1554 1441; x_wconf 84' lang='lat' dir='ltr'>declaramus</span> <span class='ocrx_word' id='word_1_375' title='bbox 1581 1412 1676 1450; x_wconf 88' lang='lat' dir='ltr'>atque</span> <span class='ocrx_word' id='word_1_376' title='bbox 1703 1408 1922 1440; x_wconf 89' lang='lat' dir='ltr'>decernimus.</span> 
     </span>
    </p>

    <p class='ocr_par' dir='ltr' id='par_1_9' title="bbox 1277 1460 2163 1505">
     <span class='ocr_line' id='line_1_76' title="bbox 1277 1460 2163 1505; baseline -0.003 -11"><span class='ocrx_word' id='word_1_377' title='bbox 1277 1463 1292 1505; x_wconf 56' lang='grc' dir='ltr'>ᾖ</span> <span class='ocrx_word' id='word_1_378' title='bbox 1317 1462 1370 1494; x_wconf 72' lang='grc' dir='ltr'>Μ.</span> <span class='ocrx_word' id='word_1_379' title='bbox 1397 1461 1585 1494; x_wconf 86' lang='lat' dir='ltr'>Mandantes</span> <span class='ocrx_word' id='word_1_380' title='bbox 1607 1460 1721 1492; x_wconf 89' lang='lat' dir='ltr'>iisdem</span> <span class='ocrx_word' id='word_1_381' title='bbox 1747 1466 1823 1492; x_wconf 88' lang='lat' dir='ltr'>tunc</span> <span class='ocrx_word' id='word_1_382' title='bbox 1848 1465 1878 1493; x_wconf 89' lang='lat' dir='ltr'>et</span> <span class='ocrx_word' id='word_1_383' title='bbox 1909 1470 1969 1503; x_wconf 88' lang='lat' dir='ltr'>pro</span> <span class='ocrx_word' id='word_1_384' title='bbox 2020 1465 2117 1485; x_wconf 71' lang='lat' dir='ltr'>¹¹·h·bi¹i0</span> <span class='ocrx_word' id='word_1_385' title='bbox 2133 1464 2163 1484; x_wconf 64' lang='lat' dir='ltr'>sa-</span> 
     </span>
    </p>
   </div>
   <div class='ocr_carea' id='block_1_8' title="bbox 1982 1491 2164 1518">
    <p class='ocr_par' dir='ltr' id='par_1_10' title="bbox 1982 1491 2164 1518">
     <span class='ocr_line' id='line_1_77' title="bbox 1982 1491 2164 1518; baseline -0.005 -7"><span class='ocrx_word' id='word_1_386' title='bbox 1982 1494 2014 1511; x_wconf 73' lang='lat' dir='ltr'>cta</span> <span class='ocrx_word' id='word_1_387' title='bbox 2039 1491 2164 1518; x_wconf 73' lang='lat' dir='ltr'>protectori-</span> 
     </span>
    </p>
   </div>
   <div class='ocr_carea' id='block_1_9' title="bbox 1234 1511 2164 1555">
    <p class='ocr_par' dir='ltr' id='par_1_11' title="bbox 1234 1511 2164 1555">
     <span class='ocr_line' id='line_1_78' title="bbox 1234 1511 2164 1555; baseline -0.003 -10"><span class='ocrx_word' id='word_1_388' title='bbox 1234 1518 1380 1555; x_wconf 88' lang='lat' dir='ltr'>tempore</span> <span class='ocrx_word' id='word_1_389' title='bbox 1411 1512 1444 1544; x_wconf 93' lang='lat' dir='ltr'>in</span> <span class='ocrx_word' id='word_1_390' title='bbox 1469 1512 1613 1543; x_wconf 81' lang='lat' dir='ltr'>futurum</span> <span class='ocrx_word' id='word_1_391' title='bbox 1649 1511 1864 1543; x_wconf 81' lang='lat' dir='ltr'>existentibus</span> <span class='ocrx_word' id='word_1_392' title='bbox 1896 1521 1970 1553; x_wconf 89' lang='lat' dir='ltr'>pro·</span> <span class='ocrx_word' id='word_1_393' title='bbox 1982 1518 2019 1538; x_wconf 68' lang='lat' dir='ltr'>bu&lt;</span> <span class='ocrx_word' id='word_1_394' title='bbox 2034 1521 2054 1539; x_wconf 76' lang='lat' dir='ltr'>et</span> <span class='ocrx_word' id='word_1_395' title='bbox 2069 1518 2164 1542; x_wconf 62' lang='lat' dir='ltr'>superio·</span> 
     </span>
    </p>
   </div>
   <div class='ocr_carea' id='block_1_10' title="bbox 1981 1544 2164 1568">
    <p class='ocr_par' dir='ltr' id='par_1_12' title="bbox 1981 1544 2164 1568">
     <span class='ocr_line' id='line_1_79' title="bbox 1981 1544 2164 1568; baseline -0.011 -4"><span class='ocrx_word' id='word_1_396' title='bbox 1981 1545 2038 1565; x_wconf 83' lang='lat' dir='ltr'>ribus</span> <span class='ocrx_word' id='word_1_397' title='bbox 2059 1544 2164 1568; x_wconf 49' lang='lat' dir='ltr'>religiosis</span> 
     </span>
    </p>
   </div>
   <div class='ocr_carea' id='block_1_11' title="bbox 1234 1564 2165 2612">
    <p class='ocr_par' dir='ltr' id='par_1_13' title="bbox 1234 1564 2165 2612">
     <span class='ocr_line' id='line_1_80' title="bbox 1235 1564 2165 1618; baseline -0.001 -20"><span class='ocrx_word' id='word_1_398' title='bbox 1235 1565 1423 1605; x_wconf 88' lang='lat' dir='ltr'>tectoribus,</span> <span class='ocrx_word' id='word_1_399' title='bbox 1445 1575 1485 1597; x_wconf 90' lang='lat' dir='ltr'>ne</span> <span class='ocrx_word' id='word_1_400' title='bbox 1512 1569 1625 1597; x_wconf 90' lang='lat' dir='ltr'>cuncta</span> <span class='ocrx_word' id='word_1_401' title='bbox 1648 1565 1700 1597; x_wconf 88' lang='lat' dir='ltr'>vel</span> <span class='ocrx_word' id='word_1_402' title='bbox 1725 1564 1853 1607; x_wconf 85' lang='lat' dir='ltr'>singula</span> <span class='ocrx_word' id='word_1_403' title='bbox 1877 1574 2038 1618; x_wconf 50' lang='lat' dir='ltr'>prae-{pm</span> <span class='ocrx_word' id='word_1_404' title='bbox 2063 1576 2165 1597; x_wconf 53' lang='lat' dir='ltr'>rmum*-</span> 
     </span>
     <span class='ocr_line' id='line_1_81' title="bbox 1234 1613 2011 1661; baseline -0.005 -9"><span class='ocrx_word' id='word_1_405' title='bbox 1234 1620 1331 1652; x_wconf 89' lang='lat' dir='ltr'>missa</span> <span class='ocrx_word' id='word_1_406' title='bbox 1354 1628 1485 1661; x_wconf 87' lang='lat' dir='ltr'>quoquo</span> <span class='ocrx_word' id='word_1_407' title='bbox 1510 1618 1606 1650; x_wconf 85' lang='lat' dir='ltr'>modo</span> <span class='ocrx_word' id='word_1_408' title='bbox 1632 1617 1811 1659; x_wconf 81' lang='lat' dir='ltr'>iniungant,</span> <span class='ocrx_word' id='word_1_409' title='bbox 1838 1616 1968 1656; x_wconf 83' lang='lat' dir='ltr'>saciant,</span> <span class='ocrx_word' id='word_1_410' title='bbox 2007 1613 2011 1618; x_wconf 80' lang='grc'>’</span> 
     </span>
     <span class='ocr_line' id='line_1_82' title="bbox 1234 1669 1970 1712; baseline -0.004 -8"><span class='ocrx_word' id='word_1_411' title='bbox 1234 1672 1399 1711; x_wconf 87' lang='lat' dir='ltr'>mandent,</span> <span class='ocrx_word' id='word_1_412' title='bbox 1425 1670 1637 1711; x_wconf 80' lang='lat' dir='ltr'>committant,</span> <span class='ocrx_word' id='word_1_413' title='bbox 1672 1670 1870 1712; x_wconf 86' lang='lat' dir='ltr'>permittant,</span> <span class='ocrx_word' id='word_1_414' title='bbox 1906 1669 1970 1701; x_wconf 88' lang='lat' dir='ltr'>sive</span> 
     </span>
     <span class='ocr_line' id='line_1_83' title="bbox 1236 1722 1972 1764; baseline -0.003 -8"><span class='ocrx_word' id='word_1_415' title='bbox 1236 1726 1390 1763; x_wconf 73' lang='lat' dir='ltr'>tolerent,</span> <span class='ocrx_word' id='word_1_416' title='bbox 1417 1732 1544 1755; x_wconf 90' lang='lat' dir='ltr'>necnon</span> <span class='ocrx_word' id='word_1_417' title='bbox 1566 1722 1826 1764; x_wconf 88' lang='lat' dir='ltr'>quibuscumque</span> <span class='ocrx_word' id='word_1_418' title='bbox 1843 1724 1972 1763; x_wconf 82' lang='lat' dir='ltr'>regula-</span> 
     </span>
     <span class='ocr_line' id='line_1_84' title="bbox 1235 1775 1968 1819; baseline -0.005 -9"><span class='ocrx_word' id='word_1_419' title='bbox 1235 1778 1323 1810; x_wconf 83' lang='lat' dir='ltr'>ribus</span> <span class='ocrx_word' id='word_1_420' title='bbox 1341 1775 1510 1819; x_wconf 86' lang='lat' dir='ltr'>utriusque</span> <span class='ocrx_word' id='word_1_421' title='bbox 1529 1786 1625 1808; x_wconf 64' lang='lat' dir='ltr'>sexus</span> <span class='ocrx_word' id='word_1_422' title='bbox 1646 1780 1713 1808; x_wconf 89' lang='lat' dir='ltr'>tum</span> <span class='ocrx_word' id='word_1_423' title='bbox 1728 1775 1968 1818; x_wconf 86' lang='lat' dir='ltr'>superioribus,</span> 
     </span>
     <span class='ocr_line' id='line_1_85' title="bbox 1235 1828 1971 1873; baseline -0.005 -10"><span class='ocrx_word' id='word_1_424' title='bbox 1235 1831 1330 1863; x_wconf 88' lang='lat' dir='ltr'>etiam</span> <span class='ocrx_word' id='word_1_425' title='bbox 1356 1829 1575 1873; x_wconf 80' lang='lat' dir='ltr'>generalibus,</span> <span class='ocrx_word' id='word_1_426' title='bbox 1599 1834 1666 1861; x_wconf 88' lang='lat' dir='ltr'>tum</span> <span class='ocrx_word' id='word_1_427' title='bbox 1684 1828 1834 1868; x_wconf 82' lang='lat' dir='ltr'>subditis,</span> <span class='ocrx_word' id='word_1_428' title='bbox 1853 1838 1894 1861; x_wconf 91' lang='lat' dir='ltr'>ne</span> <span class='ocrx_word' id='word_1_429' title='bbox 1914 1828 1971 1860; x_wconf 92' lang='lat' dir='ltr'>iis-</span> 
     </span>
     <span class='ocr_line' id='line_1_86' title="bbox 1235 1881 1969 1924; baseline -0.005 -8"><span class='ocrx_word' id='word_1_430' title='bbox 1235 1884 1307 1917; x_wconf 88' lang='lat' dir='ltr'>dem</span> <span class='ocrx_word' id='word_1_431' title='bbox 1333 1883 1481 1916; x_wconf 87' lang='lat' dir='ltr'>omnibus</span> <span class='ocrx_word' id='word_1_432' title='bbox 1499 1888 1530 1914; x_wconf 88' lang='lat' dir='ltr'>et</span> <span class='ocrx_word' id='word_1_433' title='bbox 1548 1882 1700 1924; x_wconf 77' lang='lat' dir='ltr'>singulis,</span> <span class='ocrx_word' id='word_1_434' title='bbox 1720 1886 1756 1913; x_wconf 89' lang='lat' dir='ltr'>ut</span> <span class='ocrx_word' id='word_1_435' title='bbox 1772 1881 1969 1924; x_wconf 76' lang='lat' dir='ltr'>praefertur,</span> 
     </span>
     <span class='ocr_line' id='line_1_87' title="bbox 1235 1934 1973 1979; baseline -0.005 -10"><span class='ocrx_word' id='word_1_436' title='bbox 1235 1936 1421 1979; x_wconf 83' lang='lat' dir='ltr'>praemissis</span> <span class='ocrx_word' id='word_1_437' title='bbox 1441 1940 1584 1978; x_wconf 85' lang='lat' dir='ltr'>pareant,</span> <span class='ocrx_word' id='word_1_438' title='bbox 1601 1934 1900 1974; x_wconf 87' lang='lat' dir='ltr'>obediant‚1n01·em</span> <span class='ocrx_word' id='word_1_439' title='bbox 1919 1944 1973 1976; x_wconf 84' lang='lat' dir='ltr'>ge-</span> 
     </span>
     <span class='ocr_line' id='line_1_88' title="bbox 1235 1987 1970 2029; baseline -0.003 -8"><span class='ocrx_word' id='word_1_440' title='bbox 1235 1994 1316 2029; x_wconf 83' lang='lat' dir='ltr'>rant,</span> <span class='ocrx_word' id='word_1_441' title='bbox 1342 1989 1554 2027; x_wconf 85' lang='lat' dir='ltr'>adhaereant,</span> <span class='ocrx_word' id='word_1_442' title='bbox 1579 1997 1637 2020; x_wconf 91' lang='lat' dir='ltr'>seu</span> <span class='ocrx_word' id='word_1_443' title='bbox 1662 1987 1718 2020; x_wconf 84' lang='lat' dir='ltr'>illa</span> <span class='ocrx_word' id='word_1_444' title='bbox 1744 1988 1887 2020; x_wconf 87' lang='lat' dir='ltr'>tolerent</span> <span class='ocrx_word' id='word_1_445' title='bbox 1921 1987 1970 2019; x_wconf 86' lang='lat' dir='ltr'>vel</span> 
     </span>
     <span class='ocr_line' id='line_1_89' title="bbox 1235 2039 1971 2085; baseline -0.004 -11"><span class='ocrx_word' id='word_1_446' title='bbox 1235 2042 1434 2085; x_wconf 84' lang='lat' dir='ltr'>permittant,</span> <span class='ocrx_word' id='word_1_447' title='bbox 1449 2041 1514 2073; x_wconf 89' lang='lat' dir='ltr'>sive</span> <span class='ocrx_word' id='word_1_448' title='bbox 1537 2041 1645 2073; x_wconf 91' lang='lat' dir='ltr'>omnia</span> <span class='ocrx_word' id='word_1_449' title='bbox 1664 2041 1715 2073; x_wconf 83' lang='lat' dir='ltr'>vel</span> <span class='ocrx_word' id='word_1_450' title='bbox 1734 2039 1861 2082; x_wconf 79' lang='lat' dir='ltr'>singula</span> <span class='ocrx_word' id='word_1_451' title='bbox 1877 2050 1971 2082; x_wconf 85' lang='lat' dir='ltr'>prae-</span> 
     </span>
     <span class='ocr_line' id='line_1_90' title="bbox 1235 2093 1971 2137; baseline -0.005 -9"><span class='ocrx_word' id='word_1_452' title='bbox 1235 2096 1329 2128; x_wconf 87' lang='lat' dir='ltr'>missa</span> <span class='ocrx_word' id='word_1_453' title='bbox 1352 2104 1576 2137; x_wconf 85' lang='lat' dir='ltr'>quaecumque</span> <span class='ocrx_word' id='word_1_454' title='bbox 1601 2093 1680 2126; x_wconf 82' lang='lat' dir='ltr'>fiant</span> <span class='ocrx_word' id='word_1_455' title='bbox 1696 2103 1754 2125; x_wconf 93' lang='lat' dir='ltr'>seu</span> <span class='ocrx_word' id='word_1_456' title='bbox 1771 2097 1971 2125; x_wconf 83' lang='lat' dir='ltr'>attententur</span> 
     </span>
     <span class='ocr_line' id='line_1_91' title="bbox 1235 2145 1971 2192; baseline -0.005 -11"><span class='ocrx_word' id='word_1_457' title='bbox 1235 2158 1294 2192; x_wconf 87' lang='lat' dir='ltr'>per</span> <span class='ocrx_word' id='word_1_458' title='bbox 1316 2147 1493 2180; x_wconf 87' lang='lat' dir='ltr'>sententias</span> <span class='ocrx_word' id='word_1_459' title='bbox 1510 2147 1559 2179; x_wconf 90' lang='lat' dir='ltr'>vel</span> <span class='ocrx_word' id='word_1_460' title='bbox 1578 2146 1720 2186; x_wconf 89' lang='lat' dir='ltr'>decreta,</span> <span class='ocrx_word' id='word_1_461' title='bbox 1740 2145 1807 2178; x_wconf 91' lang='lat' dir='ltr'>sive</span> <span class='ocrx_word' id='word_1_462' title='bbox 1821 2145 1855 2177; x_wconf 92' lang='lat' dir='ltr'>in</span> <span class='ocrx_word' id='word_1_463' title='bbox 1868 2145 1971 2178; x_wconf 78' lang='lat' dir='ltr'>forma</span> 
     </span>
     <span class='ocr_line' id='line_1_92' title="bbox 1236 2198 1972 2241; baseline -0.004 -8"><span class='ocrx_word' id='word_1_464' title='bbox 1236 2200 1391 2239; x_wconf 84' lang='lat' dir='ltr'>iudiciali,</span> <span class='ocrx_word' id='word_1_465' title='bbox 1418 2200 1483 2232; x_wconf 93' lang='lat' dir='ltr'>sive</span> <span class='ocrx_word' id='word_1_466' title='bbox 1515 2198 1773 2238; x_wconf 81' lang='lat' dir='ltr'>extraiudiciali,</span> <span class='ocrx_word' id='word_1_467' title='bbox 1815 2203 1879 2231; x_wconf 89' lang='lat' dir='ltr'>tam</span> <span class='ocrx_word' id='word_1_468' title='bbox 1912 2209 1972 2241; x_wconf 87' lang='lat' dir='ltr'>per</span> 
     </span>
     <span class='ocr_line' id='line_1_93' title="bbox 1236 2251 1970 2297; baseline -0.005 -11"><span class='ocrx_word' id='word_1_469' title='bbox 1236 2259 1384 2297; x_wconf 85' lang='lat' dir='ltr'>patentes</span> <span class='ocrx_word' id='word_1_470' title='bbox 1412 2262 1505 2295; x_wconf 89' lang='lat' dir='ltr'>quam</span> <span class='ocrx_word' id='word_1_471' title='bbox 1522 2261 1581 2294; x_wconf 88' lang='lat' dir='ltr'>per</span> <span class='ocrx_word' id='word_1_472' title='bbox 1604 2251 1745 2294; x_wconf 85' lang='lat' dir='ltr'>privatas</span> <span class='ocrx_word' id='word_1_473' title='bbox 1763 2251 1896 2291; x_wconf 84' lang='lat' dir='ltr'>litteras,</span> <span class='ocrx_word' id='word_1_474' title='bbox 1913 2261 1970 2283; x_wconf 89' lang='lat' dir='ltr'>seu</span> 
     </span>
     <span class='ocr_line' id='line_1_94' title="bbox 1236 2303 1972 2348; baseline -0.004 -10"><span class='ocrx_word' id='word_1_475' title='bbox 1236 2306 1408 2348; x_wconf 83' lang='lat' dir='ltr'>epistolaS,</span> <span class='ocrx_word' id='word_1_476' title='bbox 1435 2305 1500 2336; x_wconf 88' lang='lat' dir='ltr'>sive</span> <span class='ocrx_word' id='word_1_477' title='bbox 1525 2313 1584 2346; x_wconf 88' lang='lat' dir='ltr'>per</span> <span class='ocrx_word' id='word_1_478' title='bbox 1607 2313 1640 2335; x_wconf 89' lang='lat' dir='ltr'>se</span> <span class='ocrx_word' id='word_1_479' title='bbox 1666 2303 1772 2346; x_wconf 87' lang='lat' dir='ltr'>ipsos,</span> <span class='ocrx_word' id='word_1_480' title='bbox 1810 2304 1877 2335; x_wconf 88' lang='lat' dir='ltr'>sive</span> <span class='ocrx_word' id='word_1_481' title='bbox 1913 2313 1972 2345; x_wconf 92' lang='lat' dir='ltr'>per</span> 
     </span>
     <span class='ocr_line' id='line_1_95' title="bbox 1237 2356 1970 2401; baseline 0 -12"><span class='ocrx_word' id='word_1_482' title='bbox 1237 2367 1457 2401; x_wconf 89' lang='lat' dir='ltr'>quoscumque</span> <span class='ocrx_word' id='word_1_483' title='bbox 1490 2356 1585 2396; x_wconf 83' lang='lat' dir='ltr'>alios,</span> <span class='ocrx_word' id='word_1_484' title='bbox 1625 2356 1746 2388; x_wconf 89' lang='lat' dir='ltr'>nedum</span> <span class='ocrx_word' id='word_1_485' title='bbox 1784 2366 1844 2398; x_wconf 91' lang='lat' dir='ltr'>per</span> <span class='ocrx_word' id='word_1_486' title='bbox 1887 2356 1970 2389; x_wconf 80' lang='lat' dir='ltr'>viam</span> 
     </span>
     <span class='ocr_line' id='line_1_96' title="bbox 1237 2409 1971 2454; baseline -0.003 -10"><span class='ocrx_word' id='word_1_487' title='bbox 1237 2411 1413 2454; x_wconf 81' lang='lat' dir='ltr'>praecepti,</span> <span class='ocrx_word' id='word_1_488' title='bbox 1439 2409 1606 2450; x_wconf 81' lang='lat' dir='ltr'>iussioniS‚</span> <span class='ocrx_word' id='word_1_489' title='bbox 1634 2409 1777 2441; x_wconf 86' lang='lat' dir='ltr'>mandati</span> <span class='ocrx_word' id='word_1_490' title='bbox 1803 2410 1853 2442; x_wconf 92' lang='lat' dir='ltr'>vel</span> <span class='ocrx_word' id='word_1_491' title='bbox 1885 2420 1971 2443; x_wconf 84' lang='lat' dir='ltr'>com-</span> 
     </span>
     <span class='ocr_line' id='line_1_97' title="bbox 1238 2462 1968 2503; baseline -0.001 -7"><span class='ocrx_word' id='word_1_492' title='bbox 1238 2463 1413 2503; x_wconf 88' lang='lat' dir='ltr'>missionis,</span> <span class='ocrx_word' id='word_1_493' title='bbox 1440 2463 1494 2495; x_wconf 91' lang='lat' dir='ltr'>sed</span> <span class='ocrx_word' id='word_1_494' title='bbox 1516 2462 1613 2494; x_wconf 86' lang='lat' dir='ltr'>etiam</span> <span class='ocrx_word' id='word_1_495' title='bbox 1650 2462 1945 2495; x_wconf 87' lang='lat' dir='ltr'>commendationis</span> <span class='ocrx_word' id='word_1_496' title='bbox 1961 2489 1968 2503; x_wconf 88' lang='lat'>,</span> 
     </span>
     <span class='ocr_line' id='line_1_98' title="bbox 1238 2515 1971 2559; baseline -0.001 -10"><span class='ocrx_word' id='word_1_497' title='bbox 1238 2522 1269 2549; x_wconf 86' lang='lat' dir='ltr'>et</span> <span class='ocrx_word' id='word_1_498' title='bbox 1293 2517 1357 2549; x_wconf 85' lang='lat' dir='ltr'>sive</span> <span class='ocrx_word' id='word_1_499' title='bbox 1382 2517 1498 2559; x_wconf 85' lang='lat' dir='ltr'>palam,</span> <span class='ocrx_word' id='word_1_500' title='bbox 1524 2515 1587 2547; x_wconf 86' lang='lat' dir='ltr'>sive</span> <span class='ocrx_word' id='word_1_501' title='bbox 1613 2521 1749 2556; x_wconf 81' lang='lat' dir='ltr'>secrete,</span> <span class='ocrx_word' id='word_1_502' title='bbox 1766 2521 1832 2548; x_wconf 87' lang='lat' dir='ltr'>tum</span> <span class='ocrx_word' id='word_1_503' title='bbox 1854 2516 1886 2548; x_wconf 89' lang='lat' dir='ltr'>in</span> <span class='ocrx_word' id='word_1_504' title='bbox 1905 2516 1971 2559; x_wconf 88' lang='lat' dir='ltr'>qui-</span> 
     </span>
     <span class='ocr_line' id='line_1_99' title="bbox 1237 2568 1972 2612; baseline 0 -10"><span class='ocrx_word' id='word_1_505' title='bbox 1237 2570 1438 2612; x_wconf 77' lang='lat' dir='ltr'>buscumque</span> <span class='ocrx_word' id='word_1_506' title='bbox 1463 2568 1613 2611; x_wconf 84' lang='lat' dir='ltr'>scriptis,</span> <span class='ocrx_word' id='word_1_507' title='bbox 1652 2573 1718 2601; x_wconf 90' lang='lat' dir='ltr'>tum</span> <span class='ocrx_word' id='word_1_508' title='bbox 1753 2574 1913 2609; x_wconf 85' lang='lat' dir='ltr'>oretenus,</span> <span class='ocrx_word' id='word_1_509' title='bbox 1939 2575 1972 2602; x_wconf 87' lang='lat' dir='ltr'>et</span> 
     </span>
    </p>
   </div>
   <div class='ocr_carea' id='block_1_12' title="bbox 459 2621 1969 2670">
    <p class='ocr_par' dir='ltr' id='par_1_14' title="bbox 459 2621 1969 2670">
     <span class='ocr_line' id='line_1_100' title="bbox 459 2621 1969 2670; baseline -0.001 -13"><span class='ocrx_word' id='word_1_510' title='bbox 459 2625 623 2670; x_wconf 75' lang='lat' dir='ltr'>gationum</span> <span class='ocrx_word' id='word_1_511' title='bbox 649 2624 838 2657; x_wconf 85' lang='lat' dir='ltr'>auctoritate</span> <span class='ocrx_word' id='word_1_512' title='bbox 864 2623 1018 2667; x_wconf 84' lang='lat' dir='ltr'>suppleri,</span> <span class='ocrx_word' id='word_1_513' title='bbox 1039 2634 1096 2655; x_wconf 86' lang='lat' dir='ltr'>seu</span> <span class='ocrx_word' id='word_1_514' title='bbox 1116 2623 1194 2656; x_wconf 87' lang='lat' dir='ltr'>alios</span> <span class='ocrx_word' id='word_1_515' title='bbox 1240 2628 1302 2655; x_wconf 85' lang='lat' dir='ltr'>tam</span> <span class='ocrx_word' id='word_1_516' title='bbox 1321 2622 1441 2655; x_wconf 88' lang='lat' dir='ltr'>directe</span> <span class='ocrx_word' id='word_1_517' title='bbox 1457 2632 1551 2666; x_wconf 84' lang='lat' dir='ltr'>quam</span> <span class='ocrx_word' id='word_1_518' title='bbox 1569 2621 1739 2664; x_wconf 85' lang='lat' dir='ltr'>indirecte,</span> <span class='ocrx_word' id='word_1_519' title='bbox 1762 2621 1900 2655; x_wconf 85' lang='lat' dir='ltr'>mediate</span> <span class='ocrx_word' id='word_1_520' title='bbox 1920 2622 1969 2655; x_wconf 87' lang='lat' dir='ltr'>vel</span> 
     </span>
    </p>
   </div>
  </div>
 </body>
</html>
