2254 3225
235 223 284 251 An.
301 223 330 252 C.
352 224 419 251 1692
463 215 528 253 480
988 229 1165 254 BULLARIUM
1190 229 1343 254 ROMANL'M
1938 230 1986 256 An.
2004 228 2032 255 c.
2056 229 2122 255 ¹692

427 274 458 306 in
485 274 688 309 subditorum
720 281 905 310 nostrorum
935 285 965 310 et
997 288 1155 320 quorum—
1178 275 1287 312 ¹iuxta
1313 279 1418 312 datam
1444 278 1508 311 illis
1526 288 1542 310 a
1563 277 1697 311 Domino
1715 277 1931 320 prudentiam,

427 338 562 371 cumque
580 329 811 372 romipetarum
832 330 1024 363 beneficium
1046 341 1159 373 respe-
1201 331 1296 363 etiarn
1314 341 1372 373 per
1390 332 1631 364 demolitionem
1659 340 1933 374 quorumcumque

427 381 508 414 ctive
529 383 697 415 consulere
720 392 784 415 nou
810 383 1106 426 praetermittimus.
1200 382 1430 422 aedificiorum,
1456 393 1582 415 necnon
1607 383 1856 425 praemissorum
1881 392 1930 415 oc-

234 443 275 486 ,ΙΛ
293 442 383 472 Martius)
399 443 415 473 v
470 435 485 477 ἓ
509 435 541 467 ’1.
569 435 655 468 Alias
680 435 840 478 siquidem
873 436 973 469 felicis
1005 436 1158 470 recorda·
1200 435 1328 467 casioue
1353 440 1509 477 gravatos,
1527 435 1647 478 absque
1673 435 1738 476 tite,
1764 436 1820 469 sed
1845 447 1926 468 sum-

234 475 308 515 i·=‘31'r'‹¹÷¹¹'
328 472 415 516 'iiiiiiu'i
427 487 523 520 tionis
543 488 695 521 Martinus
713 489 799 532 Papa
813 489 835 519 V
853 488 1085 531 praedecessor
1103 498 1158 519 uo-
1200 486 1310 523 marie,
1335 486 1536 529 simpliciter,
1554 487 1593 519 de
1619 488 1727 529 plano,
1752 492 1784 520 et
1803 488 1932 530 quihus-

235 521 327 543 nmutstri
336 522 361 542 ob
371 529 415 547 gra·

236 554 279 568 tent
295 555 387 569 causam.

427 545 502 580 ster,
527 551 598 573 cum
622 542 668 574 rei
694 541 852 575 evidentia
877 542 1011 574 edoctus
1046 541 1180 572 suisset>

427 593 512 636 quod
538 594 682 636 praefata
707 594 787 626 Urbs
821 593 955 636 eiusque
992 593 1157 626 districtus

427 656 464 679 ex
481 646 606 678 defectu
631 645 725 678 officii
743 646 979 688 magistrorum,
997 645 1083 689 quod
1103 655 1158 677 an-

426 698 559 741 tiquitus
584 708 645 741 pro
669 698 804 737 viarum,
830 703 1010 737 stratarum,
1036 699 1159 740 platea-

425 761 495 782 rum
521 755 552 783 et
575 751 719 785 locorum
744 756 807 785 tarn
836 750 1038 793 publicorum
1063 760 1157 793 quam

425 802 632 846 privatorum,
660 813 787 836 necnon
812 802 1045 843 aedificiorum,
1071 803 1155 845 lapi·
1177 842 1180 852 Ι

425 856 560 891 deorum
582 861 613 889 et
636 855 830 898 ligneorum,
857 856 1026 898 parietum,
1052 856 1157 899 tigno-

425 919 510 949 rum,
528 908 714 949 bancorum,
733 914 902 949 tectorum,
929 910 1155 949 tabulatorum,

424 961 641 1001 moeniorum,
668 961 901 1004 apothecarum
928 967 959 994 et
981 962 1131 1005 pontium
1148 988 1155 1002 ,

424 1018 611 1056 portarum,
629 1014 834 1054 transituum,
863 1023 1016 1056 aquarum
1042 1014 1157 1047 decur-

425 1076 518 1099 suum
534 1093 541 1106 ,
570 1066 731 1100 canalium
756 1071 788 1099 et
811 1072 973 1099 meatuum
989 1093 996 1106 ‚
1027 1076 1156 1099 necnon
1176 1075 1179 1114 Ξ

1200 548 1336 580 cumque
1362 543 1437 570 tune
1462 539 1622 581 expressis
1638 549 1703 573 non
1719 539 1931 580 obstantibus,

1200 589 1371 629 relevandi,
1387 590 1578 625 restituendi
1597 596 1628 623 et
1645 591 1837 634 reponendi,
1857 602 1934 625 con-

1200 643 1392 677 tradictores
1417 653 1546 687 quoque
1563 649 1596 678 et
1611 644 1752 678 rebelles
1775 645 1934 688 privandi,

1199 695 1388 735 banniendi,
1408 697 1611 737 arrestandi,
1637 697 1873 738 incarcerandi,
1900 708 1934 731 0-

1200 749 1348 792 mniaque
1368 754 1399 782 et
1413 749 1539 792 singula
1553 750 1688 783 faciendi
1706 755 1738 782 et
1755 751 1931 791 exercendi,

1200 810 1282 843 quae
1317 802 1462 844 magistri
1499 802 1629 835 illorum
1664 803 1934 845 praedecessores

1198 854 1305 887 faeere
1329 859 1362 887 et
1386 863 1538 888 exercere
1556 860 1743 898 potuerunt,
1762 865 1817 888 seu
1836 855 1933 888 etiam

1199 906 1404 947 debuerunt3
1431 911 1463 939 et
1486 907 1576 947 alias,
1603 912 1701 950 prout
1725 907 1757 940 in
1790 908 1932 941 eiusdem

1199 959 1322 993 Martini
1341 959 1601 1002 praedecessoris
1618 960 1760 994 secundo
1778 960 1932 994 kalendas

1198 1010 1338 1055 aprilis¹,
1359 1011 1566 1054 pontificatus
1584 1012 1631 1044 sui
1649 1022 1734 1045 anno
1752 1023 1818 1054 vm,
1837 1022 1933 1056 expe-

1199 1065 1272 1097 ditis
1296 1064 1413 1097 litteris
1437 1065 1566 1107 plenius
1592 1064 1790 1100 continetur.

1241 1117 1256 1161 g
1281 1117 1312 1149 ⁶2.
1339 1116 1509 1150 Succesive
1530 1118 1585 1150 alii
1605 1118 1740 1151 Romani
1758 1117 1932 1152 Pontifices
1971 1130 1984 1151 A
2006 1130 2062 1151 sain
2083 1130 2124 1154 iv,

1198 1170 1468 1212 praedecessores
1492 1171 1607 1210 nostri,
1624 1175 1655 1204 et
1678 1171 1871 1214 praesertim
1891 1172 1932 1204 si·
1942 1157 2027 1204 ¹13i'ssni'v
2041 1158 2125 1204 {doni}

1198 1222 1282 1254 milis
1306 1222 1541 1255 reeordationis
1577 1223 1682 1256 Sixtus
1706 1223 1742 1256 lv
1767 1234 1851 1257 anno
1882 1212 2011 1256 Ιη-ἷῖᾍῖἲὲ
2030 1210 2125 1256 ‘3555ssst

1198 1275 1394 1308 carnationis
1429 1276 1609 1309 dominicae
1640 1285 1787 1310 MCDLxxx
1823 1262 2124 1341 pridiessiffisierffgffi

1941 1322 1974 1336 (lC
1995 1321 2004 1335 ὀ
2033 1321 2044 1336 ἃ
2100 1322 2124 1337 'S-

423 1118 622 1151 urbanorum
648 1123 679 1151 et
701 1119 893 1152 rusticorum
924 1118 1130 1162 praediorum
1148 1146 1155 1159 ‚
1175 1154 1178 1171 Ι

424 1176 590 1214 pratorum
610 1198 617 1211 ‚
652 1172 837 1211 hortorum,
870 1177 967 1214 atque
991 1172 1156 1204 vincarum

423 1223 547 1264 finium,
575 1225 871 1264 restaurationum,
906 1224 1097 1256 servitutum
1126 1230 1177 1271 et¹

424 1275 610 1309 libertatum
626 1277 905 1310 administratione
926 1277 1104 1309 institutum
1127 1282 1156 1309 et
1175 1278 1177 1283 ’

424 1328 607 1361 ordinatum
632 1329 753 1369 suerat,
783 1328 814 1361 in
846 1329 1033 1372 praemissis
1062 1324 1176 1373 gram!
1198 1328 1353 1361 kalendas
1389 1328 1481 1368 iulii,
1518 1329 1581 1361 Leo
1613 1329 1638 1361 X
1666 1338 1751 1362 anno
1786 1328 1931 1362 eiusdem

425 1382 496 1414 dem
527 1382 712 1425 patiebatur
744 1382 999 1422 deformitatem;
1032 1371 1176 1415 necnoni
1198 1380 1430 1413 incarnationis
1459 1388 1590 1422 mmm,
1619 1391 1650 1414 1v
1673 1392 1776 1415 nonas
1801 1390 1931 1417 novem-

424 1434 623 1477 accepisset,
648 1435 824 1467 nonnullos
849 1434 932 1466 cives
967 1440 999 1467 et
1033 1434 1154 1467 incolas
1174 1408 1177 1463 i
1197 1433 1271 1471 bris,
1291 1438 1321 1465 et
1339 1433 1413 1465 Pius
1437 1434 1473 1465 lv
1491 1444 1575 1467 anno
1592 1434 1824 1469 incarnationis
1840 1445 1932 1478 prae-

423 1497 475 1519 res
502 1486 641 1522 foetidas
662 1491 694 1519 et
713 1491 883 1529 corruptas
908 1486 940 1518 in
974 1485 1048 1526 vias,
1074 1492 1155 1519 stra·
1197 1486 1279 1518 satae
1303 1495 1418 1526 MDva,
1437 1497 1455 1519 x
1473 1486 1628 1519 kalendas
1650 1486 1853 1530 septembris,
1871 1496 1931 1529 per

424 1544 493 1580 taS,
520 1541 662 1583 plateas,
689 1544 721 1572 et
752 1540 822 1572 loca
858 1539 988 1582 publica
1022 1544 1055 1573 et
1084 1540 1153 1583 pri·
1197 1548 1268 1570 suas
1294 1538 1474 1581 respective
1500 1539 1601 1575 editas
1625 1539 1759 1578 litteras,
1778 1538 1810 1571 S.
1832 1538 1870 1571 R.
1892 1539 1927 1572 E.

422 1596 494 1626 vata
510 1592 696 1625 huiusmodi
719 1592 890 1636 proiicere,
911 1603 966 1625 seu
983 1592 1057 1633 vias,
1076 1598 1156 1626 stra-
1174 1619 1177 1645 ι
1197 1590 1373 1623 camerario
1392 1595 1424 1623 et
1444 1591 1597 1634 praefatis
1622 1591 1746 1624 viarum
1767 1591 1931 1633 magistris

423 1650 490 1685 tas,
511 1645 634 1688 plateas
665 1650 696 1677 et
721 1646 789 1678 loca
820 1645 950 1688 publica
987 1651 1020 1678 et
1055 1647 1176 1679 eccle-1
1196 1645 1368 1686 plerasque
1394 1644 1604 1684 coniunctim,
1631 1644 1755 1688 aliquas
1780 1654 1856 1678 vero
1880 1655 1932 1678 se-

422 1699 550 1732 siastica
574 1707 734 1741 occupare
749 1725 758 1739 ‚
784 1698 935 1738 alienare,
963 1703 995 1731 et
1024 1698 1057 1731 in
1077 1710 1154 1731 usus
1173 1689 1176 1748 f
1196 1696 1333 1739 paratim
1352 1696 1548 1729 exercendas
1568 1697 1821 1738 iurisdictiones,
1839 1697 1932 1731 sacul-

422 1751 573 1796 proprios
601 1751 772 1791 deducere;
792 1756 822 1784 et
846 1756 1020 1794 propterea
1044 1752 1155 1784 huius-
1197 1754 1275 1780 tates
1293 1753 1324 1781 et
1340 1748 1523 1781 functiones
1542 1748 1781 1789 confirmarunt,
1799 1750 1931 1792 amplia-

1169 1784 1171 1794 t

421 1805 510 1838 modi
536 1803 813 1843 deformitatibus,
838 1803 1022 1836 excessibus
1052 1809 1083 1836 et
1107 1804 1154 1836 iu-

422 1857 600 1891 commodis
610 1867 706 1900 posse
718 1862 812 1889 tenus
828 1866 999 1890 occurrere
1011 1857 1153 1900 cupiens:

422 1910 561 1943 officium
596 1910 803 1952 magistratus
844 1909 1029 1945 huiusmodi
1068 1910 1152 1942 imm

420 1963 506 1996 itlius
519 1962 755 1996 institutionem
773 1962 964 1995 auctoritate
979 1963 1152 2005 apostolica

420 2016 591 2056 suscitavit,
608 2015 818 2058 reintegravit
844 2020 875 2048 et
899 2015 1049 2056 restituit;
1073 2016 1151 2048 duos

421 2079 551 2112 quoque
574 2068 668 2102 Urbis
694 2074 725 2101 et
749 2068 912 2102 districtus
936 2069 1152 2111 praefatorum

419 2122 540 2156 viarum
561 2123 732 2165 magistros
750 2122 788 2155 ad
807 2133 897 2155 suum
912 2122 1151 2165 beneplacitum

420 2176 595 2218 deputavit,
615 2186 687 2208 cum
712 2175 814 2207 solitis
838 2175 877 2206 ab
902 2174 1033 2217 antiquo
1059 2176 1152 2208 iuris-

421 2228 636 2269 dictionibus,
677 2227 909 2271 potestatibus,
948 2227 1148 2268 bonoribus,

418 2280 606 2324 privilegiis,
632 2279 847 2319 libertatibus,
878 2285 973 2323 atque
998 2280 1150 2313 oneribus

418 2333 586 2372 universis,
613 2332 644 2365 in
670 2332 852 2375 praemissis
870 2337 900 2365 et
921 2332 1006 2365 circa
1023 2343 1061 2365 ea
1077 2343 1152 2365 cou-

419 2387 639 2425 cernentibus,
665 2385 926 2428 dependentibus
951 2390 981 2418 et
1005 2386 1150 2425 annexis,

419 2439 515 2473 etiam
550 2449 623 2472 eum
660 2438 807 2471 facultate
849 2437 987 2470 faciendi
1024 2437 1151 2470 subma-

418 2493 546 2536 gistros,
564 2500 693 2524 necnon
718 2490 902 2522 huiusmodi
927 2500 1076 2522 excessus
1102 2501 1151 2523 re-

418 2544 569 2589 parandi,
588 2543 770 2585 corrigendi
804 2548 835 2575 et
853 2542 1058 2581 emendandi,
1082 2542 1151 2575 abs-

418 2607 481 2642 que
498 2596 635 2630 cuiusvis
655 2595 820 2629 vocatione
839 2605 896 2628 seu
913 2595 1072 2636 citatione,
1092 2596 1147 2629 sed

1195 1807 1290 1840 runt,
1316 1806 1348 1833 et
1371 1802 1550 1844 respective
1576 1807 1818 1835 concesserunt.
1845 1802 1930 1841 Quas

1195 1859 1227 1887 et
1244 1854 1321 1887 alias
1346 1853 1532 1889 huiusmodi
1549 1855 1685 1895 litteras,
1703 1865 1774 1888 cum
1796 1856 1929 1889 decreto

1194 1909 1345 1943 Gamerae
1365 1907 1569 1951 Apostolicae
1585 1908 1623 1940 de
1639 1907 1806 1951 inquilinis
1820 1908 1852 1941 in
1868 1919 1929 1942 em-

1194 1962 1303 2005 ptione
1329 1962 1497 1994 domorum
1530 1960 1752 2003 praeferendis
1770 1987 1777 2001 ‚
1802 1962 1928 1994 tametsi

1195 2014 1387 2048 recolendae
1401 2013 1575 2046 memoriae
1594 2013 1668 2046 Pius
1688 2013 1771 2057 Papa
1789 2014 1812 2046 V
1831 2015 1927 2048 etiam

1194 2067 1428 2110 praedecessor
1452 2070 1563 2097 noster
1587 2073 1645 2108 per
1675 2066 1829 2109 quasdam
1854 2076 1928 2099 suas

1193 2118 1427 2162 inotusproprii
1446 2118 1575 2151 cedulas
1600 2119 1660 2151 suh
1682 2119 1789 2151 datum
1806 2129 1836 2152 ιν
1853 2119 1926 2152 idus

1194 2173 1305 2216 aprilis
1330 2177 1362 2205 et
1384 2182 1403 2205 v
1428 2181 1528 2204 nonas
1554 2171 1636 2211 iulii,
1655 2171 1860 2214 pontificatus
1878 2172 1927 2204 sui

1194 2236 1279 2258 anno
1309 2235 1364 2265 vl,
1390 2224 1498 2268 quoad
1522 2223 1571 2255 ius
1597 2224 1752 2266 congrui,
1779 2230 1810 2257 et
1832 2235 1924 2265 nova,

1194 2289 1257 2312 non
1283 2284 1387 2311 tamen
1412 2287 1502 2310 sacra
1529 2281 1583 2309 aut
1613 2277 1757 2320 publiea,
1783 2283 1928 2311 constru-

1193 2332 1277 2365 enda
1302 2330 1467 2370 aedilicia,
1492 2330 1532 2363 ad
1557 2330 1711 2363 terminos
1736 2330 1815 2364 iuris
1840 2341 1928 2364 com-

1193 2385 1301 2418 munis
1324 2384 1504 2423 reduxerit,
1527 2383 1743 2416 nihilominus
1767 2384 1840 2427 piae
1864 2395 1927 2418 nie-

1193 2438 1315 2471 moriae
1347 2436 1523 2479 Gregorius
1559 2435 1646 2479 Papa
1670 2436 1752 2477 Xlll,
1778 2437 1927 2471 similiter

1193 2491 1425 2534 praedecessor
1446 2493 1565 2529 noster,
1579 2499 1638 2532 per
1656 2489 1733 2521 alias
1751 2499 1823 2522 suas
1841 2500 1926 2523 anno

1193 2541 1422 2575 iucarnationis
1439 2540 1604 2584 praefatae
1621 2550 1761 2574 itianxiv
1779 2540 1926 2576 kalendis

1229 2603 1286 2639 tnln
1302 2604 1364 2630 nota
1378 2602 1411 2630 ad
1425 2602 1503 2630 rubr.
1518 2602 1585 2638 legit
1602 2603 1638 2630 50
1652 2602 1757 2638 aprilis
1771 2604 1809 2638 (a.
1823 2604 1872 2639 τ.).
