2254 3225
221 225 269 252 An.
295 224 411 252 (3.1690
455 214 498 247 78

457 274 549 315 eique
571 271 750 315 privileyia
775 274 802 303 et
829 267 1054 311 indulyeutiae
1078 276 1148 297 cou-

458 324 648 358 ceduntur&

607 412 778 440 Alexander
798 412 875 444 Papa
892 409 955 440 vit,

537 458 574 485 ad
593 461 768 491 perpetuam
788 455 833 482 rei
853 452 1034 481 memoriam.

249 549 371 570 Exordium·
461 537 506 570 Ad
525 536 694 581 pastoralis
712 534 874 577 dignitatis
893 530 1063 572 fastigium,
1082 536 1149 559 me-

416 592 488 625 ritis
515 591 590 624 licet
615 589 811 633 imparibus,
836 584 989 618 ineffabili
1023 581 1148 614 divinae

418 643 573 677 bonitatis
604 639 801 674 abundantia
821 636 933 675 evecti,
961 633 1059 667 divini
1086 632 1150 663 cul-

421 701 470 726 tus
490 699 521 726 et
542 693 719 725 animarum
745 687 855 722 salutis
880 687 1082 718 incremento
1115 692 1150 714 ac

420 746 494 778 fidei
530 744 709 778 catholicae
736 738 969 785 propagationi,
996 739 1149 778 quantum

420 799 514 831 nobis
536 809 572 831 ex
593 798 658 829 alto
683 794 879 831 conceditur,
896 789 1101 825 intendimus,
1121 792 1151 819 et

420 856 595 895 propterea
613 848 804 881 clericorum
823 842 1102 885 congregationes,
1120 840 1151 872 id
1172 842 1173 864 ἓ

422 902 551 946 operari
566 901 743 944 cupientes,
763 895 935 941 propensis
949 893 1064 926 studiis
1082 902 1153 935 pro-

422 965 585 988 movemus
618 959 648 986 et
672 950 889 988 instituimus,
924 946 1151 987 favoribusque

424 1013 455 1040 et
471 1007 581 1050 gratiis
599 1003 822 1048 prosequimur
834 999 1037 1044 opportunis,
1055 1002 1153 1041 prout

424 1059 639 1101 conspicimus
669 1056 701 1088 in
726 1055 860 1089 Domino
897 1051 1069 1085 salubriter
1094 1060 1150 1083 ex-

425 1112 549 1154 pedire.

251 1174 415 1208 etot-tinacia«,
470 1164 484 1206 g
509 1163 539 1195 1,
560 1161 682 1204 Exponi
700 1159 857 1202 siquidem
876 1157 970 1190 nobis
989 1166 1093 1200 nuper
1109 1156 1155 1189 fe-

234 1203 415 1248 affi'niiissiiiiuitntas-
427 1221 539 1248 cerunt
564 1214 671 1247 dilecti
697 1212 752 1245 stlii
771 1210 953 1254 presbyteri
978 1210 1157 1242 saeculares

235 1253 695 1310 l⁹;‡¹1?t3²hl3.¹‘l¹i¹.Congregationis
733 1265 792 1296 sub
832 1264 927 1296 titulo
967 1263 1001 1295 B.
1040 1262 1156 1294 Mariae

238 1307 261 1326 v.
294 1307 415 1330 Assuwtatae
455 1321 459 1326 .
505 1321 510 1326 .
541 1322 545 1325 .
813 1317 819 1322 -
890 1315 896 1320 ·
922 1316 928 1321 -

236 1331 409 1358 tiisssiponensis.
427 1321 565 1363 Virginis
590 1320 781 1360 Assumptae
811 1327 844 1348 1n
870 1320 996 1348 civitate
1021 1314 1159 1347 'dracha-

428 1373 513 1406 sensi
538 1371 701 1405 ordinaria
719 1369 909 1402 auctoritate
936 1367 1091 1399 canonice
1113 1368 1159 1408 (ut,

429 1425 598 1466 asseritur)
625 1429 758 1461 erectae,
784 1421 867 1465 quod
894 1421 971 1453 ali³s
996 1426 1071 1452 tunc
1096 1420 1161 1452 exi-

430 1485 517 1511 stens
541 1476 809 1518 archiepiscopus
835 1472 1062 1506 Bi'acliarensis
1080 1482 1161 1503 eam-

430 1532 502 1564 dem
534 1528 825 1571 Congregationem
858 1526 890 1558 in
921 1525 1003 1557 dicta
1035 1524 1160 1556 civitate

429 1594 487 1627 pro
513 1581 709 1626 presbyteris
742 1579 982 1617 saecularibus,
1014 1577 1068 1620 qui
1103 1576 1162 1608 sub

431 1637 581 1670 clausura
596 1633 771 1668 voluntaria
785 1632 905 1675 absque
924 1636 1068 1663 votorum
1087 1629 1164 1662 obli-

433 1688 560 1731 gatione
586 1686 741 1730 propriae
765 1685 956 1726 alienaeque
982 1681 1074 1714 saluti
1100 1687 1164 1713 stu-

433 1741 531 1779 dere,
557 1738 766 1772 missionibus
792 1742 823 1769 et
845 1735 933 1769 verbi
958 1734 1013 1768 Dei
1038 1734 1165 1777 praedia

433 1792 550 1825 cationi
590 1801 723 1834 operam
760 1791 854 1829 dare,
889 1800 924 1821 ac
949 1792 1165 1820 sacramenta-

434 1846 480 1878 les
507 1843 750 1877 cliistifidelium
779 1841 1002 1875 consessiones
1029 1839 1164 1878 audire,

435 1897 563 1941 aliqua'l
582 1897 711 1940 pietatis
747 1900 778 1928 et
809 1894 1005 1927 christianae
1031 1893 1167 1924 charita-

436 1950 475 1982 tis
499 1959 598 1992 opera
632 1957 783 1981 exercere
810 1947 978 1985 deberent,
998 1945 1036 1977 ad
1066 1945 1168 1976 instar

436 2001 729 2044 congregationum
747 1998 884 2032 Oratorii
903 1999 1003 2031 sancti
1026 1997 1167 2040 Philippi

436 2055 521 2088 Nerii
542 2055 574 2087 in
600 2054 737 2087 ecclesia
772 2059 954 2087 sanctorum
987 2051 1104 2083 Mariae
1137 2050 1167 2082 in

437 2107 601 2141 Vallicella
632 2113 663 2140 et
690 2106 837 2149 Gregorii
869 2106 907 2138 de
940 2105 1022 2137 Urbe
1048 2104 1168 2137 dudum

440 2160 627 2192 auctoritate
648 2159 823 2201 apostolica
848 2163 984 2196 erectae,
1004 2162 1035 2189 et
1055 2156 1088 2189 B.
1111 2155 1171 2188 Ma-

441 2213 506 2244 riae
540 2212 678 2253 Virginis
702 2212 895 2254 Assuniptae
935 2209 1167 2253 Ulyssiponen-

442 2265 486 2296 sis
513 2276 530 2297 a
555 2265 656 2297 felicis
680 2263 915 2296 recordationis
933 2262 1097 2295 Clemente
1115 2261 1172 2293 Pa-

480 2329 488 2352 l
503 2326 601 2352 Similis
612 2326 786 2360 Congregatio
804 2326 829 2351 in
845 2325 949 2351 civitate
967 2322 1171 2357 Portugalliensi

444 2371 603 2396 confirmata
622 2370 674 2396 fuit
694 2370 725 2396 ab
745 2369 901 2396 Innocentio
921 2368 951 2394 Xt
976 2368 1083 2393 constit.
1104 2366 1174 2392 edita

444 2420 611 2444 unct-xxxin,
632 2414 673 2439 die
693 2414 726 2439 “20
747 2413 817 2446 maii,
839 2412 934 2447 pontif.
955 2418 1004 2444 vu,
1026 2415 1052 2437 et
1071 2410 1104 2436 ab
1125 2410 1173 2435 lioc

445 2458 610 2485 l'ontilicein
627 2459 731 2483 constit.
753 2458 817 2483 edit.
838 2462 936 2489 mncxc,
949 2456 991 2481 die
1011 2457 1026 2480 5
1046 2454 1173 2483 octobris,

446 2503 538 2537 pontisv
553 2508 570 2534 t,
599 2510 726 2527 concessa
746 2502 795 2527 suit
814 2500 944 2536 quaedam
964 2500 1076 2525 facultas
1095 2499 1174 2524 Pres-

447 2547 546 2582 byteris
565 2546 706 2572 M=ssionis.

482 2591 498 2617 2
518 2590 615 2617 Forsan
635 2591 747 2625 utaque
766 2594 805 2624 (n.
828 2590 876 2624 T.)-

996 216 1171 242 Btjttaxntt'u
1198 213 1350 238 ROMANt'M

1926 207 1976 233 An.
1997 206 2026 233 G.
2045 206 2112 233 1690

1190 274 1229 304 pa
1261 262 1284 293 X
1315 259 1567 304 praedecessore
1603 262 1718 291 nostro
1744 267 1803 301 per
1826 266 1922 300 quas-

1191 314 1261 346 dam
1288 323 1360 345 suas
1386 312 1419 344 in
1440 311 1536 344 simili
1562 311 1663 344 forma
1687 311 1796 343 Brevis
1822 309 1874 343 die
1889 319 1922 343 vt

1191 365 1264 398 maii
1290 374 1429 398 MDCLxxl
1460 363 1625 406 expeditas
1655 363 1780 396 litteras
1805 361 1923 396 conflr-

1191 423 1305 457 matae,
1320 416 1380 449 sub
1409 415 1694 449 constitutionibus
1712 415 1778 449 sive
1795 415 1922 448 statutis

1191 470 1439 513 particularibus
1459 479 1518 512 pro
1537 469 1651 501 eadem
1668 468 1924 511 Cong1·egat.iono

1192 521 1437 565 Ulyssiponensi
1462 521 1556 554 editis
1582 525 1614 554 et
1645 531 1663 554 a
1686 521 1832 563 praefato
1857 519 1926 553 Cle-

1192 580 1299 607 mente
1324 573 1579 616 praedecessore
1611 584 1670 616 per
1701 573 1780 606 alias
1804 573 1926 615 pariter

1193 627 1223 659 in
1240 627 1339 659 fornia
1355 626 1461 658 Brevis
1479 626 1530 659 die
1543 636 1616 659 xxxv
1633 625 1761 668 augusti
1775 635 1926 659 MDCLxxu

1193 684 1356 711 emanatas
1374 679 1500 711 litteras
1515 679 1712 722 approbatis,
1730 679 1925 722 illorumque

1193 732 1384 775 appendice,
1412 732 1516 764 erexit
1541 737 1572 764 et
1597 731 1747 764 instituit.

1238 785 1251 827 ξ
1270 784 1299 816 ⁶2.
1319 784 1394 816 Cum
1415 784 1623 823 autem,sicut
1641 784 1752 816 eadem
1769 783 1925 827 expositio
1962 794 2038 815 Preces
2052 795 2119 816 ‹iicto-

1195 837 1422 879 subiungebat,
1449 836 1524 869 dicti
1550 842 1751 880 exponentes
1783 823 2119 879 praefatalssf-'mewffiffl‘

1196 891 1326 933 pietatis
1352 896 1382 922 et
1400 890 1566 922 charitatis
1583 901 1682 933 opera
1702 901 1852 923 exercere
1870 891 1927 923 ha·

1196 948 1309 975 ctcuus
1334 942 1538 982 studuerint,
1566 942 1695 985 illisque
1725 943 1758 975 in
1785 943 1928 975 futurum

1197 1005 1323 1038 quoque
1357 995 1442 1027 iuxta
1472 995 1562 1038 pium
1594 996 1750 1028 dictarum
1781 995 1926 1037 Congre-

1197 1048 1362 1090 gationum
1392 1047 1572 1079 institutum
1598 1047 1768 1080 adiuvante
1793 1048 1929 1080 Domino

1199 1110 1331 1142 operam
1350 1099 1427 1132 dare
1445 1099 1627 1132 intendant:
1646 1099 1739 1132 nohis
1755 1104 1931 1142 propterea

1199 1152 1366 1184 humiliter
1390 1151 1565 1194 supplicari
1587 1151 1733 1184 fecerunt
1759 1157 1794 1184 ut
1814 1151 1874 1184 sibi
1900 1152 1932 1184 in

1199 1205 1384 1248 praemissis
1410 1210 1593 1248 opportune
1625 1204 1795 1247 providere
1832 1210 1863 1236 et
1896 1209 1932 1236 ut

1200 1260 1281 1291 infra
1296 1259 1465 1301 indulgere
1484 1258 1522 1291 de
1539 1257 1738 1300 benignitate
1752 1257 1929 1300 apostolica

1201 1313 1417 1354 dignaremur.

1246 1366 1259 1408 ξ
1284 1365 1315 1398 3.
1341 1364 1404 1397 Nos
1429 1364 1535 1406 igitur,
1555 1363 1641 1406 ipsos
1667 1368 1879 1405 exponentes,
1899 1368 1934 1395 ut
1960 1369 2127 1405 confirmatione

1201 1420 1239 1452 ad
1260 1419 1310 1461 pia
1328 1424 1360 1450 et
1383 1428 1470 1450 saera
1495 1427 1594 1459 opera
1618 1416 1802 1448 huiusmodi
1827 1426 1934 1458 prom·
1944 1396 2126 1449 'c'²„‘'0⁰2?0²}2{’i¹0⁰1{?‡

1203 1471 1324 1514 ptiores
1338 1470 1523 1509 reddantur,
1543 1468 1774 1511 uberioresque
1793 1468 1823 1500 in
1841 1469 1936 1501 vinea

1204 1523 1328 1557 Dou2ini
1345 1523 1465 1555 fructus
1482 1522 1727 1560 incrementum,
1746 1521 1841 1553 dante
1854 1520 1934 1560 Deo,

1204 1577 1348 1620 proferre
1374 1580 1534 1617 satagant,
1555 1574 1751 1617 specialibus
1777 1573 1937 1606 favoribus

1205 1634 1236 1661 et
1260 1628 1371 1670 gratiis
1401 1628 1554 1670 prosequi
1582 1628 1740 1666 volentes,
1767 1630 1798 1658 et
1822 1636 1936 1658 eorum

1205 1682 1386 1724 singulares
1411 1690 1569 1723 personas
1591 1690 1608 1711 a
1626 1678 1787 1722 quibusvis
1813 1689 1936 1711 excom-

1206 1733 1449 1771 municationis,
1467 1731 1687 1775 suspensionis
1705 1735 1737 1763 et
1758 1730 1936 1771 interdicti,

1206 1787 1340 1829 aliisque
1366 1784 1591 1818 ecclesiasticis
1616 1782 1800 1823 sententiis,
1827 1793 1939 1815 censu-

1207 1841 1250 1872 ris
1276 1845 1306 1872 el
1331 1838 1467 1881 poenis,
1500 1848 1517 1870 a
1545 1837 1613 1868 iure
1642 1836 1691 1868 vel
1716 1836 1755 1868 ab
1781 1835 1938 1874 homine,

1208 1892 1317 1935 quavis
1343 1891 1512 1924 occasione
1539 1889 1587 1922 vel
1612 1890 1708 1921 causa
1724 1888 1806 1928 latis,
1825 1887 1850 1920 si
1870 1888 1941 1930 qui-

1208 1945 1266 1976 bus
1292 1942 1540 1986 quomodolibet
1571 1941 1745 1973 innodatae
1777 1939 1940 1979 existunt,

1210 1998 1246 2030 ad
1267 1996 1413 2029 effectum
1434 1993 1652 2038 praesentium
1678 1993 1843 2024 dumtaxat
1867 2001 1942 2023 con-

1210 2050 1432 2093 sequendum,
1469 2048 1583 2080 harum
1616 2045 1699 2078 serie
1736 2045 1941 2077 absolventes

1211 2109 1243 2136 et
1267 2103 1429 2135 absolutas
1455 2101 1523 2133 sore
1548 2104 1729 2138 censentes,
1756 2097 1941 2130 huiusmodi

1211 2154 1503 2199 supplicationibus
1520 2151 1674 2191 inclinati,
1695 2150 1779 2183 veris
1803 2149 1942 2183 existen-

1213 2209 1295 2240 tibus
1322 2205 1469 2246 narratis,
1500 2210 1531 2238 et
1563 2209 1722 2247 quatenus
1750 2202 1832 2235 dicta
1856 2201 1939 2234 Con-

1214 2261 1359 2304 gregatio
1390 2257 1621 2291 Bracliarensis
1660 2256 1739 2288 alias
1769 2253 1942 2288 canonice¹

1215 2319 1318 2346 erecta
1352 2317 1383 2345 et
1413 2311 1562 2343 instituta
1596 2309 1718 2347 suerit,
1745 2307 1944 2341 erectionem

1216 2373 1247 2400 et
1271 2365 1506 2398 institutionem
1543 2362 1643 2406 ipsius
1663 2359 1942 2403 Congregationis,

1216 2418 1393 2462 apostolica
1421 2416 1622 2454 auctoritate,
1649 2419 1761 2446 tenore
1790 2422 1946 2455 praesen-

1217 2471 1317 2507 tium,
1344 2474 1502 2512 perpetuo
1527 2466 1746 2508 approbamus
1771 2470 1803 2497 et
1827 2463 1946 2496 confir-

1216 2534 1348 2561 mamus,
1366 2521 1496 2562 illisque
1528 2518 1720 2550 inviolabilis
1749 2517 1946 2560 apostolicae

1252 2585 1264 2610 1
1288 2583 1356 2610 Edit.
1378 2581 1456 2608 Μαίη.
1477 2580 1542 2615 legit
1560 2579 1716 2606 canonicae
1735 2579 1775 2612 (R.
1791 2578 1841 2613 Τ.).
