2227 3225
149 224 198 253 Λη.
220 224 248 253 C.
268 224 330 252 1691

344 283 515 306 concessas
552 271 636 303 iuxta
672 270 782 302 Bullae
818 269 935 301 seriem
967 269 1078 311 Nuper

340 337 399 370 pro
424 329 515 368 parte
540 324 725 367 incipientis
754 324 813 356 sub
832 324 940 356 datum
959 323 1078 356 ibidem

343 379 394 412 die
431 389 496 412 xxii
534 377 678 411 eiusdem
713 377 836 410 mensis
875 380 906 410 et
929 377 1014 410 anni.

182 444 251 465 mm
265 442 299 463 xi.
387 441 408 465 1.
435 431 632 473 Quamquam
653 430 693 463 ab
711 430 852 474 antiquis
869 430 1079 473 temporibus,

148 469 378 519 ιιῑιῗῧιῖξῖἠῗὲἷῖος
423 483 724 519 constitutionibus,
751 483 934 526 apostolicis
955 511 962 524 ‚
1003 494 1080 516 usus

149 523 224 550 putarit
266 522 330 541 nostri

150 549 248 579 ova-na,
263 547 474 581 duqnvsemper
497 536 636 579 viguerit
659 536 834 579 praefatam
866 536 1080 570 confraterni-

150 577 440 626 'ititttltsstssqiss'tatem
465 589 626 631 erigendi,
645 589 772 631 ipsique
793 588 872 622 alias
889 595 978 623 extra
993 589 1082 622 Ordi-

149 632 232 650 ΜΗ
344 653 416 675 nem
435 641 650 684 aggregandi;
675 642 795 674 dudum
817 647 920 674 tamen
946 642 1081 675 sscie-

345 705 435 728 mens
457 694 494 727 lX
511 694 544 726 in
560 695 616 726 sua
631 694 730 733 Bulla,
750 704 830 737 quae
851 694 964 738 incipit
982 695 1081 728 Insu-

342 758 400 791 per
418 747 588 788 eminenti,
611 747 671 779 sub
697 747 778 780 datis
803 747 920 780 Romae
941 758 984 781 vu
1009 748 1080 781 idus

345 800 539 844 septembris
576 810 660 833 anno
694 800 926 833 Incarnationis
955 801 1080 834 Domini

345 863 523 892 unetxvnl,
559 853 607 885 sui
632 853 838 896 pontificatus
864 864 909 893 11,
936 854 975 886 de
1000 854 1082 887 inte-

345 917 402 949 gro
439 906 624 939 facultatem
656 906 789 939 indulsit
826 911 887 939 tam
927 906 1081 949 magistro

346 959 494 1002 generali
534 965 665 992 nostrae
705 960 949 999 observantiae,
987 971 1080 1002 quam

347 1013 445 1046 etiam
483 1011 700 1054 vicegenerali
735 1012 879 1045 eiusdem
913 1013 1082 1046 Excalcea-

347 1071 396 1099 tae
423 1065 571 1105 familiae,
597 1075 772 1107 eorumque
803 1066 978 1108 respective
1008 1076 1082 1108 pro-

347 1119 549 1152 curatoribus
574 1119 792 1161 generalibus,
817 1119 850 1151 in
875 1123 1080 1162 perpetuum,

347 1177 384 1204 ut
407 1172 576 1215 utriusque
599 1181 692 1203 sexus
710 1172 1002 1212 confraternitates,
1019 1178 1082 1205 tam

348 1224 407 1257 sub
433 1224 636 1257 invocatione
660 1224 695 1257 B.
722 1224 838 1256 Mariae
865 1225 903 1257 de
927 1225 1082 1265 Mercede,

348 1287 442 1320 quam
468 1277 528 1309 alia
554 1276 664 1319 quavis
688 1276 937 1318 nuncupatione,
962 1277 1081 1320 ubique

346 1330 493 1362 locorum
519 1329 646 1370 erigere
673 1334 705 1361 et
729 1329 897 1361 instituere
919 1330 1029 1368 valeat,
1048 1330 1083 1361 il-

347 1383 456 1424 lasque
483 1381 530 1414 sic
554 1387 678 1413 erectas
704 1386 734 1413 et
751 1380 909 1414 institutas
927 1381 1013 1414 illius
1034 1392 1082 1414 ar-

346 1433 721 1466 chiconfraternitatibus
735 1443 924 1476 aggregare,
937 1433 1081 1478 ipsisque

347 1486 583 1519 communicare
617 1496 731 1519 omnes
765 1486 833 1518 eius
859 1486 993 1528 gratias,
1018 1487 1082 1530 pri-

346 1538 462 1580 vilegia
486 1543 518 1571 et
540 1538 676 1578 indulta,
702 1540 826 1571 servata
850 1544 956 1572 tamen
982 1539 1083 1573 forma

347 1600 365 1623 a
389 1590 441 1623 SS.
479 1590 645 1623 Clemente
677 1590 739 1623 vul
775 1601 874 1634 super
898 1591 1082 1625 huiusmodi

347 1643 568 1677 erectionibus
592 1649 624 1676 et
648 1644 934 1686 aggregationibus
965 1645 1083 1679 consti-

346 1699 424 1732 tuta.

390 1761 425 1784 11.
448 1751 491 1784 Ex
514 1750 566 1783 his
592 1755 697 1783 autem
715 1750 912 1795 ubicumque
929 1752 1082 1794 erigenda

346 1805 388 1838 sit
412 1803 661 1837 confraternitas
688 1804 789 1836 nostri
811 1804 940 1837 habitus
962 1805 1020 1837 sub
1039 1805 1082 1838 in-

345 1856 514 1890 vocatione
539 1856 574 1888 B.
602 1855 716 1888 Mariae
742 1856 781 1889 de
798 1856 953 1897 Mercede,
972 1858 1081 1891 tamin

346 1909 493 1943 ecclesiis
516 1908 653 1948 Ordinis,
680 1919 777 1952 quam
803 1911 973 1950 extraneis,
999 1921 1083 1944 sem-

346 1962 455 2007 perid
479 1961 532 1994 fiat
557 1962 596 1994 de
618 1972 790 2001 consensu,
825 1964 1018 1997 auctoritate
1051 1969 1083 1996 et

345 2015 465 2049 litteris
488 2014 634 2057 magistri
667 2016 828 2057 generalis
859 2016 1004 2057 Ordinis,
1032 2018 1082 2050 vel

347 2068 496 2102 eiusdem
520 2068 738 2111 procuratoris
760 2069 921 2111 generalis
938 2070 969 2102 in
985 2070 1081 2115 Urbe,

346 2121 402 2166 qui
428 2121 556 2165 quidem
581 2131 757 2154 consensus
779 2127 810 2155 et
825 2122 952 2156 litterae
978 2124 1009 2156 in
1035 2135 1083 2157 ca-

345 2174 414 2219 pite
443 2173 517 2207 libri
553 2173 656 2217 ipsius
692 2174 966 2209 confraternitatis
1001 2176 1104 2210 inte-¹

345 2231 472 2260 xantur.

390 2290 438 2314 111.
464 2279 504 2313 Ut
523 2279 620 2322 igitur
639 2279 672 2313 in
687 2281 1003 2316 confrater-nitatibus
1026 2284 1084 2317 eri·
1103 2312 1105 2315 .

346 2332 462 2376 gendis
486 2333 592 2366 forma
616 2343 633 2366 a
657 2333 821 2367 Clemente
843 2335 906 2368 vm
922 2338 1083 2379 praescri-

345 2391 402 2429 pta
425 2391 581 2426 servetur,
605 2387 789 2429 praedictus
806 2388 910 2431 primo
928 2391 1082 2432 magister

347 2444 403 2471 aut
425 2445 617 2482 procurator
641 2445 786 2482 satagere
819 2441 916 2475 debet
945 2449 980 2475 ut
1007 2450 1080 2477 ante

348 2491 458 2524 omnia
492 2492 626 2525 facultas
652 2503 688 2525 ex
722 2493 892 2528 Ordinario
926 2496 1002 2536 loci,
1027 2497 1079 2529 ubi

348 2543 597 2578 confraternitas
622 2545 663 2578 sit
687 2546 891 2587 instituenda,
918 2559 1082 2592 compare-

348 2602 419 2637 tur,
446 2598 536 2630 cuius
571 2599 687 2632 litteris
724 2600 991 2634 testimonialibus
1018 2603 1078 2636 sibi

437 2659 516 2685 Ball.
540 2660 621 2686 Rom.
640 2676 671 2680 —
692 2662 750 2688 Vol.
775 2663 832 2690 XX.
977 2664 1010 2691 33

928 220 1134 243 lxxuctssrx‘ssus

1162 220 1202 242 vu
1228 220 1275 243 pr.
1761 213 1823 245 ⁰297
1870 222 1916 247 Λη.
1939 220 1966 248 c.
1985 221 2049 249 1691

1122 268 1246 310 liquido
1268 272 1394 300 constet
1427 268 1465 300 de
1499 269 1733 310 approbatione
1760 269 1858 310 illius,

1122 326 1153 353 et
1177 320 1246 352 eius
1273 319 1468 352 christianae
1493 320 1644 363 pietatis,
1671 327 1701 354 et
1726 328 1861 355 statuto-

1123 383 1194 406 rum
1219 373 1336 416 quibus
1357 383 1508 406 exercere
1537 373 1697 414 intendit,
1719 376 1859 408 secundo

1123 436 1236 459 cavere
1261 426 1377 459 debeat
1401 436 1441 459 ne
1466 427 1556 465 inibi,
1579 427 1695 460 alibive
1713 429 1861 460 Iocorum

1124 480 1163 512 ad
1188 479 1249 512 tria
1280 480 1433 513 milliaria
1457 480 1763 519 circumiacentium,
1799 482 1862 514 alia

1124 533 1212 576 prius
1237 533 1483 566 confraternitas
1509 538 1616 566 erecta
1641 533 1689 572 sit,
1715 533 1790 567 licet
1814 544 1863 566 su-

1124 596 1182 629 per
1206 586 1267 619 hac
1292 586 1456 627 distantia,
1484 587 1525 619 ob
1543 586 1656 619 iustam
1675 597 1802 619 causam
1821 587 1861 620 ab

1123 638 1292 672 Ordinario
1317 638 1378 672 loci
1404 639 1634 682 approbatam,
1660 639 1862 682 dispensare,

1124 697 1156 724 et
1180 692 1213 724 in
1229 693 1300 725 loco
1321 692 1470 725 viciniori
1488 703 1604 725 novam
1622 692 1864 726 institutionem

1125 745 1231 778 facere
1255 745 1356 788 possit
1376 756 1383 785 ;
1412 745 1508 778 tertio
1533 756 1570 778 ea
1596 750 1719 778 tantum
1737 746 1865 778 confra-

1126 797 1276 837 ternitati‚
1304 808 1398 840 quam
1424 797 1532 840 erigit,
1557 797 1738 841 privilegia,
1759 798 1864 832 indul-

1125 851 1261 893 gentias,
1288 851 1472 891 facultates,
1496 851 1641 894 aliasque
1675 851 1861 894 spirituales

1125 903 1244 945 gratias
1269 908 1300 936 et
1334 903 1459 936 indulta
1483 897 1722 937 communicare
1752 903 1860 942 debet,

1125 967 1206 1000 quae
1231 956 1340 990 Ordini
1367 962 1481 990 nostro
1505 967 1562 990 seu
1595 957 1864 990 archiconfrater·

1125 1009 1216 1043 nitati
1236 1010 1268 1042 in
1293 1009 1402 1052 specie
1427 1015 1499 1043 sunt
1525 1019 1698 1050 concessa,
1724 1020 1790 1043 non
1809 1020 1864 1043 au-

1127 1067 1200 1101 tem,
1227 1072 1309 1106 quae
1334 1073 1394 1106 per
1414 1063 1637 1096 extensionem
1655 1064 1704 1096 vel
1723 1074 1864 1096 commu-

1126 1115 1324 1149 nicationem
1344 1116 1482 1156 indulta,
1505 1126 1612 1159 neque
1630 1116 1763 1159 insuper
1778 1116 1864 1149 hanc

1127 1169 1452 1202 communicationem
1492 1169 1586 1202 faciat
1622 1170 1679 1202 sub
1717 1170 1864 1212 generali

1127 1222 1239 1262 forma,
1264 1227 1295 1255 et
1320 1223 1358 1255 ad
1383 1223 1495 1261 instar,
1521 1223 1576 1256 sed
1598 1233 1752 1266 expresse
1777 1229 1809 1255 et
1830 1223 1864 1255 in

1127 1274 1235 1317 specie
1267 1275 1396 1317 singula
1425 1276 1596 1318 privilegia
1620 1281 1652 1308 et
1676 1276 1863 1319 spirituales

1127 1327 1245 1368 gratias
1269 1328 1452 1367 referendo,
1470 1333 1568 1371 prout
1585 1328 1772 1371 specialiter
1789 1339 1865 1362 con-

1127 1380 1271 1412 tinentur
1287 1379 1318 1412 in
1335 1380 1426 1413 Bulla
1439 1380 1492 1413 SS.
1513 1381 1691 1413 Innocentii
1709 1382 1760 1421 XI,
1780 1392 1864 1425 quae

1125 1431 1377 1475 incipitEoeponi
1390 1433 1490 1472 nobis,
1505 1433 1565 1465 sub
1580 1433 1661 1466 datis
1671 1434 1864 1474 Romae,die

1124 1494 1200 1518 xxm
1222 1485 1416 1525 decembris,
1437 1496 1522 1518 anno
1539 1486 1666 1519 Domini
1681 1496 1865 1527 unctxxvu,

1126 1543 1158 1571 et
1182 1538 1232 1571 sui
1253 1538 1459 1581 pontificatus
1478 1549 1526 1579 111,
1546 1545 1599 1572 aut
1624 1540 1656 1572 in
1680 1540 1751 1572 aliis
1781 1551 1863 1583 quae

1126 1600 1213 1624 nune
1237 1597 1292 1624 aut
1317 1602 1376 1634 pro
1401 1597 1549 1635 tempore
1574 1593 1805 1625 emanaverint.

1168 1654 1210 1678 iv.
1234 1645 1281 1677 Ad
1298 1645 1532 1678 institutionem
1551 1651 1657 1678 autem
1676 1646 1863 1680 huiusmodi

1125 1698 1399 1731 confraternitatis
1424 1698 1457 1731 in
1472 1698 1618 1732 ecclesiis
1635 1700 1764 1739 nostris,
1783 1710 1850 1732 sem

1125 1761 1182 1794 per
1217 1762 1234 1784 a
1274 1751 1467 1794 quibusdam
1506 1752 1653 1785 discretis
1689 1753 1861 1793 fratribus,

1124 1807 1187 1836 una
1201 1814 1274 1837 cum
1294 1805 1408 1838 futuris
1425 1805 1628 1845 solidalihus,
1646 1806 1753 1848 aliqua
1769 1806 1862 1849 prius

1124 1858 1308 1891 condantur
1324 1863 1442 1891 statuta
1455 1869 1511 1892 seu
1530 1860 1627 1901 leges,
1643 1859 1758 1902 quibus
1772 1865 1862 1893 recto

1125 1910 1238 1943 ordine
1256 1910 1344 1943 iuxta
1361 1910 1457 1944 finem
1476 1911 1544 1944 eius
1564 1917 1596 1944 et
1612 1912 1741 1955 pietatis
1759 1912 1863 1945 officia

1125 1963 1294 2006 dirigatur,
1318 1963 1402 1997 inter
1434 1975 1518 2008 quae
1544 1964 1576 1997 id
1602 1965 1736 1997 minime
1768 1975 1862 2007 prae-

1126 2017 1370 2050 termittendum
1407 2018 1493 2060 quod
1532 2018 1659 2051 scilicet
1696 2019 1862 2061 praelatus

1125 2070 1250 2110 domus,
1267 2072 1318 2104 vel
1336 2070 1433 2103 frater
1459 2070 1539 2103 alius
1564 2071 1603 2103 ab
1625 2071 1695 2113 ipso
1715 2071 1864 2114 designa-

1126 2128 1185 2163 tus,
1210 2123 1368 2156 sodalium
1394 2123 1707 2166 congregationibus
1733 2124 1863 2157 intersit

1126 2182 1288 2220 tamquam
1313 2187 1426 2209 eorum
1453 2177 1595 2210 director
1626 2182 1658 2210 et
1687 2182 1760 2211 voto
1786 2187 1864 2220 gau-

1125 2230 1205 2263 dens
1230 2230 1372 2263 decisivo
1398 2230 1431 2262 in
1451 2231 1613 2264 omnibus.

1168 2294 1196 2316 v.
1221 2283 1259 2316 Et
1282 2294 1331 2323 ne,
1358 2284 1445 2327 quod
1470 2284 1503 2317 in
1529 2283 1633 2317 nostri
1659 2283 1788 2318 Ordinis
1806 2285 1862 2319 be·

1124 2337 1274 2370 neficium
1298 2347 1316 2370 a
1339 2337 1477 2370 Summis
1502 2337 1711 2371 Pontificibus
1729 2348 1862 2371 conces-

1125 2401 1193 2424 sum
1218 2391 1287 2430 fuit,
1304 2390 1366 2434 ipsi
1391 2391 1567 2434 aliquando
1593 2397 1718 2430 noceat,
1735 2392 1862 2425 ordina-

1124 2455 1193 2477 mus
1219 2449 1254 2477 ut
1284 2445 1437 2487 magister
1475 2445 1773 2478 confraternitatem
1805 2456 1862 2480 no-

1124 2504 1222 2531 stram
1260 2497 1293 2530 in
1334 2497 1448 2531 alienis
1488 2498 1633 2531 ecclesiis
1668 2499 1862 2541 praesertim

1124 2551 1322 2593 regularium
1347 2561 1412 2583 non
1437 2551 1584 2583 instituat
1615 2551 1676 2584 nisi
1710 2551 1767 2583 sub
1800 2552 1861 2584 hac

1124 2605 1278 2647 expressa
1293 2604 1490 2644 conditione,
1506 2603 1602 2646 quod,
1620 2604 1643 2636 si
1658 2603 1860 2637 nosterOrdo
