2254 3225
212 263 262 293 Αη.
282 261 310 289 c.
334 262 400 291 ¹699
447 254 512 288 906

221 749 389 771 conmunicatio

206 779 230 796 ut
244 783 264 797 in
280 779 372 798 rubrica.

405 311 567 345 diffusae*
599 313 748 356 regimini
784 314 891 348 divina
930 315 1144 360 dispositione

405 365 648 408 praesidemus,
678 367 864 402 sollicitudo
889 379 949 402 nos
976 370 1142 411 admonet,

404 425 447 460 ut,
464 426 634 463 paternam
649 421 792 454 virorum
807 423 1037 465 religiosorum
1048 424 1146 457 Altis-

404 473 478 505 simi
494 473 662 516 obsequiis
676 475 734 506 sub
749 475 837 507 suavi
853 476 1051 509 monasticae
1063 477 1144 509 vitae

402 526 478 568 iugo
518 527 778 569 mancipatorum
819 539 930 561 curam
969 534 1119 571 gerentes
1137 556 1144 568 ‚

403 580 571 623 prosperis
594 591 705 613 eorum
728 581 757 612 in
777 581 828 612 via
849 581 975 614 Domini
994 592 1145 624 progres-

403 633 492 665 sibus
512 660 519 674 ‚
547 639 704 675 quantum
732 634 827 666 nobis
854 645 891 667 ex
929 635 995 667 alto
1030 645 1145 668 conce-

403 686 497 725 ditur,
524 688 695 719 consulere
721 686 843 729 ingiter
868 688 1069 721 studeamus.

446 741 460 783 ἓ
486 740 516 773 2.
543 740 619 773 Cum
638 740 754 783 itaque,
774 740 858 773 sicut
875 741 985 774 dilecti
1010 741 1068 774 filii
1089 742 1145 774 ab·

402 793 458 825 has
485 798 517 826 et
542 793 697 826 monachi
731 794 923 826 monasterii
947 795 1143 828 Mellicensis

401 847 433 878 in
455 846 584 879 Austria
609 846 770 887 Inferiori,
786 846 860 880 Sedi
884 848 1090 890 Apostolicae
1110 855 1145 882 ut

403 900 562 932 asseritur
604 899 791 933 immediate
831 900 980 940 subiecti,
1012 901 1142 934 Ordinis

400 953 502 986 sancti
518 953 694 994 Benedicti,
716 953 810 986 nobis
830 964 937 996 nuper
957 955 1076 998 exponi
1097 956 1143 988 se-

400 1011 523 1045 cerunt,
545 1007 780 1039 monasterium
800 1008 1002 1050 praedictum
1023 1019 1142 1051 magno

400 1060 631 1102 religiosorum
668 1059 786 1092 uberes
823 1060 855 1092 in
894 1060 957 1093 illis
993 1062 1141 1104 partibus

400 1114 562 1145 bonorum
602 1123 737 1155 opernm
784 1113 909 1146 fructus
952 1115 1140 1158 adspirante

399 1166 530 1208 superni
558 1165 676 1198 favoris
701 1166 822 1199 auxilio
848 1167 998 1209 proferre
1020 1167 1142 1210 iugiter

399 1219 615 1261 satagentium
641 1229 778 1252 numero
808 1220 1057 1253 introductum²
1082 1222 1138 1261 sit,

399 1272 462 1315 ipsi
488 1282 564 1305 vero
590 1278 803 1315 exponentes,
831 1285 893 1317 pro
918 1275 1033 1307 maiori
1057 1275 1141 1308 eius-

400 1326 472 1358 dem
498 1326 688 1358 monasterii
721 1333 898 1369 augmento
933 1328 1139 1372 feliciorique

398 1378 485 1411 illins
510 1379 705 1420 directione,
732 1381 840 1412 omnia
862 1386 894 1413 et
919 1382 1048 1423 singula
1073 1383 1139 1425 pri-

397 1431 527 1473 vilegia,
554 1432 682 1474 gratias,
704 1433 934 1474 indulgentias,
961 1435 1086 1468 favores
1108 1441 1139 1468 et

399 1485 541 1525 indulta,
574 1491 636 1518 tam
662 1486 820 1518 hactenus
855 1498 1015 1527 concessa,
1043 1499 1138 1531 quam

398 1538 431 1570 in
457 1544 622 1580 posterum
655 1540 876 1579 concedenda,
908 1540 1026 1582 quibus
1057 1542 1138 1574 Con-

399 1592 547 1633 gregatio
566 1592 766 1625 Cassinensis
783 1594 1021 1626 monachorum
1046 1594 1139 1627 Ordi-

398 1644 447 1677 nis
474 1645 645 1687 praedicti,
679 1645 814 1688 eiusque
847 1646 981 1680 abbates
1014 1654 1047 1680 et
1070 1660 1139 1681 mo-

397 1699 503 1737 nachi,
541 1699 687 1741 aliaeque
712 1710 873 1742 personae
899 1711 1136 1745 quaecumque,

398 1752 495 1784 etiam
528 1763 587 1794 per
623 1753 706 1785 viam
740 1755 1048 1787 communicationis
1086 1757 1137 1789 vel

397 1806 596 1838 extensionis
617 1812 669 1838 aut
687 1807 766 1838 alias
789 1808 1049 1850 quomodolibet,
1073 1809 1138 1840 sru-

397 1864 497 1890 untur
521 1865 551 1891 et
582 1860 736 1901 gaudent,
770 1870 807 1892 ac
832 1861 892 1892 srui
928 1867 958 1893 et
994 1862 1136 1903 gaudere

396 1917 532 1955 possunt
557 1918 589 1944 et
613 1918 768 1955 poterunt
804 1913 835 1945 in
875 1914 1039 1955 futurum,
1076 1915 1135 1948 sibi

397 1965 550 2008 dictoque
591 1976 706 1998 eorum
749 1967 952 2000 monasterio
989 1978 1005 2000 a
1041 1969 1138 2001 nobis

396 2019 629 2051 communicari
650 2019 828 2061 plurimum
848 2020 1051 2053 desiderent:
1068 2032 1137 2061 nos,

396 2071 486 2113 ipsos
513 2078 712 2114 exponentes
751 2073 946 2115 specialibus
973 2074 1138 2107 favoribus

396 2130 427 2156 et
464 2125 576 2166 gratiis
609 2125 761 2168 prosequi
787 2127 942 2166 volentes,
970 2134 1001 2159 et
1025 2138 1137 2160 eorum

396 2178 577 2219 singulares
605 2189 763 2221 personas
788 2190 805 2212 a
831 2180 997 2222 quibusvis
1015 2192 1138 2214 excom-

394 2231 633 2271 municationis,
658 2233 884 2275 suspensionis
910 2239 941 2266 et
962 2234 1138 2273 interdicti,

396 2284 532 2327 aliisque
559 2285 788 2318 ecclesiasticis
814 2287 998 2326 sententiis,
1023 2298 1138 2320 censu-

396 2337 439 2369 ris
455 2344 485 2369 et
503 2339 627 2380 poenis,
647 2350 663 2370 a
681 2339 750 2371 iure
773 2340 821 2371 vel
844 2340 883 2372 ab
903 2341 1043 2380 homine,
1063 2353 1139 2384 qua-

396 2390 440 2422 vis
458 2392 627 2423 occasione
656 2393 703 2424 vcl
734 2394 829 2424 causa
855 2394 940 2433 latis,
969 2394 992 2425 si
1020 2395 1137 2437 quibus

396 2445 642 2485 quomodolibet
667 2445 840 2478 innodatae
868 2447 1018 2485 existunt,
1039 2448 1077 2480 ad
1096 2449 1139 2480 el'-

397 2497 512 2528 sertum
552 2499 776 2539 praesentium
817 2499 981 2531 dumtaxat
1025 2512 1138 2533 conse-

396 2550 568 2591 quendum,
598 2551 708 2582 barum
743 2551 827 2584 serie
866 2553 1070 2586 absolventes
1108 2561 1138 2587 et

434 2622 440 2644 1
467 2619 535 2645 Edit.
554 2620 632 2646 illain.
652 2621 715 2654 legit
735 2622 840 2656 diffusa
859 2626 900 2654 (iz.
919 2629 968 2650 T.)-

428 2665 443 2690 2
464 2666 575 2692 Videtur
595 2667 739 2702 legendum
762 2668 934 2695 instructum
954 2673 993 2702 (n.
1010 2671 1059 2699 T-l·

991 267 1170 293 BULLARIUM
1195 269 1350 295 ROMANUM

1187 319 1348 352 absolutas
1378 319 1447 353 sore
1476 325 1661 361 censenteS,
1686 321 1930 365 supplicationi-

1186 372 1247 404 bus
1274 382 1386 405 eorum
1424 374 1556 407 nomine
1594 374 1688 407 nobis
1728 385 1829 418 super
1864 375 1930 409 hoe

1188 424 1356 458 humiliter
1380 427 1541 469 porrectis
1565 427 1723 468 inclinati,
1760 428 1799 461 de
1831 439 1929 462 vene-

1188 478 1338 510 rabilium
1356 479 1490 512 fratrum
1505 486 1693 513 nostrorum
1708 481 1740 514 S.
1757 481 1794 514 R.
1810 481 1845 514 E.
1865 492 1930 514 car-

1187 531 1345 563 dinalium
1382 532 1522 574 negotiis
1563 539 1596 566 et
1630 534 1928 568 consultationibus

1187 583 1417 627 episcoporum
1443 591 1474 617 et
1498 587 1700 628 regularium
1725 588 1930 630 praeposito-

1187 646 1257 668 rum
1279 638 1427 677 consilio,
1443 638 1644 681 praedictam
1662 641 1930 674 communicatio·

1187 700 1273 729 nem,
1298 691 1405 732 quoad
1431 691 1552 733 gratias
1578 692 1765 735 spirituales
1789 698 1927 734 tantum,

1187 742 1381 775 auctoritate
1407 744 1600 786 apostolica,
1628 751 1742 778 tenore
1777 756 1929 788 praesen-

1189 795 1275 835 tium,
1298 796 1525 837 concedimus;
1552 798 1640 831 salva
1666 804 1774 831 tamen
1800 809 1930 842 semper

1187 848 1218 880 in
1237 849 1422 892 praemissis
1443 851 1637 885 auctoritate
1656 851 1927 896 Congregationis

1187 903 1379 935 eorumdem
1404 903 1634 937 cardinalium.

1229 955 1243 998 ἓ
1269 955 1300 989 3.
1321 956 1555 998 Decernentes,
1578 959 1709 991 easdem
1734 964 1929 1002 praesentes

1184 1008 1312 1042 litteras
1337 1021 1470 1053 semper
1493 1011 1603 1044 sirmas
1621 1038 1628 1052 ,
1656 1012 1779 1045 validas
1808 1019 1839 1046 et
1862 1014 1930 1046 effi-

1184 1072 1278 1095 caces
1309 1063 1450 1096 existere
1488 1069 1519 1096 et
1554 1065 1646 1105 sore,
1676 1076 1821 1109 suosque
1857 1067 1929 1109 ple-

1184 1115 1294 1148 narios
1307 1116 1503 1159 etintegros
1529 1117 1662 1151 effectus
1686 1118 1798 1151 sortiri
1824 1124 1857 1152 et
1875 1120 1929 1152 oh-

1185 1167 1298 1206 tinere‚
1326 1179 1361 1202 ac
1386 1170 1463 1209 illis,
1489 1171 1528 1204 ad
1554 1182 1635 1214 quos
1660 1177 1785 1215 spectat
1811 1178 1842 1205 et
1866 1183 1926 1216 pro

1186 1226 1332 1265 tempore
1365 1223 1535 1266 spectabit,
1571 1224 1602 1256 in
1630 1225 1782 1258 omnibus
1809 1231 1840 1258 et
1865 1237 1927 1269 per

1184 1275 1292 1307 omnia
1318 1276 1510 1318 plenissime
1536 1277 1726 1320 suffragari,
1753 1279 1866 1322 sicque
1891 1279 1924 1312 in

1183 1328 1370 1369 praemissis
1395 1339 1454 1371 per
1478 1340 1703 1374 quoscumque
1729 1331 1852 1364 iudices
1872 1343 1926 1365 or-

1182 1380 1329 1414 dinarios
1354 1387 1386 1414 et
1411 1383 1593 1425 delegatos,
1624 1384 1721 1417 etiam
1755 1395 1926 1419 causarum

1181 1436 1294 1479 palatii
1320 1436 1492 1478 apostolici
1518 1437 1702 1477 auditores,
1730 1437 1868 1471 iudicari
1895 1444 1927 1472 et

1182 1489 1310 1522 definiri
1336 1490 1480 1529 debere,
1505 1500 1542 1522 ac
1566 1490 1694 1523 irritum
1720 1496 1752 1524 et
1777 1492 1883 1533 inane,
1899 1492 1925 1526 si

1181 1553 1273 1575 secus
1299 1553 1396 1585 super
1421 1543 1471 1575 bis
1497 1554 1513 1576 a
1538 1555 1712 1587 quoquam,
1731 1546 1842 1587 quavis
1871 1557 1926 1579 au-

1181 1595 1341 1635 ctoritate,
1360 1596 1502 1629 scienter
1518 1598 1567 1629 vel
1592 1597 1794 1639 ignoranter,
1821 1600 1925 1632 conti-

1181 1649 1265 1691 gerit
1290 1649 1454 1682 attentari.
1482 1649 1553 1682 Non
1579 1650 1787 1683 obstantibus
1813 1654 1926 1684 nostra

1181 1703 1220 1735 de
1246 1713 1312 1735 non
1338 1703 1560 1735 concedendis
1582 1703 1797 1745 indulgentiis
1816 1705 1855 1737 ad
1876 1705 1926 1737 in-

1181 1763 1258 1795 star,
1289 1756 1428 1798 aliisque
1459 1756 1749 1789 constitutionibus
1775 1761 1807 1790 et
1838 1757 1926 1790 ordi-

1181 1810 1369 1842 nationibus
1383 1809 1584 1851 apostolicis‚
1601 1810 1783 1853 ceterisque
1801 1816 1925 1844 contra-

1181 1863 1237 1894 riis
1264 1863 1539 1905 quibuscumque.

1225 1914 1338 1947 Datum
1365 1914 1498 1954 Romae,
1532 1915 1617 1958 apud
1644 1915 1675 1948 S.
1706 1915 1837 1949 Mariam
1862 1916 1925 1950 Ma-

1180 1968 1295 2007 iorem,
1321 1968 1381 2000 sub
1410 1969 1531 2001 annulo
1562 1968 1747 2009 piscatoris,
1774 1970 1827 2003 die
1850 1980 1925 2004 xxw

1181 2022 1378 2065 septembris
1404 2031 1556 2062 MDCXCIX,
1582 2022 1793 2065 pontificatus
1818 2023 1924 2057 nostri

1181 2086 1266 2108 anno
1292 2086 1335 2108 ix.

1218 2137 1276 2163 Dat.
1294 2136 1337 2164 die
1352 2137 1385 2164 24
1401 2137 1564 2173 septembris
1583 2138 1660 2172 1699,
1682 2138 1779 2174 pontif.
1797 2147 1866 2166 anno
1884 2146 1923 2167 lx.

1362 2387 1533 2420 ccxxxii
1558 2387 1617 2431 (at.
1646 2387 1737 2431 187).

1181 2502 1372 2542 Mandatum
1401 2507 1437 2535 u!
1462 2503 1497 2534 in
1521 2503 1691 2545 provincis?
1724 2502 1756 2535 S.
1785 2503 1923 2536 Ioannis

1226 2556 1396 2598 Baptistae
1421 2556 1456 2588 in
1481 2566 1578 2598 reqno
1602 2556 1758 2588 Peruano
1785 2555 1922 2589 Ordinis

1225 2609 1497 2642 Praedicator-mn
1521 2612 1689 2640 serventur
1720 2609 1922 2641 constitutio-

1224 2671 1279 2694 nes
1292 2661 1511 2706 capitulorum
1528 2660 1732 2704 qeneralium
1751 2662 1839 2695 circa
1851 2672 1921 2695 suc-

1932 274 1982 301 Αη.
1998 273 2029 302 C.
2050 274 2123 302 1699

1966 971 2086 993 Clausutao.
