<?xml version="1.0" encoding="UTF-8"?>
<!DOCTYPE html PUBLIC "-//W3C//DTD XHTML 1.0 Transitional//EN"
    "http://www.w3.org/TR/xhtml1/DTD/xhtml1-transitional.dtd">
<html xmlns="http://www.w3.org/1999/xhtml" xml:lang="en" lang="en">
 <head>
  <title>
</title>
<meta http-equiv="Content-Type" content="text/html;charset=utf-8" />
  <meta name='ocr-system' content='tesseract 3.04.00' />
  <meta name='ocr-capabilities' content='ocr_page ocr_carea ocr_par ocr_line ocrx_word'/>
</head>
<body>
  <div class='ocr_page' id='page_1' title='image "./bullarumdiplomat20cath_0323.png"; bbox 0 0 2227 3225; ppageno 0'>
   <div class='ocr_carea' id='block_1_1' title="bbox 137 229 324 258">
    <p class='ocr_par' dir='ltr' id='par_1_1' title="bbox 137 229 324 258">
     <span class='ocr_line' id='line_1_1' title="bbox 137 229 324 258; baseline 0 0"><span class='ocrx_word' id='word_1_1' title='bbox 137 230 187 258; x_wconf 68' lang='lat' dir='ltr'>An.</span> <span class='ocrx_word' id='word_1_2' title='bbox 208 229 237 257; x_wconf 80' lang='lat' dir='ltr'>C.</span> <span class='ocrx_word' id='word_1_3' title='bbox 260 229 324 258; x_wconf 78' lang='lat'>¹691</span> 
     </span>
    </p>
   </div>
   <div class='ocr_carea' id='block_1_2' title="bbox 175 607 292 656">
    <p class='ocr_par' dir='ltr' id='par_1_2' title="bbox 175 607 292 656">
     <span class='ocr_line' id='line_1_2' title="bbox 175 607 292 629; baseline -0.017 0"><span class='ocrx_word' id='word_1_4' title='bbox 175 607 244 629; x_wconf 68' lang='grc' dir='ltr'><strong>(ἱυυτ</strong></span> <span class='ocrx_word' id='word_1_5' title='bbox 259 607 292 627; x_wconf 73' lang='lat' dir='ltr'>lx.</span> 
     </span>
     <span class='ocr_line' id='line_1_3' title="bbox 181 634 283 656; baseline 0 -2"><span class='ocrx_word' id='word_1_6' title='bbox 181 634 210 656; x_wconf 77' lang='lat' dir='ltr'>De</span> <span class='ocrx_word' id='word_1_7' title='bbox 227 634 283 655; x_wconf 70' lang='lat' dir='ltr'>cibo.</span> 
     </span>
    </p>
   </div>
   <div class='ocr_carea' id='block_1_3' title="bbox 908 227 1115 252">
    <p class='ocr_par' dir='ltr' id='par_1_3' title="bbox 908 227 1115 252">
     <span class='ocr_line' id='line_1_4' title="bbox 908 227 1115 252; baseline -0.005 -1"><span class='ocrx_word' id='word_1_8' title='bbox 908 227 1115 252; x_wconf 56' lang='lat' dir='ltr'>txxotitixttt‘s</span> 
     </span>
    </p>
   </div>
   <div class='ocr_carea' id='block_1_4' title="bbox 332 277 1079 2277">
    <p class='ocr_par' dir='ltr' id='par_1_4' title="bbox 332 277 1073 588">
     <span class='ocr_line' id='line_1_5' title="bbox 334 277 1070 320; baseline -0.007 -7"><span class='ocrx_word' id='word_1_9' title='bbox 334 279 491 320; x_wconf 84' lang='lat' dir='ltr'>terfuerit,</span> <span class='ocrx_word' id='word_1_10' title='bbox 511 290 570 312; x_wconf 87' lang='lat' dir='ltr'>nec</span> <span class='ocrx_word' id='word_1_11' title='bbox 594 278 715 311; x_wconf 86' lang='lat' dir='ltr'>biberit</span> <span class='ocrx_word' id='word_1_12' title='bbox 736 288 808 311; x_wconf 79' lang='lat' dir='ltr'>cunt</span> <span class='ocrx_word' id='word_1_13' title='bbox 839 277 1070 310; x_wconf 65' lang='lat' dir='ltr'>communitate</span> 
     </span>
     <span class='ocr_line' id='line_1_6' title="bbox 333 331 1070 374; baseline -0.005 -7"><span class='ocrx_word' id='word_1_14' title='bbox 333 339 454 368; x_wconf 86' lang='lat' dir='ltr'>etcum</span> <span class='ocrx_word' id='word_1_15' title='bbox 474 332 705 366; x_wconf 83' lang='lat' dir='ltr'>benedictione</span> <span class='ocrx_word' id='word_1_16' title='bbox 724 337 756 365; x_wconf 92' lang='lat' dir='ltr'>et</span> <span class='ocrx_word' id='word_1_17' title='bbox 772 331 863 364; x_wconf 76' lang='lat' dir='ltr'>venia</span> <span class='ocrx_word' id='word_1_18' title='bbox 881 331 1070 374; x_wconf 80' lang='lat' dir='ltr'>superioris,</span> 
     </span>
     <span class='ocr_line' id='line_1_7' title="bbox 333 384 1072 431; baseline -0.007 -11"><span class='ocrx_word' id='word_1_19' title='bbox 333 392 514 431; x_wconf 79' lang='lat' dir='ltr'>posteaque</span> <span class='ocrx_word' id='word_1_20' title='bbox 547 385 662 419; x_wconf 87' lang='lat' dir='ltr'>bibere</span> <span class='ocrx_word' id='word_1_21' title='bbox 697 384 860 424; x_wconf 86' lang='lat' dir='ltr'>voluerit,</span> <span class='ocrx_word' id='word_1_22' title='bbox 887 385 1028 428; x_wconf 73' lang='lat' dir='ltr'>postulet</span> <span class='ocrx_word' id='word_1_23' title='bbox 1055 395 1072 416; x_wconf 83' lang='lat' dir='ltr'>a</span> 
     </span>
     <span class='ocr_line' id='line_1_8' title="bbox 332 437 1072 473; baseline -0.005 -1"><span class='ocrx_word' id='word_1_24' title='bbox 332 439 446 473; x_wconf 86' lang='lat' dir='ltr'>maiori</span> <span class='ocrx_word' id='word_1_25' title='bbox 469 439 633 473; x_wconf 72' lang='lat' dir='ltr'>licentiam</span> <span class='ocrx_word' id='word_1_26' title='bbox 657 443 687 471; x_wconf 87' lang='lat' dir='ltr'>et</span> <span class='ocrx_word' id='word_1_27' title='bbox 705 437 912 471; x_wconf 87' lang='lat' dir='ltr'>collationem</span> <span class='ocrx_word' id='word_1_28' title='bbox 942 447 997 469; x_wconf 89' lang='lat' dir='ltr'>seu</span> <span class='ocrx_word' id='word_1_29' title='bbox 1016 437 1072 469; x_wconf 89' lang='lat' dir='ltr'>ob-</span> 
     </span>
     <span class='ocr_line' id='line_1_9' title="bbox 335 490 1073 525; baseline -0.003 0"><span class='ocrx_word' id='word_1_30' title='bbox 335 492 530 525; x_wconf 81' lang='lat' dir='ltr'>servantiam</span> <span class='ocrx_word' id='word_1_31' title='bbox 555 492 587 525; x_wconf 91' lang='lat' dir='ltr'>in</span> <span class='ocrx_word' id='word_1_32' title='bbox 613 493 648 525; x_wconf 72' lang='lat' dir='ltr'>ca</span> <span class='ocrx_word' id='word_1_33' title='bbox 672 490 805 524; x_wconf 88' lang='lat' dir='ltr'>bibendi</span> <span class='ocrx_word' id='word_1_34' title='bbox 843 500 913 522; x_wconf 89' lang='lat' dir='ltr'>cum</span> <span class='ocrx_word' id='word_1_35' title='bbox 938 490 1073 523; x_wconf 87' lang='lat' dir='ltr'>benedi-</span> 
     </span>
     <span class='ocr_line' id='line_1_10' title="bbox 335 543 830 588; baseline -0.006 -10"><span class='ocrx_word' id='word_1_36' title='bbox 335 544 443 578; x_wconf 87' lang='lat' dir='ltr'>ctione</span> <span class='ocrx_word' id='word_1_37' title='bbox 464 545 624 588; x_wconf 88' lang='lat' dir='ltr'>compleat</span> <span class='ocrx_word' id='word_1_38' title='bbox 649 549 681 577; x_wconf 89' lang='lat' dir='ltr'>et</span> <span class='ocrx_word' id='word_1_39' title='bbox 705 543 830 576; x_wconf 89' lang='lat' dir='ltr'>merito.</span> 
     </span>
    </p>

    <p class='ocr_par' dir='ltr' id='par_1_5' title="bbox 334 595 1079 1793">
     <span class='ocr_line' id='line_1_11' title="bbox 380 595 1072 641; baseline -0.006 -10"><span class='ocrx_word' id='word_1_40' title='bbox 380 609 402 632; x_wconf 83' lang='lat' dir='ltr'>t.</span> <span class='ocrx_word' id='word_1_41' title='bbox 434 598 521 631; x_wconf 74' lang='lat' dir='ltr'>Hora</span> <span class='ocrx_word' id='word_1_42' title='bbox 557 596 754 641; x_wconf 76' lang='lat' dir='ltr'>competenti</span> <span class='ocrx_word' id='word_1_43' title='bbox 790 600 865 628; x_wconf 87' lang='lat' dir='ltr'>ante</span> <span class='ocrx_word' id='word_1_44' title='bbox 900 595 1072 639; x_wconf 87' lang='lat' dir='ltr'>prandium</span> 
     </span>
     <span class='ocr_line' id='line_1_12' title="bbox 334 648 1074 693; baseline -0.007 -9"><span class='ocrx_word' id='word_1_45' title='bbox 334 651 385 686; x_wconf 77' lang='lat' dir='ltr'>vel</span> <span class='ocrx_word' id='word_1_46' title='bbox 411 661 544 685; x_wconf 90' lang='lat' dir='ltr'>coenam</span> <span class='ocrx_word' id='word_1_47' title='bbox 569 650 716 693; x_wconf 76' lang='lat' dir='ltr'>pulsetur</span> <span class='ocrx_word' id='word_1_48' title='bbox 740 659 757 681; x_wconf 88' lang='lat' dir='ltr'>a</span> <span class='ocrx_word' id='word_1_49' title='bbox 781 648 902 682; x_wconf 82' lang='lat' dir='ltr'>vicario</span> <span class='ocrx_word' id='word_1_50' title='bbox 935 648 973 681; x_wconf 89' lang='lat' dir='ltr'>ad</span> <span class='ocrx_word' id='word_1_51' title='bbox 1008 649 1074 692; x_wconf 83' lang='lat' dir='ltr'>pri-</span> 
     </span>
     <span class='ocr_line' id='line_1_13' title="bbox 335 702 1074 747; baseline -0.007 -9"><span class='ocrx_word' id='word_1_52' title='bbox 335 715 424 738; x_wconf 90' lang='lat' dir='ltr'>mum</span> <span class='ocrx_word' id='word_1_53' title='bbox 460 703 589 747; x_wconf 82' lang='lat' dir='ltr'>signum</span> <span class='ocrx_word' id='word_1_54' title='bbox 626 702 842 736; x_wconf 80' lang='lat' dir='ltr'>conventuale</span> <span class='ocrx_word' id='word_1_55' title='bbox 882 703 1074 746; x_wconf 62' lang='lat' dir='ltr'>cymbalum,</span> 
     </span>
     <span class='ocr_line' id='line_1_14' title="bbox 336 755 1074 801; baseline -0.004 -11"><span class='ocrx_word' id='word_1_56' title='bbox 336 768 400 801; x_wconf 90' lang='lat' dir='ltr'>quo</span> <span class='ocrx_word' id='word_1_57' title='bbox 425 756 534 790; x_wconf 88' lang='lat' dir='ltr'>audito</span> <span class='ocrx_word' id='word_1_58' title='bbox 561 755 757 789; x_wconf 80' lang='lat' dir='ltr'>conveniant</span> <span class='ocrx_word' id='word_1_59' title='bbox 775 765 886 788; x_wconf 86' lang='lat' dir='ltr'>omnes</span> <span class='ocrx_word' id='word_1_60' title='bbox 903 755 1018 787; x_wconf 73' lang='lat' dir='ltr'>fratres</span> <span class='ocrx_word' id='word_1_61' title='bbox 1037 755 1074 787; x_wconf 88' lang='lat' dir='ltr'>ad</span> 
     </span>
     <span class='ocr_line' id='line_1_15' title="bbox 335 808 1073 851; baseline -0.005 -7"><span class='ocrx_word' id='word_1_62' title='bbox 335 810 531 844; x_wconf 86' lang='lat' dir='ltr'>vestibulum</span> <span class='ocrx_word' id='word_1_63' title='bbox 568 808 733 841; x_wconf 73' lang='lat' dir='ltr'>refectorii</span> <span class='ocrx_word' id='word_1_64' title='bbox 777 818 833 840; x_wconf 90' lang='lat' dir='ltr'>seu</span> <span class='ocrx_word' id='word_1_65' title='bbox 875 808 983 841; x_wconf 87' lang='lat' dir='ltr'>locum</span> <span class='ocrx_word' id='word_1_66' title='bbox 1019 808 1073 851; x_wconf 89' lang='lat' dir='ltr'>qui</span> 
     </span>
     <span class='ocr_line' id='line_1_16' title="bbox 338 861 1075 905; baseline -0.003 -8"><span class='ocrx_word' id='word_1_67' title='bbox 338 863 456 897; x_wconf 87' lang='lat' dir='ltr'>dieitur</span> <span class='ocrx_word' id='word_1_68' title='bbox 480 863 525 895; x_wconf 77' lang='lat' dir='ltr'>De</span> <span class='ocrx_word' id='word_1_69' title='bbox 547 861 722 905; x_wconf 78' lang='lat' dir='ltr'>profundis</span> <span class='ocrx_word' id='word_1_70' title='bbox 753 872 828 894; x_wconf 88' lang='lat' dir='ltr'>suas</span> <span class='ocrx_word' id='word_1_71' title='bbox 857 861 1075 905; x_wconf 78' lang='lat' dir='ltr'>undequaque</span> 
     </span>
     <span class='ocr_line' id='line_1_17' title="bbox 339 915 1076 955; baseline -0.003 -6"><span class='ocrx_word' id='word_1_72' title='bbox 339 916 433 949; x_wconf 85' lang='lat' dir='ltr'>sedes</span> <span class='ocrx_word' id='word_1_73' title='bbox 459 915 644 954; x_wconf 72' lang='lat' dir='ltr'>habentem,</span> <span class='ocrx_word' id='word_1_74' title='bbox 671 915 739 955; x_wconf 89' lang='lat' dir='ltr'>ubi,</span> <span class='ocrx_word' id='word_1_75' title='bbox 758 915 784 947; x_wconf 86' lang='lat' dir='ltr'>si</span> <span class='ocrx_word' id='word_1_76' title='bbox 810 915 972 947; x_wconf 76' lang='lat' dir='ltr'>lavacrum</span> <span class='ocrx_word' id='word_1_77' title='bbox 998 915 1076 947; x_wconf 78' lang='lat' dir='ltr'>exti-</span> 
     </span>
     <span class='ocr_line' id='line_1_18' title="bbox 340 967 1076 1009; baseline -0.003 -8"><span class='ocrx_word' id='word_1_78' title='bbox 340 968 429 1009; x_wconf 82' lang='lat' dir='ltr'>terit,</span> <span class='ocrx_word' id='word_1_79' title='bbox 457 967 566 1000; x_wconf 88' lang='lat' dir='ltr'>debito</span> <span class='ocrx_word' id='word_1_80' title='bbox 592 967 708 1000; x_wconf 85' lang='lat' dir='ltr'>ordine</span> <span class='ocrx_word' id='word_1_81' title='bbox 733 977 849 1000; x_wconf 82' lang='lat' dir='ltr'>manus</span> <span class='ocrx_word' id='word_1_82' title='bbox 873 967 1016 1007; x_wconf 79' lang='lat' dir='ltr'>abluant,</span> <span class='ocrx_word' id='word_1_83' title='bbox 1042 979 1076 1000; x_wconf 87' lang='lat' dir='ltr'>ac</span> 
     </span>
     <span class='ocr_line' id='line_1_19' title="bbox 339 1020 1075 1064; baseline -0.003 -10"><span class='ocrx_word' id='word_1_84' title='bbox 339 1020 480 1064; x_wconf 88' lang='lat' dir='ltr'>denique</span> <span class='ocrx_word' id='word_1_85' title='bbox 506 1020 641 1054; x_wconf 80' lang='lat' dir='ltr'>sedeant</span> <span class='ocrx_word' id='word_1_86' title='bbox 665 1025 875 1064; x_wconf 75' lang='lat' dir='ltr'>expectantes</span> <span class='ocrx_word' id='word_1_87' title='bbox 896 1030 967 1053; x_wconf 86' lang='lat' dir='ltr'>cum</span> <span class='ocrx_word' id='word_1_88' title='bbox 989 1020 1075 1054; x_wconf 88' lang='lat' dir='ltr'>omni</span> 
     </span>
     <span class='ocr_line' id='line_1_20' title="bbox 339 1073 1076 1115; baseline 0 -9"><span class='ocrx_word' id='word_1_89' title='bbox 339 1073 498 1106; x_wconf 81' lang='lat' dir='ltr'>modestia</span> <span class='ocrx_word' id='word_1_90' title='bbox 524 1078 556 1105; x_wconf 89' lang='lat' dir='ltr'>et</span> <span class='ocrx_word' id='word_1_91' title='bbox 581 1073 714 1106; x_wconf 88' lang='lat' dir='ltr'>silentio</span> <span class='ocrx_word' id='word_1_92' title='bbox 745 1073 924 1106; x_wconf 88' lang='lat' dir='ltr'>secundum</span> <span class='ocrx_word' id='word_1_93' title='bbox 950 1073 1076 1115; x_wconf 77' lang='lat' dir='ltr'>signum</span> 
     </span>
     <span class='ocr_line' id='line_1_21' title="bbox 341 1125 1078 1169; baseline 0 -11"><span class='ocrx_word' id='word_1_94' title='bbox 341 1125 474 1158; x_wconf 87' lang='lat' dir='ltr'>minime</span> <span class='ocrx_word' id='word_1_95' title='bbox 501 1125 644 1158; x_wconf 88' lang='lat' dir='ltr'>dandum</span> <span class='ocrx_word' id='word_1_96' title='bbox 675 1125 738 1158; x_wconf 84' lang='lat' dir='ltr'>nisi</span> <span class='ocrx_word' id='word_1_97' title='bbox 769 1125 859 1157; x_wconf 83' lang='lat' dir='ltr'>cibus</span> <span class='ocrx_word' id='word_1_98' title='bbox 898 1126 993 1158; x_wconf 89' lang='lat' dir='ltr'>fuerit</span> <span class='ocrx_word' id='word_1_99' title='bbox 1024 1137 1078 1169; x_wconf 88' lang='lat' dir='ltr'>pa-</span> 
     </span>
     <span class='ocr_line' id='line_1_22' title="bbox 340 1178 1075 1221; baseline 0 -10"><span class='ocrx_word' id='word_1_100' title='bbox 340 1184 453 1218; x_wconf 82' lang='lat' dir='ltr'>ratus·,</span> <span class='ocrx_word' id='word_1_101' title='bbox 474 1178 530 1211; x_wconf 90' lang='lat' dir='ltr'>illo</span> <span class='ocrx_word' id='word_1_102' title='bbox 548 1183 654 1210; x_wconf 87' lang='lat' dir='ltr'>autem</span> <span class='ocrx_word' id='word_1_103' title='bbox 681 1178 775 1218; x_wconf 87' lang='lat' dir='ltr'>facto,</span> <span class='ocrx_word' id='word_1_104' title='bbox 794 1184 929 1221; x_wconf 76' lang='lat' dir='ltr'>surgant</span> <span class='ocrx_word' id='word_1_105' title='bbox 953 1189 1075 1217; x_wconf 87' lang='lat' dir='ltr'>onmes,</span> 
     </span>
     <span class='ocr_line' id='line_1_23' title="bbox 340 1222 1078 1275; baseline 0 -11"><span class='ocrx_word' id='word_1_106' title='bbox 340 1235 373 1264; x_wconf 86' lang='lat' dir='ltr'>et</span> <span class='ocrx_word' id='word_1_107' title='bbox 397 1222 559 1274; x_wconf 76' lang='lat' dir='ltr'>praelato,</span> <span class='ocrx_word' id='word_1_108' title='bbox 586 1236 641 1263; x_wconf 87' lang='lat' dir='ltr'>aut</span> <span class='ocrx_word' id='word_1_109' title='bbox 666 1242 704 1264; x_wconf 91' lang='lat' dir='ltr'>eo</span> <span class='ocrx_word' id='word_1_110' title='bbox 741 1231 793 1274; x_wconf 90' lang='lat' dir='ltr'>qui</span> <span class='ocrx_word' id='word_1_111' title='bbox 825 1237 966 1275; x_wconf 86' lang='lat' dir='ltr'>praeest,</span> <span class='ocrx_word' id='word_1_112' title='bbox 994 1233 1078 1275; x_wconf 82' lang='lat' dir='ltr'>psal-</span> 
     </span>
     <span class='ocr_line' id='line_1_24' title="bbox 339 1283 1078 1327; baseline 0.003 -12"><span class='ocrx_word' id='word_1_113' title='bbox 339 1294 426 1316; x_wconf 89' lang='lat' dir='ltr'>mum</span> <span class='ocrx_word' id='word_1_114' title='bbox 454 1283 497 1316; x_wconf 85' lang='lat' dir='ltr'>De</span> <span class='ocrx_word' id='word_1_115' title='bbox 518 1283 692 1326; x_wconf 77' lang='lat' dir='ltr'>profundis</span> <span class='ocrx_word' id='word_1_116' title='bbox 717 1284 906 1327; x_wconf 79' lang='lat' dir='ltr'>incipiente,</span> <span class='ocrx_word' id='word_1_117' title='bbox 924 1285 1017 1317; x_wconf 88' lang='lat' dir='ltr'>illum</span> <span class='ocrx_word' id='word_1_118' title='bbox 1035 1286 1078 1317; x_wconf 88' lang='lat' dir='ltr'>al-</span> 
     </span>
     <span class='ocr_line' id='line_1_25' title="bbox 341 1336 1078 1379; baseline 0.001 -11"><span class='ocrx_word' id='word_1_119' title='bbox 341 1336 443 1368; x_wconf 85' lang='lat' dir='ltr'>ternis</span> <span class='ocrx_word' id='word_1_120' title='bbox 469 1336 615 1368; x_wconf 85' lang='lat' dir='ltr'>versibus</span> <span class='ocrx_word' id='word_1_121' title='bbox 647 1347 707 1379; x_wconf 88' lang='lat' dir='ltr'>pro</span> <span class='ocrx_word' id='word_1_122' title='bbox 732 1337 997 1370; x_wconf 81' lang='lat' dir='ltr'>benefactoribus</span> <span class='ocrx_word' id='word_1_123' title='bbox 1024 1338 1078 1370; x_wconf 88' lang='lat' dir='ltr'>de-</span> 
     </span>
     <span class='ocr_line' id='line_1_26' title="bbox 342 1388 1078 1432; baseline 0.004 -12"><span class='ocrx_word' id='word_1_124' title='bbox 342 1388 459 1421; x_wconf 87' lang='lat' dir='ltr'>functis</span> <span class='ocrx_word' id='word_1_125' title='bbox 474 1395 737 1432; x_wconf 86' lang='lat' dir='ltr'>prosequantur;</span> <span class='ocrx_word' id='word_1_126' title='bbox 757 1400 821 1432; x_wconf 90' lang='lat' dir='ltr'>quo</span> <span class='ocrx_word' id='word_1_127' title='bbox 839 1388 928 1422; x_wconf 77' lang='lat' dir='ltr'>linito</span> <span class='ocrx_word' id='word_1_128' title='bbox 943 1392 1078 1423; x_wconf 70' lang='lat' dir='ltr'>refecto-</span> 
     </span>
     <span class='ocr_line' id='line_1_27' title="bbox 339 1440 1078 1484; baseline 0.003 -10"><span class='ocrx_word' id='word_1_129' title='bbox 339 1440 379 1474; x_wconf 89' lang='lat' dir='ltr'>rii</span> <span class='ocrx_word' id='word_1_130' title='bbox 406 1442 523 1481; x_wconf 84' lang='lat' dir='ltr'>nolam,</span> <span class='ocrx_word' id='word_1_131' title='bbox 542 1442 574 1474; x_wconf 90' lang='lat' dir='ltr'>in</span> <span class='ocrx_word' id='word_1_132' title='bbox 599 1442 726 1484; x_wconf 82' lang='lat' dir='ltr'>signum</span> <span class='ocrx_word' id='word_1_133' title='bbox 751 1442 926 1484; x_wconf 75' lang='lat' dir='ltr'>ingressus,</span> <span class='ocrx_word' id='word_1_134' title='bbox 941 1443 1078 1476; x_wconf 86' lang='lat' dir='ltr'>refecto-</span> 
     </span>
     <span class='ocr_line' id='line_1_28' title="bbox 341 1494 1075 1538; baseline 0.003 -12"><span class='ocrx_word' id='word_1_135' title='bbox 341 1494 448 1527; x_wconf 85' lang='lat' dir='ltr'>rarius</span> <span class='ocrx_word' id='word_1_136' title='bbox 464 1495 583 1538; x_wconf 83' lang='lat' dir='ltr'>pulset,</span> <span class='ocrx_word' id='word_1_137' title='bbox 606 1506 677 1528; x_wconf 89' lang='lat' dir='ltr'>cum</span> <span class='ocrx_word' id='word_1_138' title='bbox 695 1506 770 1529; x_wconf 87' lang='lat' dir='ltr'>vero</span> <span class='ocrx_word' id='word_1_139' title='bbox 791 1496 853 1528; x_wconf 88' lang='lat' dir='ltr'>iam</span> <span class='ocrx_word' id='word_1_140' title='bbox 872 1496 1075 1536; x_wconf 82' lang='lat' dir='ltr'>intraverint,</span> 
     </span>
     <span class='ocr_line' id='line_1_29' title="bbox 340 1547 1079 1592; baseline 0.004 -13"><span class='ocrx_word' id='word_1_141' title='bbox 340 1547 505 1591; x_wconf 82' lang='lat' dir='ltr'>praelatus</span> <span class='ocrx_word' id='word_1_142' title='bbox 538 1548 664 1590; x_wconf 81' lang='lat' dir='ltr'>signum</span> <span class='ocrx_word' id='word_1_143' title='bbox 695 1548 802 1588; x_wconf 88' lang='lat' dir='ltr'>faciat,</span> <span class='ocrx_word' id='word_1_144' title='bbox 828 1554 927 1592; x_wconf 85' lang='lat' dir='ltr'>atque</span> <span class='ocrx_word' id='word_1_145' title='bbox 953 1549 1079 1582; x_wconf 88' lang='lat' dir='ltr'>bebdo-</span> 
     </span>
     <span class='ocr_line' id='line_1_30' title="bbox 341 1599 1077 1641; baseline 0.003 -10"><span class='ocrx_word' id='word_1_146' title='bbox 341 1599 504 1632; x_wconf 87' lang='lat' dir='ltr'>madarius</span> <span class='ocrx_word' id='word_1_147' title='bbox 527 1600 790 1641; x_wconf 84' lang='lat' dir='ltr'>benedictionem</span> <span class='ocrx_word' id='word_1_148' title='bbox 811 1601 943 1634; x_wconf 65' lang='lat' dir='ltr'>inchoet</span> <span class='ocrx_word' id='word_1_149' title='bbox 967 1601 1077 1634; x_wconf 87' lang='lat' dir='ltr'>dicens</span> 
     </span>
     <span class='ocr_line' id='line_1_31' title="bbox 341 1651 1079 1698; baseline 0.004 -13"><span class='ocrx_word' id='word_1_150' title='bbox 341 1651 535 1693; x_wconf 73' lang='lat' dir='ltr'>Benedicize,</span> <span class='ocrx_word' id='word_1_151' title='bbox 554 1659 583 1685; x_wconf 89' lang='lat' dir='ltr'>et</span> <span class='ocrx_word' id='word_1_152' title='bbox 608 1659 785 1686; x_wconf 81' lang='lat' dir='ltr'>conventus</span> <span class='ocrx_word' id='word_1_153' title='bbox 804 1655 1006 1698; x_wconf 85' lang='lat' dir='ltr'>respondeat</span> <span class='ocrx_word' id='word_1_154' title='bbox 1022 1655 1079 1688; x_wconf 80' lang='lat' dir='ltr'>Be-</span> 
     </span>
     <span class='ocr_line' id='line_1_32' title="bbox 341 1704 1077 1750; baseline 0.007 -14"><span class='ocrx_word' id='word_1_155' title='bbox 341 1704 488 1744; x_wconf 79' lang='lat' dir='ltr'>nedicice,</span> <span class='ocrx_word' id='word_1_156' title='bbox 507 1710 534 1738; x_wconf 91' lang='lat' dir='ltr'>et</span> <span class='ocrx_word' id='word_1_157' title='bbox 556 1712 797 1750; x_wconf 78' lang='lat' dir='ltr'>prosequantur</span> <span class='ocrx_word' id='word_1_158' title='bbox 814 1707 1077 1742; x_wconf 78' lang='lat' dir='ltr'>benedictionem</span> 
     </span>
     <span class='ocr_line' id='line_1_33' title="bbox 343 1755 978 1793; baseline 0.006 -4"><span class='ocrx_word' id='word_1_159' title='bbox 343 1755 430 1789; x_wconf 84' lang='lat' dir='ltr'>iuxta</span> <span class='ocrx_word' id='word_1_160' title='bbox 455 1758 554 1790; x_wconf 87' lang='lat' dir='ltr'>ritum</span> <span class='ocrx_word' id='word_1_161' title='bbox 580 1764 612 1791; x_wconf 89' lang='lat' dir='ltr'>et</span> <span class='ocrx_word' id='word_1_162' title='bbox 638 1759 774 1792; x_wconf 89' lang='lat' dir='ltr'>formam</span> <span class='ocrx_word' id='word_1_163' title='bbox 799 1759 978 1793; x_wconf 85' lang='lat' dir='ltr'>Ecclesiae.</span> 
     </span>
    </p>

    <p class='ocr_par' dir='ltr' id='par_1_6' title="bbox 341 1809 1079 2277">
     <span class='ocr_line' id='line_1_34' title="bbox 388 1809 1079 1846; baseline 0.006 -4"><span class='ocrx_word' id='word_1_164' title='bbox 388 1819 423 1843; x_wconf 85' lang='lat' dir='ltr'>n.</span> <span class='ocrx_word' id='word_1_165' title='bbox 455 1809 556 1843; x_wconf 88' lang='lat' dir='ltr'>Nemo</span> <span class='ocrx_word' id='word_1_166' title='bbox 587 1811 722 1844; x_wconf 80' lang='lat' dir='ltr'>fratrum</span> <span class='ocrx_word' id='word_1_167' title='bbox 755 1812 788 1844; x_wconf 92' lang='lat' dir='ltr'>in</span> <span class='ocrx_word' id='word_1_168' title='bbox 813 1819 974 1846; x_wconf 83' lang='lat' dir='ltr'>conventu</span> <span class='ocrx_word' id='word_1_169' title='bbox 1014 1815 1079 1846; x_wconf 72' lang='lat' dir='ltr'>exi-</span> 
     </span>
     <span class='ocr_line' id='line_1_35' title="bbox 344 1862 1077 1906; baseline 0.007 -12"><span class='ocrx_word' id='word_1_170' title='bbox 344 1862 509 1903; x_wconf 86' lang='lat' dir='ltr'>stentium,</span> <span class='ocrx_word' id='word_1_171' title='bbox 536 1869 667 1906; x_wconf 86' lang='lat' dir='ltr'>praeter</span> <span class='ocrx_word' id='word_1_172' title='bbox 698 1865 881 1905; x_wconf 80' lang='lat' dir='ltr'>servitores,</span> <span class='ocrx_word' id='word_1_173' title='bbox 909 1866 1077 1906; x_wconf 76' lang='lat' dir='ltr'>lectorem,</span> 
     </span>
     <span class='ocr_line' id='line_1_36' title="bbox 344 1914 1079 1961; baseline 0.007 -14"><span class='ocrx_word' id='word_1_174' title='bbox 344 1914 527 1959; x_wconf 87' lang='lat' dir='ltr'>domusque</span> <span class='ocrx_word' id='word_1_175' title='bbox 546 1917 708 1956; x_wconf 79' lang='lat' dir='ltr'>custodes,</span> <span class='ocrx_word' id='word_1_176' title='bbox 725 1918 755 1949; x_wconf 93' lang='lat' dir='ltr'>in</span> <span class='ocrx_word' id='word_1_177' title='bbox 772 1919 876 1961; x_wconf 77' lang='lat' dir='ltr'>prima</span> <span class='ocrx_word' id='word_1_178' title='bbox 896 1922 1006 1952; x_wconf 74' lang='lat' dir='ltr'>mensa</span> <span class='ocrx_word' id='word_1_179' title='bbox 1024 1920 1079 1952; x_wconf 87' lang='lat' dir='ltr'>de-</span> 
     </span>
     <span class='ocr_line' id='line_1_37' title="bbox 343 1965 1079 2012; baseline 0.007 -13"><span class='ocrx_word' id='word_1_180' title='bbox 343 1965 460 2008; x_wconf 82' lang='lat' dir='ltr'>ficiant,</span> <span class='ocrx_word' id='word_1_181' title='bbox 485 1968 547 2000; x_wconf 90' lang='lat' dir='ltr'>nisi</span> <span class='ocrx_word' id='word_1_182' title='bbox 565 1969 656 2012; x_wconf 85' lang='lat' dir='ltr'>prius</span> <span class='ocrx_word' id='word_1_183' title='bbox 675 1970 806 2003; x_wconf 78' lang='lat' dir='ltr'>obtenta</span> <span class='ocrx_word' id='word_1_184' title='bbox 824 1971 965 2004; x_wconf 76' lang='lat' dir='ltr'>licentia.</span> <span class='ocrx_word' id='word_1_185' title='bbox 985 1971 1079 2010; x_wconf 88' lang='lat' dir='ltr'>Quot-</span> 
     </span>
     <span class='ocr_line' id='line_1_38' title="bbox 343 2023 1077 2063; baseline 0.01 -12"><span class='ocrx_word' id='word_1_186' title='bbox 343 2025 424 2063; x_wconf 88' lang='lat' dir='ltr'>quot</span> <span class='ocrx_word' id='word_1_187' title='bbox 455 2025 562 2054; x_wconf 76' lang='lat' dir='ltr'>autem</span> <span class='ocrx_word' id='word_1_188' title='bbox 589 2023 820 2063; x_wconf 83' lang='lat' dir='ltr'>remanserint,</span> <span class='ocrx_word' id='word_1_189' title='bbox 845 2025 1015 2057; x_wconf 80' lang='lat' dir='ltr'>comedant</span> <span class='ocrx_word' id='word_1_190' title='bbox 1047 2025 1077 2058; x_wconf 88' lang='lat' dir='ltr'>iu</span> 
     </span>
     <span class='ocr_line' id='line_1_39' title="bbox 343 2074 1075 2114; baseline 0.007 -8"><span class='ocrx_word' id='word_1_191' title='bbox 343 2074 493 2114; x_wconf 71' lang='lat' dir='ltr'>secunda,</span> <span class='ocrx_word' id='word_1_192' title='bbox 515 2074 595 2107; x_wconf 80' lang='lat' dir='ltr'>itaut</span> <span class='ocrx_word' id='word_1_193' title='bbox 617 2076 742 2108; x_wconf 83' lang='lat' dir='ltr'>tertiam</span> <span class='ocrx_word' id='word_1_194' title='bbox 761 2076 866 2110; x_wconf 88' lang='lat' dir='ltr'>facere</span> <span class='ocrx_word' id='word_1_195' title='bbox 886 2088 951 2110; x_wconf 88' lang='lat' dir='ltr'>non</span> <span class='ocrx_word' id='word_1_196' title='bbox 970 2078 1075 2111; x_wconf 83' lang='lat' dir='ltr'>liceat.</span> 
     </span>
     <span class='ocr_line' id='line_1_40' title="bbox 342 2125 1077 2170; baseline 0.007 -11"><span class='ocrx_word' id='word_1_197' title='bbox 342 2125 472 2170; x_wconf 71' lang='lat' dir='ltr'>incepta</span> <span class='ocrx_word' id='word_1_198' title='bbox 490 2127 595 2170; x_wconf 71' lang='lat' dir='ltr'>prima</span> <span class='ocrx_word' id='word_1_199' title='bbox 609 2131 728 2168; x_wconf 73' lang='lat' dir='ltr'>mensa,</span> <span class='ocrx_word' id='word_1_200' title='bbox 747 2130 855 2163; x_wconf 91' lang='lat' dir='ltr'>nullus</span> <span class='ocrx_word' id='word_1_201' title='bbox 871 2131 1077 2164; x_wconf 84' lang='lat' dir='ltr'>refectorium</span> 
     </span>
     <span class='ocr_line' id='line_1_41' title="bbox 341 2178 1079 2226; baseline 0.007 -15"><span class='ocrx_word' id='word_1_202' title='bbox 341 2178 546 2221; x_wconf 80' lang='lat' dir='ltr'>ingrediatur</span> <span class='ocrx_word' id='word_1_203' title='bbox 568 2181 690 2225; x_wconf 83' lang='lat' dir='ltr'>absque</span> <span class='ocrx_word' id='word_1_204' title='bbox 711 2182 840 2215; x_wconf 77' lang='lat' dir='ltr'>licentia</span> <span class='ocrx_word' id='word_1_205' title='bbox 856 2184 1003 2226; x_wconf 81' lang='lat' dir='ltr'>praelati,</span> <span class='ocrx_word' id='word_1_206' title='bbox 1026 2190 1079 2217; x_wconf 88' lang='lat' dir='ltr'>aut</span> 
     </span>
     <span class='ocr_line' id='line_1_42' title="bbox 343 2231 1077 2277; baseline 0.008 -14"><span class='ocrx_word' id='word_1_207' title='bbox 343 2231 399 2274; x_wconf 90' lang='lat' dir='ltr'>qui</span> <span class='ocrx_word' id='word_1_208' title='bbox 424 2233 493 2265; x_wconf 82' lang='lat' dir='ltr'>eius</span> <span class='ocrx_word' id='word_1_209' title='bbox 513 2234 584 2267; x_wconf 91' lang='lat' dir='ltr'>loco</span> <span class='ocrx_word' id='word_1_210' title='bbox 609 2235 812 2277; x_wconf 59' lang='lat' dir='ltr'>praesideat,</span> <span class='ocrx_word' id='word_1_211' title='bbox 834 2246 898 2268; x_wconf 93' lang='lat' dir='ltr'>non</span> <span class='ocrx_word' id='word_1_212' title='bbox 916 2236 1077 2269; x_wconf 87' lang='lat' dir='ltr'>ministre-</span> 
     </span>
    </p>
   </div>
   <div class='ocr_carea' id='block_1_5' title="bbox 343 2285 1098 2333">
    <p class='ocr_par' dir='ltr' id='par_1_7' title="bbox 343 2285 1098 2333">
     <span class='ocr_line' id='line_1_43' title="bbox 343 2285 1098 2333; baseline 0.007 -16"><span class='ocrx_word' id='word_1_213' title='bbox 343 2289 394 2318; x_wconf 86' lang='lat' dir='ltr'>tur</span> <span class='ocrx_word' id='word_1_214' title='bbox 417 2285 508 2319; x_wconf 86' lang='lat' dir='ltr'>cibus</span> <span class='ocrx_word' id='word_1_215' title='bbox 534 2287 711 2320; x_wconf 84' lang='lat' dir='ltr'>maioribus</span> <span class='ocrx_word' id='word_1_216' title='bbox 747 2294 801 2321; x_wconf 90' lang='lat' dir='ltr'>aut</span> <span class='ocrx_word' id='word_1_217' title='bbox 824 2289 994 2328; x_wconf 85' lang='lat' dir='ltr'>ministris,</span> <span class='ocrx_word' id='word_1_218' title='bbox 1021 2291 1076 2333; x_wconf 86' lang='lat' dir='ltr'>qui</span> <span class='ocrx_word' id='word_1_219' title='bbox 1097 2302 1098 2309; x_wconf 56' lang='lat'>¹</span> 
     </span>
    </p>
   </div>
   <div class='ocr_carea' id='block_1_6' title="bbox 341 2341 1079 2649">
    <p class='ocr_par' dir='ltr' id='par_1_8' title="bbox 341 2341 1079 2649">
     <span class='ocr_line' id='line_1_44' title="bbox 343 2341 1077 2382; baseline 0.007 -12"><span class='ocrx_word' id='word_1_220' title='bbox 343 2347 407 2371; x_wconf 87' lang='lat' dir='ltr'>non</span> <span class='ocrx_word' id='word_1_221' title='bbox 432 2345 616 2382; x_wconf 85' lang='lat' dir='ltr'>apponatur</span> <span class='ocrx_word' id='word_1_222' title='bbox 651 2341 838 2382; x_wconf 84' lang='lat' dir='ltr'>conventui,</span> <span class='ocrx_word' id='word_1_223' title='bbox 866 2342 927 2375; x_wconf 84' lang='lat' dir='ltr'>nisi</span> <span class='ocrx_word' id='word_1_224' title='bbox 957 2343 1077 2375; x_wconf 81' lang='lat' dir='ltr'>valetu-</span> 
     </span>
     <span class='ocr_line' id='line_1_45' title="bbox 343 2390 1078 2436; baseline 0.007 -14"><span class='ocrx_word' id='word_1_225' title='bbox 343 2390 460 2423; x_wconf 85' lang='lat' dir='ltr'>dinarii</span> <span class='ocrx_word' id='word_1_226' title='bbox 484 2391 547 2424; x_wconf 84' lang='lat' dir='ltr'>sint</span> <span class='ocrx_word' id='word_1_227' title='bbox 583 2392 700 2435; x_wconf 87' lang='lat' dir='ltr'>quibus</span> <span class='ocrx_word' id='word_1_228' title='bbox 730 2393 839 2436; x_wconf 85' lang='lat' dir='ltr'>aliqua</span> <span class='ocrx_word' id='word_1_229' title='bbox 863 2394 1011 2427; x_wconf 88' lang='lat' dir='ltr'>ciborum</span> <span class='ocrx_word' id='word_1_230' title='bbox 1047 2400 1078 2427; x_wconf 87' lang='lat' dir='ltr'>ct</span> 
     </span>
     <span class='ocr_line' id='line_1_46' title="bbox 342 2443 1076 2489; baseline 0.005 -14"><span class='ocrx_word' id='word_1_231' title='bbox 342 2443 540 2478; x_wconf 89' lang='lat' dir='ltr'>condimenti</span> <span class='ocrx_word' id='word_1_232' title='bbox 577 2445 745 2478; x_wconf 85' lang='lat' dir='ltr'>diversitas</span> <span class='ocrx_word' id='word_1_233' title='bbox 778 2447 1000 2489; x_wconf 72' lang='lat' dir='ltr'>permittitur,</span> <span class='ocrx_word' id='word_1_234' title='bbox 1028 2448 1076 2480; x_wconf 89' lang='lat' dir='ltr'>vel</span> 
     </span>
     <span class='ocr_line' id='line_1_47' title="bbox 341 2496 1077 2538; baseline 0.005 -10"><span class='ocrx_word' id='word_1_235' title='bbox 341 2496 461 2538; x_wconf 88' lang='lat' dir='ltr'>quibus</span> <span class='ocrx_word' id='word_1_236' title='bbox 479 2497 558 2530; x_wconf 75' lang='lat' dir='ltr'>alias</span> <span class='ocrx_word' id='word_1_237' title='bbox 580 2498 697 2531; x_wconf 85' lang='lat' dir='ltr'>harum</span> <span class='ocrx_word' id='word_1_238' title='bbox 717 2499 987 2532; x_wconf 86' lang='lat' dir='ltr'>constitutionum</span> <span class='ocrx_word' id='word_1_239' title='bbox 1010 2500 1077 2534; x_wconf 89' lang='lat' dir='ltr'>iure</span> 
     </span>
     <span class='ocr_line' id='line_1_48' title="bbox 343 2548 1079 2589; baseline 0.007 -9"><span class='ocrx_word' id='word_1_240' title='bbox 343 2548 441 2580; x_wconf 85' lang='lat' dir='ltr'>fuerit</span> <span class='ocrx_word' id='word_1_241' title='bbox 464 2548 645 2589; x_wconf 84' lang='lat' dir='ltr'>indultum;</span> <span class='ocrx_word' id='word_1_242' title='bbox 673 2551 773 2583; x_wconf 77' lang='lat' dir='ltr'>frater</span> <span class='ocrx_word' id='word_1_243' title='bbox 804 2561 868 2584; x_wconf 86' lang='lat' dir='ltr'>non</span> <span class='ocrx_word' id='word_1_244' title='bbox 903 2553 1011 2585; x_wconf 87' lang='lat' dir='ltr'>mittat</span> <span class='ocrx_word' id='word_1_245' title='bbox 1035 2554 1079 2585; x_wconf 86' lang='lat' dir='ltr'>ei-</span> 
     </span>
     <span class='ocr_line' id='line_1_49' title="bbox 341 2600 1079 2649; baseline 0.005 -15"><span class='ocrx_word' id='word_1_246' title='bbox 341 2600 418 2635; x_wconf 78' lang='lat' dir='ltr'>bum</span> <span class='ocrx_word' id='word_1_247' title='bbox 443 2601 482 2634; x_wconf 80' lang='lat' dir='ltr'>ad</span> <span class='ocrx_word' id='word_1_248' title='bbox 505 2602 649 2644; x_wconf 81' lang='lat' dir='ltr'>fratrem,</span> <span class='ocrx_word' id='word_1_249' title='bbox 677 2609 812 2648; x_wconf 78' lang='lat' dir='ltr'>excepto</span> <span class='ocrx_word' id='word_1_250' title='bbox 837 2605 994 2649; x_wconf 82' lang='lat' dir='ltr'>praelato,</span> <span class='ocrx_word' id='word_1_251' title='bbox 1024 2612 1079 2639; x_wconf 85' lang='lat' dir='ltr'>aut</span> 
     </span>
    </p>
   </div>
   <div class='ocr_carea' id='block_1_7' title="bbox 334 2671 343 2686">
    <p class='ocr_par' dir='ltr' id='par_1_9' title="bbox 334 2671 343 2686">
     <span class='ocr_line' id='line_1_50' title="bbox 334 2671 343 2686; baseline 0 0"><span class='ocrx_word' id='word_1_252' title='bbox 334 2671 343 2686; x_wconf 73' lang='lat' dir='ltr'>t</span> 
     </span>
    </p>
   </div>
   <div class='ocr_carea' id='block_1_8' title="bbox 1096 617 1102 2290">
    <p class='ocr_par' dir='ltr' id='par_1_10' title="bbox 1096 617 1102 2290">
     <span class='ocr_line' id='line_1_51' title="bbox 1096 617 1102 2290; baseline 0 0"><span class='ocrx_word' id='word_1_253' title='bbox 1096 617 1102 2290; x_wconf 95' lang='lat' dir='ltr'> </span> 
     </span>
    </p>
   </div>
   <div class='ocr_carea' id='block_1_9' title="bbox 1096 2510 1101 2641">
    <p class='ocr_par' dir='ltr' id='par_1_11' title="bbox 1096 2510 1101 2641">
     <span class='ocr_line' id='line_1_52' title="bbox 1096 2510 1101 2641; baseline 0 584"><span class='ocrx_word' id='word_1_254' title='bbox 1096 2510 1101 2641; x_wconf 95' lang='lat' dir='ltr'> </span> 
     </span>
    </p>
   </div>
   <div class='ocr_carea' id='block_1_10' title="bbox 1114 229 1859 2541">
    <p class='ocr_par' dir='ltr' id='par_1_12' title="bbox 1114 229 1852 427">
     <span class='ocr_line' id='line_1_53' title="bbox 1145 229 1259 252; baseline 0.009 -1"><span class='ocrx_word' id='word_1_255' title='bbox 1145 230 1184 251; x_wconf 80' lang='lat' dir='ltr'>xu</span> <span class='ocrx_word' id='word_1_256' title='bbox 1212 229 1259 252; x_wconf 75' lang='lat' dir='ltr'>rr,</span> 
     </span>
     <span class='ocr_line' id='line_1_54' title="bbox 1114 277 1850 321; baseline 0.01 -12"><span class='ocrx_word' id='word_1_257' title='bbox 1114 277 1152 309; x_wconf 74' lang='lat' dir='ltr'>tle</span> <span class='ocrx_word' id='word_1_258' title='bbox 1181 277 1311 309; x_wconf 74' lang='lat' dir='ltr'>lieentia</span> <span class='ocrx_word' id='word_1_259' title='bbox 1336 282 1367 310; x_wconf 86' lang='lat' dir='ltr'>et</span> <span class='ocrx_word' id='word_1_260' title='bbox 1392 279 1607 321; x_wconf 70' lang='lat' dir='ltr'>permissione</span> <span class='ocrx_word' id='word_1_261' title='bbox 1634 281 1733 321; x_wconf 68' lang='lat' dir='ltr'>illius,</span> <span class='ocrx_word' id='word_1_262' title='bbox 1766 288 1850 315; x_wconf 76' lang='lat' dir='ltr'>cete—</span> 
     </span>
     <span class='ocr_line' id='line_1_55' title="bbox 1115 329 1852 375; baseline 0.008 -14"><span class='ocrx_word' id='word_1_263' title='bbox 1115 340 1183 361; x_wconf 90' lang='lat' dir='ltr'>rum</span> <span class='ocrx_word' id='word_1_264' title='bbox 1210 329 1271 362; x_wconf 87' lang='lat' dir='ltr'>sibi</span> <span class='ocrx_word' id='word_1_265' title='bbox 1297 330 1369 363; x_wconf 88' lang='lat' dir='ltr'>data</span> <span class='ocrx_word' id='word_1_266' title='bbox 1395 341 1431 363; x_wconf 78' lang='lat' dir='ltr'>cx</span> <span class='ocrx_word' id='word_1_267' title='bbox 1464 337 1605 375; x_wconf 87' lang='lat' dir='ltr'>utroquo</span> <span class='ocrx_word' id='word_1_268' title='bbox 1638 334 1739 367; x_wconf 84' lang='lat' dir='ltr'>latere</span> <span class='ocrx_word' id='word_1_269' title='bbox 1776 336 1852 367; x_wconf 75' lang='lat' dir='ltr'>assi-</span> 
     </span>
     <span class='ocr_line' id='line_1_56' title="bbox 1115 382 1547 427; baseline 0.007 -13"><span class='ocrx_word' id='word_1_270' title='bbox 1115 382 1203 415; x_wconf 87' lang='lat' dir='ltr'>denti</span> <span class='ocrx_word' id='word_1_271' title='bbox 1230 383 1347 425; x_wconf 84' lang='lat' dir='ltr'>poterit</span> <span class='ocrx_word' id='word_1_272' title='bbox 1375 383 1547 427; x_wconf 88' lang='lat' dir='ltr'>impartiri.</span> 
     </span>
    </p>

    <p class='ocr_par' dir='ltr' id='par_1_13' title="bbox 1114 435 1856 905">
     <span class='ocr_line' id='line_1_57' title="bbox 1159 435 1852 472; baseline 0.006 -4"><span class='ocrx_word' id='word_1_273' title='bbox 1159 446 1206 468; x_wconf 85' lang='lat' dir='ltr'>ut.</span> <span class='ocrx_word' id='word_1_274' title='bbox 1230 435 1515 470; x_wconf 85' lang='lat' dir='ltr'>Commendatores</span> <span class='ocrx_word' id='word_1_275' title='bbox 1533 445 1751 472; x_wconf 80' lang='lat' dir='ltr'>conventuum</span> <span class='ocrx_word' id='word_1_276' title='bbox 1770 450 1852 472; x_wconf 85' lang='lat' dir='ltr'>sem-</span> 
     </span>
     <span class='ocr_line' id='line_1_58' title="bbox 1114 488 1852 531; baseline 0.007 -11"><span class='ocrx_word' id='word_1_277' title='bbox 1114 499 1174 531; x_wconf 85' lang='lat' dir='ltr'>per</span> <span class='ocrx_word' id='word_1_278' title='bbox 1198 488 1231 521; x_wconf 93' lang='lat' dir='ltr'>in</span> <span class='ocrx_word' id='word_1_279' title='bbox 1256 489 1429 523; x_wconf 89' lang='lat' dir='ltr'>refectorio</span> <span class='ocrx_word' id='word_1_280' title='bbox 1448 491 1632 528; x_wconf 82' lang='lat' dir='ltr'>comedant,</span> <span class='ocrx_word' id='word_1_281' title='bbox 1654 498 1686 524; x_wconf 91' lang='lat' dir='ltr'>et</span> <span class='ocrx_word' id='word_1_282' title='bbox 1705 493 1852 525; x_wconf 79' lang='lat' dir='ltr'>refician-</span> 
     </span>
     <span class='ocr_line' id='line_1_59' title="bbox 1115 542 1853 589; baseline 0.004 -16"><span class='ocrx_word' id='word_1_283' title='bbox 1115 547 1165 573; x_wconf 90' lang='lat' dir='ltr'>tur</span> <span class='ocrx_word' id='word_1_284' title='bbox 1190 542 1229 575; x_wconf 90' lang='lat' dir='ltr'>de</span> <span class='ocrx_word' id='word_1_285' title='bbox 1255 544 1418 575; x_wconf 89' lang='lat' dir='ltr'>communi</span> <span class='ocrx_word' id='word_1_286' title='bbox 1445 544 1518 576; x_wconf 88' lang='lat' dir='ltr'>cibo</span> <span class='ocrx_word' id='word_1_287' title='bbox 1551 546 1726 578; x_wconf 76' lang='lat' dir='ltr'>conventui</span> <span class='ocrx_word' id='word_1_288' title='bbox 1759 557 1853 589; x_wconf 79' lang='lat' dir='ltr'>prae-</span> 
     </span>
     <span class='ocr_line' id='line_1_60' title="bbox 1116 595 1852 637; baseline 0.003 -11"><span class='ocrx_word' id='word_1_289' title='bbox 1116 600 1241 637; x_wconf 87' lang='lat' dir='ltr'>parato.</span> <span class='ocrx_word' id='word_1_290' title='bbox 1288 595 1470 629; x_wconf 83' lang='lat' dir='ltr'>Refectorio</span> <span class='ocrx_word' id='word_1_291' title='bbox 1514 597 1611 629; x_wconf 87' lang='lat' dir='ltr'>etiam</span> <span class='ocrx_word' id='word_1_292' title='bbox 1654 597 1852 631; x_wconf 72' lang='lat' dir='ltr'>infirmariaev</span> 
     </span>
     <span class='ocr_line' id='line_1_61' title="bbox 1116 647 1852 692; baseline 0.003 -14"><span class='ocrx_word' id='word_1_293' title='bbox 1116 652 1211 690; x_wconf 86' lang='lat' dir='ltr'>atque</span> <span class='ocrx_word' id='word_1_294' title='bbox 1251 647 1414 691; x_wconf 83' lang='lat' dir='ltr'>hospitum</span> <span class='ocrx_word' id='word_1_295' title='bbox 1460 655 1650 692; x_wconf 81' lang='lat' dir='ltr'>receptores</span> <span class='ocrx_word' id='word_1_296' title='bbox 1690 651 1852 689; x_wconf 71' lang='lat' dir='ltr'>intersint,</span> 
     </span>
     <span class='ocr_line' id='line_1_62' title="bbox 1115 700 1856 748; baseline 0.005 -16"><span class='ocrx_word' id='word_1_297' title='bbox 1115 701 1176 733; x_wconf 88' lang='lat' dir='ltr'>nisi</span> <span class='ocrx_word' id='word_1_298' title='bbox 1203 700 1387 734; x_wconf 81' lang='lat' dir='ltr'>assistentia</span> <span class='ocrx_word' id='word_1_299' title='bbox 1423 702 1624 736; x_wconf 77' lang='lat' dir='ltr'>infirmorum</span> <span class='ocrx_word' id='word_1_300' title='bbox 1657 710 1713 736; x_wconf 87' lang='lat' dir='ltr'>aut</span> <span class='ocrx_word' id='word_1_301' title='bbox 1745 705 1856 748; x_wconf 82' lang='lat' dir='ltr'>bospi-</span> 
     </span>
     <span class='ocr_line' id='line_1_63' title="bbox 1117 755 1854 800; baseline 0.007 -15"><span class='ocrx_word' id='word_1_302' title='bbox 1117 759 1184 786; x_wconf 90' lang='lat' dir='ltr'>tum</span> <span class='ocrx_word' id='word_1_303' title='bbox 1209 764 1266 786; x_wconf 88' lang='lat' dir='ltr'>eos</span> <span class='ocrx_word' id='word_1_304' title='bbox 1303 760 1392 787; x_wconf 58' lang='lat' dir='ltr'>extra</span> <span class='ocrx_word' id='word_1_305' title='bbox 1428 755 1509 788; x_wconf 89' lang='lat' dir='ltr'>illud</span> <span class='ocrx_word' id='word_1_306' title='bbox 1534 757 1708 790; x_wconf 83' lang='lat' dir='ltr'>comedere</span> <span class='ocrx_word' id='word_1_307' title='bbox 1733 763 1826 800; x_wconf 82' lang='lat' dir='ltr'>cogat</span> <span class='ocrx_word' id='word_1_308' title='bbox 1847 785 1854 798; x_wconf 86' lang='lat'>‚</span> 
     </span>
     <span class='ocr_line' id='line_1_64' title="bbox 1116 807 1856 850; baseline 0.007 -13"><span class='ocrx_word' id='word_1_309' title='bbox 1116 807 1164 839; x_wconf 75' lang='lat' dir='ltr'>vel</span> <span class='ocrx_word' id='word_1_310' title='bbox 1182 807 1314 840; x_wconf 87' lang='lat' dir='ltr'>aliunde</span> <span class='ocrx_word' id='word_1_311' title='bbox 1331 810 1494 850; x_wconf 84' lang='lat' dir='ltr'>praelatus</span> <span class='ocrx_word' id='word_1_312' title='bbox 1513 820 1548 842; x_wconf 79' lang='lat' dir='ltr'>ex</span> <span class='ocrx_word' id='word_1_313' title='bbox 1565 810 1626 843; x_wconf 76' lang='lat' dir='ltr'>alia</span> <span class='ocrx_word' id='word_1_314' title='bbox 1642 810 1739 844; x_wconf 90' lang='lat' dir='ltr'>simili</span> <span class='ocrx_word' id='word_1_315' title='bbox 1759 813 1856 843; x_wconf 78' lang='lat' dir='ltr'>causa</span> 
     </span>
     <span class='ocr_line' id='line_1_65' title="bbox 1118 859 1634 905; baseline 0.008 -14"><span class='ocrx_word' id='word_1_316' title='bbox 1118 859 1358 893; x_wconf 80' lang='lat' dir='ltr'>rationabiliter</span> <span class='ocrx_word' id='word_1_317' title='bbox 1382 861 1634 905; x_wconf 74' lang='lat' dir='ltr'>dispensaverit.</span> 
     </span>
    </p>

    <p class='ocr_par' dir='ltr' id='par_1_14' title="bbox 1118 912 1857 1537">
     <span class='ocr_line' id='line_1_66' title="bbox 1162 912 1856 958; baseline 0.006 -13"><span class='ocrx_word' id='word_1_318' title='bbox 1162 923 1204 945; x_wconf 81' lang='lat' dir='ltr'>tv.</span> <span class='ocrx_word' id='word_1_319' title='bbox 1232 912 1405 957; x_wconf 76' lang='lat' dir='ltr'>Nunquam</span> <span class='ocrx_word' id='word_1_320' title='bbox 1425 914 1582 958; x_wconf 86' lang='lat' dir='ltr'>incipiant</span> <span class='ocrx_word' id='word_1_321' title='bbox 1602 917 1776 949; x_wconf 88' lang='lat' dir='ltr'>comedere</span> <span class='ocrx_word' id='word_1_322' title='bbox 1795 917 1856 948; x_wconf 82' lang='lat' dir='ltr'>fra-</span> 
     </span>
     <span class='ocr_line' id='line_1_67' title="bbox 1120 967 1855 1012; baseline 0.003 -14"><span class='ocrx_word' id='word_1_323' title='bbox 1120 972 1182 999; x_wconf 79' lang='lat' dir='ltr'>tres</span> <span class='ocrx_word' id='word_1_324' title='bbox 1214 968 1246 999; x_wconf 90' lang='lat' dir='ltr'>in</span> <span class='ocrx_word' id='word_1_325' title='bbox 1278 967 1450 1000; x_wconf 84' lang='lat' dir='ltr'>refectorio</span> <span class='ocrx_word' id='word_1_326' title='bbox 1488 968 1550 1000; x_wconf 90' lang='lat' dir='ltr'>nisi</span> <span class='ocrx_word' id='word_1_327' title='bbox 1590 969 1724 1012; x_wconf 83' lang='lat' dir='ltr'>praevio</span> <span class='ocrx_word' id='word_1_328' title='bbox 1761 970 1855 1012; x_wconf 74' lang='lat' dir='ltr'>signo</span> 
     </span>
     <span class='ocr_line' id='line_1_68' title="bbox 1119 1020 1856 1064; baseline 0.004 -12"><span class='ocrx_word' id='word_1_329' title='bbox 1119 1020 1274 1063; x_wconf 86' lang='lat' dir='ltr'>praelati,</span> <span class='ocrx_word' id='word_1_330' title='bbox 1302 1031 1407 1064; x_wconf 88' lang='lat' dir='ltr'>neque</span> <span class='ocrx_word' id='word_1_331' title='bbox 1445 1027 1577 1064; x_wconf 81' lang='lat' dir='ltr'>surgant</span> <span class='ocrx_word' id='word_1_332' title='bbox 1602 1032 1618 1054; x_wconf 84' lang='lat' dir='ltr'>a</span> <span class='ocrx_word' id='word_1_333' title='bbox 1655 1023 1767 1054; x_wconf 75' lang='lat' dir='ltr'>mensa</span> <span class='ocrx_word' id='word_1_334' title='bbox 1799 1023 1856 1055; x_wconf 91' lang='lat' dir='ltr'>do-</span> 
     </span>
     <span class='ocr_line' id='line_1_69' title="bbox 1119 1073 1857 1118; baseline 0.003 -13"><span class='ocrx_word' id='word_1_335' title='bbox 1119 1083 1178 1105; x_wconf 86' lang='lat' dir='ltr'>nec</span> <span class='ocrx_word' id='word_1_336' title='bbox 1204 1073 1377 1116; x_wconf 90' lang='lat' dir='ltr'>prandium</span> <span class='ocrx_word' id='word_1_337' title='bbox 1402 1074 1450 1107; x_wconf 77' lang='lat' dir='ltr'>vel</span> <span class='ocrx_word' id='word_1_338' title='bbox 1477 1084 1578 1107; x_wconf 85' lang='lat' dir='ltr'>coena</span> <span class='ocrx_word' id='word_1_339' title='bbox 1604 1074 1744 1114; x_wconf 82' lang='lat' dir='ltr'>finiatur,</span> <span class='ocrx_word' id='word_1_340' title='bbox 1771 1076 1857 1118; x_wconf 88' lang='lat' dir='ltr'>pari-</span> 
     </span>
     <span class='ocr_line' id='line_1_70' title="bbox 1120 1126 1855 1170; baseline 0.004 -13"><span class='ocrx_word' id='word_1_341' title='bbox 1120 1131 1234 1168; x_wconf 85' lang='lat' dir='ltr'>terque</span> <span class='ocrx_word' id='word_1_342' title='bbox 1260 1126 1313 1158; x_wconf 72' lang='lat' dir='ltr'>fiat</span> <span class='ocrx_word' id='word_1_343' title='bbox 1345 1126 1474 1169; x_wconf 77' lang='lat' dir='ltr'>signum</span> <span class='ocrx_word' id='word_1_344' title='bbox 1507 1128 1547 1160; x_wconf 85' lang='lat' dir='ltr'>ab</span> <span class='ocrx_word' id='word_1_345' title='bbox 1581 1127 1665 1170; x_wconf 87' lang='lat' dir='ltr'>ipso.</span> <span class='ocrx_word' id='word_1_346' title='bbox 1702 1127 1791 1166; x_wconf 85' lang='lat' dir='ltr'>Quod</span> <span class='ocrx_word' id='word_1_347' title='bbox 1828 1129 1855 1160; x_wconf 84' lang='lat' dir='ltr'>si</span> 
     </span>
     <span class='ocr_line' id='line_1_71' title="bbox 1118 1180 1857 1221; baseline 0.007 -12"><span class='ocrx_word' id='word_1_348' title='bbox 1118 1180 1284 1221; x_wconf 56' lang='lat' dir='ltr'>pia-tatus</span> <span class='ocrx_word' id='word_1_349' title='bbox 1321 1185 1375 1212; x_wconf 87' lang='lat' dir='ltr'>aut</span> <span class='ocrx_word' id='word_1_350' title='bbox 1399 1180 1468 1212; x_wconf 88' lang='lat' dir='ltr'>eius</span> <span class='ocrx_word' id='word_1_351' title='bbox 1494 1180 1632 1213; x_wconf 84' lang='lat' dir='ltr'>vicarius</span> <span class='ocrx_word' id='word_1_352' title='bbox 1657 1191 1723 1213; x_wconf 88' lang='lat' dir='ltr'>non</span> <span class='ocrx_word' id='word_1_353' title='bbox 1748 1181 1857 1214; x_wconf 86' lang='lat' dir='ltr'>adfue-</span> 
     </span>
     <span class='ocr_line' id='line_1_72' title="bbox 1118 1231 1857 1276; baseline 0.004 -13"><span class='ocrx_word' id='word_1_354' title='bbox 1118 1231 1168 1271; x_wconf 89' lang='lat' dir='ltr'>rit,</span> <span class='ocrx_word' id='word_1_355' title='bbox 1184 1232 1313 1274; x_wconf 71' lang='lat' dir='ltr'>diguior</span> <span class='ocrx_word' id='word_1_356' title='bbox 1333 1243 1368 1266; x_wconf 80' lang='lat' dir='ltr'>ex</span> <span class='ocrx_word' id='word_1_357' title='bbox 1387 1238 1476 1276; x_wconf 83' lang='lat' dir='ltr'>parte</span> <span class='ocrx_word' id='word_1_358' title='bbox 1498 1233 1724 1267; x_wconf 80' lang='lat' dir='ltr'>hebdomadae</span> <span class='ocrx_word' id='word_1_359' title='bbox 1750 1245 1857 1268; x_wconf 86' lang='lat' dir='ltr'>sacer·</span> 
     </span>
     <span class='ocr_line' id='line_1_73' title="bbox 1120 1284 1857 1327; baseline 0.007 -12"><span class='ocrx_word' id='word_1_360' title='bbox 1120 1284 1178 1316; x_wconf 80' lang='lat' dir='ltr'>dos</span> <span class='ocrx_word' id='word_1_361' title='bbox 1204 1284 1333 1327; x_wconf 81' lang='lat' dir='ltr'>signum</span> <span class='ocrx_word' id='word_1_362' title='bbox 1359 1285 1465 1318; x_wconf 84' lang='lat' dir='ltr'>faciat.</span> <span class='ocrx_word' id='word_1_363' title='bbox 1492 1285 1522 1318; x_wconf 80' lang='lat' dir='ltr'>Si</span> <span class='ocrx_word' id='word_1_364' title='bbox 1549 1292 1622 1319; x_wconf 90' lang='lat' dir='ltr'>ante</span> <span class='ocrx_word' id='word_1_365' title='bbox 1647 1287 1744 1319; x_wconf 81' lang='lat' dir='ltr'>finem</span> <span class='ocrx_word' id='word_1_366' title='bbox 1770 1298 1857 1320; x_wconf 85' lang='lat' dir='ltr'>com-</span> 
     </span>
     <span class='ocr_line' id='line_1_74' title="bbox 1120 1336 1855 1382; baseline 0.007 -15"><span class='ocrx_word' id='word_1_367' title='bbox 1120 1336 1288 1368; x_wconf 81' lang='lat' dir='ltr'>mestionis</span> <span class='ocrx_word' id='word_1_368' title='bbox 1325 1338 1456 1370; x_wconf 79' lang='lat' dir='ltr'>fratrem</span> <span class='ocrx_word' id='word_1_369' title='bbox 1488 1339 1628 1381; x_wconf 79' lang='lat' dir='ltr'>aliquem</span> <span class='ocrx_word' id='word_1_370' title='bbox 1661 1345 1775 1382; x_wconf 74' lang='lat' dir='ltr'>urgeat</span> <span class='ocrx_word' id='word_1_371' title='bbox 1802 1351 1855 1372; x_wconf 84' lang='lat' dir='ltr'>ne-</span> 
     </span>
     <span class='ocr_line' id='line_1_75' title="bbox 1120 1389 1857 1436; baseline 0.008 -17"><span class='ocrx_word' id='word_1_372' title='bbox 1120 1389 1251 1421; x_wconf 83' lang='lat' dir='ltr'>cessitas</span> <span class='ocrx_word' id='word_1_373' title='bbox 1276 1390 1478 1431; x_wconf 79' lang='lat' dir='ltr'>egrediendi‚</span> <span class='ocrx_word' id='word_1_374' title='bbox 1505 1401 1569 1424; x_wconf 93' lang='lat' dir='ltr'>non</span> <span class='ocrx_word' id='word_1_375' title='bbox 1595 1391 1626 1424; x_wconf 91' lang='lat' dir='ltr'>id</span> <span class='ocrx_word' id='word_1_376' title='bbox 1652 1392 1713 1424; x_wconf 88' lang='lat' dir='ltr'>nisi</span> <span class='ocrx_word' id='word_1_377' title='bbox 1740 1393 1857 1436; x_wconf 73' lang='lat' dir='ltr'>adepta</span> 
     </span>
     <span class='ocr_line' id='line_1_76' title="bbox 1120 1440 1857 1487; baseline 0.008 -15"><span class='ocrx_word' id='word_1_378' title='bbox 1120 1440 1251 1473; x_wconf 78' lang='lat' dir='ltr'>licentia</span> <span class='ocrx_word' id='word_1_379' title='bbox 1264 1442 1445 1485; x_wconf 87' lang='lat' dir='ltr'>superioris</span> <span class='ocrx_word' id='word_1_380' title='bbox 1471 1443 1588 1476; x_wconf 83' lang='lat' dir='ltr'>dictive</span> <span class='ocrx_word' id='word_1_381' title='bbox 1606 1445 1766 1487; x_wconf 83' lang='lat' dir='ltr'>praesidis</span> <span class='ocrx_word' id='word_1_382' title='bbox 1784 1455 1857 1478; x_wconf 84' lang='lat' dir='ltr'>exe-</span> 
     </span>
     <span class='ocr_line' id='line_1_77' title="bbox 1121 1499 1250 1537; baseline 0.016 -12"><span class='ocrx_word' id='word_1_383' title='bbox 1121 1499 1250 1537; x_wconf 87' lang='lat' dir='ltr'>quatur.</span> 
     </span>
    </p>

    <p class='ocr_par' dir='ltr' id='par_1_15' title="bbox 1118 1546 1859 2541">
     <span class='ocr_line' id='line_1_78' title="bbox 1165 1546 1859 1593; baseline 0.006 -14"><span class='ocrx_word' id='word_1_384' title='bbox 1165 1557 1195 1579; x_wconf 88' lang='lat' dir='ltr'>v.</span> <span class='ocrx_word' id='word_1_385' title='bbox 1223 1546 1302 1579; x_wconf 88' lang='lat' dir='ltr'>Dum</span> <span class='ocrx_word' id='word_1_386' title='bbox 1329 1548 1440 1581; x_wconf 89' lang='lat' dir='ltr'>fratres</span> <span class='ocrx_word' id='word_1_387' title='bbox 1465 1550 1652 1590; x_wconf 87' lang='lat' dir='ltr'>comedunt,</span> <span class='ocrx_word' id='word_1_388' title='bbox 1674 1560 1804 1593; x_wconf 85' lang='lat' dir='ltr'>semper</span> <span class='ocrx_word' id='word_1_389' title='bbox 1823 1561 1859 1582; x_wconf 92' lang='lat' dir='ltr'>u-</span> 
     </span>
     <span class='ocr_line' id='line_1_79' title="bbox 1121 1601 1857 1648; baseline 0.008 -17"><span class='ocrx_word' id='word_1_390' title='bbox 1121 1610 1180 1631; x_wconf 88' lang='lat' dir='ltr'>nus</span> <span class='ocrx_word' id='word_1_391' title='bbox 1206 1601 1309 1633; x_wconf 84' lang='lat' dir='ltr'>lector</span> <span class='ocrx_word' id='word_1_392' title='bbox 1332 1601 1441 1645; x_wconf 85' lang='lat' dir='ltr'>aliquo</span> <span class='ocrx_word' id='word_1_393' title='bbox 1464 1603 1623 1646; x_wconf 83' lang='lat' dir='ltr'>spirituali</span> <span class='ocrx_word' id='word_1_394' title='bbox 1649 1609 1679 1637; x_wconf 86' lang='lat' dir='ltr'>et</span> <span class='ocrx_word' id='word_1_395' title='bbox 1704 1604 1784 1647; x_wconf 79' lang='lat' dir='ltr'>frugi</span> <span class='ocrx_word' id='word_1_396' title='bbox 1807 1616 1857 1648; x_wconf 86' lang='lat' dir='ltr'>pa·</span> 
     </span>
     <span class='ocr_line' id='line_1_80' title="bbox 1120 1653 1856 1695; baseline 0.007 -10"><span class='ocrx_word' id='word_1_397' title='bbox 1120 1653 1198 1685; x_wconf 89' lang='lat' dir='ltr'>bulo</span> <span class='ocrx_word' id='word_1_398' title='bbox 1224 1659 1349 1686; x_wconf 86' lang='lat' dir='ltr'>mentes</span> <span class='ocrx_word' id='word_1_399' title='bbox 1373 1665 1486 1687; x_wconf 89' lang='lat' dir='ltr'>eorum</span> <span class='ocrx_word' id='word_1_400' title='bbox 1524 1655 1660 1695; x_wconf 80' lang='lat' dir='ltr'>reficiat,</span> <span class='ocrx_word' id='word_1_401' title='bbox 1693 1667 1734 1689; x_wconf 82' lang='lat' dir='ltr'>ne</span> <span class='ocrx_word' id='word_1_402' title='bbox 1770 1657 1856 1690; x_wconf 82' lang='lat' dir='ltr'>solae</span> 
     </span>
     <span class='ocr_line' id='line_1_81' title="bbox 1120 1705 1857 1747; baseline 0.004 -9"><span class='ocrx_word' id='word_1_403' title='bbox 1120 1705 1236 1739; x_wconf 74' lang='lat' dir='ltr'>fames¹</span> <span class='ocrx_word' id='word_1_404' title='bbox 1255 1713 1385 1739; x_wconf 83' lang='lat' dir='ltr'>sumant</span> <span class='ocrx_word' id='word_1_405' title='bbox 1409 1708 1528 1747; x_wconf 85' lang='lat' dir='ltr'>cibum,</span> <span class='ocrx_word' id='word_1_406' title='bbox 1549 1710 1603 1741; x_wconf 89' lang='lat' dir='ltr'>sed</span> <span class='ocrx_word' id='word_1_407' title='bbox 1623 1715 1656 1741; x_wconf 88' lang='lat' dir='ltr'>et</span> <span class='ocrx_word' id='word_1_408' title='bbox 1679 1720 1773 1742; x_wconf 85' lang='lat' dir='ltr'>aures</span> <span class='ocrx_word' id='word_1_409' title='bbox 1791 1720 1857 1743; x_wconf 84' lang='lat' dir='ltr'>esu-</span> 
     </span>
     <span class='ocr_line' id='line_1_82' title="bbox 1120 1759 1857 1806; baseline 0.009 -16"><span class='ocrx_word' id='word_1_410' title='bbox 1120 1759 1203 1791; x_wconf 89' lang='lat' dir='ltr'>riant</span> <span class='ocrx_word' id='word_1_411' title='bbox 1226 1761 1361 1792; x_wconf 82' lang='lat' dir='ltr'>verbum</span> <span class='ocrx_word' id='word_1_412' title='bbox 1386 1761 1454 1794; x_wconf 90' lang='lat' dir='ltr'>Dei.</span> <span class='ocrx_word' id='word_1_413' title='bbox 1488 1761 1570 1799; x_wconf 84' lang='lat' dir='ltr'>Quid</span> <span class='ocrx_word' id='word_1_414' title='bbox 1603 1768 1708 1795; x_wconf 85' lang='lat' dir='ltr'>autem</span> <span class='ocrx_word' id='word_1_415' title='bbox 1746 1765 1857 1806; x_wconf 76' lang='lat' dir='ltr'>legen-</span> 
     </span>
     <span class='ocr_line' id='line_1_83' title="bbox 1121 1812 1857 1856; baseline 0.005 -11"><span class='ocrx_word' id='word_1_416' title='bbox 1121 1812 1195 1845; x_wconf 91' lang='lat' dir='ltr'>dum</span> <span class='ocrx_word' id='word_1_417' title='bbox 1221 1813 1272 1851; x_wconf 83' lang='lat' dir='ltr'>sit,</span> <span class='ocrx_word' id='word_1_418' title='bbox 1297 1815 1462 1856; x_wconf 86' lang='lat' dir='ltr'>praelatus</span> <span class='ocrx_word' id='word_1_419' title='bbox 1487 1820 1543 1846; x_wconf 87' lang='lat' dir='ltr'>aut</span> <span class='ocrx_word' id='word_1_420' title='bbox 1576 1817 1779 1849; x_wconf 86' lang='lat' dir='ltr'>consuetudo</span> <span class='ocrx_word' id='word_1_421' title='bbox 1806 1817 1857 1849; x_wconf 87' lang='lat' dir='ltr'>de-</span> 
     </span>
     <span class='ocr_line' id='line_1_84' title="bbox 1120 1868 1856 1912; baseline 0.005 -15"><span class='ocrx_word' id='word_1_422' title='bbox 1120 1871 1252 1904; x_wconf 85' lang='lat' dir='ltr'>cernat·‚</span> <span class='ocrx_word' id='word_1_423' title='bbox 1293 1868 1406 1908; x_wconf 77' lang='lat' dir='ltr'>regula</span> <span class='ocrx_word' id='word_1_424' title='bbox 1452 1872 1559 1900; x_wconf 88' lang='lat' dir='ltr'>tamen</span> <span class='ocrx_word' id='word_1_425' title='bbox 1607 1868 1708 1900; x_wconf 86' lang='lat' dir='ltr'>sancti</span> <span class='ocrx_word' id='word_1_426' title='bbox 1754 1869 1856 1912; x_wconf 82' lang='lat' dir='ltr'>patris</span> 
     </span>
     <span class='ocr_line' id='line_1_85' title="bbox 1120 1918 1856 1961; baseline 0.005 -11"><span class='ocrx_word' id='word_1_427' title='bbox 1120 1918 1224 1950; x_wconf 85' lang='lat' dir='ltr'>nostri</span> <span class='ocrx_word' id='word_1_428' title='bbox 1253 1919 1423 1961; x_wconf 69' lang='lat' dir='ltr'>Augustini</span> <span class='ocrx_word' id='word_1_429' title='bbox 1449 1921 1598 1953; x_wconf 86' lang='lat' dir='ltr'>omnibus</span> <span class='ocrx_word' id='word_1_430' title='bbox 1634 1922 1733 1954; x_wconf 79' lang='lat' dir='ltr'>sextis</span> <span class='ocrx_word' id='word_1_431' title='bbox 1768 1922 1856 1955; x_wconf 82' lang='lat' dir='ltr'>feriis</span> 
     </span>
     <span class='ocr_line' id='line_1_86' title="bbox 1119 1971 1855 2014; baseline 0.005 -11"><span class='ocrx_word' id='word_1_432' title='bbox 1119 1971 1345 2005; x_wconf 73' lang='lat' dir='ltr'>indeficienter</span> <span class='ocrx_word' id='word_1_433' title='bbox 1368 1974 1503 2014; x_wconf 75' lang='lat' dir='ltr'>legatur.</span> <span class='ocrx_word' id='word_1_434' title='bbox 1536 1973 1569 2006; x_wconf 89' lang='lat' dir='ltr'>ln</span> <span class='ocrx_word' id='word_1_435' title='bbox 1602 1974 1753 2007; x_wconf 89' lang='lat' dir='ltr'>omnibus</span> <span class='ocrx_word' id='word_1_436' title='bbox 1778 1985 1855 2008; x_wconf 86' lang='lat' dir='ltr'>vero</span> 
     </span>
     <span class='ocr_line' id='line_1_87' title="bbox 1120 2024 1853 2060; baseline 0.007 -5"><span class='ocrx_word' id='word_1_437' title='bbox 1120 2024 1315 2056; x_wconf 83' lang='lat' dir='ltr'>lectionibus</span> <span class='ocrx_word' id='word_1_438' title='bbox 1339 2025 1383 2057; x_wconf 87' lang='lat' dir='ltr'>ita</span> <span class='ocrx_word' id='word_1_439' title='bbox 1408 2025 1448 2057; x_wconf 88' lang='lat' dir='ltr'>sit</span> <span class='ocrx_word' id='word_1_440' title='bbox 1472 2026 1574 2058; x_wconf 91' lang='lat' dir='ltr'>lector</span> <span class='ocrx_word' id='word_1_441' title='bbox 1599 2026 1746 2059; x_wconf 85' lang='lat' dir='ltr'>assiduus</span> <span class='ocrx_word' id='word_1_442' title='bbox 1772 2033 1802 2060; x_wconf 88' lang='lat' dir='ltr'>et</span> <span class='ocrx_word' id='word_1_443' title='bbox 1822 2028 1853 2060; x_wconf 92' lang='lat' dir='ltr'>in</span> 
     </span>
     <span class='ocr_line' id='line_1_88' title="bbox 1120 2077 1856 2122; baseline 0.007 -14"><span class='ocrx_word' id='word_1_444' title='bbox 1120 2077 1251 2119; x_wconf 69' lang='lat' dir='ltr'>pausis²</span> <span class='ocrx_word' id='word_1_445' title='bbox 1279 2077 1443 2120; x_wconf 87' lang='lat' dir='ltr'>frequens,</span> <span class='ocrx_word' id='word_1_446' title='bbox 1470 2082 1504 2111; x_wconf 83' lang='lat' dir='ltr'>ut</span> <span class='ocrx_word' id='word_1_447' title='bbox 1535 2089 1644 2122; x_wconf 88' lang='lat' dir='ltr'>neque</span> <span class='ocrx_word' id='word_1_448' title='bbox 1677 2090 1729 2112; x_wconf 82' lang='lat' dir='ltr'>eas</span> <span class='ocrx_word' id='word_1_449' title='bbox 1756 2080 1856 2114; x_wconf 78' lang='lat' dir='ltr'>nimia</span> 
     </span>
     <span class='ocr_line' id='line_1_89' title="bbox 1121 2128 1855 2175; baseline 0.007 -15"><span class='ocrx_word' id='word_1_450' title='bbox 1121 2128 1326 2162; x_wconf 83' lang='lat' dir='ltr'>festinatione</span> <span class='ocrx_word' id='word_1_451' title='bbox 1353 2130 1536 2170; x_wconf 78' lang='lat' dir='ltr'>interiiciat,</span> <span class='ocrx_word' id='word_1_452' title='bbox 1562 2142 1669 2175; x_wconf 91' lang='lat' dir='ltr'>neque</span> <span class='ocrx_word' id='word_1_453' title='bbox 1696 2133 1792 2175; x_wconf 76' lang='lat' dir='ltr'>longo</span> <span class='ocrx_word' id='word_1_454' title='bbox 1818 2134 1855 2165; x_wconf 82' lang='lat' dir='ltr'>si-</span> 
     </span>
     <span class='ocr_line' id='line_1_90' title="bbox 1120 2182 1853 2227; baseline 0.007 -14"><span class='ocrx_word' id='word_1_455' title='bbox 1120 2182 1219 2215; x_wconf 88' lang='lat' dir='ltr'>lentio</span> <span class='ocrx_word' id='word_1_456' title='bbox 1245 2184 1424 2225; x_wconf 83' lang='lat' dir='ltr'>protrahat,</span> <span class='ocrx_word' id='word_1_457' title='bbox 1442 2184 1497 2217; x_wconf 87' lang='lat' dir='ltr'>scd</span> <span class='ocrx_word' id='word_1_458' title='bbox 1523 2190 1679 2227; x_wconf 79' lang='lat' dir='ltr'>quantun]</span> <span class='ocrx_word' id='word_1_459' title='bbox 1705 2186 1853 2225; x_wconf 82' lang='lat' dir='ltr'>sufficiat,</span> 
     </span>
     <span class='ocr_line' id='line_1_91' title="bbox 1120 2237 1856 2279; baseline 0.007 -12"><span class='ocrx_word' id='word_1_460' title='bbox 1120 2241 1150 2267; x_wconf 92' lang='lat' dir='ltr'>et</span> <span class='ocrx_word' id='word_1_461' title='bbox 1175 2237 1341 2278; x_wconf 88' lang='lat' dir='ltr'>paululum</span> <span class='ocrx_word' id='word_1_462' title='bbox 1374 2238 1522 2279; x_wconf 87' lang='lat' dir='ltr'>quiescat</span> <span class='ocrx_word' id='word_1_463' title='bbox 1551 2239 1660 2271; x_wconf 87' lang='lat' dir='ltr'>alitus.</span> <span class='ocrx_word' id='word_1_464' title='bbox 1698 2238 1856 2272; x_wconf 71' lang='lat' dir='ltr'>Conclusa</span> 
     </span>
     <span class='ocr_line' id='line_1_92' title="bbox 1119 2288 1855 2334; baseline 0.01 -16"><span class='ocrx_word' id='word_1_465' title='bbox 1119 2288 1305 2328; x_wconf 86' lang='lat' dir='ltr'>refectione,</span> <span class='ocrx_word' id='word_1_466' title='bbox 1324 2290 1362 2321; x_wconf 87' lang='lat' dir='ltr'>ad</span> <span class='ocrx_word' id='word_1_467' title='bbox 1383 2290 1520 2333; x_wconf 86' lang='lat' dir='ltr'>praelati</span> <span class='ocrx_word' id='word_1_468' title='bbox 1546 2291 1674 2334; x_wconf 72' lang='lat' dir='ltr'>signum</span> <span class='ocrx_word' id='word_1_469' title='bbox 1700 2292 1785 2325; x_wconf 82' lang='lat' dir='ltr'>dicat</span> <span class='ocrx_word' id='word_1_470' title='bbox 1808 2293 1855 2325; x_wconf 86' lang='lat' dir='ltr'>le·</span> 
     </span>
     <span class='ocr_line' id='line_1_93' title="bbox 1118 2341 1853 2383; baseline 0.005 -11"><span class='ocrx_word' id='word_1_471' title='bbox 1118 2347 1187 2373; x_wconf 85' lang='lat' dir='ltr'>ctor</span> <span class='ocrx_word' id='word_1_472' title='bbox 1214 2341 1261 2373; x_wconf 78' lang='grc' dir='ltr'>Τιι</span> <span class='ocrx_word' id='word_1_473' title='bbox 1284 2347 1403 2378; x_wconf 78' lang='lat' dir='ltr'>antem.</span> <span class='ocrx_word' id='word_1_474' title='bbox 1421 2342 1565 2383; x_wconf 71' lang='lat' dir='ltr'>Domine,</span> <span class='ocrx_word' id='word_1_475' title='bbox 1588 2345 1736 2376; x_wconf 79' lang='lat' dir='ltr'>miserere</span> <span class='ocrx_word' id='word_1_476' title='bbox 1754 2345 1853 2383; x_wconf 64' lang='lat' dir='ltr'>nobis,</span> 
     </span>
     <span class='ocr_line' id='line_1_94' title="bbox 1119 2394 1855 2439; baseline 0.005 -14"><span class='ocrx_word' id='word_1_477' title='bbox 1119 2399 1152 2425; x_wconf 88' lang='lat' dir='ltr'>et</span> <span class='ocrx_word' id='word_1_478' title='bbox 1176 2394 1289 2427; x_wconf 80' lang='lat' dir='ltr'>fratres</span> <span class='ocrx_word' id='word_1_479' title='bbox 1314 2396 1536 2438; x_wconf 82' lang='lat' dir='ltr'>respondeant</span> <span class='ocrx_word' id='word_1_480' title='bbox 1570 2396 1631 2428; x_wconf 76' lang='lat' dir='ltr'>Deo</span> <span class='ocrx_word' id='word_1_481' title='bbox 1660 2398 1797 2439; x_wconf 72' lang='lat' dir='ltr'>qratias,</span> <span class='ocrx_word' id='word_1_482' title='bbox 1823 2405 1855 2430; x_wconf 84' lang='lat' dir='ltr'>et</span> 
     </span>
     <span class='ocr_line' id='line_1_95' title="bbox 1119 2447 1855 2491; baseline 0.004 -12"><span class='ocrx_word' id='word_1_483' title='bbox 1119 2447 1157 2479; x_wconf 83' lang='lat' dir='ltr'>ad</span> <span class='ocrx_word' id='word_1_484' title='bbox 1183 2448 1318 2490; x_wconf 75' lang='lat' dir='ltr'>cymbali</span> <span class='ocrx_word' id='word_1_485' title='bbox 1344 2449 1563 2491; x_wconf 84' lang='lat' dir='ltr'>pulsationem</span> <span class='ocrx_word' id='word_1_486' title='bbox 1585 2449 1704 2491; x_wconf 74' lang='lat' dir='ltr'>singuli</span> <span class='ocrx_word' id='word_1_487' title='bbox 1721 2455 1855 2491; x_wconf 77' lang='lat' dir='ltr'>surgant</span> 
     </span>
     <span class='ocr_line' id='line_1_96' title="bbox 1119 2500 1853 2541; baseline 0.003 -9"><span class='ocrx_word' id='word_1_488' title='bbox 1119 2509 1136 2531; x_wconf 85' lang='lat' dir='ltr'>a</span> <span class='ocrx_word' id='word_1_489' title='bbox 1171 2502 1292 2532; x_wconf 72' lang='lat' dir='ltr'>mensa.</span> <span class='ocrx_word' id='word_1_490' title='bbox 1330 2500 1613 2533; x_wconf 80' lang='lat' dir='ltr'>Hebdomadarius</span> <span class='ocrx_word' id='word_1_491' title='bbox 1651 2507 1768 2541; x_wconf 86' lang='lat' dir='ltr'>autem,</span> <span class='ocrx_word' id='word_1_492' title='bbox 1792 2502 1853 2534; x_wconf 86' lang='lat' dir='ltr'>sibi</span> 
     </span>
    </p>
   </div>
   <div class='ocr_carea' id='block_1_11' title="bbox 1745 225 1800 257">
    <p class='ocr_par' dir='ltr' id='par_1_16' title="bbox 1745 225 1800 257">
     <span class='ocr_line' id='line_1_97' title="bbox 1745 225 1800 257; baseline -0.018 0"><span class='ocrx_word' id='word_1_493' title='bbox 1745 225 1800 257; x_wconf 62' lang='lat'>971</span> 
     </span>
    </p>
   </div>
   <div class='ocr_carea' id='block_1_12' title="bbox 1154 2569 1851 2651">
    <p class='ocr_par' dir='ltr' id='par_1_17' title="bbox 1154 2569 1851 2651">
     <span class='ocr_line' id='line_1_98' title="bbox 1156 2569 1521 2604; baseline 0 -8"><span class='ocrx_word' id='word_1_494' title='bbox 1156 2571 1166 2596; x_wconf 86' lang='grc'>1</span> <span class='ocrx_word' id='word_1_495' title='bbox 1190 2569 1289 2597; x_wconf 80' lang='lat' dir='ltr'>Forsan</span> <span class='ocrx_word' id='word_1_496' title='bbox 1305 2572 1401 2604; x_wconf 81' lang='lat' dir='ltr'>fauces</span> <span class='ocrx_word' id='word_1_497' title='bbox 1419 2571 1457 2604; x_wconf 81' lang='lat' dir='ltr'>(n.</span> <span class='ocrx_word' id='word_1_498' title='bbox 1473 2571 1521 2604; x_wconf 82' lang='grc' dir='ltr'>τ,).</span> 
     </span>
     <span class='ocr_line' id='line_1_99' title="bbox 1154 2613 1851 2651; baseline 0.003 -10"><span class='ocrx_word' id='word_1_499' title='bbox 1154 2614 1170 2641; x_wconf 75' lang='lat'>2</span> <span class='ocrx_word' id='word_1_500' title='bbox 1189 2613 1259 2641; x_wconf 83' lang='lat' dir='ltr'>Edit.</span> <span class='ocrx_word' id='word_1_501' title='bbox 1277 2614 1354 2641; x_wconf 77' lang='lat' dir='ltr'>Maiu.</span> <span class='ocrx_word' id='word_1_502' title='bbox 1371 2615 1437 2650; x_wconf 75' lang='lat' dir='ltr'>tegit</span> <span class='ocrx_word' id='word_1_503' title='bbox 1449 2615 1552 2650; x_wconf 76' lang='lat' dir='ltr'>paucis</span> <span class='ocrx_word' id='word_1_504' title='bbox 1569 2623 1615 2651; x_wconf 90' lang='lat' dir='ltr'>pro</span> <span class='ocrx_word' id='word_1_505' title='bbox 1630 2615 1731 2650; x_wconf 51' lang='lat' dir='ltr'>pausia·</span> <span class='ocrx_word' id='word_1_506' title='bbox 1745 2617 1785 2649; x_wconf 79' lang='lat' dir='ltr'>(n.</span> <span class='ocrx_word' id='word_1_507' title='bbox 1802 2621 1851 2650; x_wconf 87' lang='grc' dir='ltr'><em>τ.).</em></span> 
     </span>
    </p>
   </div>
   <div class='ocr_carea' id='block_1_13' title="bbox 1854 234 2039 264">
    <p class='ocr_par' dir='ltr' id='par_1_18' title="bbox 1854 234 2039 264">
     <span class='ocr_line' id='line_1_100' title="bbox 1854 234 2039 264; baseline 0.027 -6"><span class='ocrx_word' id='word_1_508' title='bbox 1854 234 1902 261; x_wconf 64' lang='grc' dir='ltr'>λη.</span> <span class='ocrx_word' id='word_1_509' title='bbox 1924 235 1952 261; x_wconf 90' lang='lat' dir='ltr'>C.</span> <span class='ocrx_word' id='word_1_510' title='bbox 1976 235 2039 264; x_wconf 70' lang='lat'>1091</span> 
     </span>
    </p>
   </div>
  </div>
 </body>
</html>
