2227 3225
91 265 140 289 An.
161 263 189 290 Γ..
207 263 276 290 1Γι93

858 259 1066 284 IXNOCENTIUS
1090 259 1136 283 xit
1161 259 1207 283 1¹1³.

1687 251 1751 285 587
1798 261 1846 286 Au.
1864 261 1891 287 C.
1914 261 1982 286 1095

282 322 344 355 que
368 310 630 348 coadiutoribus,
654 308 815 352 magistris
839 319 893 341 seu
919 307 1014 340 etiam
1056 307 1270 350 promovendi
1309 309 1492 351 quempiam
1528 309 1567 341 ad
1604 308 1790 351 patrimonii

282 363 500 396 baccalaureis
525 363 556 395 iu
582 363 672 395 sacra
698 361 883 403 theologia,
908 361 1016 393 docto-

281 416 367 448 ribus
393 416 559 458 utriusque
584 416 632 448 rel
658 416 771 448 saltem
797 414 944 447 canonici
970 413 1016 444 iu-

280 470 323 502 ris
348 469 533 508 licentiatis,
560 469 734 501 dummodo
761 468 905 509 singulos
928 476 1015 509 prae-

280 523 360 555 satos
385 523 504 565 gradus
529 523 561 554 iu
585 521 735 565 pubblioz't
770 527 801 554 et
835 520 1015 565 approbata

279 575 490 609 universitate
517 575 729 608 obtinuerint.
756 574 796 606 lis
823 573 934 613 ctiam,
961 572 1014 615 qui

280 628 651 672 saltempertriennium
667 627 811 660 sedulam
828 625 1015 668 theologiae

280 682 394 714 studiis
420 692 554 726 operam
583 680 780 714 navaverint.
812 680 854 712 Ac
887 679 1015 712 tandem

280 735 468 776 vigesimum
495 740 622 768 sextum
649 733 761 766 aetatis
786 743 906 765 annum
929 742 1017 764 exce-

281 789 442 828 dentibus,
470 788 495 821 si
522 798 581 831 per
605 787 778 821 triennium
809 787 842 819 in
873 785 1017 819 clericali

282 842 392 874 habitu
419 842 555 874 honeste
581 846 612 874 et
631 840 838 873 laudabiliter
861 840 1013 872 vixerint.

325 895 339 937 ξ
364 894 395 927 3.
423 894 446 927 E
470 899 583 928 contra
607 893 734 927 censuit
765 904 830 926 non
862 892 1014 936 expedire

282 954 316 980 ut
347 948 460 981 eadem
497 948 620 980 indulta
655 946 877 980 concedantur
904 956 940 978 ex
976 956 1015 978 eo

283 1001 370 1044 quod
396 1001 467 1044 quis
493 1000 660 1041 diaconus,
681 999 908 1037 subdiaconus,
931 998 1017 1031 litte-

283 1064 390 1086 rarum
416 1054 667 1096 apostolicarum
697 1053 837 1095 scriptor
869 1052 925 1091 sit,
960 1062 1016 1084 seu

283 1107 435 1149 magister
460 1107 491 1138 in
517 1106 649 1146 artibus,
675 1105 806 1145 nobili&
843 1111 896 1137 aut
927 1115 1018 1148 prae-

282 1169 358 1191 sens
384 1160 414 1191 in
440 1158 541 1198 Curia,
578 1159 627 1191 vel
661 1159 747 1201 quod
785 1158 1016 1201 philosophiae

282 1222 407 1244 cursum
434 1212 625 1251 absolverit,
652 1217 707 1244 aut
732 1211 826 1244 alicui
857 1211 1016 1244 ecclesiae

283 1265 465 1308 adscriptus
494 1265 590 1297 suerit
614 1265 653 1297 ad
687 1265 776 1297 cuius
801 1265 922 1297 servitii
949 1265 1018 1296 titu-

282 1318 349 1349 lum
376 1328 411 1350 ex
438 1318 618 1360 apostolico
644 1318 771 1350 indulto
797 1318 907 1350 clerici
932 1317 1019 1351 ordi-

282 1371 351 1402 nari
377 1376 525 1413 possunt,
550 1376 604 1402 aut
629 1380 710 1402 onus
734 1370 905 1403 missarum
921 1398 928 1412 ‚
951 1381 1018 1404 non

282 1430 389 1457 tamen
414 1435 449 1457 ex
476 1423 635 1456 beneficio
660 1423 879 1456 ecclesiastico
903 1435 1020 1467 prove-

282 1477 388 1517 niens,
415 1477 536 1509 habere
562 1487 596 1509 se
623 1477 747 1509 doceat.
775 1476 911 1520 Insuper
944 1488 1020 1510 een-

281 1530 343 1562 suit
368 1530 492 1562 indulta
516 1529 701 1562 huiusmodi
734 1540 805 1562 esse
831 1531 1020 1573 deneganda

282 1582 321 1615 iis
354 1582 408 1625 qui
449 1582 558 1625 aliqua
594 1582 840 1625 dispensatione
872 1583 1020 1625 indigent

282 1635 507 1679 impedimenti
544 1645 579 1668 ex
613 1645 727 1667 eorum
762 1635 879 1668 delicto
911 1647 1019 1680 prove-

282 1689 416 1722 nientis.
437 1689 482 1729 Et,
505 1689 581 1721 sede
608 1689 786 1732 episcopali
811 1695 955 1730 vacante,
973 1690 1020 1724 in-

283 1742 331 1774 fra
343 1752 462 1774 annum
476 1752 493 1774 a
506 1741 558 1774 die
572 1742 758 1782 vacationis,
770 1742 902 1776 minime
914 1744 1020 1777 danda

285 1795 331 1834 iis,
354 1794 572 1838 quibenelieii
587 1795 795 1828 ecelesiastici
821 1797 942 1840 recepti
963 1808 1018 1830 seu

284 1847 464 1891 recipiendi
483 1847 656 1880 occasione
675 1849 785 1881 arctati
805 1859 869 1882 uon
889 1850 1017 1883 suerint.

91 1907 138 1954 ιιιιι
140 1907 274 1959 i¹'ssi1}‘³q⁰=ia
329 1902 344 1944 g
367 1900 399 1933 [ι.
427 1900 505 1933 Item
530 1911 695 1943 nunquam
730 1903 936 1936 concedenda
960 1914 1020 1947 pro

90 1961 274 2007 ᾗῃοιίιυιιειιὲιῡειξὲἒ
286 1954 330 1987 ses
337 1953 407 1986 tisis
440 1953 554 1986 diebus
591 1954 774 1993 continuis,
800 1955 856 1987 sed
892 1965 1021 1999 semper

121 906 201 928 Qubus

89 932 219 957 ἀιυνμωὶα.

221 910 269 926 VCI'O

91 2013 169 2034 tie-uda
285 2018 343 2050 pro
367 2007 573 2050 inter¹politis
598 2007 706 2050 aliquo
727 2008 882 2051 temporis
906 2010 1019 2052 spatio,

283 2060 418 2092 arbitrio
444 2059 589 2102 episcopi
615 2060 812 2093 deliniendo.

92 2144 119 2165 ad
142 2117 274 2168 ιὲιιιιοιιῑυιιο
328 2113 342 2156 g
375 2111 406 2144 5.
440 2111 586 2155 Denique
620 2114 748 2145 censuit
779 2114 953 2158 episccpos
987 2126 1020 2148 0-

161 2150 192 2170 pt
194 2150 248 2170 copo
251 2151 259 2164 s

91 2177 131 2218 {13¹⁹
136 2172 273 2224 :351011233-
285 2175 393 2205 nineS‚
416 2175 451 2197 ac
476 2165 573 2197 etiam
604 2165 803 2208 apostolicos
828 2168 964 2201 nuntios
990 2175 1021 2201 et

284 2219 420 2260 legatos,
436 2218 553 2250 litteris
577 2218 610 2250 in
634 2218 738 2251 forami
756 2219 864 2252 Brexis
884 2220 1022 2254 circula-

285 2271 376 2303 ribus
402 2271 639 2311 admonendos,
660 2272 841 2305 decrevisse
866 2273 1020 2307 Sanctita-

287 2329 350 2357 tem
367 2324 463 2357 Suam
484 2324 609 2357 indulta
628 2325 795 2368 praedicta
813 2336 876 2359 nen
895 2327 938 2359 ita
955 2338 1020 2370 pas-

286 2377 354 2417 sim,
380 2377 436 2410 sed
461 2388 497 2410 ex
522 2378 617 2410 certis
643 2383 767 2410 tantum
803 2380 1020 2423 legitimisque

287 2431 391 2464 causis
415 2431 607 2471 concedere,
634 2442 693 2464 nec
715 2432 888 2476 episcopos
909 2434 949 2466 ad
967 2445 1021 2468 eo—

285 2494 357 2516 rum
382 2484 630 2527 exequutionem
655 2485 876 2528 adstringere,
903 2488 958 2520 sed
984 2489 1021 2522 il-

286 2537 349 2570 lam
374 2547 504 2580 semper
535 2537 682 2580 ipsorum
713 2538 858 2579 arbitrio,
888 2543 1022 2574 onerata

287 2588 476 2621 eorumdem
501 2589 709 2628 conscientia,
728 2590 924 2633 relinquere.
944 2592 1021 2624 Item

287 2651 346 2684 per
372 2640 483 2672 cadem
511 2640 634 2673 indulta
660 2642 821 2674 licon'izun
842 2654 904 2674 uon
926 2644 1020 2676 tribui

1057 360 1195 400 titulum,
1222 361 1281 393 nisi
1308 361 1346 393 ad
1372 371 1518 394 normam
1556 361 1691 393 Concilii
1723 361 1791 393 Tri-

1058 413 1192 453 dentini,
1212 425 1290 446 sess.
1313 424 1371 452 xxi,
1391 424 1460 456 cap.
1482 424 1515 446 u.
1544 413 1604 446 Eos
1629 424 1704 446 vero
1723 424 1792 446 om-

1058 477 1125 506 nes,
1150 468 1202 510 qui
1224 467 1262 499 ab
1289 467 1475 510 apostolica
1500 467 1581 500 Sede
1607 467 1792 499 facultatem

1057 519 1204 553 obtinent
1229 520 1419 552 conserendi
1445 520 1578 552 ordines
1604 525 1693 552 extra
1717 525 1794 552 tem-

1057 583 1148 616 pora,
1173 575 1221 606 vel
1247 573 1318 606 aliis
1351 573 1531 616 respective
1567 573 1730 605 tribuendi
1755 573 1793 606 li-

1058 626 1196 659 centiam
1221 632 1254 658 ut
1273 626 1454 666 conserant,
1490 627 1627 659 maxime
1660 626 1794 659 carere¹

1058 679 1187 718 debere,
1214 689 1255 712 ne
1279 679 1500 722 praescriptos
1525 678 1585 711 sibi
1611 679 1644 711 in
1680 679 1796 712 iisdem

1059 731 1261 764 facultatibus
1297 732 1426 771 limites,
1452 731 1593 764 cuiusvis
1624 737 1796 764 eonsuetu-

1059 784 1142 817 dinis
1168 791 1222 817 aut
1252 785 1392 829 exempli
1426 790 1606 829 praetextu,
1635 791 1798 828 transgre-

1058 837 1202 871 diantur.

1103 892 1173 935 ἓῦ.
1201 892 1286 924 Haec
1318 897 1424 925 autem
1457 891 1566 924 omnia
1604 896 1634 924 et
1667 891 1797 933 singula

1059 945 1280 988 suprascripta
1306 945 1449 985 decreta,
1477 945 1588 977 audita
1611 955 1646 978 ex
1673 956 1723 978 me
1749 945 1797 977 in-

1059 999 1150 1040 tegra
1175 1009 1287 1031 eorum
1313 997 1481 1037 relatione,
1501 997 1722 1030 sanctissimus
1740 999 1797 1031 do-

1060 1051 1166 1083 minus
1192 1057 1304 1084 noster
1327 1051 1469 1084 laudavit
1489 1057 1520 1083 et
1537 1051 1741 1093 approbavit,
1761 1062 1797 1084 ac

1062 1109 1125 1137 tam
1149 1104 1181 1136 in
1208 1104 1336 1136 Dataria
1361 1109 1392 1136 et
1415 1103 1594 1136 secretaria
1625 1104 1795 1145 Brevium,

1061 1168 1156 1200 quam
1190 1168 1206 1189 a
1238 1157 1355 1189 ceteris
1391 1156 1540 1190 omnibus
1574 1157 1730 1190 ministris
1766 1163 1798 1191 et

1061 1210 1253 1244 officialibus
1285 1210 1399 1243 Curiae
1418 1237 1426 1250 ,
1457 1210 1496 1242 ad
1528 1221 1609 1254 quos
1634 1210 1796 1254 pertinet,

1061 1270 1221 1308 perpetuo
1247 1270 1278 1296 et
1305 1263 1540 1297 inviolabiliter
1564 1265 1684 1297 servari
1709 1276 1799 1298 man-

1062 1317 1166 1357 davit;
1193 1317 1317 1349 sublata
1342 1317 1493 1349 omnibus
1518 1327 1719 1360 quacumque
1755 1318 1799 1350 sa-

1062 1371 1181 1402 cultate
1213 1370 1379 1412 praedicta
1405 1369 1551 1409 indulta,
1574 1370 1668 1402 aliter
1703 1381 1799 1413 quam

1062 1422 1101 1455 ad
1128 1422 1263 1454 sormam
1298 1422 1489 1455 eorumdem
1516 1423 1740 1462 decretorum,
1767 1423 1800 1455 in

1062 1480 1228 1517 posterum
1254 1473 1463 1516 expediendi.
1497 1474 1561 1506 Hac
1586 1474 1636 1506 die
1670 1484 1719 1507 xiv
1750 1474 1800 1507 de·

1062 1526 1204 1560 cembris
1230 1535 1389 1560 ninexcln.

1097 1589 1155 1616 Dat.
1173 1589 1216 1616 die
1232 1590 1259 1616 lli
1273 1589 1427 1617 decembris
1440 1592 1450 1607 ²
1470 1589 1545 1624 1693,
1559 1589 1654 1625 pontif.
1672 1597 1743 1616 auno
1760 1597 1800 1616 ιιι.

1855 902 1870 923 (3
1874 903 1956 923 unacum
1961 904 1991 924 tia

1855 934 1869 949 lt

1807 930 1850 950 rel
1884 932 1922 950 dec
1936 936 1972 952 ι-ιι.

1391 1731 1497 1738 .......

1065 1776 1290 1810 conceduntur
1308 1777 1533 1820 inclulqenliae
1550 1782 1724 1820 perpeluae
1747 1778 1802 1810 ho⁶

1106 1829 1217 1871 spi'lit's
1232 1839 1425 1872 pauperum,
1441 1840 1477 1861 ac
1497 1831 1802 1872 consp-eqrrlr'onibus

1107 1882 1278 1914 Charitatis
1303 1883 1414 1915 erectis
1431 1887 1460 1915 ee
1480 1883 1640 1925 ermendr-

1241 1953 1441 1980 Innocentius
1461 1954 1541 1986 Papa
1561 1954 1623 1986 XII,

1199 1998 1235 2023 ad
1250 1998 1386 2024 futuram
1401 1998 1446 2025 rei
1465 1999 1649 2025 memmium

1107 2059 1164 2103 §L
1179 2059 1254 2092 Cum
1271 2060 1397 2093 autem
1409 2060 1712 2103 intergiavissimas
1726 2063 1801 2096 mul
1825 2076 1907 2123 ιιιιι
1911 2078 1960 2096 ιι
1965 2081 1997 2097 »ιιι

1064 2113 1256 2156 tiplicesque
1282 2124 1387 2154 curas,
1415 2114 1532 2157 quibus
1557 2125 1595 2147 ex
1619 2107 1836 2149 sacrosanti⁰⁰
1891 2110 1935 2123 “
1940 2111 1963 2123 ³'

1064 2167 1200 2209 apostol
1195 2171 1262 2198 itus
1288 2141 1463 2199 humilitati
1492 2173 1622 2200 nostrae
1647 2168 1801 2202 divinitus

1063 2218 1224 2251 commissi
1261 2219 1369 2252 debito
1397 2219 1602 2253 incessanter
1633 2231 1800 2264 urgemur,

1063 2272 1118 2305 illa
1143 2272 1315 2315 praecipue
1352 2273 1494 2306 animum
1529 2281 1676 2308 nostrum
1706 2282 1804 2318 angat

1064 2325 1260 2365 sollicitudo,
1287 2336 1383 2369 quam
1408 2327 1448 2360 de
1473 2337 1654 2371 pauperum
1676 2335 1706 2361 et
1731 2339 1804 2372 ege-

1100 2389 1110 2414 1
1130 2387 1197 2414 Male
1209 2388 1251 2414 ed.
1264 2388 1344 2417 alain.
1355 2388 1420 2423 legit
1431 2397 1528 2417 carere
1540 2398 1588 2425 pro
1600 2399 1697 2418 cavere
1706 2392 1744 2425 (n.
1753 2392 1803 2425 Ti).

1098 2433 1114 2458 2
1131 2432 1181 2458 Ed.
1197 2432 1276 2459 ltlain.
1293 2433 1327 2459 ad
1339 2442 1424 2468 marg.
1436 2433 1518 2460 habet
1532 2435 1562 2461 13
1573 2435 1740 2468 oct‹·l›1·is(r..
1752 2437 1803 2470 T.).

1099 2477 1114 2503 3
1135 2476 1163 2503 ln
1174 2481 1259 2503 const.
1273 2477 1316 2504 ed.
1329 2485 1461 2511 tincxcili,
1474 2479 1517 2506 die
1528 2480 1561 2506 ⁶23
1573 2481 1647 2513 maii,
1663 2481 1758 2516 potuis.
1774 2488 1803 2516 tt,

1064 2529 1193 2548 concessa
1211 2522 1262 2548 suit
1280 2522 1446 2558 indulgentia
1461 2524 1582 2559 plenaria
1601 2530 1732 2560 perpetua
1754 2526 1804 2552 ho-

1065 2565 1144 2601 spitio
1171 2574 1321 2601 pauperum
1351 2567 1528 2594 invalidorum
1563 2568 1596 2595 de
1627 2568 1710 2596 l'rhe:
1741 2570 1803 2596 vide

1065 2610 1146 2636 etiam
1168 2611 1273 2636 constit.
1291 2619 1367 2646 seqq.

1102 2655 1116 2679 4
1135 2655 1340 2682 l'a1·tic.(1ule1n
1355 2660 1460 2690 praeter
1469 2664 1525 2682 rem
1538 2665 1595 2683 esse
1608 2656 1800 2692 rideturots).
