2254 3225
212 262 259 288 An.
281 260 309 287 e.
329 260 398 287 1094
445 249 509 284 (35³8

242 641 267 662 Ut
283 643 340 662 certa
351 641 397 665 lege

214 671 352 688 aiiioveantur
368 674 398 687 tu-

215 701 278 716 vc-nes
294 694 391 721 professi.

980 252 1158 277 certantum

405 308 546 352 aptiores
571 306 745 340 creduntur
778 307 953 338 conventus
978 302 1161 350 principa-1

406 362 504 395 liores
530 359 724 404 provinciae,
751 359 781 391 in
803 357 920 402 quibus
948 355 1072 388 facilius
1094 365 1140 387 re·
1159 352 1161 387 ζ

406 415 590 459 primuntur
603 419 665 447 tam
683 417 771 446 metu
785 410 921 444 carceris
934 414 965 443 et
978 407 1139 451 supplicii,

406 479 501 512 quam
521 466 712 501 auctoritate
733 465 939 508 superiorum
959 468 990 495 et
1003 466 1140 504 patrum,

407 522 522 566 quibus
546 521 711 554 abundare
737 523 768 551 et
791 517 897 551 ornari
924 516 1031 548 solent
1055 523 1141 545 eom-

407 576 578 609 munitates
602 574 819 618 praefatorum
845 574 1071 603 conventuum.

452 639 483 662 x.
521 629 599 662 Cum
632 627 795 660 discursus
828 624 960 656 fratrum
991 623 1142 653 recenter

408 682 632 727 professorum
665 685 696 712 et
723 687 836 721 parum
869 675 901 708 in
938 671 1164 707 observantia!

409 737 542 779 regulae
584 733 799 766 radicatorum
847 725 1142 772 perniciosissimus

407 789 459 828 sit,
484 794 515 822 et
540 786 685 831 capitalis
710 785 803 826 origo
825 780 982 824 regularis
1001 777 1140 821 discipli-

408 853 469 875 nae
495 838 719 877 relaxationis,
743 837 829 881 (luia,
850 846 921 868 cum
947 843 1060 877 parum
1082 832 1144 864 sint

409 894 529 928 assueti
556 891 744 935 indigentiis
770 895 799 922 et
815 887 974 932 pressuris
990 885 1144 918 itineran—

410 948 497 988 tium,
517 946 608 979 facile
627 945 853 986 refrigescunt⁷
879 946 909 973 et
929 939 989 972 sibi
1009 939 1146 972 suadent

410 1001 520 1045 quavis
558 999 652 1032 etiam
690 994 850 1030 communi
885 993 1080 1026 necessitate
1115 1002 1146 1024 ο-

409 1054 496 1086 mnia
512 1053 610 1086 licere
628 1061 708 1094 quae
728 1054 839 1082 contra
859 1048 906 1080 ius
920 1045 1059 1079 divinum
1079 1054 1143 1077 non

410 1111 494 1146 sunt,
523 1111 592 1138 esto
622 1103 734 1145 regula
770 1111 864 1144 quam
901 1098 1039 1142 professi
1073 1101 1147 1130 sunt

409 1158 657 1203 prohibeantur,
678 1155 731 1188 hic
748 1160 855 1187 tamen
874 1152 1077 1185 inordinatus
1096 1150 1147 1183 ab·

409 1223 487 1245 usus
511 1212 544 1244 in
569 1209 736 1254 praedicta
761 1207 924 1251 provincia
948 1205 1052 1244 nimis,
1080 1213 1146 1236 non

412 1266 482 1299 sine
501 1265 606 1308 aliqua
628 1261 832 1308 partialitatis
850 1259 1046 1303 suspicione,
1061 1258 1148 1290 inva-

412 1319 523 1360 luerit,
551 1329 620 1351 cuin
640 1317 782 1354 iuvenes,
801 1314 906 1347 statim
921 1323 955 1345 ac
973 1310 1148 1355 professio-

412 1383 486 1406 nem
512 1371 669 1410 emittunt,
696 1368 875 1401 studiorum
897 1367 992 1399 causa
1008 1365 1147 1408 compel-

412 1426 524 1458 luntur
549 1423 735 1466 longissime
769 1422 829 1453 iter
854 1420 975 1459 facere,
1003 1423 1033 1451 et
1058 1418 1083 1450 si
1115 1419 1147 1450 in

415 1477 554 1520 collegio
579 1477 670 1509 locus
697 1485 759 1508 non
786 1474 839 1514 sit,
869 1473 985 1505 iterum
1019 1471 1148 1514 regredi

415 1531 455 1564 ad
473 1534 664 1569 conventus,
680 1528 711 1560 in
727 1527 844 1570 quibus
861 1536 926 1558 non
942 1524 1150 1568 suntprofes-

415 1583 512 1623 soria,
536 1593 596 1615 nec
621 1582 678 1614 sub
701 1579 870 1622 disciplina
893 1577 1035 1620 magistri
1061 1577 1150 1610 cleri-

416 1646 536 1674 corum,
555 1640 651 1678 prout
668 1637 793 1677 parest,
814 1632 956 1674 degunt:
979 1630 1151 1662 inhaeren-

418 1694 464 1722 tes
489 1687 646 1732 praedicti
666 1691 774 1730 patres
792 1683 980 1727 apostolicis
998 1682 1152 1716 constitu-

418 1741 562 1775 tionibus
588 1738 760 1773 Clementis
790 1737 854 1770 VIII
880 1741 911 1770 et
935 1735 1055 1769 Urbani
1077 1735 1151 1775 VIII,

418 1805 547 1828 necnon
573 1793 710 1827 decretis
735 1801 845 1824 sacrae
884 1789 1151 1832 Congregationis

419 1859 515 1892 super
543 1853 623 1881 statu
661 1844 879 1888 regularium,
918 1843 1034 1886 quibus
1059 1853 1153 1886 prae-

420 1901 538 1945 cipitur
565 1907 597 1932 ut
624 1904 772 1931 recenter
800 1896 945 1940 professi,
976 1895 1000 1928 si
1033 1906 1050 1928 a
1082 1896 1153 1928 loco

420 1954 592 1987 novitiatus
611 1952 778 1985 discedere
800 1960 930 1983 neccsse
957 1949 997 1981 sit
1022 1953 1057 1980 ut
1081 1949 1155 1981 sub-

421 2006 617 2039 intrantibus
641 2004 770 2037 noritiis
803 2004 908 2036 locum
934 2002 1049 2034 cedant
1066 2028 1073 2041 ‚
1098 2001 1154 2034 de-

421 2060 584 2093 stinentur
608 2058 646 2090 ad
672 2062 848 2089 conventus
874 2055 907 2088 in
933 2055 1049 2098 quibus
1081 2059 1156 2086 sunt

421 2112 631 2157 professoria,
651 2111 706 2143 ubi
731 2110 796 2142 sint
820 2109 877 2141 sub
902 2111 978 2141 cura
1002 2113 1033 2141 et
1069 2107 1155 2140 disci-

422 2167 512 2211 plina
536 2164 683 2208 magistri
710 2163 911 2202 clericorum,
930 2162 961 2194 in
981 2161 1096 2204 quibus
1117 2161 1157 2193 si-

423 2220 490 2253 mul
516 2216 705 2260 disciplinae
738 2214 879 2257 regulari
906 2219 937 2247 et
961 2214 1077 2247 litteris
1104 2213 1158 2246 de-

423 2272 503 2306 bent
526 2280 659 2314 operam
676 2278 804 2306 narare,
822 2266 937 2310 utque*
956 2266 1049 2299 simul
1065 2275 1159 2309 prae-

424 2325 573 2359 cludatur
596 2322 700 2355 aditus
725 2321 878 2364 querelae
903 2319 1083 2362 aliquarum
1103 2328 1158 2351 nn-

426 2378 549 2412 tionum
574 2381 661 2409 ortae
686 2384 783 2417 super
808 2383 845 2406 eo
871 2373 954 2416 quod
983 2372 1031 2405 sui
1049 2368 1160 2405 clerici

427 2434 467 2466 de
491 2431 673 2465 studiorum
698 2427 927 2461 commoditate
959 2436 1025 2459 non
1054 2425 1161 2468 provi-

428 2487 557 2524 dentur,
582 2481 831 2518 concordarunt‚
857 2479 945 2522 quod
971 2488 1084 2511 omnes
1102 2478 1162 2511 cle-

428 2539 499 2578 rici,
516 2542 688 2581 postquam
713 2533 950 2577 professionem
976 2532 1161 2570 emiserunt,

430 2590 611 2626 destinandi
635 2593 710 2622 sunt
734 2587 772 2619 ad
797 2586 904 2618 studia
921 2584 1163 2628 philosophica,

464 2655 477 2680 ‘l
502 2653 567 2680 Male
588 2651 652 2678 edit.
670 2649 749 2677 Maio.
767 2649 829 2685 legit
850 2655 936 2682 usqne
957 2647 992 2682 (a.
1008 2646 1056 2681 r).

1183 250 1335 275 nouautm

1181 300 1213 332 in
1240 299 1358 343 quibus
1384 297 1464 342 ipsis
1488 297 1672 340 assignetur
1690 297 1781 330 locus
1807 295 1915 329 distin-

1182 358 1250 385 ctus
1265 363 1281 385 a
1295 353 1367 385 loeo
1385 351 1600 391 sacerdotum,
1615 356 1647 383 et
1663 350 1707 383 ibi
1724 350 1789 383 sint
1803 350 1915 394 (prout

1181 404 1348 448 provincia
1361 405 1462 437 habet
1486 403 1517 437 in
1537 404 1643 447 praxi)
1664 404 1722 437 sub
1751 405 1827 437 cura
1851 413 1917 436 ma-

1160 458 1271 499 ¹gistri
1298 458 1490 491 clericorum
1521 463 1552 490 et
1583 454 1754 500 disciplina
1786 456 1916 490 lectoris

1183 509 1433 554 philosophiae,
1460 515 1495 541 ut
1519 511 1626 543 nullus
1644 510 1746 553 possit
1762 510 1917 553 conqueri

1183 563 1241 595 sub
1266 568 1431 606 praetextu
1466 563 1643 605 denegatae
1669 561 1820 595 studendi
1853 572 1915 604 op-

1183 614 1406 658 portunitatis,
1431 621 1526 658 prout
1556 615 1638 647 haec
1662 614 1770 647 ltaliae
1789 614 1917 655 familia,

1184 678 1249 700 non
1275 667 1341 700 sine
1369 668 1481 707 fructu,
1496 672 1659 711 perpetuo
1684 672 1732 700 est
1755 671 1920 700 executaa

1187 726 1332 764 tempore
1360 720 1530 754 vicariatus
1555 720 1586 753 S.
1611 720 1741 753 Ioannis
1766 720 1805 753 de
1830 719 1921 763 Capi-

1186 780 1313 815 strano,
1341 775 1395 817 qui
1422 775 1452 807 in
1479 775 1545 807 suis
1572 774 1710 813 statutis,
1735 783 1805 816 cap.
1834 783 1862 806 ix
1888 773 1922 805 in

1188 826 1259 867 fine,
1286 827 1337 867 ait,
1363 838 1395 860 se
1422 827 1458 860 ad
1486 828 1548 860 lioc
1571 827 1668 860 fnisse
1687 827 1850 859 inductum
1876 825 1923 858 in-

1187 880 1370 913 sinuatione
1391 879 1590 912 sanctissimi
1609 884 1639 912 et
1657 879 1759 912 felicis
1771 878 1924 911 reeorda-

1189 932 1285 965 tionis
1310 932 1445 974 Eugenii
1471 932 1517 972 lV,
1544 937 1575 964 et
1599 931 1737 974 plurium
1763 931 1794 964 S.
1822 931 1859 963 R.
1887 930 1921 965 E.

1188 986 1398 1019 cardinalium
1424 985 1716 1019 exhortationibus.

1231 1050 1274 1073 xr.
1311 1038 1449 1072 Ulterius
1486 1038 1732 1078 desiderantes,
1769 1043 1925 1081 quantum

1189 1092 1347 1137 possibile
1372 1091 1426 1132 sit,
1452 1091 1602 1124 iuvenum
1635 1090 1836 1124 discursibus
1868 1091 1926 1124 ob-

1190 1146 1288 1187 viare,
1315 1150 1347 1178 et
1370 1156 1502 1188 operam
1528 1146 1603 1178 dare
1628 1151 1663 1178 ut
1686 1145 1928 1189 philosophicis

1190 1199 1370 1243 disciplinis
1396 1198 1489 1231 simul
1509 1209 1580 1231 euni
1598 1209 1723 1231 morum
1741 1204 1857 1232 ornatu
1881 1198 1928 1232 di-

1191 1257 1300 1286 tentur
1314 1258 1345 1285 et
1360 1251 1782 1293 commodiusinsuuantur,
1801 1262 1928 1285 necnon

1191 1306 1278 1350 quod
1304 1315 1384 1339 onus
1409 1305 1597 1338 clericorum
1627 1305 1787 1338 dividatur
1810 1316 1929 1349 aequa-

1191 1360 1265 1393 liter
1289 1359 1375 1391 inter
1399 1363 1575 1391 conventus
1599 1358 1812 1401 praecipuos,
1851 1363 1930 1391 tam-

1192 1423 1287 1455 quam
1304 1411 1480 1454 expediens
1495 1411 1691 1451 iudicarunt,
1706 1411 1791 1454 quod
1806 1411 1838 1443 in
1852 1421 1930 1444 con-

1192 1465 1341 1498 ventibus
1366 1464 1587 1503 Salmantieae,
1621 1463 1652 1496 S.
1679 1463 1786 1496 lacobi
1817 1463 1930 1506 Legio-

1193 1518 1241 1551 nis
1267 1522 1298 1550 et
1322 1516 1429 1556 Oveti,
1457 1517 1490 1549 in
1516 1516 1631 1559 quibus
1661 1516 1757 1549 modo
1794 1516 1932 1549 traditur

1193 1572 1296 1604 solum
1315 1570 1488 1612 theologia,
1501 1569 1653 1613 deinceps
1672 1569 1815 1602 tradatur
1835 1569 1931 1602 etiam

1193 1624 1415 1667 philosophia,
1441 1623 1485 1655 sic
1504 1628 1539 1655 ut
1559 1633 1710 1656 numerus
1731 1622 1932 1656 studentium

1193 1677 1363 1720 utriusque
1389 1676 1547 1709 facultatis
1573 1686 1638 1708 non
1665 1676 1802 1709 excedat
1820 1686 1931 1708 nume·

1195 1741 1265 1763 rum
1291 1740 1402 1763 eorum
1421 1729 1473 1773 qui
1500 1729 1538 1762 de
1563 1729 1728 1772 praesenti
1747 1728 1932 1771 theologiae

1196 1789 1319 1817 tantum
1345 1783 1485 1821 student,
1510 1787 1542 1815 et
1566 1782 1604 1815 ad
1630 1782 1849 1825 supplendum
1874 1792 1934 1814 nu-

1196 1848 1331 1877 merum,
1346 1836 1399 1880 qui
1414 1835 1540 1868 videtur
1554 1835 1747 1876 desiderari,
1769 1835 1935 1878 erigantur

1197 1891 1368 1933 utriusque
1394 1889 1554 1922 facultatis
1579 1889 1684 1921 studia
1709 1889 1742 1921 in
1766 1887 1934 1922 conventi-

1196 1945 1256 1977 bus
1280 1943 1492 1976 Monfortensi
1519 1947 1550 1975 et
1567 1942 1727 1982 Auriensi,
1745 1941 1777 1974 in
1797 1952 1937 1975 conven-

1199 1998 1282 2030 tibus
1301 2007 1376 2030 vero
1394 1995 1577 2029 Zomarensi
1597 2001 1628 2028 et
1645 1994 1799 2028 Taurensi
1827 2005 1862 2028 ac
1878 1994 1937 2027 'ru-

1199 2050 1291 2084 densi
1306 2051 1411 2084 solum
1434 2049 1645 2092 philosophia
1671 2048 1825 2081 tradatur.
1855 2048 1937 2082 Hinc

1199 2105 1284 2138 enim
1310 2103 1412 2146 primo
1446 2102 1574 2145 assequi
1609 2112 1702 2145 posse
1728 2107 1858 2144 sperant
1882 2111 1936 2134 oc·

1200 2167 1330 2190 currere
1356 2155 1527 2188 iuventutis
1554 2155 1752 2187 discursibus
1770 2155 1886 2197 magna
1899 2163 1936 2186 ex

1200 2214 1302 2254 parte,
1328 2209 1413 2253 quia,
1427 2219 1498 2241 cum
1520 2208 1550 2240 in
1576 2207 1723 2251 pluribus
1743 2218 1779 2240 ex
1798 2207 1848 2240 his
1866 2218 1938 2241 con·

1200 2264 1349 2297 ventibus
1374 2263 1415 2295 sit
1439 2261 1619 2301 novitiatus,
1652 2260 1781 2304 quando
1806 2260 1858 2293 ubi
1892 2260 1939 2293 in-

1203 2318 1280 2361 cipit
1304 2326 1415 2349 cursus
1440 2314 1701 2358 philosophicus,
1736 2318 1873 2356 possunt
1905 2313 1939 2346 in

1204 2371 1320 2403 eodem
1347 2374 1512 2407 conventu,
1539 2367 1570 2399 in
1598 2377 1661 2410 quo
1687 2366 1827 2409 professi
1853 2372 1939 2406 sunt,

1204 2424 1334 2457 studere
1359 2423 1464 2466 primo
1499 2419 1729 2464 philosophiae
1762 2425 1793 2453 et
1827 2425 1941 2463 postea

1205 2475 1401 2518 theologiae,
1428 2474 1544 2507 deinde
1559 2473 1674 2506 melius
1688 2472 1891 2505 instruentur
1906 2471 1941 2504 in

1207 2528 1386 2572 disciplinis
1427 2525 1666 2570 philosophicis
1706 2535 1743 2558 ex
1779 2535 1940 2558 concursu

1207 2582 1306 2615 studii
1333 2580 1536 2622 theologiae3
1563 2588 1636 2611 nam
1661 2579 1764 2612 lector
1797 2577 1942 2621 philoso-

1207 2635 1324 2678 phicus
1349 2643 1455 2667 corani
1488 2631 1653 2676 theologis
1679 2632 1790 2665 scdulo
1822 2641 1939 2664 munus

1921 247 1967 275 An,
1990 248 2019 275 Ε.
2039 249 2104 277 1Γ94

1963 1049 1989 1070 Ut
2012 1049 2030 1069 in
2054 1049 2120 1069 certis

1936 1076 2045 1096 coenatum
2079 1081 2119 1094 ert·

1937 1104 2011 1129 gantur
2019 1103 2120 1122 tecturae.
