2227 3225
125 261 174 288 An.
191 260 219 288 C.
241 260 309 289 ¹693

170 1912 251 1933 Deinde
275 1918 300 1934 ex

118 1939 220 1960 frui-tibus
262 1940 301 1960 Ca—

117 1972 195 1990 metas,
211 1968 252 1987 etc.

900 259 1109 285 INNOCENTIUS
1134 261 1178 284 ΧΠ
1202 261 1250 285 PP.

319 308 411 342 initio
444 308 580 349 deficiat,
606 313 705 352 prout
728 307 882 352 praefatis
900 309 1055 342 Romanis

318 361 525 395 Pontificibus
544 367 575 394 et
598 361 776 406 praecipue
795 362 851 394 Pio
876 362 911 394 IV
931 367 963 395 ct
980 361 1056 395 Grc-

316 414 408 456 gorio
433 414 511 455 xttt,
532 415 585 458 qui
604 420 710 448 certos
732 415 878 448 redditus
897 425 962 447 nen
980 425 1056 447 con-

316 468 504 509 stituerant,
536 468 719 507 evenit,ch
744 468 776 500 in
802 468 852 501 sui
881 478 1055 511 progressu

317 520 503 554 desiderato
528 515 866 561 tmiusmodi,‘sattem
892 521 1054 565 plenario,

317 573 511 607 destituatur
546 573 672 614 effectu,
709 579 807 620 prout
842 574 873 606 in
910 574 1056 616 praefato

317 627 471 671 hospitali
490 628 712 661 mendicorum
731 639 748 660 a
766 627 851 660 dicto
866 628 952 660 Sixto
968 637 1057 670 prae-

317 681 498 723 decessore,
525 681 577 725 qui
605 681 694 714 illum
716 681 861 713 fundavit
885 686 916 714 et
941 680 1053 719 erexit,

317 745 353 768 ac
379 741 481 768 certos
507 734 653 778 quidem,
681 735 738 767 sed
764 734 908 768 omnium
935 733 1057 766 mendi-

317 798 428 820 corum
452 787 681 821 sustentationi
701 789 799 830 longe
818 787 959 831 impares
985 787 1055 820 red-

317 841 402 874 ditus
423 841 614 883 nesignavit:
641 841 856 882 decrevimus,
872 840 1054 884 praefatum

317 893 493 937 hospitium
512 893 728 926 invalidorum
741 893 834 927 valde
853 892 965 926 maiori
980 893 1054 926 dote

315 946 430 990 partim
458 957 493 979 ex
520 946 614 979 bonis
642 957 696 979 seu
723 947 907 979 redditibus
932 946 1056 989 praesa-

315 1005 420 1032 torum
458 999 591 1043 hospitii
628 1011 684 1033 seu
721 1000 836 1034 domus
877 1010 1054 1043 puerorum

314 1052 540 1086 Litteratorum
559 1053 634 1086 oiim
647 1059 917 1096 nuncupatorum,
929 1063 1055 1085 necnon

314 1106 485 1150 hospitalis
520 1106 756 1147 mendicorum,
789 1112 822 1138 ut
857 1105 1053 1149 praesertur,

314 1160 490 1200 unitorum,
528 1160 722 1202 plerumque
759 1169 835 1192 vero
871 1170 907 1191 ex
945 1159 1052 1197 bonis,

312 1212 436 1245 iuribus
461 1218 494 1246 et
517 1212 698 1246 redditibus
722 1223 782 1256 per
807 1223 878 1252 nos,
901 1218 934 1245 ut
958 1212 1051 1252 infra,

313 1266 494 1308 assignatis,
519 1265 745 1299 constabilire.
766 1265 920 1298 Redditus
939 1271 1053 1305 autem,

313 1319 367 1362 qui
395 1330 432 1352 cx
456 1319 552 1352 bonis
572 1324 604 1352 et
629 1319 751 1351 iuribus
770 1319 874 1351 dictae
893 1319 1006 1351 domus
1024 1324 1054 1352 et
1073 1332 1076 1350 i

312 1371 445 1414 hospitii
459 1382 635 1414 puerorum
650 1371 877 1405 Litteratorum
890 1372 966 1404 olim
978 1382 1054 1403 nun-

311 1429 499 1466 cupatorum
532 1423 767 1467 percipiuntur,
794 1425 880 1456 ultra
910 1425 1052 1456 valorem

311 1476 449 1509 aedificii
475 1487 532 1509 seu
558 1477 674 1509 domus
699 1476 754 1508 ubi
779 1476 827 1509 illi
853 1476 1052 1516 habitabant,

311 1531 491 1562 ascendunt
515 1529 553 1562 ad
579 1539 687 1562 annua
719 1534 809 1562 scuta
839 1529 928 1562 mille
953 1529 1054 1562 octin-

313 1588 410 1625 genta
434 1582 583 1623 circiter·,
611 1582 666 1626 qui
702 1588 807 1616 autem
833 1593 868 1615 ex
903 1583 996 1616 bonis
1022 1587 1075 1616 et¹

311 1635 433 1668 iuribus
451 1635 528 1668 dicti
553 1635 722 1678 hospitalis
740 1636 964 1669 mendicorum
982 1646 1054 1679 per-

311 1688 488 1732 cipiuntur,
513 1689 596 1721 ultra
621 1688 812 1729 aedificium,
840 1690 926 1732 quod
948 1690 1054 1722 adbuc
1075 1719 1076 1725 ,

311 1751 370 1784 pro
392 1740 594 1774 habitatione
620 1751 799 1784 pauperum
837 1743 986 1782 deservit,
1019 1754 1053 1775 a-

311 1794 472 1827 scendunt
508 1793 546 1826 ad
582 1793 643 1827 alia
679 1804 785 1826 annua
821 1801 910 1827 scuta
940 1795 1052 1828 decem

311 1847 402 1880 mille
428 1846 571 1880 circiter.

356 1900 371 1944 g
395 1899 450 1932 11.
476 1899 628 1932 volentes
648 1900 756 1944 itaque
774 1901 879 1933 eidem
898 1901 1051 1944 bospitio,
1074 1906 1078 1976 ι

312 1952 446 1995 eiusque
471 1958 647 1996 perpetuae
673 1953 899 1986 subsistentiae
931 1959 961 1987 et
985 1965 1054 1987 suc-

311 2006 455 2044 cessivae
484 2006 722 2039 manutentioni
737 2033 744 2047 ,
766 2007 899 2039 alterius
921 2007 1052 2041 maioris

312 2059 486 2092 dotationis
511 2069 567 2091 seu
593 2060 818 2092 subventionis
843 2071 904 2103 ope
930 2072 1050 2094 consu-

310 2112 390 2152 lere,
416 2112 532 2144 iisdem
557 2118 657 2153 motu,
679 2113 816 2146 scientia
835 2119 865 2146 et
882 2115 1053 2157 potestatis

310 2165 530 2208 plenitudine,
544 2172 673 2199 centum
692 2167 792 2200 millia
809 2173 972 2201 scutorum
985 2179 1052 2202 mo-

309 2223 406 2250 netae
433 2228 600 2258 romanae,
620 2229 678 2262 per
702 2230 761 2252 nos
777 2231 814 2253 ex
832 2221 976 2254 eiusdem
995 2221 1052 2254 Ca-

309 2282 418 2304 merae
455 2277 585 2305 nostrae
623 2273 780 2306 fructibus
814 2276 986 2314 cumulata,
1011 2276 1049 2308 ad

311 2324 461 2357 effectum
478 2325 534 2358 illa
550 2326 582 2358 in
602 2330 648 2358 tot
665 2326 744 2359 locis
763 2327 922 2360 montium
948 2328 1050 2361 dictae
1071 2341 1073 2348 ⁴

311 2377 463 2411 Gamerae
493 2389 558 2411 non
594 2379 787 2412 vacabilium
813 2380 862 2413 vel
893 2381 925 2413 in
955 2381 1051 2414 bonis

311 2430 481 2464 stabilibus
513 2442 569 2464 seu
595 2432 746 2465 censibus
782 2433 821 2466 ad
846 2439 994 2467 nostrum
1020 2441 1051 2468 et

311 2484 529 2518 Romanorum
547 2485 736 2519 Pontificum
755 2498 979 2520 suceessorum
998 2499 1051 2522 no-

312 2543 453 2571 strorum
470 2539 639 2572 arbitrium
657 2540 863 2581 investiendi,
879 2547 974 2584 prout
993 2552 1050 2574 nu-

311 2601 371 2633 per
394 2591 427 2623 in
458 2601 555 2625 censu
580 2592 678 2625 annui
704 2592 868 2627 redditus¹
886 2600 1048 2630 scutorum

350 2655 358 2680 l
384 2653 452 2680 Edit.
468 2653 546 2681 nain.
563 2654 624 2690 legit
643 2655 752 2684 rett'ilus
768 2657 794 2692 (Γ.
822 2658 868 2691 Τ.).
1070 2671 1075 2691 1

1070 2624 1073 2645 i
1094 2613 1132 2639 vel
1153 2614 1338 2647 aedificatum
1357 2633 1362 2638 .

1727 254 1785 286 5:31

1099 309 1194 341 trium
1219 308 1356 342 millium
1376 308 1507 342 suerunt
1531 310 1691 350 investita;
1711 321 1835 343 necnon

1098 362 1238 405 Burgum
1265 362 1435 395 dumorum
1461 363 1490 395 in
1518 364 1639 406 oppido
1663 369 1773 396 nostro
1791 364 1838 396 Ci-

1098 415 1333 449 vitatisvctulac
1359 416 1390 448 in
1423 417 1493 449 loco
1527 417 1622 458 vulgo
1651 423 1837 460 nuncupato

1099 466 1131 500 Ia
1166 469 1324 510 Tenasylia
1350 469 1388 501 dc
1413 470 1564 502 mandato
1589 475 1698 502 nostro
1730 470 1840 502 hacte-

1099 531 1158 554 nus
1192 522 1406 562 aedificatum,
1432 528 1463 555 et
1499 522 1528 554 iti
1563 528 1728 565 posterum
1765 532 1837 554 cum

1099 574 1243 607 eiusdem
1261 574 1411 608 Gamerae
1439 575 1594 607 fructibus
1624 574 1839 608 aedificando-

1098 626 1200 667 rum¹‚
1227 638 1299 660 cum
1331 627 1481 660 omnibus
1508 633 1539 660 et
1564 627 1701 670 singulis
1728 638 1838 660 earum

1098 679 1244 720 iuribus,
1270 680 1421 713 membris
1448 687 1480 713 et
1503 680 1727 724 pe1·tinentiis;
1761 680 1838 713 item

1099 732 1270 776 quidquid,
1294 733 1440 766 deductis
1458 733 1608 766 omnibus
1628 733 1841 766 Poenitcntia·

1097 785 1163 818 riae
1187 791 1318 819 nostrae
1345 786 1501 818 oneribus
1539 792 1570 819 et,
1606 786 1769 829 expensis,
1801 796 1839 818 ex

1098 840 1335 880 emolumentis,
1350 840 1484 882 iuribus,
1501 840 1659 873 fructibus
1678 845 1708 872 et
1726 840 1841 872 obven-

1099 892 1240 925 tionibus
1265 892 1423 925 universis
1449 893 1552 926 dietae
1571 892 1841 926 Poenitentiariae

1097 955 1152 979 seu
1177 946 1290 978 maiori
1324 946 1577 989 poenitentiario
1614 952 1724 980 nostro
1760 946 1839 979 alias

1097 1000 1283 1042 assignatis,
1311 1006 1341 1032 et
1366 1010 1425 1042 pro
1452 1000 1513 1032 bac
1530 1005 1619 1042 parte
1642 1010 1698 1032 seu
1717 1002 1841 1032 summit

1098 1053 1176 1086 alins
1196 1053 1388 1092 reformatis,
1408 1053 1579 1096 supererit,
1602 1054 1782 1086 ascendens
1801 1053 1839 1086 ad

1097 1117 1203 1139 annua
1227 1112 1317 1139 scuta
1343 1106 1460 1139 similia
1482 1105 1624 1149 quinque
1658 1107 1746 1139 mille
1779 1105 1841 1138 cir—

1097 1161 1192 1201 citcr;
1219 1160 1396 1202 itidemque
1429 1159 1491 1192 alia
1524 1170 1628 1191 annua
1661 1165 1749 1191 scuta
1775 1159 1840 1192 duo

1097 1213 1184 1246 mille
1225 1223 1260 1245 ex
1303 1213 1518 1255 eleemosynis
1560 1212 1839 1255 dispensationum

1097 1265 1394 1305 matrimonialium,
1425 1276 1505 1309 quae
1531 1266 1677 1308 alioquin
1704 1266 1735 1298 in
1760 1276 1840 1309 pau-

1096 1329 1209 1362 perum
1235 1318 1486 1351 subventionem
1507 1319 1633 1359 integre
1653 1325 1838 1361 erogantur,

1097 1371 1155 1404 fixe
1188 1377 1218 1404 et
1249 1371 1484 1404 invariabiliter
1506 1372 1728 1412 detralicnda;
1755 1373 1840 1415 pari-

1097 1429 1211 1467 terque
1247 1423 1335 1456 illam
1368 1430 1493 1467 partem
1519 1424 1715 1457 minutorum
1741 1425 1840 1457 servi‘

1098 1477 1229 1517 tiorum,
1246 1487 1342 1520 quae,
1358 1482 1431 1509 aute
1457 1477 1719 1520 suppressionem
1744 1488 1839 1511 vena-

1096 1530 1194 1563 litatis
1225 1530 1403 1563 ossicierum
1437 1531 1643 1563 camerulium
1676 1531 1795 1564 dudum
1823 1542 1838 1564 a

1096 1583 1188 1616 nobis
1214 1583 1341 1623 saetam,
1367 1583 1531 1625 assignata
1556 1589 1623 1616 erat
1656 1584 1687 1616 in
1713 1590 1838 1627 partem

1097 1636 1179 1669 dotis
1201 1646 1256 1669 seu
1276 1637 1571 1669 emolumentorum
1586 1637 1636 1669 vel
1651 1637 1836 1670 reddituum

1096 1688 1248 1722 Gamerae
1267 1694 1394 1722 nostrae
1415 1689 1577 1732 praefatae
1603 1689 1731 1722 clericis
1749 1701 1838 1732 prae-

1096 1742 1286 1781 sidentibus,
1313 1742 1546 1775 ascendentem
1565 1742 1602 1774 ad
1621 1753 1727 1775 annua
1747 1749 1837 1776 scuta

1097 1796 1161 1828 duo
1186 1795 1274 1828 mille
1311 1795 1449 1835 circiter,
1477 1795 1619 1838 bospitio
1658 1797 1837 1839 apostolico

1096 1859 1275 1892 pauperum
1301 1848 1514 1881 invalidorum
1537 1849 1720 1882 huiusmodi
1747 1861 1837 1893 pure,

1096 1902 1211 1943 libere,
1237 1908 1396 1946 perpetuo
1414 1908 1445 1935 et
1462 1902 1728 1944 irrevocabilitcr,
1750 1904 1835 1936 omni

1095 1955 1223 1989 meliori
1249 1956 1355 1995 modo,
1382 1956 1571 1989 donavimus
1597 1961 1629 1989 et
1661 1957 1838 1998 assignavi-

1096 2020 1179 2049 mus,
1206 2015 1301 2052 prout
1326 2009 1357 2040 in
1384 2009 1559 2051 praedictis
1592 2015 1704 2041 nostro
1743 2010 1794 2042 die
1820 2020 1836 2042 v

1096 2063 1172 2095 dicti
1197 2062 1317 2095 mensis
1343 2062 1494 2095 februarii
1522 2063 1664 2106 desuper
1689 2063 1835 2096 consecto

1096 2121 1128 2148 et
1147 2126 1205 2159 per
1229 2126 1289 2148 nos
1315 2116 1442 2158 signato
1468 2115 1690 2158 chirographo
1727 2127 1763 2148 ac
1790 2112 1836 2148 iri-

1095 2174 1275 2202 stt‘ttmento
1302 2168 1331 2200 in
1354 2169 1421 2200 citis
1447 2168 1697 2211 exequutionem
1721 2174 1836 2211 rogato

1094 2222 1227 2254 uberius
1250 2221 1443 2254 continetur.
1463 2221 1497 2253 ln
1523 2232 1587 2264 quo
1614 2222 1743 2264 quidem
1770 2222 1836 2254 clii-

1094 2276 1260 2319 rographo
1280 2275 1416 2307 ulterius
1436 2274 1602 2307 volumus¹3
1620 2281 1650 2307 et
1673 2276 1836 2308 inundavi-

1094 2339 1176 2368 mus,
1208 2328 1293 2371 quod
1331 2328 1445 2360 domus
1482 2338 1537 2360 seu
1575 2328 1833 2370 arcliiliospitalc

1093 2381 1199 2414 Sancti
1219 2380 1357 2424 Spiritus
1382 2380 1413 2412 in
1432 2380 1524 2413 Saxia
1549 2386 1768 2423 nuncupatum
1795 2382 1833 2413 de

1094 2435 1208 2467 eadem
1240 2433 1337 2474 Urbe,
1364 2433 1450 2466 iuxta
1475 2434 1674 2466 oblationem
1701 2445 1737 2466 ex
1765 2434 1833 2466 eius

1093 2493 1184 2531 parte
1209 2487 1303 2520 nobis
1322 2487 1464 2530 desuper
1482 2487 1605 2527 sactum,
1624 2493 1753 2519 centum
1773 2487 1834 2518 sru-

1130 2570 1139 2595 1
1158 2569 1206 2595 Vei
1218 2568 1276 2602 Iege
1287 2568 1520 2602 aedificaturum.
1536 2589 1540 2594 .
1555 2589 1559 2594 .
1573 2568 1831 2602 aeffl'firriiislaruin,

1378 2633 1383 2639 .
1399 2634 1404 2639 .
1421 2613 1631 2646 acdifirrintluin
1654 2620 1678 2648 in
1705 2614 1752 2644 Τ.).

1127 2658 1141 2684 Q
1163 2658 1263 2684 Fursxn
1286 2658 1426 2684 vulvinus
1446 2662 1481 2692 (n.
1500 2660 1548 2691 1.).

1840 265 1886 290 An,
1903 264 1929 289 C.
1956 264 2022 290 1<93
