2254 3225
250 224 284 248 A„
315 222 342 248 c.
364 221 424 248 tuot
474 212 538 245 537ss

279 757 348 776 ‹tarci-
363 755 395 775 111.

289 785 317 803 lta
341 788 389 808 sper
403 795 405 799 ,

279 817 289 821 ’<
337 814 347 827 e

248 826 295 862 (lllldl
303 842 334 855 um
346 840 393 860 [ll'Ol
401 841 429 853 =ll=

247 868 335 883 Clarum.

440 270 586 302 ordinem
606 269 740 308 litterae,
759 275 822 311 quo
839 269 1023 311 praedictas
1046 267 1175 310 provin-

440 323 505 355 cias
524 322 771 361 nominavimus,
790 332 855 353 non
877 320 1075 353 intendimus
1096 319 1174 362 ipsis

439 376 600 418 derogare
625 385 717 407 suum
742 374 909 417 proprium
936 374 1043 405 locum
1069 376 1099 404 ct
1124 382 1175 404 se-

440 429 523 468 dem,
541 429 590 460 vel
612 428 678 460 iura
696 426 895 470 antiquitatis
913 435 1023 458 earum
1041 424 1172 462 violare,

440 482 496 513 sed
512 492 549 513 ca
562 481 792 513 omniaillaesa
805 478 1003 521 relinquere,
1019 475 1172 509 incolumi

440 534 586 566 similiter
606 533 801 566 consistente
821 532 891 563 iure
914 540 950 562 ac
966 529 1173 573 possessione

440 586 698 630 praecedentiae,
718 596 779 628 qua
804 583 977 616 Vandaliae
1008 581 1175 625 prox-incia

442 639 559 671 sruitur
583 645 732 681 respectu
751 635 991 680 provinciarum
1012 633 1173 666 lndiarum
1194 634 1196 653 l

442 698 473 725 ct
497 692 668 735 primaevis
687 701 762 723 suae
787 687 997 722 institutionis
1022 685 1172 719 decretis.

486 755 507 778 1.
535 744 689 782 Quoniam
707 743 740 775 in
758 742 877 775 Ordine
897 746 1008 774 nostro
1026 744 1101 772 sunt
1117 739 1172 771 ali-

393 819 402 826 ..
422 817 430 822 -
442 809 524 841 quae
537 797 721 840 provinciae
733 797 781 828 vel
791 791 1080 836 congregationes¹,
1092 802 1173 834 quae

440 850 474 883 in
506 850 667 893 aliquibus
704 847 892 891 specialiter
927 846 1170 888 gubernantur,

441 904 572 947 expedit
596 902 725 946 quidem
744 901 783 934 ad
801 910 913 933 earum
938 899 1083 942 regimen
1109 908 1173 931 ccr-

442 957 481 989 tis
507 966 637 1000 quoque
663 959 694 987 et
717 954 884 997 perpetuis
908 954 1036 995 legibus
1062 952 1094 984 in
1115 962 1173 985 no-

440 1010 513 1042 stris
538 1007 821 1042 constitutionibus
842 1006 1084 1038 concludamus.

484 1073 518 1096 11.
553 1061 659 1094 Primo
691 1059 777 1093 enim
802 1059 967 1102 provincia
992 1057 1172 1099 Aragoniae

440 1125 511 1148 cum
535 1115 627 1158 plura
650 1123 752 1155 regna
772 1112 955 1151 contineat,
979 1110 1172 1143 electionem

439 1167 647 1211 provincialis
661 1166 692 1198 in
705 1167 741 1198 ea
759 1175 818 1208 per
837 1163 1086 1198 alternationem
1103 1174 1175 1206 per-

439 1225 570 1263 petuam
589 1217 660 1251 fieri
678 1216 912 1255 constituimus,
932 1216 964 1249 id
982 1216 1068 1259 quod
1085 1222 1175 1248 ante-

440 1272 502 1305 hac
525 1274 686 1304 servatum
713 1274 780 1310 est,
807 1269 850 1301 ita
872 1268 1025 1301 videlicet
1048 1273 1084 1300 ut
1107 1278 1173 1301 uno

441 1324 584 1357 triennio
618 1323 660 1355 sit
695 1321 905 1366 provincialis
938 1332 973 1354 cx
1011 1321 1175 1354 Catalouia

441 1379 490 1411 vel
508 1376 664 1415 Sardinia,
678 1375 710 1408 in
727 1375 875 1418 sequenti
893 1382 969 1407 vero
990 1374 1174 1407 immediate

441 1440 605 1472 exreguo
631 1428 812 1471 Aragoniae
843 1427 909 1460 sive
933 1427 1092 1460 Navarrae
1117 1427 1175 1460 eli-

441 1489 551 1526 gatur,
579 1481 756 1515 dummodo
781 1480 990 1524 reperiantur
1014 1490 1174 1523 personae

441 1547 512 1569 eum
537 1534 662 1568 meritis
687 1534 725 1567 ad
757 1535 820 1566 tale
850 1533 989 1566 officium
1014 1543 1031 1566 a
1053 1533 1174 1566 consti-

441 1590 566 1623 tutione
590 1587 753 1632 praefixis.

482 1651 531 1675 111.
558 1639 725 1674 Praedicta
746 1644 853 1672 autem
871 1639 1059 1673 alternatim
1079 1638 1175 1672 debet

441 1694 542 1737 accipi
583 1703 649 1726 non
686 1702 788 1735 penes
822 1692 982 1734 originem
1020 1697 1050 1724 ct
1087 1692 1170 1725 silia—

441 1748 563 1781 tioncm
589 1746 711 1779 saeculi
735 1749 767 1777 et
790 1745 982 1784 naturalem,
1009 1744 1065 1777 sed
1087 1744 1174 1777 iuxta

441 1801 632 1834 filiationem
658 1804 838 1832 conventus
862 1798 895 1831 in
921 1808 984 1841 quo
1002 1797 1105 1841 patuit
1128 1798 1176 1829 in-

443 1864 570 1897 gressus
593 1854 625 1885 in
650 1852 817 1891 Ordinem,
843 1851 886 1884 ita
912 1851 1040 1893 quidem
1064 1855 1099 1881 ut
1120 1851 1174 1893 qui

442 1906 590 1940 habitum
614 1904 759 1947 suscepit
794 1903 827 1936 in
856 1903 1066 1936 conventibus
1092 1903 1172 1935 Ara-

442 1959 559 2002 goniae
584 1958 633 1991 vel
658 1957 830 1996 Navarrae,
860 1956 982 1999 poterit
1007 1966 1077 1988 esse
1102 1966 1176 1998 pro—

442 2012 588 2046 vincialis
601 2012 632 2044 in
648 2010 828 2053 Aragoniae
842 2009 1042 2046 alternativa,
1053 2008 1175 2042 etiamsi

443 2066 574 2099 natione
599 2065 639 2098 sit
663 2075 700 2097 ex
729 2060 895 2097 Catalonia
927 2063 977 2094 vel
1011 2061 1176 2101 Sardinia,

444 2119 509 2153 sive
531 2129 547 2151 e
574 2127 742 2151 converso.

488 2182 530 2205 iv.
557 2172 692 2211 Rursus,
717 2175 752 2202 ut
775 2169 879 2202 omnis
897 2169 1027 2202 occasio
1051 2168 1178 2211 praeiu-

445 2224 519 2258 dicii
544 2223 735 2265 cuicumque
756 2222 838 2265 parti
859 2222 990 2264 penitus
1011 2222 1176 2262 evellatur,

447 2277 650 2312 decernimus
676 2281 707 2309 et
727 2276 929 2308 declaramus
948 2275 1030 2317 quod
1056 2274 1178 2307 nemini

447 2332 549 2364 faveat
571 2328 704 2372 adoptio
729 2338 784 2360 seu
810 2337 892 2359 nova
916 2326 1030 2359 filiatio
1050 2326 1082 2358 in
1104 2337 1180 2359 con-

447 2382 596 2417 ventibus
620 2380 757 2414 alicuius
783 2379 895 2423 partis,
922 2384 957 2411 nt
980 2379 1067 2412 illius
1084 2380 1180 2412 alter-

448 2435 553 2469 nativa
580 2434 719 2478 gaudere
745 2433 856 2473 valeat,
879 2431 936 2464 sed
953 2441 1082 2474 semper
1101 2441 1181 2474 pen-

448 2489 513 2523 sari
532 2488 629 2521 debet
655 2486 830 2520 secundum
847 2484 1034 2518 filiationem
1048 2494 1085 2516 ex
1102 2484 1180 2517 reali

485 2605 497 2633 1
520 2603 590 2630 Edit.
611 2601 689 2629 Main.
708 2599 775 2636 legit
793 2598 977 2635 conyreqacio
998 2598 1035 2632 (n.
1055 2599 1104 2631 τ.).

1012 219 1188 242 Βῐ“Ῐ,ἷ,ᾹῙ“.ΙΙ’Μ
1215 217 1368 241 ΙΗἩιΙΑῘΪῐῘΣῘ

1217 266 1347 298 habitus
1373 272 1578 308 susceptione
1612 266 1644 297 in
1669 265 1881 297 conventibus
1906 267 1950 298 at-

1217 318 1393 350 ternativae
1419 318 1654 350 concurrentis.

1259 380 1290 402 v.
1318 370 1406 403 Circa
1442 369 1629 402 definitores
1657 380 1733 403 vero
1761 370 1948 413 provinciae

1217 433 1297 465 quos
1323 422 1501 465 praefatum
1526 423 1623 464 elegit
1655 423 1835 465 Aragoniae
1864 423 1950 466 capi·

1215 476 1329 515 tulum,
1355 474 1556 508 decernimus
1585 480 1621 507 ut
1645 485 1708 507 una
1732 476 1845 508 saltem
1871 474 1947 508 deti-

1216 527 1296 560 nitio
1321 537 1450 569 semper
1475 527 1635 559 tribuatur
1668 527 1763 560 alieui
1789 538 1825 559 ex
1849 528 1949 570 patri-

1215 580 1275 612 bus
1302 580 1504 623 principatus
1527 580 1724 613 Cataloniae.
1747 579 1825 613 Cum
1842 586 1948 614 autem

1215 633 1381 676 provincia
1413 633 1590 667 nonnullos
1627 633 1746 665 habeat
1770 638 1947 665 conventus

1216 686 1301 718 ultra
1322 695 1408 718 marc
1433 685 1466 717 in
1483 685 1588 718 insula
1604 685 1784 725 Sardiniae,
1805 696 1885 728 quos
1904 686 1948 718 sa-

1215 738 1276 771 cile
1296 738 1506 781 provincialis
1533 738 1716 780 gubernare
1748 743 1780 770 ct
1803 738 1947 781 proxime

1215 793 1281 825 suis
1320 792 1567 824 necessitatibus
1598 802 1772 825 occurrere
1808 792 1948 825 casibus-

1215 855 1277 887 que
1293 844 1537 887 emergentibus
1551 844 1722 887 providere
1739 855 1804 877 non
1819 843 1946 884 sufficit,

1214 902 1389 941 propterea
1424 897 1648 930 constituimus
1680 902 1716 929 ut
1745 897 1848 929 dictus
1874 907 1948 940 pro-

1216 950 1358 982 vincialis
1384 950 1422 982 eo
1448 950 1566 992 dirigat
1589 960 1687 982 unum
1713 950 1843 983 fratrem
1879 950 1948 983 ido-

1213 1013 1319 1042 neum,
1346 1002 1401 1045 qui
1422 1002 1463 1035 sit
1480 1002 1720 1035 commissarius
1737 1002 1945 1045 provincialis

1215 1054 1247 1086 in
1270 1052 1436 1097 praedicta
1460 1054 1576 1095 insula,
1602 1065 1673 1087 cum
1697 1054 1811 1087 litteris
1832 1059 1864 1087 ct
1882 1055 1948 1086 sul'-

1214 1107 1337 1141 sicienti
1364 1113 1524 1151 potestate
1545 1108 1721 1140 instructus
1746 1107 1786 1140 ad
1811 1107 1947 1148 libitum,

1214 1165 1250 1193 ut
1274 1161 1387 1193 domos
1411 1161 1480 1193 cius
1506 1161 1686 1203 gubernare
1709 1161 1823 1194 valeat.

1258 1222 1303 1246 vl.
1330 1212 1490 1251 Quantum
1514 1214 1552 1246 ad
1579 1213 1763 1257 provincias
1788 1213 1946 1246 Castellac

1216 1271 1248 1299 ct.
1269 1266 1453 1306 Vandaliae,
1469 1266 1674 1299 decernimus
1693 1266 1788 1299 etiam
1809 1270 1841 1298 et
1860 1266 1946 1298 ordi-

1216 1330 1340 1360 namus,
1362 1319 1459 1364 quod,
1484 1318 1559 1352 licet
1583 1319 1616 1352 in
1642 1320 1719 1352 duas
1744 1319 1808 1352 sint
1832 1329 1946 1352 revera

1216 1372 1350 1413 divisae,
1376 1372 1514 1416 collegia
1539 1377 1643 1405 tamen
1662 1372 1890 1415 Complutense
1915 1377 1946 1405 ct

1216 1425 1492 1465 Salmanticense,
1524 1425 1556 1458 in
1592 1425 1756 1468 provincia
1793 1425 1947 1457 Castellac

1216 1484 1378 1518 contenta,
1394 1479 1535 1511 debcant
1550 1488 1619 1511 esse
1634 1478 1801 1521 utriusque
1819 1478 1949 1521 provin-

1216 1532 1283 1565 ciae
1309 1531 1489 1564 communia
1507 1557 1514 1571 ,
1544 1531 1587 1563 ita
1611 1531 1762 1563 videlicet
1787 1536 1821 1563 ut
1852 1531 1949 1563 colle·

1216 1585 1303 1627 glum
1327 1584 1554 1627 Complutense
1579 1588 1644 1616 tres
1671 1583 1786 1615 fratres
1812 1593 1848 1615 ex
1873 1593 1949 1626 pro-

1216 1637 1319 1670 vincia
1344 1638 1508 1677 Vandalifi,
1535 1636 1677 1680 quinque
1701 1647 1777 1669 vero
1805 1636 1949 1669 Salman-

1216 1691 1338 1723 ticeuse
1374 1690 1407 1722 in
1444 1691 1587 1731 collegas
1615 1689 1784 1722 admittere
1808 1694 1840 1721 et
1863 1690 1950 1722 alere

1217 1748 1409 1783 teneantur·‚
1436 1743 1523 1786 quod
1548 1742 1574 1774 si
1599 1743 1683 1775 ultra
1707 1742 1869 1785 praefatos
1890 1753 1949 1774 nu-

1217 1807 1325 1829 meros
1350 1795 1403 1828 alii
1436 1795 1605 1828 mittantur
1638 1795 1676 1827 ad
1702 1795 1773 1835 illa,
1801 1805 1858 1828 eos
1883 1806 1949 1828 non

1218 1855 1390 1882 teneantur
1415 1854 1595 1881 sustentare
1622 1849 1771 1891 collegia,
1794 1849 1851 1881 sed
1876 1859 1950 1891 pro-

1218 1903 1296 1946 priis
1312 1903 1462 1945 expensis
1479 1903 1616 1934 alantur.
1632 1902 1697 1934 Hos
1717 1907 1820 1934 tamen
1839 1911 1950 1934 omnes

1218 1955 1427 1999 provincialis
1444 1955 1598 1987 Castellae
1619 1953 1738 1997 poterit
1755 1955 1794 1986 ab
1811 1965 1876 1987 uno
1890 1955 1951 1988 eol-

1219 2008 1302 2050 legio
1329 2007 1495 2039 traducere
1521 2006 1553 2038 in
1587 2006 1683 2043 aliud.
1710 2007 1759 2038 vel
1786 2006 1880 2039 etiarn
1911 2007 1950 2039 ab

1220 2060 1325 2093 studio
1346 2059 1514 2102 repellere,
1529 2058 1555 2090 si
1581 2058 1731 2101 expedire
1753 2059 1951 2099 iudicaverit,

1220 2119 1251 2146 et
1275 2111 1480 2155 provincialis
1505 2111 1649 2144 Baeticae
1665 2138 1672 2151 ,
1703 2111 1743 2144 ad
1772 2122 1867 2154 quem
1891 2123 1950 2155 pro

1219 2172 1357 2208 utroque
1379 2164 1519 2207 collegio
1535 2164 1718 2197 huiusmodi
1740 2164 1881 2207 pertinet
1897 2164 1953 2197 de-

1220 2217 1370 2261 signatio,
1392 2217 1425 2249 in
1440 2227 1551 2249 eorum
1571 2217 1677 2250 locum
1694 2216 1774 2249 alios
1798 2217 1955 2259 subroga-

1220 2283 1271 2304 re:
1298 2280 1517 2315 quoscumque
1530 2274 1637 2302 autem
1655 2269 1771 2302 fratres
1792 2269 1872 2302 haec
1889 2270 1953 2303 duo

1221 2325 1357 2368 collegia
1371 2325 1599 2367 undecumque
1624 2323 1656 2355 in
1682 2323 1823 2365 collegas
1848 2333 1954 2356 susce-

1222 2379 1352 2422 perint,
1384 2378 1488 2411 denuo
1519 2386 1576 2420 per
1606 2375 1749 2409 annum¹
1778 2376 1909 2409 fratrem
1937 2387 1955 2409 a

1223 2430 1395 2475 praedictis
1411 2429 1588 2473 respective
1606 2427 1751 2471 collegiis
1766 2428 1953 2471 deputatum

1223 2485 1410 2528 probandos
1427 2492 1497 2516 esse
1517 2482 1556 2515 de
1575 2491 1694 2524 genere
1713 2481 1953 2521 denunciamus,

1261 2598 1271 2624 1
1293 2596 1406 2624 Videtur
1424 2595 1533 2631 legend.
1550 2595 1643 2622 alium
1658 2602 1707 2631 pro
1722 2603 1834 2623 annum
1847 2595 1887 2631 (n.
1904 2596 1945 2630 τ.)

1952 217 2002 242 Au⁴
2023 219 2051 244 C.
2075 218 2135 245 Ηῖὓι
