2254 3225
212 280 260 308 An.
279 280 308 306 c.
332 278 398 306 1698
446 268 510 302 864

261 2523 403 2544 Ρῐοὴίὺοηὶιπ

220 2551 267 2571 libri
289 2553 309 2570 et
324 2553 402 2575 scripta

220 2584 283 2603 super
347 2578 403 2597 dicta

221 2604 352 2631 quaestione.

405 327 499 360 terna
523 327 662 361 reddere
699 327 803 368 decet,
840 336 1051 370 summopere
1087 326 1145 359 im-

405 381 644 425 probantium¹)
659 382 848 415 scandalum
860 380 1038 421 obvenerit,
1049 380 1146 413 illud-

405 446 467 480 que
493 435 534 469 ob
561 436 769 480 quamplures
806 435 906 468 libros
944 445 980 467 ac
1015 434 1144 467 libellos

405 488 568 522 acerbiori
593 490 674 532 stylo
701 489 840 531 desuper
865 488 942 520 hinc
967 487 1042 520 inde
1071 497 1146 520 con-

405 542 545 586 scriptos
585 541 618 574 in
659 541 728 574 dies
764 540 939 584 plurimum
964 545 1144 582 augeatur:

406 595 483 629 hinc
508 601 557 628 est
583 595 670 638 quod
703 604 771 635 nos,
803 604 840 626 ex
867 593 1015 626 iniuncto
1049 592 1145 625 nobis

407 648 558 681 divinitus
575 646 748 690 pastoralis
766 645 997 679 sollicitudinis
1011 654 1146 677 munere

406 701 493 735 serio
518 700 775 739 considerantes,
805 699 837 731 in
865 704 1019 742 quantam
1045 698 1146 730 malo-

406 766 478 788 rum
504 759 651 796 segetem
684 753 844 786 eiusmodi
871 753 1080 785 dissidiorum
1106 752 1148 784 zi-

407 807 499 841 zania
524 816 730 840 succrescere
756 806 893 849 possint,
925 805 987 838 nisi
1012 804 1147 848 provide

407 872 445 895 ex
470 871 548 903 agro
574 860 700 893 Domini
727 861 918 900 evellantur,
947 868 983 891 ac
1008 857 1147 901 proinde

407 913 608 957 gravioribus
627 912 941 956 perturbationibus,
961 922 1043 955 quae
1057 922 1148 955 prae-

406 968 580 1001 missorum
606 965 778 1000 occasione
804 966 837 998 in
863 966 932 999 dies
958 965 1037 998 oriri
1074 975 1148 1008 pos-

407 1026 489 1060 sent,
516 1030 644 1053 omnem
668 1030 779 1052 ansam
804 1018 1007 1062 praecidere,
1035 1023 1067 1051 et
1091 1029 1148 1061 op-

408 1080 585 1118 portunum
610 1074 672 1106 iam
695 1072 817 1106 exortis
842 1072 1025 1105 remedium
1062 1072 1148 1104 adhi-

407 1128 486 1161 bere
521 1127 709 1172 cupientes,
752 1126 864 1160 habita
900 1137 999 1170 super
1034 1125 1148 1158 iisdem

408 1181 596 1226 praemissis
621 1192 693 1214 cum
719 1180 963 1214 venerabilibus
995 1179 1149 1212 fratribus

408 1235 527 1269 nostris
564 1234 595 1268 S.
623 1234 661 1267 R.
688 1234 721 1267 E.
761 1233 982 1267 cardinalibus
1013 1232 1148 1266 Concilii

408 1287 587 1321 Tridentini
605 1287 848 1330 interpretibus,
870 1287 924 1330 qui
942 1297 1009 1320 rem
1025 1292 1148 1319 mature

410 1342 644 1381 discusserunt,
670 1341 819 1383 diligenti
842 1340 1092 1379 deliberatione,
1111 1339 1149 1372 de

409 1395 540 1429 illorum
566 1394 714 1435 consilio,
736 1405 773 1428 ac
791 1394 886 1427 etiarn
908 1398 996 1427 motu
1015 1393 1149 1437 proprio

411 1453 443 1482 et
467 1459 503 1481 ex
541 1451 629 1481 certa
661 1447 795 1481 scientia
821 1453 852 1480 et
877 1449 1002 1480 matura
1028 1447 1151 1479 delibe-

410 1501 536 1536 ratione
562 1502 691 1541 nostris,
730 1502 836 1544 deque
862 1501 1062 1544 apostolicae
1094 1511 1152 1543 po-

411 1555 536 1589 testatis
551 1555 765 1598 plenitudine,
780 1566 879 1598 super
892 1554 1035 1598 praefata
1053 1564 1152 1597 quae-

411 1610 516 1643 stione
542 1610 580 1642 de
606 1609 772 1652 primaeva
796 1608 999 1641 institutione
1024 1619 1060 1640 ac
1084 1618 1152 1640 suc-

412 1663 558 1697 cessione
577 1663 706 1696 Ordinis
734 1662 910 1706 supradicti
936 1673 953 1695 a
979 1661 1151 1705 prophetis

410 1716 479 1750 Elia
504 1721 535 1750 et
558 1716 664 1750 Eliseo
694 1721 888 1760 perpetuum
921 1715 1083 1748 silentium
1109 1720 1152 1747 te-

411 1780 489 1803 nore
514 1769 736 1813 praesentium
762 1769 975 1812 imponimus;
1003 1768 1150 1810 illudque

412 1833 429 1855 a
468 1823 695 1856 defensoribus
732 1822 901 1865 utriusque
942 1821 1148 1860 sententiae,

411 1887 540 1910 necnon
577 1877 616 1909 ab
641 1875 791 1909 omnibus
825 1880 857 1908 et
889 1875 1150 1918 quibuscumque

411 1930 482 1964 aliis
519 1930 697 1962 cuiuslibet
731 1934 842 1969 status,
870 1928 1001 1971 gradus,
1039 1927 1151 1959 condi-

414 1983 519 2023 tionis,
538 1983 671 2022 ordinis,
691 1981 967 2025 congregationis,
985 1980 1149 2014 societatis

412 2042 444 2070 et
468 2036 617 2075 instituti,
643 2035 738 2069 etiam
764 2035 915 2078 specifica
939 2041 970 2067 et
986 2034 1151 2067 individua

411 2090 576 2124 mentione
602 2095 634 2123 et
658 2089 870 2133 expressione
896 2088 994 2131 digni,
1029 2094 1092 2120 tarn
1117 2089 1149 2120 in
1171 2107 1173 2125 2

412 2144 541 2187 scriptis
584 2143 865 2177 dissertationibus
902 2148 934 2175 et
968 2142 1061 2175 libris
1096 2142 1152 2174 ini-

412 2203 579 2241 posterum
608 2197 689 2240 typis
722 2196 870 2236 edendis,
902 2206 998 2239 quam
1034 2195 1066 2227 in
1092 2206 1152 2239 pu-

411 2250 506 2284 hlicis
531 2250 802 2293 disputationibus
839 2261 874 2283 ae
901 2249 1064 2290 thesibus,
1092 2249 1152 2282 sub

414 2303 760 2337 excommunicationis
779 2305 860 2336 latae
875 2304 1057 2336 sententiae
1076 2314 1154 2347 poe-

413 2360 454 2391 na
478 2368 535 2401 per
560 2356 829 2390 contrafacientes
848 2357 919 2399 ipso
939 2358 1020 2390 facto
1046 2357 1154 2390 incur-

413 2411 524 2450 renda‚
550 2415 712 2454 perpetuo
738 2410 931 2444 servandum
957 2420 1026 2443 esse
1049 2411 1154 2443 decer-

414 2465 521 2498 nimus
547 2469 578 2497 et
604 2463 804 2497 ordinamus.

460 2519 475 2562 ᾗ
492 2517 523 2550 2.
545 2517 717 2550 Praeterea
737 2517 849 2555 librOS,
870 2516 987 2555 theses,
1007 2526 1062 2548 seu
1080 2515 1155 2548 seri-

415 2577 470 2616 pta
486 2581 722 2615 quaecumque,
736 2575 847 2604 contra
862 2570 1050 2602 earumdem
1067 2580 1155 2613 prae-

452 2644 463 2669 1
486 2643 541 2669 Ista
566 2641 721 2678 parenthesi
741 2641 913 2674 claudimus,
934 2640 997 2676 quia
1017 2649 1070 2668 non
1091 2642 1155 2668 satis

415 2686 544 2717 cohaeret
563 2687 681 2724 syntaxis
700 2693 738 2720 tn.
760 2687 809 2721 τ.).

990 276 1168 301 BL'LLARIL'M
1193 277 1345 300 ROMANL'M

1190 325 1331 358 sentium
1358 324 1495 358 sormam
1520 324 1553 357 in
1585 328 1754 367 posterum
1790 323 1928 362 edenda,

1190 385 1288 419 motu,
1300 378 1447 418 scientia,
1465 377 1704 411 deliberatione
1714 382 1746 411 et
1763 376 1931 421 potestatis

1189 431 1395 476 plenitudine
1421 431 1589 471 similibus,
1610 431 1725 463 harum
1750 430 1835 464 serie
1860 441 1931 474 pro-

1191 486 1341 518 hibemus
1365 485 1423 518 sub
1448 484 1565 528 poenis
1596 489 1628 517 et
1653 484 1800 517 censuris
1826 483 1858 516 in
1885 494 1932 517 re-

1190 538 1273 580 gulis
1290 537 1408 570 Indicis
1427 537 1585 570 librorum
1601 537 1845 579 prohibitorum
1859 548 1931 570 con-

1193 590 1302 629 tentis,
1327 589 1447 632 illaque
1473 599 1511 622 eo
1536 589 1608 632 ipso
1635 589 1758 632 absque
1784 589 1847 622 alia
1876 590 1930 622 de-

1190 643 1368 676 claratione
1377 653 1436 686 pro
1452 653 1603 685 expresse
1621 642 1796 685 prohibitis
1818 643 1930 675 haberi

1190 696 1337 728 volumus
1363 701 1395 728 et
1418 696 1618 728 mandamus.
1645 695 1714 728 Non
1732 695 1932 727 intendimus

1192 754 1299 782 tamen
1324 760 1381 793 per
1406 749 1528 782 silentii
1550 748 1737 782 huiusmodi
1755 748 1933 791 impositio-

1191 813 1265 835 nem
1289 802 1345 835 uni
1379 813 1434 836 seu
1460 802 1554 835 alteri
1588 813 1623 835 ex
1662 801 1756 835 dictis
1781 801 1842 834 sibi
1878 801 1933 834 ad-

1191 856 1394 889 versantibus
1419 855 1591 888 sententiis
1616 856 1717 888 ullum
1735 855 1837 888 maius
1854 865 1934 898 pon-

1192 909 1249 942 dus
1274 909 1464 951 adiungere,
1498 909 1556 941 sed
1591 913 1763 951 utramque
1799 918 1933 941 manere

1191 963 1340 996 volumus
1378 963 1411 995 in
1442 967 1526 995 statu
1563 967 1594 995 et
1619 962 1775 1002 terminis,
1814 961 1933 1004 quibus

1192 1017 1231 1050 de
1257 1016 1420 1060 praesenti
1445 1017 1618 1059 reperitur,
1639 1016 1745 1049 donec
1769 1015 1863 1048 aliter
1880 1025 1935 1049 no—

1192 1070 1239 1103 bis
1276 1075 1307 1103 et
1342 1069 1416 1103 Sedi
1449 1068 1658 1113 Apostolicae
1696 1068 1801 1101 visum
1836 1068 1935 1102 fuerit

1193 1123 1422 1157 determinare.

1235 1177 1294 1220 §3
1310 1177 1530 1210 Decet-nentes
1544 1176 1680 1220 pariter,
1695 1175 1826 1209 easdem
1842 1186 1935 1220 prae-

1192 1237 1300 1265 sentes
1325 1231 1448 1264 litteras
1475 1241 1607 1274 semper
1626 1230 1746 1270 firmas,
1764 1230 1886 1263 validas
1904 1235 1935 1263 et

1193 1285 1339 1318 efficaces
1365 1284 1502 1317 existere
1527 1289 1559 1317 et
1577 1284 1654 1324 fore,
1668 1294 1810 1327 suosque
1828 1284 1937 1326 plena·

1194 1339 1258 1372 rios
1285 1344 1316 1371 et
1339 1337 1485 1381 integros
1511 1336 1642 1370 effectus
1667 1336 1776 1370 sortiri
1802 1342 1833 1370 et
1857 1336 1937 1370 obti-

1194 1403 1282 1431 nere,
1308 1402 1343 1424 ae
1368 1392 1407 1424 ab
1434 1391 1510 1431 illis,
1528 1391 1566 1424 ad
1586 1401 1667 1434 quos
1684 1395 1811 1435 spectat
1829 1396 1860 1424 et
1877 1401 1936 1434 pro

1196 1452 1344 1488 tempore
1386 1445 1656 1488 quandocumque
1697 1444 1868 1487 spectabit,
1904 1443 1936 1477 in

1194 1499 1345 1532 omnibus
1364 1504 1395 1531 et
1412 1508 1472 1541 per
1496 1498 1605 1530 omnia
1630 1497 1822 1541 plenissime
1841 1503 1872 1530 et
1889 1497 1935 1530 in-

1196 1550 1576 1589 violabiliterobservari,
1597 1550 1708 1593 sicque
1725 1555 1829 1583 etnon
1840 1549 1937 1583 aliter

1195 1616 1253 1648 per
1281 1615 1504 1648 quoscumque
1537 1603 1660 1636 iudices
1684 1602 1870 1636 ordinarios
1905 1608 1937 1636 et

1195 1660 1362 1701 delegatos
1380 1685 1386 1698 ,
1406 1657 1503 1691 etiam
1517 1667 1687 1689 causarum
1714 1656 1825 1700 palatii
1840 1666 1936 1699 apos-

1196 1712 1282 1745 tolici
1307 1712 1489 1751 auditores,
1520 1721 1556 1743 ac
1593 1710 1738 1743 eiusdem
1774 1710 1806 1742 S.
1834 1710 1872 1742 R.
1898 1709 1933 1742 E.

1195 1765 1387 1805 cardinales,
1413 1765 1509 1797 etiam
1525 1764 1563 1796 de
1581 1764 1680 1796 latere
1697 1764 1822 1806 legatos
1834 1772 1870 1795 ac
1884 1763 1937 1795 Se-

1195 1820 1242 1852 dis
1268 1819 1410 1858 nuntios,
1438 1817 1558 1850 aliosve
1584 1817 1752 1860 quoslibet
1783 1827 1937 1860 quaeum-

1195 1883 1256 1915 que
1271 1871 1531 1915 praeeminentia
1546 1874 1576 1904 et
1590 1875 1752 1913 potestate
1765 1870 1938 1912 fungentes

1194 1931 1227 1960 et
1250 1927 1431 1965 functuros,
1456 1924 1584 1958 sublata
1608 1923 1653 1956 eis
1678 1929 1709 1957 et
1734 1934 1846 1956 eorum
1872 1923 1938 1956 cui-

1194 1981 1275 2014 libet
1299 1980 1411 2023 quavis
1448 1979 1543 2012 aliter
1575 1977 1739 2010 iudicandi
1773 1982 1805 2010 et
1841 1977 1939 2010 inter-

1194 2034 1345 2077 pretandi
1371 2033 1523 2065 facultate
1554 2037 1587 2065 et
1622 2031 1824 2070 auctoritate,
1850 2031 1937 2063 iudi-

1195 2088 1259 2121 cari
1285 2094 1316 2120 et
1339 2087 1466 2120 definiri
1494 2086 1614 2119 debere
1632 2113 1639 2125 ,
1678 2096 1714 2118 ae
1743 2084 1870 2117 irritum
1907 2089 1939 2117 et

1194 2142 1302 2181 inane,
1332 2141 1357 2173 si
1387 2151 1479 2173 secus
1505 2149 1604 2183 super
1629 2139 1679 2171 his
1707 2149 1724 2171 a
1748 2148 1935 2181 quoquam,

1195 2197 1306 2239 quavis
1339 2194 1549 2233 auctoritate,
1583 2193 1723 2225 scienter
1754 2192 1806 2225 vel
1846 2192 1938 2233 igno-

1196 2254 1313 2288 ranter,
1340 2246 1517 2291 contigerit
1541 2245 1709 2278 attentari.

1241 2303 1255 2346 g
1280 2301 1310 2334 4.
1335 2301 1405 2334 Non
1446 2299 1651 2333 obstantibus
1676 2297 1875 2342 praemissis,
1902 2307 1938 2330 ac
1973 2304 2132 2325 comanorum

1197 2354 1481 2389 constitutionibus
1497 2358 1528 2386 et
1542 2352 1799 2386 ordinationibus
1814 2356 1938 2394 aposto-

1198 2410 1279 2449 licis,
1316 2420 1364 2449 ac,
1392 2413 1550 2452 quatenus
1588 2417 1670 2449 opus
1692 2406 1741 2447 sit,
1766 2404 1935 2445 Ordinum,

1198 2462 1500 2506 congregationum,
1527 2459 1719 2493 societatum
1744 2464 1776 2492 et
1806 2458 1936 2491 institu-

1199 2523 1304 2550 torum
1330 2524 1620 2560 quorumcumque,
1648 2513 1784 2556 aliisque
1810 2512 1939 2555 quibus-

1197 2570 1253 2611 vis,
1279 2570 1376 2603 etiam
1401 2569 1590 2607 iuramento,
1626 2566 1875 2599 confirmatione
1906 2575 1939 2598 a·

1199 2623 1370 2667 postolica,
1396 2623 1446 2656 vel
1465 2621 1573 2665 quavis
1599 2619 1751 2653 firmitate
1770 2619 1831 2653 alia
1845 2619 1940 2653 robo-

1199 2677 1288 2719 ratis,
1327 2675 1452 2710 statutis
1477 2679 1508 2709 et
1532 2672 1846 2714 consuetudinibus,
1874 2671 1938 2717 pri-

1937 275 1984 300 An.
2002 273 2032 302 C.
2053 274 2122 302 1698

1973 1187 2006 1208 Cla
2011 1187 2092 1210 asulae.

1949 2331 2068 2356 derogatio.
