2227 3225
128 255 176 281 An.
193 255 220 281 C.
246 254 313 282 ⁴⁶95

152 316 182 335 tte
203 316 307 337 clausura.

151 844 182 865 ne
193 844 307 870 prioribus,

126 876 160 896 qui
214 872 308 896 rapitulo

125 904 137 917 n
155 905 164 915 *v
208 899 306 918 iuterfue-

125 927 179 946 rint.

152 1213 182 1236 De
198 1216 292 1237 tonsuri.

150 1583 275 1613 Debnnvitiis
285 1587 307 1606 et

123 1612 267 1633 novitatibus.

363 313 438 337 xvu.
464 301 577 335 Nullus
610 301 643 334 in
675 299 883 334 monasteriis
915 305 945 333 et
971 299 1053 342 prio-

319 356 443 388 ratibus
464 355 523 388 sub
541 365 744 398 quocumque
762 357 931 397 praetextu
949 356 1059 395 pateat

317 409 483 451 ingressus
508 408 713 447 mulieribus,
740 413 772 441 et
796 407 872 440 ideo
902 408 973 440 loca
1006 415 1058 437 re-

317 461 442 504 gularia
467 462 684 505 undequaque
709 460 912 505 claudantur,
940 469 1000 492 nec
1018 457 1058 490 sit

316 514 378 547 nisi
403 525 504 548 unum
528 515 643 549 ostium
661 524 720 557 per
740 514 829 557 quod
854 513 886 546 in
906 523 944 545 eo
965 512 1058 544 detur

317 577 480 607 accessus,
508 572 539 601 et
564 567 590 600 si
617 567 744 610 aliquae
766 571 880 610 portae
900 566 933 598 in
955 563 1058 597 hortis
1078 563 1081 615 l

317 626 373 652 aut
397 620 468 653 aliis
493 620 574 654 loeis
600 631 660 664 pro
683 619 914 653 commoditate
950 627 1058 650 rerum

318 674 507 707 monasterii
533 673 607 713 sint,
635 683 701 706 non
727 671 916 716 aperiantur
940 669 1002 703 nisi
1025 669 1057 702 in

318 736 392 759 casu
430 727 642 765 necessitatis,
668 732 699 760 et
731 727 836 759 claves
873 733 1002 767 semper
1026 722 1057 755 in

319 781 401 813 cella
427 780 547 823 prioris
569 784 785 822 reponantur.

362 843 452 867 xvnl.
479 833 558 872 Quia
582 833 675 866 multi
708 833 838 876 priores
869 830 1060 865 claustrales

319 887 358 919 ad
384 887 561 930 capitulum
589 887 742 929 generale
768 895 833 918 non
856 881 1059 928 potuerunt⁴,

320 945 352 974 et
377 940 471 973 enixe
497 951 530 973 se
556 944 761 979 excusarunt,
783 949 821 972 eo
846 938 932 982 quod
956 936 1058 980 ipsius

319 994 501 1027 necessaria
516 1004 580 1026 non
595 992 819 1036 praestiterint
834 991 962 1035 priores
976 1000 1060 1023 eom-

317 1046 531 1086 mendatarii;
548 1052 661 1079 eontra
675 1045 757 1086 illos,
776 1045 830 1088 qui
846 1045 883 1077 ad
903 1044 932 1076 id
949 1049 1061 1076 tenen-

318 1105 382 1140 tur,
405 1105 437 1132 et
461 1100 547 1132 inter
565 1109 647 1142 quos
663 1098 795 1141 partitio
814 1097 958 1130 nondum
977 1097 1060 1128 tacta

320 1153 387 1192 suit,
412 1158 607 1196 procurator
632 1151 797 1193 generalis
823 1155 908 1192 aget.

363 1216 427 1239 x1x.
455 1205 525 1238 ‘Non
555 1205 624 1238 sine
656 1215 774 1247 niagno
808 1204 914 1237 cordis
946 1203 1058 1236 dolore

321 1259 541 1302 comperimus
566 1259 685 1291 multos
713 1263 876 1291 tonsuram
901 1257 981 1289 adeo
1007 1266 1082 1293 ne-.

320 1313 457 1355 gligere‚
473 1318 508 1344 ut
521 1311 748 1354 supposititios
765 1311 871 1343 crines
890 1310 1058 1348 deserant,

319 1366 369 1398 eui
406 1366 492 1398 malo
532 1371 567 1397 ut
604 1374 832 1403 occurramus,
871 1362 1061 1395 artificiosas

319 1418 494 1457 caesaries,
525 1428 603 1460 quas
635 1422 749 1450 contra
782 1416 967 1449 decentiam
992 1425 1061 1448 mo-

318 1471 473 1503 nasticam
492 1480 560 1503 esse
579 1480 674 1503 nemo
691 1480 755 1502 non
775 1469 910 1509 dubitat,
929 1468 1060 1512 penitus

319 1523 470 1556 omnibus
495 1522 528 1554 in
553 1528 719 1566 posterum
745 1522 945 1555 inhibemus.

360 1586 410 1609 xx.
438 1575 515 1608 Cum
549 1586 586 1608 ex
620 1575 818 1608 novitiorum
850 1575 937 1608 bona
970 1575 1062 1607 insti-

318 1628 442 1661 tutione
468 1629 651 1672 dependeat
676 1629 772 1661 totius
790 1628 872 1661 vitae
890 1629 1059 1671 sequentis

317 1682 474 1726 perfectio
494 1709 502 1722 ,
540 1683 728 1715 ordinamus
772 1683 858 1725 quod
903 1682 1059 1725 deinceps

317 1735 430 1767 novitii
456 1740 531 1778 post
550 1745 667 1768 annum
686 1735 890 1778 probationiS
917 1735 996 1767 duos
1013 1735 1060 1767 in-

318 1798 418 1831 super
449 1798 551 1820 annos
583 1788 616 1820 in
655 1788 814 1821 exercitiis
850 1789 1058 1829 regularibus

317 1841 499 1882 transigant
526 1841 558 1872 in
585 1841 698 1873 eodem
720 1841 918 1873 monasterio
945 1841 1057 1884 inquo

318 1904 439 1926 annum
458 1892 632 1926 novitiatus
653 1894 863 1936 expleverint,
887 1899 1058 1936 antequam
1079 1910 1081 1924 v,

318 1947 357 1979 ad
383 1947 523 1989 collegia
548 1947 728 1980 studiorum
755 1949 849 1979 causa
875 1947 1056 1980 mittantur.

317 2000 400 2033 Loca
424 1999 632 2032 instituendis
650 2000 952 2043 novitiis-deputata
973 2005 1057 2041 sunt,
1079 2016 1081 2043 g

317 2063 398 2096 quae
425 2058 622 2095 sequuntur:

360 2106 427 2139 Pro
462 2106 596 2138 novitiis
632 2107 790 2149 ‹inti'quae
814 2107 1054 2147 observantiae,

316 2157 480 2201 prioratus
494 2158 525 2191 S.
545 2159 693 2202 Eutropii
711 2159 952 2199 Xantoniensis,
974 2160 1059 2202 prio-

317 2215 406 2243 ratus
439 2211 478 2244 de
512 2211 658 2244 Cariloeo
678 2239 685 2251 ,
724 2212 886 2254 prioratus
924 2213 962 2245 de
995 2213 1081 2245 Ab„

315 2263 501 2305 batisvilla‚
527 2265 692 2308 prioratus
718 2266 758 2298 de
783 2265 1060 2308 Nogentorotreo-

317 2317 358 2358 di,
377 2323 409 2350 et
434 2318 598 2361 prioratus
623 2320 662 2352 de
680 2319 855 2359 Nantuaeo,
881 2330 977 2363 quem
1004 2320 1081 2352 de-v

315 2371 478 2414 signamus
503 2383 563 2416 pro
589 2373 628 2404 iis
653 2373 707 2416 qui
739 2373 772 2404 in
799 2374 884 2406 dicto
911 2373 1058 2416 prioratu
1080 2379 1081 2394 ¹

316 2431 348 2458 et
372 2425 510 2458 abbatiis
535 2426 575 2458 de
601 2426 711 2458 Balma
736 2431 767 2459 et
792 2426 945 2469 Gigniaco
971 2426 1059 2459 reci-
1080 2448 1081 2461 t

315 2479 450 2522 pientur
474 2479 614 2512 novitiis.

363 2531 424 2564 Pro
450 2532 582 2564 novitiis
613 2532 788 2565 strictioris
824 2533 1057 2571 observantiae,
1080 2529 1082 2542 ¹

316 2595 407 2617 sacra
443 2584 573 2618 abbatia
615 2585 860 2625 Cluniacensis,
897 2586 1059 2628 prioratus

352 2646 365 2671 1
389 2645 466 2671 Deest
486 2645 596 2671 verbum
617 2647 769 2674 convenire
785 2651 831 2673 :tut
849 2646 936 2673 simite
953 2648 990 2680 (tt.
1009 2646 1058 2681 r.).

900 250 1107 275 tNNOCEN'rtth
1132 249 1177 273 xtt
1201 249 1239 272 1³1·
1246 265 1252 271 .

1730 235 1788 267 (391

1100 298 1134 330 Β.
1163 297 1280 329 MarIae
1295 295 1334 328 de
1359 294 1533 334 Cliaritate,
1550 294 1709 337 prioratus
1729 294 1759 325 S.
1778 293 1835 325 Ma-

1100 350 1175 383 rtini
1201 360 1217 382 a
1242 348 1367 391 Campis
1395 347 1596 380 parisiensis.

1136 413 1194 437 xxt.
1205 403 1365 441 Quantum
1380 412 1456 434 vero
1471 401 1508 433 ad
1523 400 1683 433 abbatiam
1698 399 1834 431 S.Tlieo-

1100 457 1182 490 fredi
1212 455 1490 494 Monasteriensis,
1517 459 1654 497 propter
1678 462 1834 484 summam

1100 516 1243 543 nostram
1269 521 1345 552 erga
1370 507 1662 542 eminentissiimun
1687 505 1834 538 cardina-

1100 564 1162 596 lem
1199 564 1237 596 de
1274 564 1382 605 Bonzy
1419 560 1634 594 reverentiam
1670 564 1702 591 et
1738 568 1835 590 vene-

1079 621 1080 632 *
1100 616 1269 656 rationem,
1292 616 1398 648 eidem
1415 615 1546 658 plenam
1561 618 1591 646 ct
1619 611 1836 646 omnimodam

1100 669 1285 713 praedictae
1307 680 1383 701 suae
1405 668 1528 700 abatiae
1555 667 1689 708 eiusque
1716 665 1838 707 [tepen-

1101 723 1284 755 dentiarum
1321 721 1571 764 dispositionem
1592 747 1599 759 ‚
1627 719 1693 751 sire
1730 728 1834 760 (pian—

1101 781 1167 808 tum
1204 776 1243 809 ad
1279 775 1477 808 novitiorum
1502 773 1744 816 receptionem,
1772 771 1838 803 sive

1102 835 1256 873 quantum
1283 830 1320 861 ad
1354 834 1460 861 cetera
1485 826 1601 866 omnia,
1629 831 1664 858 ut
1690 826 1721 857 in
1746 835 1840 868 prae-

1102 883 1227 916 cedenti
1253 883 1394 924 eapitulo
1428 881 1612 914 ordinatum
1643 884 1714 918 est,
1742 879 1836 911 duxi-

1102 947 1171 969 mus
1197 935 1469 978 relinquendam,
1498 933 1650 976 spianuliu
1676 932 1779 969 vivet,
1808 937 1836 963 et

1102 989 1299 1032 praedictam
1340 993 1427 1029 reget
1462 986 1623 1018 abbatiam
1652 984 1841 1017 eminentis-

1103 1042 1202 1075 simus
1228 1040 1414 1079 cardinalis,
1442 1039 1490 1071 cui
1517 1040 1634 1071 multos
1660 1048 1761 1070 annos
1787 1048 1842 1080 ap-

1101 1106 1286 1139 preeamur.
1320 1093 1363 1126 Eo
1395 1103 1472 1125 vero
1509 1092 1643 1124 cedente
1670 1098 1720 1123 aut
1749 1092 1842 1123 deee-

1102 1150 1207 1188 dente,
1234 1146 1386 1180 monachi
1418 1146 1604 1188 praedictae
1636 1145 1783 1176 abbatiae
1811 1151 1841 1176 et

1102 1201 1393 1245 dependentiarum
1415 1199 1545 1231 statutis
1571 1198 1699 1230 Ordinis
1717 1198 1842 1230 Clunia-

1103 1255 1209 1288 censis
1236 1265 1269 1287 se
1295 1264 1327 1286 se
1347 1253 1595 1285 conformabunt
1612 1256 1643 1283 et
1660 1250 1841 1290 subiic·ient,

1102 1313 1139 1340 ut
1164 1318 1233 1340 eam
1259 1305 1384 1339 vivendi
1412 1307 1546 1337 l'ormam
1573 1308 1717 1342 teneant,
1744 1313 1840 1345 quam

1080 1360 1204 1393 isaneti
1227 1359 1326 1403 patris
1351 1358 1510 1400 lingonis,
1539 1358 1598 1389 sub
1624 1367 1688 1399 quo
1714 1356 1843 1399 praedi-

1103 1419 1187 1446 ctam
1213 1412 1376 1446 abbatiam
1395 1410 1505 1444 Ordini
1533 1410 1719 1443 associatam
1745 1410 1841 1442 fuisse

1103 1467 1327 1500 demonstrant
1351 1464 1538 1497 authentica
1571 1463 1715 1496 eiusdem
1748 1463 1844 1495 abba-

1103 1521 1166 1553 tiae
1193 1519 1437 1552 cartulariorum
1463 1518 1688 1554 instrumenta,
1716 1526 1844 1547 sueces-

1104 1584 1196 1607 sores
1226 1572 1275 1606 et¹
1302 1572 1431 1606 Ordinis
1457 1571 1597 1614 capitula
1622 1570 1840 1602 instituerunt.

1103 1627 1272 1670 Recipient
1292 1636 1422 1668 quoque
1441 1625 1579 1657 novitios
1597 1634 1684 1662 suos,
1704 1629 1734 1654 ut
1758 1633 1843 1654 asso-

1103 1682 1170 1713 lent
1188 1678 1339 1712 monaelii
1361 1677 1562 1710 abbatiarum
1580 1676 1766 1709 monasterii
1786 1686 1843 1708 no-

1102 1734 1131 1766 vi
1158 1731 1366 1766 pictaviensis
1392 1736 1424 1764 et
1448 1730 1638 1764 monasterii
1672 1730 1706 1762 B.
1727 1729 1841 1762 Mariae

1103 1787 1141 1819 de
1167 1786 1335 1827 Ageduno.

1145 1850 1221 1872 xxn.
1250 1837 1376 1870 Auditis
1401 1837 1624 1869 visitatoribus
1655 1841 1686 1868 et
1711 1835 1838 1867 vicariis

1102 1892 1311 1935 generalibus
1329 1891 1367 1924 de
1388 1896 1470 1922 statu
1486 1890 1757 1922 monasteriorum
1778 1894 1838 1920 tam

1079 1939 1081 1952 ³
1102 1945 1335 1977 monachorum
1364 1954 1460 1985 quam
1492 1943 1692 1981 monialium,
1715 1952 1842 1984 compe-

1102 1993 1200 2029 rimus
1238 1997 1396 2029 nounulla
1433 1995 1620 2028 monialium
1646 1994 1843 2026 monasteria

1103 2061 1174 2083 esse
1201 2050 1271 2081 sine
1297 2050 1458 2082 clausura.
1487 2049 1562 2081 Ideo
1588 2048 1766 2087 statuimus,
1796 2054 1840 2089 ut,

1102 2103 1189 2135 iuxta
1225 2103 1466 2146 sapientissima
1502 2102 1581 2134 sacri
1616 2101 1751 2134 Concilii
1778 2103 1844 2134 Tri-

1103 2156 1226 2190 dentini
1254 2157 1396 2196 decreta,
1424 2155 1662 2198 quamprimum
1690 2156 1842 2188 clausura

1102 2210 1282 2242 firmentur.

1145 2274 1234 2297 xxm.
1262 2263 1326 2296 Vox
1347 2262 1588 2296 lamentationis
1615 2268 1645 2295 et
1671 2263 1764 2295 tletus
1790 2273 1843 2295 au-

1102 2317 1191 2349 ribus
1228 2315 1349 2349 nostris
1386 2316 1536 2356 intonuit,
1568 2316 1653 2354 dum,
1681 2316 1840 2348 referente

1102 2371 1224 2404 vicario
1261 2370 1408 2413 generali
1442 2370 1629 2412 provinciae
1656 2370 1839 2408 Vaseoniae,

1103 2424 1258 2457 miserum
1274 2429 1305 2456 et
1323 2424 1558 2466 deplorabilem
1577 2429 1693 2456 statum
1711 2433 1842 2455 monas-

1104 2477 1176 2510 terii
1200 2476 1401 2509 Lairaeensis
1429 2476 1622 2508 audivimus.
1646 2476 1841 2517 Agnovimus

1104 2529 1380 2562 abominationem
1396 2529 1607 2562 desolationis
1622 2534 1708 2560 stare
1724 2528 1754 2560 in
1771 2529 1841 2560 loeo

1105 2589 1238 2622 saneto⁷
1264 2583 1318 2614 ubi
1355 2583 1432 2615 olim
1467 2582 1595 2614 divinus
1629 2582 1730 2613 cultus
1757 2583 1841 2622 vige-

1142 2647 1150 2671 1
1174 2644 1315 2671 Coniunet.
1339 2647 1364 2671 cl
1384 2652 1432 2671 nos
1451 2644 1574 2670 addimus
1594 2646 1629 2677 (a⁴
1651 2644 1697 2677 r).

1841 244 1888 268 An.
1907 242 1926 267 Γ.
1961 240 2026 265 trior,

1891 1838 1920 1859 D»
1937 1844 2035 1864 querutu-

1852 1866 1897 1885 ilswt
1932 1872 1949 1885 n.
1967 1874 2009 1884 iiam
2021 1872 2036 1880 ¹-

1851 1899 1927 1911 slt'lllill
1958 1899 1975 1911 H}
2009 1900 2025 1909 t.t

1851 1920 1900 1938 tum
1916 1918 2022 1939 claumra.

1886 2269 1915 2289 De
1936 2269 2035 2288 reforma-

1853 2298 1909 2315 twufl
1933 2302 1978 2315 tum:
1996 2300 2034 2314 >tw

1854 2329 1877 2341 rit
1894 2322 2029 2342 Lau-arensis
