2254 3225
185 197 233 221 ΛΠ.
251 194 278 219 (Ζ,
304 193 369 219 theo
414 183 456 216 5⁵2
954 184 1132 211 ntiLLARtt'M
1157 182 1311 207 ROMANUM

1149 242 1210 273 quo
1237 228 1358 261 firmius
1383 229 1556 262 subsistant
1577 234 1608 262 et
1625 233 1794 262 serventur
1817 238 1885 261 exa-

1149 284 1240 322 ctius,
1258 282 1457 325 apostolicae
1475 281 1730 314 confirmationis
1752 287 1885 314 nostrae

416 254 428 272 »
460 242 505 273 Ad
525 242 667 273 lauream
686 238 904 281 magistralem
924 247 1017 269 nemo
1035 244 1107 277 pos-

371 294 411 327 sit
436 294 568 333 admitti,
588 294 650 326 nisi
678 293 764 325 iuxta
790 292 926 324 sormam
952 288 1107 322 constitu-

194 257 224 276 no
235 256 308 275 taurea
318 260 360 274 ma-

176 282 257 306 murati
267 284 286 301 ut
295 281 361 306 gradu

175 308 301 333 cutiogiatis.

1894 180 1945 206 Αη.
1960 179 1989 206 e.
2012 178 2079 205 1690
2249 3 2254 218 i

2250 219 2254 321 i

371 347 494 380 'tionum
510 347 648 387 Ordinis,
667 346 797 389 praevio
813 344 964 386 collegio,
978 342 1030 373 ubi
1046 343 1107 373 lau-

371 400 522 434 dabiliter
548 401 579 433 in
605 400 755 433 omnibus
789 396 992 431 scholasticis
1019 404 1108 427 exer-

371 453 455 487 citiis
489 453 691 497 profecerit,
726 452 871 495 publicas
904 447 1106 489 theologicas

372 507 482 540 theses
518 506 651 549 egregie
690 503 889 542 sustinendo,
915 505 947 533 et
976 498 1108 543 privatis

371 560 582 593 conferentiis
618 559 649 591 in
687 558 809 591 scholis
845 561 876 588 et
911 551 1108 587 lectionibus

373 614 503 647 assidue
528 623 586 657 per
612 617 712 645 totum
746 611 921 643 triennium
950 618 983 640 se
1018 616 1109 639 exer-

373 668 497 707 cend0;
525 667 564 699 de
589 666 705 709 quibus
728 664 877 698 omnibus
915 662 1049 694 iuratam
1074 659 1110 690 fi-

373 721 446 754 dem
471 721 504 753 in
528 719 655 762 scriptis
679 718 882 761 superiorum
908 714 1060 748 localium
1078 718 1110 745 et

375 784 508 807 suorum
541 777 710 815 regentum
742 771 890 804 obtinere
920 772 1107 805 teneantur,

374 828 446 861 sine
473 839 534 871 qua
560 830 723 869 nequeant
747 836 763 857 a
787 823 935 856 ministro
966 819 1108 863 generali

374 882 520 914 lauream
546 879 706 913 obtinere.
726 877 782 915 Qui
804 875 989 918 superiores
1007 879 1038 905 ct
1063 883 1111 905 re-

375 938 488 976 gentes
512 938 605 965 caute
632 936 663 965 et
680 930 857 963 secundum
878 926 1110 960 conscientiam

375 986 567 1029 procedant,
588 990 619 1017 et
644 985 724 1017 tales
751 982 830 1015 sides
855 979 1111 1023 negligentibus,

377 1039 490 1082 quiin
516 1038 629 1071 studiis
664 1046 727 1069 non
763 1033 975 1078 proiecerint,
1013 1032 1113 1065 dene-

377 1102 453 1134 gare
479 1095 659 1129 teneantur,
686 1088 745 1120 sub
763 1086 879 1130 poenis
898 1084 1038 1118 ministri
1060 1094 1113 1126 ge-

377 1144 496 1177 neralis
521 1141 654 1175 arbitrio
679 1139 861 1178 reservatis,
887 1138 982 1171 etiam
1010 1137 1114 1181 priva-

379 1197 475 1230 tionis
501 1196 694 1229 officiorum.
723 1194 767 1226 lta
792 1193 915 1236 pariter
940 1201 1036 1224 nemo
1062 1201 1114 1222 va-

376 1251 442 1284 leat
476 1249 514 1282 ad
550 1248 689 1290 collegia
722 1247 838 1287 vocari,
875 1256 935 1279 nec
973 1244 1112 1282 admitti,

377 1303 439 1336 nisi
461 1303 551 1346 prius
569 1301 698 1345 publice
718 1300 903 1342 theologiae
923 1299 1032 1331 theses
1049 1298 1116 1330 lau-

379 1356 530 1389 dabiliter
565 1353 793 1392 sustinuerint,
833 1353 993 1395 fidemque
1031 1351 1117 1383 iura-

379 1416 443 1442 tam
480 1408 680 1451 superiorum
714 1413 746 1440 et
780 1411 951 1449 regentum
985 1405 1116 1437 illorum

380 1462 569 1499 studiorum,
585 1461 639 1493 ubi
656 1460 776 1493 suerint
790 1459 918 1498 morati,
942 1458 1118 1491 exhibeant

381 1526 398 1547 a
422 1514 571 1547 ministro
605 1513 749 1555 generali
782 1513 961 1555 diligenter
996 1510 1116 1544 exami-

381 1567 533 1606 nandam,
576 1567 645 1599 sine
681 1576 743 1609 qua
779 1570 922 1608 nequeat
957 1563 1118 1607 generalis

382 1619 529 1653 minister
553 1620 654 1652 ullum
673 1619 711 1651 ad
730 1619 905 1660 collegium
932 1617 1116 1655 admittere,

382 1672 464 1706 sicut
488 1673 612 1715 pariter
628 1671 790 1704 neminem
810 1671 914 1714 possit
938 1669 1119 1711 collegiatis

382 1725 484 1767 gradu
510 1725 740 1764 condecorare,
766 1724 829 1756 nisi
861 1723 950 1766 prius
975 1733 993 1755 a
1017 1721 1121 1765 pluri-

382 1779 442 1811 bus
466 1777 742 1812 examinatoribus
767 1787 876 1810 coram
902 1774 1120 1809 eminentissi-

383 1841 434 1864 mo
460 1836 491 1863 et
515 1830 782 1863 reverendissimo
814 1834 999 1872 protectore
1032 1827 1122 1860 Ordi-

384 1884 433 1917 nis
458 1889 489 1917 et
513 1884 585 1927 ipso
610 1883 754 1926 generali
786 1883 934 1915 ministro
968 1882 1065 1915 suerit
1089 1881 1121 1913 in

387 1939 451 1969 tota
476 1935 686 1979 philosophia
711 1941 742 1968 ct
767 1937 882 1969 saltem
907 1933 1034 1967 duobus
1060 1939 1123 1965 tra-

385 1989 524 2021 ctatibus
550 1988 735 2030 theologiae
761 1988 936 2030 diligenter
961 1986 1124 2020 examina-

386 2047 437 2074 tus
463 2047 493 2074 et
519 2040 571 2073 tali
598 2041 698 2083 gradu
725 2041 841 2083 dignus
861 2040 1028 2079 iudicatus,
1051 2039 1123 2082 ipso

386 2093 514 2128 Ordinis
541 2099 722 2137 protectore
744 2094 909 2133 consulto;
928 2092 1011 2126 sicut
1028 2092 1123 2125 etiam

388 2156 483 2179 nemo
509 2157 545 2178 ex
575 2146 821 2179 ultramontanis
846 2152 877 2179 et
908 2144 1124 2178 ultramarinis

389 2199 564 2242 provinciis
589 2199 627 2231 ad
652 2199 796 2231 lauream
818 2197 1034 2240 magistralem
1051 2207 1126 2240 pos-

390 2252 432 2284 sit
457 2251 593 2290 admitti,
619 2252 681 2284 nisi
714 2254 835 2284 servata
863 2253 963 2284 torma
994 2251 1126 2294 privile-

391 2304 516 2347 giorum
543 2304 747 2337 Summorum
770 2303 970 2343 Pontificum,
996 2302 1126 2345 praevio

390 2357 537 2399 rigoroso
552 2356 707 2397 examine,
724 2362 754 2389 et
773 2357 924 2400 propriae
943 2355 1126 2399 provinciae

393 2408 577 2442 delinitorio
599 2415 760 2442 annuente
786 2421 817 2441 n.

1148 335 1329 379 patrocinio
1354 335 1547 368 communiri
1566 335 1738 378 plurimum
1765 335 1886 368 deside-

1149 394 1217 422 ret:
1241 399 1309 428 nos,
1328 388 1500 431 specialem
1519 388 1579 431 ipsi
1605 389 1745 431 losepho
1770 388 1885 421 Mariae

1149 442 1283 485 gratiam
1309 441 1412 474 facere
1436 442 1601 481 volentes,
1627 452 1766 484 eumque
1785 452 1802 474 a
1820 441 1885 484 qui-

1148 495 1256 528 busvis
1281 494 1635 534 excommunicationis,
1661 494 1886 537 suspensionis

1150 553 1182 580 et
1206 546 1383 586 interdicti,
1408 547 1544 589 aliisque
1569 546 1797 579 ecelesiasticis
1815 557 1889 579 sen-

1151 600 1269 639 tentiis,
1295 600 1439 633 censuris
1458 604 1489 632 et
1506 600 1633 643 poenis,
1654 610 1672 632 a
1689 600 1758 632 iure
1777 601 1826 633 vel
1849 600 1889 632 ab

1149 653 1295 692 homine,
1316 653 1428 696 quavis
1454 653 1625 686 occasione
1651 653 1700 686 vel
1725 654 1822 685 causa
1846 653 1892 685 la-

1150 706 1205 745 tis,
1238 705 1263 738 si
1289 706 1406 748 quibus
1440 705 1688 749 quomodolibet
1717 705 1889 739 innodatus

1151 759 1273 799 existit,
1299 760 1339 792 ad
1361 758 1508 792 effectum
1524 759 1746 803 praesentium
1766 759 1892 792 dumta-

1152 817 1203 844 xat
1234 812 1513 855 consequendum,
1538 813 1652 845 harum
1676 812 1760 845 serie
1784 812 1891 845 absol-

1152 871 1260 898 ventes
1278 870 1310 897 et
1330 866 1513 898 absolutum
1533 865 1602 898 sore
1621 870 1804 906 censentes,
1821 876 1893 909 sup-

1152 917 1382 960 plicationibus
1415 918 1484 951 eius
1510 918 1642 951 nomine
1668 917 1761 951 nobis
1795 928 1893 961 super

1153 971 1216 1003 hoc
1252 970 1421 1003 humiliter
1457 971 1615 1014 porrectis
1652 971 1820 1010 inclinati,
1856 981 1893 1003 ac

1154 1024 1261 1056 audita
1280 1032 1379 1066 super
1403 1024 1594 1066 praemissis
1616 1023 1812 1057 venerabilis
1834 1024 1894 1056 sra-

1156 1076 1212 1108 tris
1246 1077 1347 1109 nostri
1380 1077 1478 1109 Flavii
1516 1077 1661 1120 episcopi
1699 1077 1891 1110 Albanensis

1155 1129 1185 1161 S.
1203 1129 1239 1161 R.
1259 1129 1294 1161 E.
1318 1129 1491 1162 cardinalis
1509 1130 1609 1162 Chisii
1627 1129 1815 1172 nuncupati,
1833 1140 1894 1162 me-

1154 1182 1270 1215 morati
1287 1181 1415 1215 Ordinis
1434 1183 1517 1226 apud
1536 1193 1594 1215 nos
1619 1187 1651 1215 et
1677 1182 1791 1215 Sedem
1811 1183 1895 1225 Apo-

1156 1236 1301 1268 stolicam
1330 1237 1534 1280 protectoris,
1564 1236 1735 1276 relatione,
1766 1237 1895 1270 decreta

1156 1289 1377 1331 praeinserta,
1405 1290 1596 1323 auctoritate
1622 1289 1821 1333 apostolica,
1850 1294 1896 1322 te-

1157 1352 1236 1375 nore
1253 1344 1485 1386 praesentium,
1499 1343 1727 1376 confirmamus
1739 1348 1769 1376 et
1784 1353 1896 1386 appro-

1157 1396 1280 1436 bamus,
1298 1396 1447 1440 illisque¹
1473 1397 1671 1430 inviolabilis
1696 1396 1896 1440 apostolicae

1159 1449 1318 1483 firmitatis
1343 1451 1442 1483 robur
1467 1451 1644 1490 adimimus
1671 1461 1707 1483 ac
1728 1460 1840 1483 omnes
1865 1455 1898 1483 et

1160 1502 1306 1545 singulos
1336 1502 1414 1535 iuris
1440 1509 1471 1535 et
1496 1503 1571 1536 sacti
1603 1503 1760 1543 desectuS‚
1792 1502 1817 1535 si
1843 1501 1898 1546 qui

1161 1554 1301 1598 desuper
1313 1555 1559 1598 quomodolibet
1573 1555 1817 1595 intervenerint,
1828 1565 1899 1598 sup·

1161 1609 1300 1652 plemus.

1204 1662 1218 1705 ἓ
1243 1662 1275 1696 3.
1294 1662 1517 1696 Decernentes
1535 1663 1742 1707 praeinserta
1766 1662 1901 1696 decreta

1162 1726 1197 1748 ac
1231 1717 1360 1751 easdem
1388 1722 1582 1760 praesentes
1607 1717 1734 1750 litteras
1770 1726 1901 1760 semper

1162 1769 1282 1810 sirmas,
1307 1770 1431 1803 validas
1464 1776 1496 1803 et
1532 1770 1680 1803 efficaces
1705 1770 1843 1803 existere
1869 1774 1902 1802 et

1164 1822 1245 1862 sore,
1271 1833 1413 1865 suosque
1437 1822 1602 1866 plenarios
1628 1828 1660 1856 et
1683 1823 1833 1865 integros
1861 1822 1903 1854 el*-

1165 1871 1267 1904 sectus
1300 1871 1411 1904 sortiri
1437 1876 1469 1904 et
1493 1872 1658 1912 obtinere,
1684 1882 1721 1905 ac
1753 1871 1829 1911 illis,
1861 1871 1902 1904 ad

1165 1935 1247 1967 quos
1276 1930 1402 1968 spectat
1430 1930 1462 1958 et
1489 1935 1548 1968 pro
1581 1930 1729 1967 tempore
1758 1923 1903 1967 quando-

1165 1988 1302 2021 cumque
1327 1977 1497 2021 spectabit,
1517 1977 1549 2010 in
1567 1977 1717 2011 omnihus
1738 1982 1770 2010 et
1786 1987 1845 2020 per
1868 1986 1903 2008 0-

1166 2031 1253 2063 mnia
1284 2031 1478 2074 plenissime
1511 2030 1692 2073 suffragari,
1719 2035 1751 2063 et
1782 2030 1822 2063 ab
1855 2029 1901 2063 eis

1165 2083 1774 2128 respectiveinviolabiliterobservari,
1794 2083 1903 2126 sicque

1166 2139 1199 2170 in
1224 2137 1416 2181 praemissis
1442 2147 1502 2179 per
1525 2146 1748 2180 quoscumque
1779 2135 1904 2168 iudices

1167 2190 1351 2224 ordinarios
1369 2195 1400 2222 et
1416 2190 1594 2231 delegatos,
1615 2188 1710 2221 etiam
1735 2198 1904 2221 causarum

1167 2243 1277 2287 palatii
1302 2241 1473 2285 apostolici
1498 2241 1683 2281 auditores,
1707 2240 1844 2274 iudicari
1875 2247 1906 2274 et

1169 2296 1296 2330 deliniri
1322 2296 1462 2336 debere,
1488 2305 1525 2327 ac
1549 2294 1677 2327 irritum
1703 2299 1735 2327 et
1757 2293 1854 2327 inane
1879 2294 1905 2327 si

1169 2359 1263 2382 secus
1287 2359 1384 2392 super
1408 2348 1459 2380 his
1485 2358 1502 2380 a
1527 2357 1699 2390 quoquam,
1718 2346 1827 2389 quavis
1851 2357 1907 2379 au-

1169 2403 1332 2443 ctoritate,
1357 2402 1563 2435 scienterve]
1587 2400 1787 2443 ignoranter,
1805 2399 1908 2433 conti-

1938 1663 2057 1685 clausulae.

201 2464 384 2515 mugili-smil?
436 2462 451 2505 ξ
475 2462 507 2494 02.
534 2461 609 2494 Cum
635 2467 750 2501 autem,
771 2462 857 2495 -sicut
882 2460 995 2495 eadem
1030 2470 1129 2503 expo·
1170 2456 1255 2500 gerit
1275 2455 1439 2489 attentari.

202 2522 314 2540 ‘wrm-
394 2514 467 2547 sitio
499 2513 725 2556 subiungebat,
759 2513 863 2546 dictus
888 2513 1006 2556 loseph
1030 2512 1128 2544 Maria

394 2566 540 2601 minister
576 2566 734 2610 generalis
766 2565 897 2601 decreta
927 2563 1127 2606 huiusmodi,
1208 2567 1610 2604 1Edit.tvtain.leg’=tilli11ue
1631 2568 1668 2604 (a.
1687 2560 1743 2603 ²7¹ss
