2227 3225
91 229 141 256 An.
156 228 186 255 C.
210 227 278 256 ¹695

284 276 357 317 lica,
389 276 439 309 vel
465 275 575 318 quavis
594 273 742 306 firmitate
761 273 822 306 alia
850 273 1019 312 roboratis,

283 328 408 362 statutis
441 333 472 361 et
507 327 805 367 consuetudinibus,
840 326 1018 370 privilegiis

283 392 427 425 qnoque,
460 380 594 413 indultis
626 386 657 413 et
690 380 806 413 litteris
834 379 1019 422 apostolicis

282 435 315 468 in
339 434 537 468 contrarium
567 433 820 477 praemissorum
841 432 1020 476 quomodo-

282 488 363 521 libet
387 487 560 527 concessis,
579 486 776 520 confirmatis
794 491 826 519 et
843 485 1018 526 innovatis;

283 541 400 585 quibus
425 540 574 574 omnibus
600 546 631 573 et
651 540 806 582 singulis,
825 539 954 572 illorum
974 543 1020 571 te-

282 605 377 628 nores
401 593 625 637 praesentibus
656 604 715 636 pro
746 594 841 636 plene
868 598 899 625 et
931 591 1019 625 sussi-

283 647 407 680 cienter
431 646 591 692 expressis
617 657 653 679 ae
681 646 719 678 ad
740 647 875 679 verbum
891 646 1019 679 insertis

283 700 456 738 habentes,
481 699 544 732 illis
570 699 646 732 alias
671 699 702 731 in
727 709 782 732 suo
805 699 922 732 robore
947 710 1019 742 pcr-

281 753 452 793 mausuris,
467 753 505 785 ad
521 753 768 795 praemissorum
786 751 944 791 effectum,
961 752 1020 785 hac

281 806 348 839 viee
375 807 549 845 dumtaxat,
584 805 770 848 specialiter
803 809 833 837 et
867 815 1018 847 expresse

281 859 496 902 derogamus;
530 858 709 902 ceterisque
745 858 914 891 contrariis
950 859 1019 902 qui-

279 912 491 955 buscumque.

324 966 339 1009 ξ
367 965 398 999 6.
435 966 590 999 Volumus
627 970 734 998 autem
766 970 800 998 ut
832 966 1018 999 earumdem

280 1019 503 1063 praesentium
528 1019 709 1052 litterarum
724 1019 946 1062 transumptis,
963 1030 1018 1052 seu

281 1073 449 1116 exemplis,
464 1072 560 1105 etiam
577 1072 863 1115 imp1·cssiS,1nanu
882 1073 1017 1106 alicuius

280 1126 397 1159 notarii
414 1125 537 1169 publici
556 1125 754 1168 subscriptis,
774 1131 805 1158 et
821 1126 927 1168 sigillo
946 1137 1019 1169 per-

280 1189 378 1212 sonae
404 1179 437 1212 in
463 1178 683 1212 ecclesiastica
711 1179 866 1221 dignitate
892 1180 1015 1212 consti-

281 1238 369 1265 tutae
394 1232 536 1270 munitis,
555 1232 668 1264 eadem
686 1242 819 1274 prorsus
844 1231 924 1265 fides
949 1232 1017 1265 ubi-

280 1296 342 1328 que
366 1285 514 1318 locorum
533 1284 700 1324 habeatur,
717 1295 800 1327 quae
822 1285 899 1327 ipsis
924 1295 1018 1327 prae-

279 1338 426 1371 sentibus
451 1338 630 1370 haberetur
660 1338 688 1370 si
717 1338 825 1371 forent
853 1337 1015 1371 exhibitae

278 1392 327 1424 vel
353 1396 514 1424 ostensae.

321 1444 436 1476 Datum
461 1444 590 1483 Romae,
616 1443 701 1486 apud
726 1442 756 1476 S.
776 1443 907 1476 Mariam
925 1443 1016 1477 Maio·

277 1508 356 1537 rem,
372 1498 431 1530 sub
445 1497 563 1530 annulo
581 1496 762 1537 piscatoris,
782 1497 834 1529 die
850 1507 888 1530 xv
906 1497 1015 1530 ianua-

276 1551 316 1584 rii
334 1561 471 1591 nncxcv,
490 1550 699 1594 pontificatus
716 1550 819 1584 nostri
844 1561 930 1583 anno
947 1561 989 1584 1v.

312 1613 372 1640 Dat.
390 1613 434 1641 die
451 1613 483 1640 15
498 1612 614 1640 ianuarii
631 1596 709 1646 1695',
726 1613 821 1648 pontif.
837 1621 906 1641 anno
923 1620 959 1640 tv.

126 977 189 998 tri-tes
213 980 269 999 tran·

87 1007 226 1031 suumomni.

633 1728 680 1763 CI.

276 1801 442 1834 Statuitur
465 1804 501 1833 ut
525 1801 675 1833 canonici
698 1800 864 1843 remila-res
889 1801 920 1835 S.
945 1801 1016 1835 Sat-

319 1854 450 1893 2·alor2‘S‚
467 1853 599 1887 Ordinis
612 1855 716 1886 suncti
733 1855 925 1895 Anysuslim',
944 1865 1014 1887 exe-

321 1908 447 1939 cutiam·
470 1907 622 1939 blandem
647 1907 888 1939 constitutiones
906 1907 943 1939 de
968 1917 1015 1940 re-

320 1959 492 2002 quim-ibus
515 1960 666 2003 professis
684 1960 725 1992 acl
743 1970 847 1992 eorum
868 1960 1012 1992 habitum

320 2023 385 2046 non
409 2013 606 2057 recipiendis
622 2013 642 2045 ¹.

453 2084 650 2111 Innocentius
671 2085 751 2118 Papa
771 2084 836 2116 XII,

412 2131 448 2156 ad
468 2129 605 2156 futuram
625 2129 670 2155 rei
690 2129 876 2156 memoriam.

102 2201 265 2231 c-›uumasonez
320 2192 334 2234 g
359 2190 645 2232 ¹1.Exponinobis
668 2201 775 2234 nuper
801 2192 947 2224 fecerunt
972 2192 1015 2225 di-

83 2232 264 2276 thiilffifimlff
276 2244 350 2277 lecti
366 2244 422 2277 filii
441 2244 563 2277 Marcus
581 2245 740 2277 Antonius
757 2244 892 2277 Matroni
915 2246 1014 2278 abbas

276 2297 438 2340 generalis
455 2303 487 2330 et
504 2298 647 2340 Angelus
662 2297 822 2330 Antonius
847 2298 1012 2331 Castellini

276 2357 470 2395 procurator
489 2351 654 2394 generalis
675 2351 944 2394 Congregationis
963 2364 1014 2386 ca-

313 2449 325 2474 1
339 2447 369 2474 In
379 2447 523 2474 Clementis
534 2447 553 2474 X
565 2451 650 2474 const.
669 2447 711 2474 ed.
723 2454 866 2481 noctxxw,
879 2449 922 2475 die
934 2455 1014 2476 xxrni

276 2491 419 2527 februarii,
440 2492 537 2527 pontif.
559 2498 595 2525 xl,
616 2492 705 2527 agitur
724 2492 757 2519 de
777 2493 911 2527 gubernio
931 2494 1012 2519 ahlm-

276 2541 355 2569 tum;
376 2540 403 2564 et
421 2536 449 2563 in
464 2536 609 2563 Clementis
623 2537 654 2563 xl
667 2540 753 2563 const.
770 2537 811 2564 ed.
829 2544 953 2572 nnccxut,
971 2538 1013 2564 die

872 224 1079 249 INNOCENTIUS
1104 226 1148 249 ΧΠ
1172 227 1219 250 PP.

1694 227 1752 261 671

1062 274 1254 308 nonicorum
1278 278 1477 319 regularium
1490 279 1521 313 S.
1542 279 1715 317 Salvatoris
1741 287 1796 319 Or-

1063 325 1146 359 dinis
1179 328 1279 360 saneti
1316 330 1510 372 Augustini,
1543 336 1640 377 quod,
1671 339 1795 371 tametsi

1061 389 1120 421 per
1137 381 1389 416 constitutiones
1406 384 1509 419 dictae
1531 386 1797 431 cong-rogationis

1062 442 1132 475 cap.
1159 444 1198 467 xv
1218 436 1232 478 g
1252 446 1303 469 x1x
1335 447 1489 480 expresse
1515 441 1729 482 prohibeatur
1756 454 1796 477 ne

1062 486 1230 530 quisquam
1255 489 1386 523 alterius
1412 491 1549 525 cuiusvis
1573 495 1732 537 regularis
1750 496 1798 528 in-

1062 539 1162 572 stituti
1187 542 1357 585 professor
1381 545 1420 577 ad
1446 545 1593 579 habitum
1618 558 1678 590 per
1702 559 1798 582 cano-

1062 593 1151 627 nicos
1187 597 1355 637 regulares
1387 597 1654 642 Congregationis
1686 602 1799 635 huius-

1062 648 1149 680 modi
1175 650 1295 691 gcstari
1331 652 1462 685 solitum
1496 654 1617 697 absque
1643 659 1798 699 expressa

1062 701 1194 743 capituli
1221 702 1364 736 eiusdem
1383 704 1648 749 Congregationis
1669 709 1799 742 licentia

1061 755 1130 787 ullo
1155 755 1251 788 modo
1277 757 1471 800 recipiatur,
1498 760 1711 795 nihilominus
1737 763 1800 796 sre-

1063 814 1203 851 quenter
1217 810 1351 843 aliarum
1372 813 1660 855 congregationum
1676 825 1731 848 seu
1747 815 1800 848 Or-

1062 862 1173 895 dinum
1198 863 1358 906 religiosi,
1386 865 1424 898 ad
1450 868 1627 909 praefatam
1651 867 1798 910 Congre-

1062 916 1225 958 gationem
1243 927 1276 950 se
1295 919 1473 952 transferre
1492 921 1669 963 cupientes,
1689 932 1798 955 secum

1062 980 1159 1013 super
1182 970 1418 1014 impedimento
1443 973 1625 1016 praedicto,
1644 975 1725 1007 itaut
1741 975 1798 1008 illo

1061 1034 1126 1056 non
1151 1025 1300 1058 obstante
1327 1026 1360 1058 in
1386 1027 1531 1060 eamdem
1567 1027 1796 1071 Congregatio·

1061 1087 1135 1110 nem
1161 1078 1200 1111 de
1225 1089 1387 1112 consensu
1423 1081 1523 1114 solius
1558 1092 1618 1124 pro
1652 1088 1797 1126 tempore

1062 1131 1231 1164 existentis
1257 1131 1382 1166 abbatis
1407 1134 1568 1176 generalis
1594 1135 1696 1168 dictae
1717 1136 1798 1169 Con-

1061 1185 1270 1227 gregationis,
1296 1186 1350 1229 qui
1376 1187 1466 1220 illum
1491 1193 1627 1231 propter
1652 1189 1797 1222 efficaces

1061 1237 1314 1271 intercessiones
1355 1245 1450 1283 atque
1494 1241 1798 1275 commendationes

1060 1290 1254 1333 plerumque
1289 1291 1407 1324 invitus
1436 1298 1602 1335 praestare
1634 1295 1797 1337 compelli-

1060 1348 1120 1383 tur,
1147 1344 1249 1387 recipi
1269 1345 1405 1385 valeant,
1426 1346 1606 1389 dispensari
1632 1347 1794 1380 obtinent.

1103 1397 1117 1439 ἓ
1142 1396 1172 1429 9..
1192 1397 1270 1430 Cum
1297 1404 1414 1439 autem,
1436 1399 1518 1432 sicut
1536 1400 1651 1433 eadem
1669 1401 1796 1444 exposi-

1060 1449 1103 1482 tio
1122 1450 1359 1492 subiungebat,
1391 1462 1427 1484 ex
1459 1452 1559 1486 nimia
1592 1453 1695 1487 dictos
1722 1453 1797 1487 reli-

1059 1501 1176 1543 giosos,
1193 1503 1233 1535 ab
1251 1503 1322 1536 aliis
1337 1505 1648 1547 congregationibus
1670 1516 1723 1539 seu
1741 1506 1797 1539 Or·=

1059 1555 1199 1595 dinibus,
1232 1556 1314 1589 sicut
1338 1558 1557 1600 praemittitur
1573 1585 1580 1599 ‚
1608 1560 1792 1600 translatos,

1059 1608 1238 1651 recipiendi
1265 1610 1424 1650 facultate,
1450 1611 1558 1653 gravia
1583 1612 1689 1645 eidem
1714 1612 1795 1646 Con-

1057 1662 1239 1704 gregationi
1266 1663 1394 1703 damna,
1417 1664 1640 1698 dissensiones
1667 1670 1698 1698 et
1721 1676 1796 1709 per-

1059 1715 1262 1748 turbationes
1298 1717 1429 1759 saepius
1465 1718 1678 1759 obvoeierint,
1705 1719 1794 1751 etin

1059 1767 1127 1800 dies
1142 1768 1332 1802 obveniant:
1347 1770 1440 1803 nobis
1457 1777 1635 1814 propterea
1654 1772 1729 1805 dicti
1745 1783 1793 1805 ex-

1058 1827 1218 1864 ponentes
1245 1823 1415 1856 humiliter
1432 1825 1608 1868 supplicari
1635 1826 1793 1866 fecerunt,

1058 1879 1102 1916 ut,
1119 1875 1210 1907 malis
1236 1876 1424 1909 huiusmodi
1460 1879 1654 1912 occurrendi
1680 1879 1796 1922 ipsius-

1059 1938 1119 1971 que
1145 1928 1414 1972 Congregationis
1440 1931 1611 1973 religiosae
1638 1932 1738 1975 quieti
1764 1938 1797 1965 et

1059 1983 1286 2025 tranquillitati
1304 1986 1494 2018 consulendi
1507 1996 1597 2028 ergo,
1614 1993 1795 2030 opportune

1058 2035 1092 2067 in
1117 2035 1300 2078 praemissis
1330 2037 1501 2079 providere
1528 2044 1559 2071 et
1582 2044 1616 2071 ut
1640 2039 1723 2072 infra
1747 2040 1797 2072 in-

1059 2089 1190 2130 dulgere
1209 2089 1247 2121 de
1268 2088 1470 2132 benignitate
1490 2092 1671 2134 apostolica
1688 2093 1796 2135 digna-

1058 2151 1180 2174 remur.

1102 2195 1116 2238 ξ
1140 2194 1172 2228 3.
1199 2194 1262 2228 Nos
1280 2195 1386 2238 igitur,
1411 2198 1600 2231 eorumdem
1625 2199 1707 2233 votis
1733 2200 1794 2234 hac

1058 2247 1090 2280 in
1117 2258 1162 2287 re,
1180 2254 1335 2291 quantum
1362 2260 1433 2282 cum
1457 2250 1593 2285 Domino
1608 2263 1793 2295 possumus,

1058 2301 1276 2335 favorabiliter
1295 2313 1439 2336 annuere
1457 2305 1615 2345 volentes,
1634 2311 1665 2340 et
1682 2317 1794 2340 eorum

1058 2355 1240 2398 singulares
1265 2366 1420 2398 personas
1440 2367 1457 2390 a
1477 2358 1644 2401 quibusvis
1670 2370 1794 2394 excom-

1058 2407 1295 2448 municationis,
1313 2410 1535 2452 suspensionis
1561 2416 1592 2443 et
1616 2412 1792 2455 interdicti,

1057 2461 1192 2504 aliisque
1218 2462 1447 2495 ecclesiasticis
1473 2465 1652 2506 sententiis
1679 2477 1793 2500 censu-

1060 2513 1101 2545 ris
1131 2518 1162 2546 et
1186 2515 1318 2556 poenis,
1343 2526 1360 2547 a
1393 2515 1462 2548 iure
1487 2517 1537 2549 vel
1563 2517 1602 2549 ab
1635 2518 1790 2560 homine,

1804 238 1850 267 An.
1869 239 1898 267 C.
1922 239 1990 267 1095

1830 1417 1898 1438 Causa
1910 1419 1991 1440 statuti.

1882 2211 1987 2231 Statilium

1805 2237 1943 2264 praedatum.

276 2583 311 2610 ΞΟ
330 2581 409 2615 iunii,
430 2581 602 2615 pontificatus
622 2582 868 2611 vtll,confir1natur
883 2583 1013 2609 constitu-
1058 2577 1170 2609 4ἸῙΠῙῊΞ
1193 2577 1361 2600 OCCtISIOne
1378 2569 1427 2601 vel
1454 2572 1547 2602 catisst
1572 2571 1653 2610 lan-51
1673 2572 1699 2603 Si
1726 2573 1792 2615 qlli-

277 2628 314 2655 tio
334 2625 408 2653 Pauli
422 2632 439 2652 v
458 2628 553 2652 contra
571 2625 732 2653 ambientes,

1057 2620 1114 2652 bus
1131 2620 1374 2664 quomodolibet
1393 2622 1566 2656 innodatae
1585 2624 1731 2666 existant,
1750 2626 1790 2660 ad
