2254 3225
174 205 221 230 An.
238 204 265 229 c.
290 202 355 228 icoo
400 193 442 224 Gt)

364 251 545 284 huiusmodi
573 250 694 293 pariter
718 249 812 282 bonis
839 248 944 281 dotata
968 246 1098 285 suerint,

363 310 425 336 tam
443 304 482 336 ab
501 314 613 336 eornm
635 302 796 345 primaeva
810 300 983 338 erectione,
1002 309 1097 342 quam

364 368 400 390 ex
429 362 502 389 tunc
529 356 682 400 deinceps
701 354 828 398 quoties
856 354 909 386 illa
933 351 1098 395 quibusvis

364 410 467 443 modis
502 416 533 442 et
566 420 600 441 ex·
639 417 917 451 quorumcumque
953 403 1098 447 personis

364 464 458 496 etiam
481 463 564 506 apud
586 462 700 495 Sedent
719 460 865 493 eamdem
892 469 1005 491 vacare
1023 466 1099 489 con-

365 516 484 557 tigerit,
502 515 656 557 episcopo
682 514 721 545 de
740 513 846 545 Petam
869 522 926 554 pro
953 516 1099 551 tempore

366 567 516 600 existenti
530 566 703 609 praedicto,
719 565 801 596 insi-a
817 559 1006 596 [1-1011111111111
1021 571 1036 591 a
1052 560 1100 591 iu-

366 631 401 653 re
419 620 608 663 praefixum,
621 618 768 651 siniiliter
782 627 839 659 per
854 625 935 653 cum,
952 614 990 645 ad
1008 622 1100 655 prae-

366 672 580 705 sentationem
601 671 681 703 Petri
702 669 786 711 regis
812 673 843 700 ct
870 677 929 710 pro
957 672 1099 707 tempore

366 725 571 758 existentium
590 721 801 764 Portugalliae
827 726 857 752 et
874 718 1099 761 Algarbiorum

366 787 489 819 regum,
505 777 536 808 in
561 776 640 819 ipsis
662 773 881 817 dignitatibus,
908 768 1101 803 canonicati-

366 830 428 863 bus
454 834 484 862 et
519 827 712 871 praebendis
745 837 781 857 ac
813 823 981 856 beneficiis
1012 820 1102 852 insti-

367 883 502 915 tuendas
512 881 532 922 ²,
553 881 662 914 eadem
680 878 867 911 auctoritate
885 875 1007 918 pariter
1034 883 1103 916 per-

368 940 465 978 petuo
491 943 687 967 reservamus
713 937 744 964 et
768 929 985 963 concedimus.

413 988 427 1030 g
457 988 487 1020 7.
525 987 740 1019 Decerneutes
774 983 820 1015 ius
855 985 1043 1024 patronatus
1072 983 1103 1010 et,

370 1039 598 1084 praesentandi
633 1035 815 1070 huiusmodi
848 1035 941 1066 Petro
978 1038 1010 1065 et
1044 1042 1103 1075 pro

372 1102 516 1136 tempore
537 1091 748 1124 existentibus
781 1089 911 1130 regibus
930 1086 1103 1130 praedictis

372 1158 408 1180 ex
435 1146 532 1179 meris
558 1143 803 1176 Fundationibus
828 1146 860 1174 ct
886 1139 1105 1173 dotationibns

372 1204 570 1242 competere,
596 1197 706 1239 illique
726 1196 819 1228 etiam
839 1193 1107 1227 consistorialiter

372 1261 576 1296 quaerunque
594 1250 717 1282 ratione
737 1247 888 1290 derogari
915 1257 978 1279 non
997 1257 1104 1289 posse,

372 1315 431 1337 nec
456 1305 645 1345 derogatum
667 1302 809 1340 censeri,
829 1301 889 1333 nisi
908 1300 1007 1343 ipsius
1024 1300 1106 1332 Petri

374 1363 405 1390 et
422 1368 481 1400 pro
500 1362 645 1398 tempore
663 1354 870 1387 existentium
887 1364 1000 1396 regum
1018 1363 1109 1396 prae-

374 1410 533 1442 dictorum
569 1409 607 1441 ad
645 1409 675 1440 id
709 1418 879 1450 expressus
904 1406 1038 1439 accedat
1063 1416 1110 1438 as-

375 1473 497 1499 sensus,
524 1467 562 1501 et,
585 1461 608 1493 si
636 1461 730 1493 aliter
755 1460 868 1503 quovis
893 1459 989 1492 modo
1015 1459 1111 1491 dero-

376 1520 477 1557 getur,
500 1513 731 1556 derogationes
757 1512 953 1551 huiusmodi,
969 1522 1039 1543 cum
1065 1511 1111 1542 in-

376 1568 415 1600 de
441 1567 570 1605 secutis,
592 1566 710 1599 nullius
736 1565 876 1605 roboris,
895 1564 1055 1597 efficaciae
1082 1569 1112 1595 et

377 1621 533 1653 momenti
559 1620 649 1659 sore,

422 1674 436 1715 ἓ
462 1672 493 1705 8.
520 1672 634 1715 Sicque
654 1682 712 1715 per
728 1681 950 1714 quoscumque
976 1670 1111 1708 iudices,

380 1722 477 1758 etiam
502 1724 742 1757 commissarios
776 1724 886 1767 quavis
919 1723 1113 1755 auctoritate

380 1780 563 1821 fungentes,
599 1778 693 1810 etlam
727 1779 757 1811 S.
790 1778 826 1810 P..
857 1777 890 1809 E.
923 1777 1115 1814 cardinales,

381 1832 478 1865 etiam
514 1833 552 1865 de
590 1833 689 1864 latere
724 1832 868 1873 legatos,
905 1830 1115 1872 vicelegatcs,

380 1886 536 1928 Sedisque
559 1885 743 1928 praedictae
764 1884 909 1923 nuncios,
929 1884 1024 1916 etiam
1049 1893 1118 1915 cau-

380 1949 485 1971 sarum
511 1938 620 1981 palatii
645 1937 815 1981 apostolici
841 1937 1019 1977 auditores,
1047 1937 1119 1968 sub-

380 1991 444 2023 lata
469 1991 514 2023 eis
541 1996 572 2023 et
596 2000 710 2023 eorum
735 1989 870 2022 cuilibet
887 1989 1000 2032 quavis
1026 1989 1119 2021 aliter

381 2043 544 2075 iudicandi
570 2048 600 2075 et
626 2042 864 2085 interpretandi
902 2041 1051 2074 facultate
1089 2047 1120 2074 et

382 2096 582 2135 auctoritate,
603 2096 736 2128 iudicari
762 2100 793 2127 ct
818 2094 945 2127 definiri
973 2095 1116 2134 debere,

383 2148 509 2181 irritum
528 2159 656 2191 quoque
676 2154 707 2181 et
731 2148 825 2180 inane
851 2147 1006 2190 quidquid
1028 2157 1119 2179 secus

384 2202 545 2244 superbis
560 2212 577 2234 a
598 2212 770 2244 quoquam,
790 2201 899 2244 quavis
916 2200 1119 2239 auctoritate,

384 2255 524 2287 scienter
541 2255 589 2287 vel
609 2255 808 2297 ignoranter,
823 2253 998 2295 contigerit
1018 2258 1118 2285 atten-

386 2307 458 2340 tari.

429 2361 443 2403 g
467 2360 497 2393 9.
540 2360 609 2393 Non
649 2361 853 2393 obstantibus
894 2358 1120 2392 Lateranensis

386 2414 513 2447 concilii
540 2414 711 2447 novissime
737 2414 890 2447 celebrati
916 2413 955 2446 ab
974 2411 1120 2445 ecelesiis

387 2468 530 2499 membra
555 2467 709 2509 distingui
735 2473 765 2500 et
785 2467 883 2499 dividi
902 2465 1120 2509 prohibentis,

202 998 323 1022 clausulae.

211 1673 310 1700 mansula
320 1671 367 1693 sub-

194 1708 234 1727 0111.

220 2365 374 2387 Contrariorum

193 2391 309 2415 dei-ozano.

425 2536 436 2560 1
459 2535 575 2569 Legeud.
597 2535 630 2562 de
652 2543 725 2561 more
745 2535 824 2561 solito
846 2534 1001 2562 terminumn
1015 2534 1054 2567 (R.
1071 2534 1107 2565 T).

425 2578 440 2605 2
459 2577 524 2605 Mate
544 2578 586 2605 cd.
608 2578 687 2607 Main.
709 2579 773 2614 legit
793 2578 980 2607 instituendis
999 2578 1038 2612 (R.
1059 2577 1109 2612 τ.).

947 198 1125 222 BtJLLaniffli
1154 197 1169 219 P.
1176 196 1235 218 (Ula
1242 195 1305 218 Stat

1138 1989 1148 2030 1

1142 255 1177 277 ac
1202 244 1312 285 regula
1339 243 1447 274 uostra
1473 241 1510 273 de
1538 251 1603 272 non
1629 239 1776 272 tollendo
1806 237 1876 270 iure

1143 296 1289 339 quaesito
1316 301 1346 328 et.
1377 294 1553 327 unionibus
1578 291 1818 325 committendis
1843 301 1878 323 ac

1141 350 1249 381 valore
1275 347 1497 390 exprimendo,
1524 351 1682 389 quatenns
1706 356 1787 388 opus
1813 345 1850 376 sit
1869 371 1876 384 ,

1143 401 1282 443 aliisque
1300 399 1583 432 constitutionibus
1609 404 1641 431 et
1666 397 1880 431 ordinationi-

1142 454 1202 485 bus
1227 453 1429 495 aps›stolicis;
1449 452 1566 494 quibus
1585 451 1736 484 omnibus
1761 456 1793 483 et
1816 451 1880 482 sin-

1144 506 1239 548 gulis,
1268 505 1392 538 etiamsi
1419 505 1457 537 de
1495 505 1558 537 illis
1596 514 1771 546 corumque
1804 503 1879 536 totis

1146 559 1309 591 tenoribus
1341 557 1502 600 specialis,
1537 557 1694 599 specifica,
1728 567 1881 599 expressa

1145 616 1176 643 et
1200 611 1376 647 individua,
1410 620 1476 642 non
1507 614 1614 641 autem
1638 619 1696 652 per
1721 609 1881 641 clausulas

1145 664 1313 706 generales
1339 662 1423 694 idem
1441 662 1666 705 importanteS,
1685 661 1807 694 mentio
1825 671 1881 694 sen

1145 715 1275 759 quaevis
1297 715 1357 748 alia
1383 714 1547 757 expressio
1572 714 1723 747 habenda
1747 719 1801 746 aut
1825 714 1882 747 ali-

1146 780 1207 811 qua
1224 769 1285 801 alia
1303 768 1461 810 exquisita
1480 768 1581 800 forma
1603 767 1642 800 ad
1667 768 1730 800 hoc
1754 777 1882 800 servan-

1146 822 1184 853 de
1210 821 1299 860 soret,
1326 820 1390 853 illis
1415 821 1492 853 alias
1517 820 1549 852 in
1575 831 1635 853 suo
1661 820 1778 853 robore
1804 830 1880 862 per-

1146 874 1319 913 mansuris,
1344 874 1405 906 bac
1421 873 1489 906 vice
1507 874 1682 913 dumtaxat,
1699 873 1884 916 specialiter

1148 932 1180 959 et
1215 937 1368 970 expresse
1405 927 1520 958 harum
1558 926 1641 959 serie
1678 926 1882 968 derogamus,

1147 980 1318 1013 contrariis
1343 979 1610 1022 quibuscumque.

1192 1032 1283 1075 §to
1311 1031 1396 1064 Nulli
1434 1043 1512 1074 crgo
1549 1031 1681 1064 omnino
1717 1031 1883 1064 hominum
1921 1040 1934 1075 ξ

1149 1085 1246 1117 liceat
1270 1085 1355 1117 banc
1385 1084 1536 1127 paginam
1573 1089 1701 1117 nostrae
1735 1073 1935 1126 segrega-⁰³⁴¹

1150 1138 1257 1178 tionis,
1283 1137 1460 1176 divisionis,
1487 1137 1712 1180 separationis,
1735 1137 1887 1170 dismem-

1149 1190 1320 1229 brationis,
1348 1189 1576 1233 exemptionis,
1602 1189 1816 1230 liberationiS,
1837 1190 1888 1222 de-

1150 1243 1342 1282 corationis,
1370 1243 1552 1282 erectionis,
1578 1242 1798 1281 institutionis,
1818 1252 1889 1275 con-

1151 1296 1319 1335 cessionis,
1335 1295 1572 1337 assignationis,
1588 1295 1806 1333 subiectionis,
1833 1305 1889 1337 ap-

1150 1348 1343 1392 plicationis,
1366 1347 1620 1390 approbationis,
1647 1347 1886 1385 reservationis

1152 1401 1272 1434 decreti
1298 1406 1329 1433 et
1360 1400 1580 1443 derogationis
1617 1400 1807 1442 infringere,
1838 1400 1889 1447 vel

1154 1455 1181 1487 ei
1217 1465 1297 1486 ausu
1333 1453 1507 1486 temerario
1538 1452 1724 1492 contraire;
1755 1452 1779 1484 si
1817 1452 1888 1494 quis

1153 1513 1261 1540 autem
1286 1507 1348 1539 boc
1373 1512 1530 1538 attentare
1556 1505 1821 1548 praesumpserit,
1844 1504 1891 1536 in-

1155 1559 1377 1603 dignationem
1403 1557 1639 1601 omnipotentis
1673 1557 1728 1589 Dei
1755 1567 1790 1589 ac
1815 1556 1892 1589 bea-

1157 1619 1261 1646 torum
1288 1611 1371 1644 Petri
1399 1617 1430 1644 et
1454 1611 1541 1643 Pauli
1567 1611 1791 1653 apostolorum
1821 1608 1889 1642 eius

1155 1676 1188 1698 se
1214 1665 1342 1698 noverit
1367 1664 1584 1696 incursurum.

1199 1719 1314 1751 Datum
1340 1718 1472 1756 Romae,
1499 1717 1584 1760 apud
1615 1717 1646 1749 S.
1674 1715 1804 1750 Mariam
1831 1715 1893 1748 Ma-

1160 1772 1273 1811 iorem,
1313 1781 1397 1803 anno
1437 1770 1671 1802 Incarnationis
1707 1768 1892 1801 Dominicae

1159 1835 1274 1863 uocxc,
1303 1834 1330 1856 u·
1355 1824 1427 1856 idus
1453 1822 1578 1865 aprilis,
1602 1822 1810 1865 pontificatus
1836 1830 1894 1853 no-

1161 1877 1217 1910 stri
1240 1887 1325 1909 auno
1351 1887 1373 1909 1.

1196 1938 1252 1965 Dat.
1271 1937 1313 1964 die
1331 1937 1363 1964 10
1378 1936 1469 1972 aprilis
1490 1936 1567 1968 1690,
1585 1935 1681 1971 pontif.
1702 1943 1774 1962 anno
1790 1941 1811 1962 Ι.

1477 2070 1580 2103 XVIII.

1162 2142 1360 2176 Extenditur
1393 2142 1429 2174 in
1462 2145 1654 2185 perpetuum
1688 2139 1898 2183 inslnlyaentia

1205 2196 1382 2228 stationum
1424 2194 1516 2226 Urbis
1554 2194 1593 2225 ab
1630 2193 1819 2225 Innocentio
1849 2193 1901 2225 XI

1207 2246 1528 2290 consratern{talibus
1552 2246 1591 2277 Β.
1612 2245 1735 2277 Mariae
1761 2245 1797 2276 ‹Ir¹
1823 2245 1888 2276 aller

1207 2300 1278 2333 cede
1294 2299 1534 2341 Reclemplsom's
1553 2298 1761 2340 Captivorum
1787 2297 1829 2329 acl
1853 2296 1900 2329 de-

1208 2353 1358 2386 connium
1378 2350 1570 2384 concessae'.

1202 2443 1212 2468 1
1236 2441 1310 2468 Aliae
1329 2440 1512 2474 indulgentiae
1532 2438 1629 2464 barum
1653 2437 1902 2464 confraternitatum

1165 2490 1255 2513 extant
1269 2486 1295 2512 in
1310 2484 1456 2511 Innocentii
1472 2483 1506 2509 XI
1526 2483 1632 2509 constit.
1653 2482 1716 2508 edit.
1737 2489 1900 2512 moctxxviu,

1166 2531 1209 2558 die
1228 2530 1262 2556 25
1282 2528 1446 2560 decembris,
1472 2527 1565 2562 pontif.
1588 2533 1627 2559 ul,
1655 2531 1681 2552 et
1708 2526 1851 2552 Clementis
1871 2525 1901 2552 Xt

1167 2574 1273 2602 constit,
1293 2573 1355 2601 edit.
1374 2577 1486 2606 nocent,
1503 2570 1545 2598 die
1561 2570 1595 2598 23
1614 2570 1736 2604 ianuarii,
1754 2569 1902 2605 pontit.111.

1886 190 1932 215 An.

1947 188 1977 214 C.
2001 189 2069 216 ¹090

1938 1042 2008 1061 unctio
2027 1047 2078 1068 poo-

1939 1074 1956 1088 ⁸.
