2227 3225
0 225 3 258 !
135 225 186 253 An.
206 223 235 252 C.
253 223 318 252 ¹692

161 910 191 933 De
205 911 269 933 ludis.

162 1157 192 1179 De
211 1157 319 1185 pronissis.

160 2023 191 2045 De
206 2023 319 2051 prioribus.

916 225 1101 247 ALtsztvtutli
1129 225 1183 247 viil
1209 226 1256 247 1³1³.

327 277 413 311 caput
429 281 475 301 xix
492 278 656 302 nostrarum
673 272 912 302 constitutionum
928 273 963 301 de
980 272 1063 300 vesti*

327 321 396 357 bus;
421 325 495 360 quod
518 322 540 351 si
564 322 711 360 corrigere
734 321 883 359 negligant
906 330 973 349 suos
995 319 1064 349 sub-

326 369 413 408 ditos,
432 370 522 408 pileos
543 370 728 400 uniformiter
745 369 894 408 religiosos
913 378 969 398 non
988 368 1065 397 defe-

326 422 445 456 rentes,
479 422 528 448 aut
560 418 652 448 bireta
683 418 795 455 serica,
824 417 986 447 chirotecas
1018 416 1062 445 vel

327 465 413 505 pallia
437 475 488 506 per
510 466 679 504 civitatem,
708 466 752 506 vel
775 465 844 504 quid
873 473 993 494 aureum
1015 467 1064 493 aut

326 519 495 552 argenteum
512 515 571 545 suis
587 515 617 544 iii
633 514 762 544 vestibus
783 518 831 543 aut
847 513 980 542 inanibus
999 522 1064 551 por-

327 567 434 601 tantes,
452 565 576 603 utraque
598 572 666 593 voce
682 567 800 592 careant
817 562 846 592 in
870 561 1000 601 proxime
1023 561 1063 590 fii-

329 617 392 641 turo
411 612 539 651 capitulo
561 611 731 651 provinciali
747 621 752 640 :
769 611 816 640 cui
831 610 932 640 itidem
955 618 1064 648 poenae

326 660 520 690 subiicientur
542 661 664 700 priores,
688 660 711 689 si
733 659 899 689 sacerdotes
921 658 984 688 sine
1002 667 1065 687 sca-

327 708 422 747 pulari
451 717 532 738 sacra
556 717 712 747 peragere,
730 711 778 737 aut
799 716 864 736 cuin
886 706 980 736 bireto
1002 707 1064 735 sine

327 757 434 787 ainictu
451 757 485 787 ad
502 757 594 786 altare
616 756 753 786 accedere
767 779 774 792 ‚
792 756 837 785 vel
856 755 885 785 in
908 755 998 785 sacris
1016 763 1065 794 pe-

326 805 463 844 ragendis
485 806 582 836 tunica
604 804 698 843 brevi,
715 805 827 835 scilicet
842 804 1004 843 itineraria,
1022 804 1065 834 uti

328 855 506 895 permittant.

367 912 409 933 111.
432 903 514 939 Quod
535 912 635 933 omnes
662 907 689 933 et
711 903 836 941 singuli,
859 906 909 933 aut
937 902 1013 933 inter
1035 911 1064 932 se

329 957 378 983 aut
400 961 466 982 cum
490 952 688 982 saecularibus
710 952 794 981 ludos
816 961 830 981 a
852 952 914 990 lege
938 952 1066 990 prohibi-

328 1005 372 1031 tos
385 1000 535 1039 habentes,
554 1000 884 1030 excommunicationem
902 1000 1063 1037 incurrant,

328 1051 477 1080 reservata
505 1049 641 1079 facultate
673 1049 883 1087 absolutionis,
907 1050 985 1079 iuxta
1009 1050 1065 1078 for-

329 1107 405 1127 mam
427 1097 682 1127 constitutionum.

368 1155 406 1176 iv.
430 1146 510 1181 Quod
525 1146 645 1175 iuvenes
661 1145 782 1185 professi
798 1145 958 1175 nullimode
969 1154 983 1175 a
997 1155 1065 1175 con-

329 1193 476 1232 ventibus,
499 1194 528 1224 in
551 1193 657 1233 quibus
679 1198 722 1223 est
745 1193 902 1223 novitiatus
929 1198 978 1223 aut
999 1203 1064 1232 pro-

328 1243 462 1281 sessatus,
477 1242 511 1272 ad
525 1251 616 1281 usque
628 1251 737 1271 annum
750 1241 923 1279 vigesimum
939 1242 1062 1280 primuni

327 1291 430 1320 aetatis
452 1295 674 1326 removeantur,
693 1290 742 1328 qui
766 1291 873 1328 pariter
895 1290 928 1319 de
951 1290 1063 1319 idoneis

327 1339 474 1376 magistris
486 1338 521 1367 ad
536 1338 707 1367 litterariam
723 1338 915 1367 eruditionem
931 1343 1064 1377 spectan-

327 1386 417 1425 tibus,
434 1386 563 1416 subsidio
585 1386 742 1416 honorario
763 1396 778 1416 a
801 1386 927 1425 capitulo
947 1387 1063 1425 provin-

327 1435 394 1465 ciali
417 1435 539 1465 taxando
561 1435 732 1471 conductis,
754 1435 812 1464 sint
838 1435 957 1474 provisi.
982 1435 1062 1470 Quod

327 1483 351 1513 si
373 1483 529 1521 contigerit
544 1483 671 1522 aliquem
694 1483 828 1512 iuvenem
852 1484 1011 1521 professum
1027 1483 1063 1513 ob

326 1531 486 1569 legitimam
501 1540 616 1561 causam
633 1541 647 1560 a
664 1531 836 1570 provinciali
855 1532 1062 1561 removendum
1083 1527 1084 1530 ¹

327 1589 402 1618 esse,
426 1581 490 1610 talis
512 1580 626 1610 iuvenis
648 1580 677 1610 in
699 1581 755 1610 alio
777 1586 931 1619 conventu,
955 1581 984 1610 in
1007 1591 1062 1619 qno

328 1629 372 1658 vel
395 1629 552 1659 novitiatus
574 1628 618 1658 vel
642 1630 821 1668 professatiis
843 1629 898 1667 sit,
922 1630 957 1659 de
981 1630 1062 1659 sanii-

327 1677 368 1706 lia
389 1677 565 1715 assignetur,
588 1678 720 1707 consulto
743 1682 838 1708 tamen
862 1678 942 1717 prius
965 1679 1062 1717 priore

327 1727 468 1764 generali.

366 1782 394 1803 v.
417 1774 447 1804 Si
468 1774 601 1805 redditus
623 1778 818 1805 conventuum
845 1784 903 1804 non
925 1775 983 1805 sint
1005 1777 1063 1805 suf-

327 1822 458 1852 ficientes
474 1827 505 1852 ut
527 1823 557 1852 in
579 1823 636 1852 illis
651 1823 770 1852 iuvenes
792 1823 912 1861 professi
934 1824 1060 1862 alantur,

328 1875 396 1900 tunc
409 1871 439 1900 iii
455 1871 582 1910 capitulo
601 1871 772 1910 provinciali
788 1871 984 1902 decernantur
996 1872 1063 1902 sub-

326 1919 410 1953 sidia,
434 1919 540 1958 quibus
561 1920 591 1949 in
614 1920 768 1958 praedictis
790 1920 982 1950 conventibus
998 1931 1063 1960 pro·

327 1969 450 1998 sessatus
472 1968 586 1998 institui
608 1973 695 2007 queat
717 1973 744 1998 et
765 1970 941 1999 conservari.

368 2025 406 2046 vi.
429 2017 500 2046 Item
522 2017 679 2046 decrevere
705 2021 736 2046 ut
756 2017 849 2047 dietae
879 2018 1060 2057 auferantur,

328 2069 356 2095 et
377 2065 453 2107 quod
469 2065 591 2104 priores,
609 2065 831 2104 provincialium
848 2075 938 2104 inore,
956 2067 1061 2097 durent

328 2124 379 2154 per
402 2114 571 2151 triennium,
598 2114 653 2144 hoc
671 2119 767 2144 tamen
790 2119 871 2154 pacto
893 2116 969 2154 quod
992 2126 1062 2155 quo-

325 2161 396 2192 libet
427 2163 551 2192 triennio
573 2172 588 2192 a
610 2163 758 2201 generali,
782 2163 914 2192 consulto
946 2165 1062 2202 provin-

326 2210 411 2246 ciali,
435 2211 687 2240 consirmationeni
716 2215 814 2249 petant
843 2216 870 2240 et
898 2211 1058 2241 obtineant.

325 2258 406 2294 Quod
426 2259 450 2288 si
471 2259 556 2289 iustis
577 2259 612 2289 de
633 2260 729 2289 causis
750 2260 896 2297 generalis
910 2261 975 2290 illos
994 2270 1061 2290 con-

325 2307 442 2336 firmare
464 2307 590 2337 noluerit
605 2331 612 2345 ,
636 2312 705 2337 tunc
726 2308 850 2346 eligatur
872 2318 886 2337 a
910 2310 1057 2346 generali,

325 2355 496 2393 provinciali
517 2360 546 2385 et
567 2356 643 2386 socio
666 2365 758 2386 novus
790 2357 868 2395 prior
891 2358 940 2396 qui
964 2367 1059 2396 perse—

324 2409 404 2434 veret
425 2405 455 2434 in
477 2405 572 2434 officio
593 2415 684 2444 usque
702 2405 737 2434 ad
758 2405 918 2444 capitulum
943 2407 1059 2444 provin-

325 2453 409 2491 ciale,
432 2454 533 2483 eadem
555 2454 684 2493 quolibet
705 2464 780 2484 anno
802 2455 1024 2484 confirmatione
1042 2465 1057 2484 a

325 2506 406 2540 patre
434 2503 563 2540 generali
593 2503 721 2533 obtenta.
745 2503 862 2533 Priores
890 2508 985 2533 autem
1009 2506 1057 2542 qui

325 2550 360 2579 de
381 2551 456 2581 sacto
477 2556 560 2588 sunt,
584 2557 733 2591 postquam
756 2561 807 2591 per
832 2552 982 2582 biennium
1005 2562 1057 2583 suo

324 2600 433 2630 fuerint
448 2601 542 2631 officio
565 2602 719 2640 perfuncti,
736 2602 800 2632 illos
818 2602 898 2641 prior
913 2602 1057 2640 generalis

1736 219 1800 250 ‘163
1848 229 1897 254 An.
1913 226 1942 255 C.
1962 228 2029 255 1691

1105 277 1153 301 aut
1176 272 1360 309 confirmare,
1384 278 1431 302 aut
1454 283 1559 302 novum
1583 275 1721 312 priorem,
1745 276 1768 305 si
1792 285 1841 305 ex-

1106 320 1204 359 pedire
1220 321 1377 359 videbitur,
1391 321 1498 359 eligere
1517 322 1610 351 valeat
1623 332 1713 361 usque
1725 324 1759 353 ad
1776 333 1842 363 pro-

1106 369 1215 398 ximum
1237 369 1367 399 futurum
1390 370 1550 408 capitulum
1574 370 1760 408 provinciale.

1146 425 1193 446 vu.
1211 417 1321 447 Mature
1342 418 1559 447 considerantes
1581 418 1751 449 definitores
1772 430 1842 459 quo·
1878 433 1906 452 [τη
1926 435 2035 459 „mmm

1106 465 1190 494 modo
1213 465 1242 494 in
1265 466 1416 504 provincia
1438 466 1570 496 Corsicae
1593 466 1702 496 abusus
1733 468 1841 498 aboleri
1851 458 1942 479 mmm·

1106 522 1138 542 ac
1160 513 1289 552 religiosi
1314 523 1407 543 mores
1440 514 1585 544 introduci
1619 520 1756 554 possent,
1780 522 1844 555 post

1106 561 1260 590 reiteratas
1276 571 1307 591 ac
1324 561 1479 599 diligenter
1496 562 1642 592 discussas
1664 564 1758 593 varias
1778 574 1844 604 pro-

1107 609 1277 648 positiones,
1301 610 1456 640 (lecreverc
1472 611 1547 649 quod
1566 611 1695 650 quinque
1718 621 1844 643 conven-

1107 661 1163 693 tus,
1187 657 1238 696 qui
1260 662 1327 687 sunt
1355 658 1384 687 in
1407 658 1535 695 Corsica,
1559 664 1754 697 aggregentur
1774 670 1845 700 qua-

1107 709 1172 734 tuor
1194 705 1259 735 aliis
1281 705 1334 735 sub
1356 706 1484 736 dominio
1507 707 1693 737 Ianuensiuni
1712 713 1740 738 et
1761 709 1844 739 ducis

1106 754 1215 784 Massae
1238 755 1440 793 existentibuS,
1457 760 1484 785 et
1500 765 1534 785 ex
1552 756 1610 786 illis
1626 766 1698 787 nova
1714 758 1845 796 erigatur

1107 803 1266 842 provincia,
1284 813 1356 843 quae
1372 804 1535 834 Genuensis
1551 805 1728 836 nominetur.
1751 806 1844 837 Ceteri

1107 861 1176 881 vero
1197 852 1397 882 novemdecim
1420 858 1602 891 conventus,
1626 855 1692 893 qui,
1722 855 1767 885 vel
1790 855 1844 885 sub

1107 899 1212 929 ducatu
1245 899 1426 937 Sabandiae,
1450 901 1494 930 vel
1525 901 1648 931 alioruin
1678 903 1845 943 principum

1107 949 1236 978 dominio
1258 949 1426 987 existentes,
1450 950 1485 979 ad
1508 951 1688 989 provinciam
1711 952 1847 982 Geiiuen-

1107 1005 1167 1026 sem
1190 997 1275 1027 modo
1297 1001 1440 1036 spectant,
1459 998 1544 1027 aliam
1561 999 1712 1029 efforinent
1728 1000 1847 1039 provin-

1106 1045 1193 1083 ciam,
1210 1054 1283 1084 quae
1305 1045 1519 1076 Pedemontana
1543 1047 1665 1083 dicatur,
1689 1048 1845 1078 dummodo

1107 1098 1203 1124 tamen
1230 1099 1392 1124 conventus
1420 1095 1610 1125 Taurinensis
1633 1096 1727 1126 subsit
1749 1097 1846 1127 oneri-

1106 1143 1170 1181 bus,
1188 1143 1294 1182 quibus
1309 1144 1427 1174 suberat
1446 1149 1605 1174 conventus
1621 1145 1738 1176 Geiuiae
1751 1146 1844 1177 ouoad

1105 1192 1347 1222 contributiones.

1144 1250 1203 1271 viii.
1227 1241 1296 1271 ltem
1321 1241 1532 1280 perpendentes
1548 1241 1626 1271 varia
1643 1246 1671 1272 et
1687 1243 1775 1272 multa
1800 1243 1843 1273 in·
1864 1243 1866 1245 ’
1881 1255 1909 1275 iic
1927 1254 2036 1282 provincii

1105 1291 1307 1320 convenientia
1324 1300 1397 1329 quae
1415 1291 1443 1320 iii
1467 1291 1617 1330 provincia
1642 1281 2000 1329 lombardiae,mmmm*-

1105 1339 1140 1368 ob
1163 1344 1324 1369 conventus
1339 1339 1391 1368 snb
1408 1340 1590 1369 diversorum
1608 1340 1774 1379 principum
1793 1341 1844 1371 do-

1105 1387 1195 1417 minio
1217 1387 1336 1424 locatos,
1360 1388 1541 1425 contingant,
1566 1392 1693 1418 statuere
1709 1389 1785 1428 quod
1808 1398 1843 1419 ex

1106 1436 1340 1475 vigintiquatuor
1363 1435 1565 1474 conventibus,
1585 1437 1635 1475 qui
1660 1442 1841 1475 praesentem

1106 1485 1293 1515 Lombardiae
1315 1486 1495 1525 provinciam
1523 1486 1673 1518 efficiunt,
1705 1491 1843 1525 quatuor-

1105 1534 1198 1563 decim
1221 1534 1275 1564 sul)
1302 1534 1408 1564 ducatu
1431 1534 1640 1564 itlcdiolaneiisi
1663 1535 1841 1571 existentes,

1105 1583 1314 1621 comprehenso
1341 1587 1484 1612 conventu
1507 1583 1535 1613 S.
1560 1583 1675 1613 loannis
1697 1583 1842 1622 Baptistae

1104 1631 1138 1660 ile
1162 1631 1315 1660 Mandrisio
1344 1631 1373 1660 iii
1402 1631 1511 1661 ditione
1539 1631 1775 1670 llelveticoiuin,
1799 1641 1838 1661 sc-

1104 1683 1261 1717 gregeiitur
1282 1689 1296 1708 a
1320 1679 1436 1716 ceteris,
1453 1683 1479 1708 et
1500 1685 1646 1709 recentem
1663 1680 1841 1718 provinciam

1104 1727 1257 1756 efformeiit
1285 1736 1359 1766 quac
1385 1727 1607 1757 M··diolaiieiisis
1640 1732 1774 1764 vocetur,
1802 1727 1843 1757 al-

1106 1779 1165 1805 tera
1196 1785 1274 1811 vero,
1305 1785 1338 1805 ex
1374 1775 1473 1805 decem
1499 1775 1619 1814 reliquis
1651 1775 1843 1806 conventibus

1104 1824 1241 1862 conflata,
1256 1824 1405 1862 antiquam
1426 1824 1693 1854 denominationem
1718 1824 1842 1854 retineat

1105 1872 1271 1912 provinciae
1293 1871 1492 1902 Lonibardiae.

1143 1931 1182 1951 lx.
1205 1921 1275 1952 Cum
1297 1921 1396 1951 decem
1419 1925 1447 1950 et
1469 1930 1571 1950 novem
1594 1924 1753 1950 conventus
1776 1931 1841 1960 pro·
1882 1939 1910 1959 nt.
1927 1940 2035 1965 panium

1105 1973 1217 2002 vinciae
1238 1972 1410 2002 Germaniae
1432 1972 1556 2001 inultum
1572 1972 1649 2001 inter
1665 1981 1694 2002 se
1710 1973 1768 2002 sint
1783 1972 1840 2002 dis-
1851 1966 1982 1987 G“¹'ffl³⁰'³⁶·

1104 2021 1173 2057 siti,
1196 2020 1352 2050 decrevere
1374 2025 1405 2049 ut
1427 2029 1461 2049 cx
1484 2020 1542 2049 illis
1564 2020 1700 2050 omnibus
1722 2020 1751 2050 iii
1775 2031 1841 2060 pro-

1104 2069 1181 2098 ximo
1213 2069 1340 2107 capitulo
1376 2068 1548 2107 provinciali
1581 2068 1654 2097 duae
1689 2069 1840 2107 erigantur

1104 2117 1282 2156 provinciae,
1301 2125 1375 2155 quae
1398 2116 1502 2145 divisio
1522 2116 1650 2146 facienda
1667 2117 1702 2146 sit
1723 2127 1775 2156 per
1793 2118 1841 2147 de-

1104 2166 1247 2195 finitorem
1269 2165 1444 2203 generalem,
1469 2165 1595 2203 priorem
1619 2166 1838 2204 provincialem,

1102 2214 1224 2249 socium,
1243 2213 1410 2243 definitores
1434 2213 1599 2252 provinciae
1621 2219 1648 2243 et
1670 2214 1839 2244 definitores

1103 2267 1269 2302 perpetuos
1286 2262 1386 2292 liabito
1409 2266 1504 2291 tamen
1522 2271 1664 2291 consensu
1689 2263 1779 2301 pati-is·
1791 2273 1839 2301 ge-

1102 2312 1220 2341 neralis.
1245 2310 1416 2340 Huiusmodi
1439 2315 1535 2340 autem
1565 2314 1592 2339 et
1620 2320 1705 2349 supra
1731 2311 1838 2341 relatae

1102 2359 1279 2400 provinciae,
1302 2359 1418 2398 quando
1441 2363 1526 2388 erunt
1548 2359 1666 2396 divisae,
1693 2360 1768 2389 liunc
1791 2369 1837 2389 01*-

1101 2410 1199 2438 diuem
1221 2408 1297 2438 inter
1312 2417 1342 2437 se
1360 2407 1528 2445 servabunt,
1552 2411 1583 2436 ut
1605 2407 1752 2446 provincia
1775 2408 1834 2445 illa,

1100 2459 1128 2487 iii
1152 2467 1207 2496 qua
1231 2456 1401 2495 principalis
1432 2460 1592 2485 conventus
1623 2465 1657 2485 ex
1686 2456 1835 2493 religionis

1100 2505 1254 2536 annalibus
1270 2503 1422 2543 apparebit
1437 2503 1596 2543 antiquior,
1614 2504 1699 2533 aliam
1719 2513 1836 2542 praece-

1099 2555 1175 2591 dat‘,
1200 2553 1235 2583 ab
1258 2553 1357 2592 eisque
1380 2553 1553 2582 decernatur
1576 2552 1788 2591 praecedentia.

1135 2609 1145 2633 1
1170 2606 1240 2632 Eiilit.
1257 2605 1334 2632 Mami
1357 2606 1422 2640 legit
1439 2605 1586 2640 praecedit
1606 2610 1643 2638 (R.
1660 2607 1710 2637 T.).
