<?xml version="1.0" encoding="UTF-8"?>
<!DOCTYPE html PUBLIC "-//W3C//DTD XHTML 1.0 Transitional//EN"
    "http://www.w3.org/TR/xhtml1/DTD/xhtml1-transitional.dtd">
<html xmlns="http://www.w3.org/1999/xhtml" xml:lang="en" lang="en">
 <head>
  <title>
</title>
<meta http-equiv="Content-Type" content="text/html;charset=utf-8" />
  <meta name='ocr-system' content='tesseract 3.04.00' />
  <meta name='ocr-capabilities' content='ocr_page ocr_carea ocr_par ocr_line ocrx_word'/>
</head>
<body>
  <div class='ocr_page' id='page_1' title='image "./bullarumdiplomat20cath_0646.png"; bbox 0 0 2254 3225; ppageno 0'>
   <div class='ocr_carea' id='block_1_1' title="bbox 239 243 533 278">
    <p class='ocr_par' dir='ltr' id='par_1_1' title="bbox 239 243 533 278">
     <span class='ocr_line' id='line_1_1' title="bbox 239 243 533 278; baseline -0.007 -1"><span class='ocrx_word' id='word_1_1' title='bbox 239 254 277 277; x_wconf 78' lang='lat' dir='ltr'>An</span> <span class='ocrx_word' id='word_1_2' title='bbox 309 251 424 278; x_wconf 60' lang='lat'><strong>&amp;1093</strong></span> <span class='ocrx_word' id='word_1_3' title='bbox 469 243 533 276; x_wconf 71' lang='grc'>574</span> 
     </span>
    </p>
   </div>
   <div class='ocr_carea' id='block_1_2' title="bbox 306 2217 420 2239">
    <p class='ocr_par' dir='ltr' id='par_1_2' title="bbox 306 2217 420 2239">
     <span class='ocr_line' id='line_1_2' title="bbox 306 2217 420 2239; baseline -0.009 -1"><span class='ocrx_word' id='word_1_4' title='bbox 306 2217 420 2239; x_wconf 72' lang='grc' dir='ltr'>111ΤοΕαὶἶο</span> 
     </span>
    </p>
   </div>
   <div class='ocr_carea' id='block_1_3' title="bbox 236 2248 397 2266">
    <p class='ocr_par' dir='ltr' id='par_1_3' title="bbox 236 2248 397 2266">
     <span class='ocr_line' id='line_1_3' title="bbox 236 2248 397 2266; baseline -0.012 0"><span class='ocrx_word' id='word_1_5' title='bbox 236 2248 317 2266; x_wconf 70' lang='lat' dir='ltr'>conum</span> <span class='ocrx_word' id='word_1_6' title='bbox 324 2252 350 2265; x_wconf 79' lang='lat' dir='ltr'>iol</span> <span class='ocrx_word' id='word_1_7' title='bbox 357 2251 397 2265; x_wconf 87' lang='lat' dir='ltr'>um.</span> 
     </span>
    </p>
   </div>
   <div class='ocr_carea' id='block_1_4' title="bbox 427 299 1174 2624">
    <p class='ocr_par' dir='ltr' id='par_1_4' title="bbox 427 299 1171 2199">
     <span class='ocr_line' id='line_1_4' title="bbox 432 299 1169 344; baseline -0.001 -11"><span class='ocrx_word' id='word_1_8' title='bbox 432 300 638 334; x_wconf 78' lang='lat' dir='ltr'>substantiali</span> <span class='ocrx_word' id='word_1_9' title='bbox 658 309 694 334; x_wconf 84' lang='lat' dir='ltr'>ac</span> <span class='ocrx_word' id='word_1_10' title='bbox 718 299 896 344; x_wconf 77' lang='lat' dir='ltr'>incogitato</span> <span class='ocrx_word' id='word_1_11' title='bbox 918 305 950 333; x_wconf 91' lang='lat' dir='ltr'>et</span> <span class='ocrx_word' id='word_1_12' title='bbox 974 300 1169 342; x_wconf 80' lang='lat' dir='ltr'>inexcogita-</span> 
     </span>
     <span class='ocr_line' id='line_1_5' title="bbox 432 352 1168 399; baseline -0.003 -13"><span class='ocrx_word' id='word_1_13' title='bbox 432 354 488 387; x_wconf 82' lang='lat' dir='ltr'>bili</span> <span class='ocrx_word' id='word_1_14' title='bbox 505 353 771 399; x_wconf 82' lang='lat' dir='ltr'>individuamque</span> <span class='ocrx_word' id='word_1_15' title='bbox 797 354 1041 399; x_wconf 79' lang='lat' dir='ltr'>expressionem</span> <span class='ocrx_word' id='word_1_16' title='bbox 1061 352 1168 396; x_wconf 91' lang='lat' dir='ltr'>requi-</span> 
     </span>
     <span class='ocr_line' id='line_1_6' title="bbox 432 404 1167 451; baseline -0.004 -12"><span class='ocrx_word' id='word_1_17' title='bbox 432 413 522 439; x_wconf 87' lang='lat' dir='ltr'>rente</span> <span class='ocrx_word' id='word_1_18' title='bbox 539 407 666 441; x_wconf 85' lang='lat' dir='ltr'>defectu</span> <span class='ocrx_word' id='word_1_19' title='bbox 682 408 796 448; x_wconf 87' lang='lat' dir='ltr'>notari,</span> <span class='ocrx_word' id='word_1_20' title='bbox 814 406 1012 451; x_wconf 80' lang='lat' dir='ltr'>impugnari,</span> <span class='ocrx_word' id='word_1_21' title='bbox 1025 404 1167 447; x_wconf 83' lang='lat' dir='ltr'>infringi,</span> 
     </span>
     <span class='ocr_line' id='line_1_7' title="bbox 431 457 1168 501; baseline -0.003 -9"><span class='ocrx_word' id='word_1_22' title='bbox 431 460 608 501; x_wconf 87' lang='lat' dir='ltr'>retraetari,</span> <span class='ocrx_word' id='word_1_23' title='bbox 634 460 667 493; x_wconf 93' lang='lat' dir='ltr'>in</span> <span class='ocrx_word' id='word_1_24' title='bbox 691 461 740 494; x_wconf 91' lang='lat' dir='ltr'>ius</span> <span class='ocrx_word' id='word_1_25' title='bbox 768 460 816 493; x_wconf 94' lang='lat' dir='ltr'>vel</span> <span class='ocrx_word' id='word_1_26' title='bbox 841 457 1094 493; x_wconf 85' lang='lat' dir='ltr'>controversiam</span> <span class='ocrx_word' id='word_1_27' title='bbox 1117 467 1168 490; x_wconf 91' lang='lat' dir='ltr'>re-</span> 
     </span>
     <span class='ocr_line' id='line_1_8' title="bbox 431 511 1168 554; baseline -0.003 -9"><span class='ocrx_word' id='word_1_28' title='bbox 431 513 547 554; x_wconf 85' lang='lat' dir='ltr'>vocari,</span> <span class='ocrx_word' id='word_1_29' title='bbox 566 519 620 547; x_wconf 87' lang='lat' dir='ltr'>aut</span> <span class='ocrx_word' id='word_1_30' title='bbox 636 514 675 547; x_wconf 85' lang='lat' dir='ltr'>ad</span> <span class='ocrx_word' id='word_1_31' title='bbox 695 514 848 547; x_wconf 89' lang='lat' dir='ltr'>terminos</span> <span class='ocrx_word' id='word_1_32' title='bbox 869 512 947 545; x_wconf 90' lang='lat' dir='ltr'>iuris</span> <span class='ocrx_word' id='word_1_33' title='bbox 972 511 1093 551; x_wconf 79' lang='lat' dir='ltr'>reduci,</span> <span class='ocrx_word' id='word_1_34' title='bbox 1111 520 1168 543; x_wconf 90' lang='lat' dir='ltr'>seu</span> 
     </span>
     <span class='ocr_line' id='line_1_9' title="bbox 431 563 1168 610; baseline -0.003 -12"><span class='ocrx_word' id='word_1_35' title='bbox 431 566 585 600; x_wconf 87' lang='lat' dir='ltr'>adversus</span> <span class='ocrx_word' id='word_1_36' title='bbox 603 566 674 600; x_wconf 88' lang='lat' dir='ltr'>illas</span> <span class='ocrx_word' id='word_1_37' title='bbox 692 565 882 610; x_wconf 79' lang='lat' dir='ltr'>aperitionis</span> <span class='ocrx_word' id='word_1_38' title='bbox 901 564 978 605; x_wconf 84' lang='lat' dir='ltr'>oris,</span> <span class='ocrx_word' id='word_1_39' title='bbox 995 563 1168 597; x_wconf 84' lang='lat' dir='ltr'>restitutio-</span> 
     </span>
     <span class='ocr_line' id='line_1_10' title="bbox 431 617 1167 662; baseline -0.004 -10"><span class='ocrx_word' id='word_1_40' title='bbox 431 619 481 652; x_wconf 89' lang='lat' dir='ltr'>nis</span> <span class='ocrx_word' id='word_1_41' title='bbox 517 619 551 652; x_wconf 92' lang='lat' dir='ltr'>in</span> <span class='ocrx_word' id='word_1_42' title='bbox 586 619 758 662; x_wconf 81' lang='lat' dir='ltr'>integrum,</span> <span class='ocrx_word' id='word_1_43' title='bbox 784 618 910 651; x_wconf 88' lang='lat' dir='ltr'>aliudve</span> <span class='ocrx_word' id='word_1_44' title='bbox 939 617 1167 661; x_wconf 88' lang='lat' dir='ltr'>quodcumque</span> 
     </span>
     <span class='ocr_line' id='line_1_11' title="bbox 431 669 1168 713; baseline -0.003 -9"><span class='ocrx_word' id='word_1_45' title='bbox 431 671 525 713; x_wconf 88' lang='lat' dir='ltr'>iuris,</span> <span class='ocrx_word' id='word_1_46' title='bbox 544 671 618 705; x_wconf 79' lang='lat' dir='ltr'>facti</span> <span class='ocrx_word' id='word_1_47' title='bbox 644 672 693 704; x_wconf 90' lang='lat' dir='ltr'>vel</span> <span class='ocrx_word' id='word_1_48' title='bbox 719 671 841 713; x_wconf 83' lang='lat' dir='ltr'>gratiae</span> <span class='ocrx_word' id='word_1_49' title='bbox 859 670 1039 704; x_wconf 90' lang='lat' dir='ltr'>remedium</span> <span class='ocrx_word' id='word_1_50' title='bbox 1063 669 1168 703; x_wconf 89' lang='lat' dir='ltr'>inten-</span> 
     </span>
     <span class='ocr_line' id='line_1_12' title="bbox 431 723 1166 768; baseline -0.001 -11"><span class='ocrx_word' id='word_1_51' title='bbox 431 725 491 757; x_wconf 89' lang='lat' dir='ltr'>tari</span> <span class='ocrx_word' id='word_1_52' title='bbox 525 724 575 758; x_wconf 90' lang='lat' dir='ltr'>vel</span> <span class='ocrx_word' id='word_1_53' title='bbox 610 724 793 768; x_wconf 88' lang='lat' dir='ltr'>impetrari,</span> <span class='ocrx_word' id='word_1_54' title='bbox 820 729 875 757; x_wconf 91' lang='lat' dir='ltr'>aut</span> <span class='ocrx_word' id='word_1_55' title='bbox 898 723 1084 767; x_wconf 85' lang='lat' dir='ltr'>impetrato,</span> <span class='ocrx_word' id='word_1_56' title='bbox 1109 733 1166 756; x_wconf 90' lang='lat' dir='ltr'>seu</span> 
     </span>
     <span class='ocr_line' id='line_1_13' title="bbox 432 776 1168 820; baseline -0.001 -10"><span class='ocrx_word' id='word_1_57' title='bbox 432 777 528 810; x_wconf 89' lang='lat' dir='ltr'>etiam</span> <span class='ocrx_word' id='word_1_58' title='bbox 552 782 650 817; x_wconf 87' lang='lat' dir='ltr'>motu,</span> <span class='ocrx_word' id='word_1_59' title='bbox 667 777 801 810; x_wconf 79' lang='lat' dir='ltr'>scientia</span> <span class='ocrx_word' id='word_1_60' title='bbox 826 782 857 810; x_wconf 90' lang='lat' dir='ltr'>et</span> <span class='ocrx_word' id='word_1_61' title='bbox 881 777 1048 820; x_wconf 81' lang='lat' dir='ltr'>potestatis</span> <span class='ocrx_word' id='word_1_62' title='bbox 1065 776 1168 820; x_wconf 91' lang='lat' dir='ltr'>pleni-</span> 
     </span>
     <span class='ocr_line' id='line_1_14' title="bbox 432 830 1166 873; baseline -0.001 -10"><span class='ocrx_word' id='word_1_63' title='bbox 432 831 541 863; x_wconf 82' lang='lat' dir='ltr'>tudine</span> <span class='ocrx_word' id='word_1_64' title='bbox 575 830 706 873; x_wconf 90' lang='lat' dir='ltr'>paribus</span> <span class='ocrx_word' id='word_1_65' title='bbox 742 840 898 863; x_wconf 80' lang='lat' dir='ltr'>concesso</span> <span class='ocrx_word' id='word_1_66' title='bbox 933 831 983 863; x_wconf 92' lang='lat' dir='ltr'>vel</span> <span class='ocrx_word' id='word_1_67' title='bbox 1008 835 1166 869; x_wconf 81' lang='lat' dir='ltr'>emanato,</span> 
     </span>
     <span class='ocr_line' id='line_1_15' title="bbox 431 882 1166 926; baseline -0.003 -10"><span class='ocrx_word' id='word_1_68' title='bbox 431 883 615 926; x_wconf 81' lang='lat' dir='ltr'>quempiam</span> <span class='ocrx_word' id='word_1_69' title='bbox 633 883 665 915; x_wconf 93' lang='lat' dir='ltr'>in</span> <span class='ocrx_word' id='word_1_70' title='bbox 684 882 804 915; x_wconf 88' lang='lat' dir='ltr'>iudicio</span> <span class='ocrx_word' id='word_1_71' title='bbox 836 883 886 915; x_wconf 78' lang='lat' dir='ltr'>vel</span> <span class='ocrx_word' id='word_1_72' title='bbox 912 888 1002 916; x_wconf 85' lang='lat' dir='ltr'>extra</span> <span class='ocrx_word' id='word_1_73' title='bbox 1022 882 1103 915; x_wconf 87' lang='lat' dir='ltr'>illud</span> <span class='ocrx_word' id='word_1_74' title='bbox 1120 882 1166 915; x_wconf 88' lang='lat' dir='ltr'>uti</span> 
     </span>
     <span class='ocr_line' id='line_1_16' title="bbox 431 935 1167 979; baseline 0 -11"><span class='ocrx_word' id='word_1_75' title='bbox 431 946 487 968; x_wconf 84' lang='lat' dir='ltr'>seu</span> <span class='ocrx_word' id='word_1_76' title='bbox 511 946 545 969; x_wconf 90' lang='lat' dir='ltr'>se</span> <span class='ocrx_word' id='word_1_77' title='bbox 570 936 678 969; x_wconf 86' lang='lat' dir='ltr'>iuvare</span> <span class='ocrx_word' id='word_1_78' title='bbox 699 946 803 979; x_wconf 88' lang='lat' dir='ltr'>posse,</span> <span class='ocrx_word' id='word_1_79' title='bbox 831 936 888 969; x_wconf 86' lang='lat' dir='ltr'>sed</span> <span class='ocrx_word' id='word_1_80' title='bbox 914 935 998 978; x_wconf 88' lang='lat' dir='ltr'>ipsas</span> <span class='ocrx_word' id='word_1_81' title='bbox 1016 945 1167 978; x_wconf 86' lang='lat' dir='ltr'>praesen-</span> 
     </span>
     <span class='ocr_line' id='line_1_17' title="bbox 431 988 1168 1032; baseline 0.001 -12"><span class='ocrx_word' id='word_1_82' title='bbox 431 994 477 1021; x_wconf 84' lang='lat' dir='ltr'>tes</span> <span class='ocrx_word' id='word_1_83' title='bbox 494 989 619 1023; x_wconf 80' lang='lat' dir='ltr'>litteras</span> <span class='ocrx_word' id='word_1_84' title='bbox 637 999 766 1032; x_wconf 88' lang='lat' dir='ltr'>semper</span> <span class='ocrx_word' id='word_1_85' title='bbox 781 988 899 1029; x_wconf 78' lang='lat' dir='ltr'>firmas,</span> <span class='ocrx_word' id='word_1_86' title='bbox 919 989 1040 1022; x_wconf 84' lang='lat' dir='ltr'>validas</span> <span class='ocrx_word' id='word_1_87' title='bbox 1058 993 1090 1021; x_wconf 91' lang='lat' dir='ltr'>et</span> <span class='ocrx_word' id='word_1_88' title='bbox 1106 988 1168 1021; x_wconf 80' lang='lat' dir='ltr'>effi-</span> 
     </span>
     <span class='ocr_line' id='line_1_18' title="bbox 429 1042 1168 1085; baseline 0.003 -12"><span class='ocrx_word' id='word_1_89' title='bbox 429 1052 521 1075; x_wconf 87' lang='lat' dir='ltr'>caces</span> <span class='ocrx_word' id='word_1_90' title='bbox 540 1042 679 1075; x_wconf 78' lang='lat' dir='ltr'>existere</span> <span class='ocrx_word' id='word_1_91' title='bbox 697 1048 728 1075; x_wconf 92' lang='lat' dir='ltr'>et</span> <span class='ocrx_word' id='word_1_92' title='bbox 746 1042 825 1082; x_wconf 81' lang='lat' dir='ltr'>fore,</span> <span class='ocrx_word' id='word_1_93' title='bbox 842 1052 983 1085; x_wconf 89' lang='lat' dir='ltr'>suosque</span> <span class='ocrx_word' id='word_1_94' title='bbox 1003 1042 1168 1084; x_wconf 88' lang='lat' dir='ltr'>plenarios</span> 
     </span>
     <span class='ocr_line' id='line_1_19' title="bbox 428 1094 1166 1138; baseline 0 -11"><span class='ocrx_word' id='word_1_95' title='bbox 428 1100 461 1127; x_wconf 91' lang='lat' dir='ltr'>et</span> <span class='ocrx_word' id='word_1_96' title='bbox 488 1094 636 1138; x_wconf 79' lang='lat' dir='ltr'>integros</span> <span class='ocrx_word' id='word_1_97' title='bbox 655 1094 787 1128; x_wconf 78' lang='lat' dir='ltr'>effectus</span> <span class='ocrx_word' id='word_1_98' title='bbox 813 1095 921 1128; x_wconf 89' lang='lat' dir='ltr'>sortiri</span> <span class='ocrx_word' id='word_1_99' title='bbox 947 1100 979 1127; x_wconf 86' lang='lat' dir='ltr'>et</span> <span class='ocrx_word' id='word_1_100' title='bbox 1003 1095 1166 1135; x_wconf 88' lang='lat' dir='ltr'>obtinere,</span> 
     </span>
     <span class='ocr_line' id='line_1_20' title="bbox 429 1147 1167 1191; baseline 0.001 -11"><span class='ocrx_word' id='word_1_101' title='bbox 429 1158 465 1180; x_wconf 88' lang='lat' dir='ltr'>ac</span> <span class='ocrx_word' id='word_1_102' title='bbox 481 1148 557 1188; x_wconf 89' lang='lat' dir='ltr'>illis,</span> <span class='ocrx_word' id='word_1_103' title='bbox 580 1147 619 1180; x_wconf 90' lang='lat' dir='ltr'>ad</span> <span class='ocrx_word' id='word_1_104' title='bbox 645 1158 728 1191; x_wconf 88' lang='lat' dir='ltr'>quos</span> <span class='ocrx_word' id='word_1_105' title='bbox 748 1153 875 1191; x_wconf 85' lang='lat' dir='ltr'>spectat</span> <span class='ocrx_word' id='word_1_106' title='bbox 895 1153 926 1181; x_wconf 92' lang='lat' dir='ltr'>et</span> <span class='ocrx_word' id='word_1_107' title='bbox 943 1159 1003 1191; x_wconf 85' lang='lat' dir='ltr'>pro</span> <span class='ocrx_word' id='word_1_108' title='bbox 1023 1153 1167 1191; x_wconf 89' lang='lat' dir='ltr'>tempore</span> 
     </span>
     <span class='ocr_line' id='line_1_21' title="bbox 429 1198 1169 1245; baseline 0.001 -12"><span class='ocrx_word' id='word_1_109' title='bbox 429 1201 697 1245; x_wconf 79' lang='lat' dir='ltr'>quandocumque</span> <span class='ocrx_word' id='word_1_110' title='bbox 723 1201 896 1244; x_wconf 76' lang='lat' dir='ltr'>spectabit,</span> <span class='ocrx_word' id='word_1_111' title='bbox 914 1200 947 1234; x_wconf 92' lang='lat' dir='ltr'>in</span> <span class='ocrx_word' id='word_1_112' title='bbox 968 1198 1118 1235; x_wconf 77' lang='lat' dir='ltr'>om‘nibus</span> <span class='ocrx_word' id='word_1_113' title='bbox 1137 1207 1169 1235; x_wconf 89' lang='lat' dir='ltr'>et</span> 
     </span>
     <span class='ocr_line' id='line_1_22' title="bbox 427 1253 1167 1298; baseline 0.001 -11"><span class='ocrx_word' id='word_1_114' title='bbox 427 1265 488 1298; x_wconf 90' lang='lat' dir='ltr'>per</span> <span class='ocrx_word' id='word_1_115' title='bbox 515 1254 624 1287; x_wconf 86' lang='lat' dir='ltr'>omnia</span> <span class='ocrx_word' id='word_1_116' title='bbox 652 1254 841 1297; x_wconf 76' lang='lat' dir='ltr'>plenissime</span> <span class='ocrx_word' id='word_1_117' title='bbox 866 1253 1045 1297; x_wconf 76' lang='lat' dir='ltr'>suffragari,</span> <span class='ocrx_word' id='word_1_118' title='bbox 1073 1261 1105 1288; x_wconf 91' lang='lat' dir='ltr'>et</span> <span class='ocrx_word' id='word_1_119' title='bbox 1129 1255 1167 1288; x_wconf 88' lang='lat' dir='ltr'>ab</span> 
     </span>
     <span class='ocr_line' id='line_1_23' title="bbox 428 1308 1164 1352; baseline 0.001 -11"><span class='ocrx_word' id='word_1_120' title='bbox 428 1308 474 1341; x_wconf 89' lang='lat' dir='ltr'>eis</span> <span class='ocrx_word' id='word_1_121' title='bbox 497 1309 680 1352; x_wconf 82' lang='lat' dir='ltr'>respective</span> <span class='ocrx_word' id='word_1_122' title='bbox 715 1309 946 1343; x_wconf 87' lang='lat' dir='ltr'>inviolabiliter</span> <span class='ocrx_word' id='word_1_123' title='bbox 982 1309 1164 1350; x_wconf 87' lang='lat' dir='ltr'>observari,</span> 
     </span>
     <span class='ocr_line' id='line_1_24' title="bbox 429 1360 1168 1406; baseline 0.001 -12"><span class='ocrx_word' id='word_1_124' title='bbox 429 1360 540 1405; x_wconf 82' lang='lat' dir='ltr'>sieque</span> <span class='ocrx_word' id='word_1_125' title='bbox 565 1367 597 1395; x_wconf 88' lang='lat' dir='ltr'>et</span> <span class='ocrx_word' id='word_1_126' title='bbox 621 1372 686 1395; x_wconf 90' lang='lat' dir='ltr'>non</span> <span class='ocrx_word' id='word_1_127' title='bbox 713 1362 806 1395; x_wconf 90' lang='lat' dir='ltr'>aliter</span> <span class='ocrx_word' id='word_1_128' title='bbox 838 1363 870 1395; x_wconf 94' lang='lat' dir='ltr'>in</span> <span class='ocrx_word' id='word_1_129' title='bbox 898 1363 1084 1406; x_wconf 83' lang='lat' dir='ltr'>praemissis</span> <span class='ocrx_word' id='word_1_130' title='bbox 1108 1374 1168 1406; x_wconf 89' lang='lat' dir='ltr'>per</span> 
     </span>
     <span class='ocr_line' id='line_1_25' title="bbox 429 1415 1168 1458; baseline 0.004 -12"><span class='ocrx_word' id='word_1_131' title='bbox 429 1424 652 1458; x_wconf 88' lang='lat' dir='ltr'>quoscumque</span> <span class='ocrx_word' id='word_1_132' title='bbox 684 1415 808 1448; x_wconf 83' lang='lat' dir='ltr'>iudices</span> <span class='ocrx_word' id='word_1_133' title='bbox 841 1415 1025 1448; x_wconf 90' lang='lat' dir='ltr'>ordinarios</span> <span class='ocrx_word' id='word_1_134' title='bbox 1050 1421 1082 1448; x_wconf 93' lang='lat' dir='ltr'>et</span> <span class='ocrx_word' id='word_1_135' title='bbox 1117 1417 1168 1450; x_wconf 90' lang='lat' dir='ltr'>de—</span> 
     </span>
     <span class='ocr_line' id='line_1_26' title="bbox 429 1468 1168 1512; baseline 0.001 -11"><span class='ocrx_word' id='word_1_136' title='bbox 429 1468 578 1510; x_wconf 77' lang='lat' dir='ltr'>legatos,</span> <span class='ocrx_word' id='word_1_137' title='bbox 604 1468 702 1500; x_wconf 87' lang='lat' dir='ltr'>etiam</span> <span class='ocrx_word' id='word_1_138' title='bbox 742 1478 914 1501; x_wconf 88' lang='lat' dir='ltr'>causarum</span> <span class='ocrx_word' id='word_1_139' title='bbox 950 1469 1063 1512; x_wconf 89' lang='lat' dir='ltr'>palatii</span> <span class='ocrx_word' id='word_1_140' title='bbox 1091 1479 1168 1512; x_wconf 85' lang='lat' dir='ltr'>apo-</span> 
     </span>
     <span class='ocr_line' id='line_1_27' title="bbox 429 1521 1168 1562; baseline 0.003 -9"><span class='ocrx_word' id='word_1_141' title='bbox 429 1521 534 1554; x_wconf 91' lang='lat' dir='ltr'>stolici</span> <span class='ocrx_word' id='word_1_142' title='bbox 560 1521 744 1562; x_wconf 89' lang='lat' dir='ltr'>auditores,</span> <span class='ocrx_word' id='word_1_143' title='bbox 764 1532 799 1554; x_wconf 92' lang='lat' dir='ltr'>ac</span> <span class='ocrx_word' id='word_1_144' title='bbox 823 1522 925 1555; x_wconf 88' lang='lat' dir='ltr'>dictae</span> <span class='ocrx_word' id='word_1_145' title='bbox 958 1523 989 1555; x_wconf 84' lang='lat' dir='ltr'>S.</span> <span class='ocrx_word' id='word_1_146' title='bbox 1011 1523 1047 1555; x_wconf 79' lang='lat' dir='ltr'>R.</span> <span class='ocrx_word' id='word_1_147' title='bbox 1068 1522 1102 1555; x_wconf 89' lang='lat' dir='ltr'>E.</span> <span class='ocrx_word' id='word_1_148' title='bbox 1121 1533 1168 1556; x_wconf 90' lang='lat' dir='ltr'>ca—</span> 
     </span>
     <span class='ocr_line' id='line_1_28' title="bbox 428 1574 1166 1615; baseline 0.003 -9"><span class='ocrx_word' id='word_1_149' title='bbox 428 1574 612 1613; x_wconf 88' lang='lat' dir='ltr'>merarium,</span> <span class='ocrx_word' id='word_1_150' title='bbox 631 1579 663 1607; x_wconf 90' lang='lat' dir='ltr'>et</span> <span class='ocrx_word' id='word_1_151' title='bbox 683 1574 762 1607; x_wconf 83' lang='lat' dir='ltr'>alios</span> <span class='ocrx_word' id='word_1_152' title='bbox 790 1575 982 1615; x_wconf 83' lang='lat' dir='ltr'>cardinales,</span> <span class='ocrx_word' id='word_1_153' title='bbox 1002 1575 1098 1608; x_wconf 84' lang='lat' dir='ltr'>etiarn</span> <span class='ocrx_word' id='word_1_154' title='bbox 1127 1576 1166 1608; x_wconf 88' lang='lat' dir='ltr'>de</span> 
     </span>
     <span class='ocr_line' id='line_1_29' title="bbox 428 1628 1168 1670; baseline 0.003 -11"><span class='ocrx_word' id='word_1_155' title='bbox 428 1628 528 1660; x_wconf 87' lang='lat' dir='ltr'>latere</span> <span class='ocrx_word' id='word_1_156' title='bbox 554 1628 691 1669; x_wconf 77' lang='lat' dir='ltr'>legatOS,</span> <span class='ocrx_word' id='word_1_157' title='bbox 725 1632 757 1660; x_wconf 88' lang='lat' dir='ltr'>et</span> <span class='ocrx_word' id='word_1_158' title='bbox 787 1628 917 1670; x_wconf 86' lang='lat' dir='ltr'>quosvis</span> <span class='ocrx_word' id='word_1_159' title='bbox 941 1628 1032 1661; x_wconf 84' lang='lat' dir='ltr'>Sedis</span> <span class='ocrx_word' id='word_1_160' title='bbox 1059 1634 1091 1661; x_wconf 89' lang='lat' dir='ltr'>et</span> <span class='ocrx_word' id='word_1_161' title='bbox 1114 1629 1168 1661; x_wconf 90' lang='lat' dir='ltr'>Ca-</span> 
     </span>
     <span class='ocr_line' id='line_1_30' title="bbox 428 1680 1168 1723; baseline 0.001 -11"><span class='ocrx_word' id='word_1_162' title='bbox 428 1690 536 1712; x_wconf 86' lang='lat' dir='ltr'>merae</span> <span class='ocrx_word' id='word_1_163' title='bbox 562 1680 802 1723; x_wconf 88' lang='lat' dir='ltr'>praedictarum</span> <span class='ocrx_word' id='word_1_164' title='bbox 834 1680 989 1714; x_wconf 77' lang='lat' dir='ltr'>officiales</span> <span class='ocrx_word' id='word_1_165' title='bbox 1016 1687 1047 1714; x_wconf 86' lang='lat' dir='ltr'>et</span> <span class='ocrx_word' id='word_1_166' title='bbox 1076 1681 1168 1714; x_wconf 89' lang='lat' dir='ltr'>mini-</span> 
     </span>
     <span class='ocr_line' id='line_1_31' title="bbox 428 1733 1170 1778; baseline 0.001 -12"><span class='ocrx_word' id='word_1_167' title='bbox 428 1736 525 1773; x_wconf 87' lang='lat' dir='ltr'>stros,</span> <span class='ocrx_word' id='word_1_168' title='bbox 551 1737 583 1765; x_wconf 85' lang='lat' dir='ltr'>et</span> <span class='ocrx_word' id='word_1_169' title='bbox 608 1733 687 1766; x_wconf 89' lang='lat' dir='ltr'>alios</span> <span class='ocrx_word' id='word_1_170' title='bbox 713 1743 933 1777; x_wconf 84' lang='lat' dir='ltr'>quoscumque</span> <span class='ocrx_word' id='word_1_171' title='bbox 952 1734 1061 1777; x_wconf 88' lang='lat' dir='ltr'>quavis</span> <span class='ocrx_word' id='word_1_172' title='bbox 1079 1745 1170 1778; x_wconf 89' lang='lat' dir='ltr'>prae-</span> 
     </span>
     <span class='ocr_line' id='line_1_32' title="bbox 428 1786 1171 1830; baseline 0.003 -12"><span class='ocrx_word' id='word_1_173' title='bbox 428 1786 584 1818; x_wconf 79' lang='lat' dir='ltr'>minentia</span> <span class='ocrx_word' id='word_1_174' title='bbox 609 1791 640 1818; x_wconf 88' lang='lat' dir='ltr'>et</span> <span class='ocrx_word' id='word_1_175' title='bbox 664 1791 827 1829; x_wconf 83' lang='lat' dir='ltr'>potestate</span> <span class='ocrx_word' id='word_1_176' title='bbox 846 1787 1018 1830; x_wconf 80' lang='lat' dir='ltr'>fungentes</span> <span class='ocrx_word' id='word_1_177' title='bbox 1045 1792 1077 1820; x_wconf 88' lang='lat' dir='ltr'>et</span> <span class='ocrx_word' id='word_1_178' title='bbox 1101 1787 1171 1820; x_wconf 88' lang='lat' dir='ltr'>sun-</span> 
     </span>
     <span class='ocr_line' id='line_1_33' title="bbox 429 1839 1170 1878; baseline 0.004 -8"><span class='ocrx_word' id='word_1_179' title='bbox 429 1843 545 1878; x_wconf 87' lang='lat' dir='ltr'>cturos,</span> <span class='ocrx_word' id='word_1_180' title='bbox 581 1839 709 1871; x_wconf 81' lang='lat' dir='ltr'>sublata</span> <span class='ocrx_word' id='word_1_181' title='bbox 744 1839 790 1872; x_wconf 90' lang='lat' dir='ltr'>eis</span> <span class='ocrx_word' id='word_1_182' title='bbox 826 1845 859 1872; x_wconf 89' lang='lat' dir='ltr'>et</span> <span class='ocrx_word' id='word_1_183' title='bbox 894 1850 1005 1873; x_wconf 89' lang='lat' dir='ltr'>eorum</span> <span class='ocrx_word' id='word_1_184' title='bbox 1036 1840 1170 1873; x_wconf 88' lang='lat' dir='ltr'>cuilibet</span> 
     </span>
     <span class='ocr_line' id='line_1_34' title="bbox 428 1891 1169 1936; baseline 0.004 -13"><span class='ocrx_word' id='word_1_185' title='bbox 428 1891 542 1934; x_wconf 89' lang='lat' dir='ltr'>quavis</span> <span class='ocrx_word' id='word_1_186' title='bbox 567 1891 660 1924; x_wconf 87' lang='lat' dir='ltr'>aliter</span> <span class='ocrx_word' id='word_1_187' title='bbox 688 1892 855 1925; x_wconf 87' lang='lat' dir='ltr'>iudicandi</span> <span class='ocrx_word' id='word_1_188' title='bbox 882 1898 914 1925; x_wconf 90' lang='lat' dir='ltr'>et</span> <span class='ocrx_word' id='word_1_189' title='bbox 930 1893 1169 1936; x_wconf 83' lang='lat' dir='ltr'>interpretandi</span> 
     </span>
     <span class='ocr_line' id='line_1_35' title="bbox 428 1944 1169 1985; baseline 0.004 -9"><span class='ocrx_word' id='word_1_190' title='bbox 428 1944 583 1977; x_wconf 82' lang='lat' dir='ltr'>facultate</span> <span class='ocrx_word' id='word_1_191' title='bbox 610 1949 642 1977; x_wconf 89' lang='lat' dir='ltr'>et</span> <span class='ocrx_word' id='word_1_192' title='bbox 666 1945 868 1985; x_wconf 88' lang='lat' dir='ltr'>auctoritate,</span> <span class='ocrx_word' id='word_1_193' title='bbox 895 1946 1031 1978; x_wconf 84' lang='lat' dir='ltr'>iudicari</span> <span class='ocrx_word' id='word_1_194' title='bbox 1059 1952 1091 1978; x_wconf 85' lang='lat' dir='ltr'>et</span> <span class='ocrx_word' id='word_1_195' title='bbox 1115 1947 1169 1979; x_wconf 84' lang='lat' dir='ltr'>de-</span> 
     </span>
     <span class='ocr_line' id='line_1_36' title="bbox 428 1996 1169 2039; baseline 0.004 -10"><span class='ocrx_word' id='word_1_196' title='bbox 428 1996 515 2030; x_wconf 86' lang='lat' dir='ltr'>finiri</span> <span class='ocrx_word' id='word_1_197' title='bbox 551 1998 690 2036; x_wconf 86' lang='lat' dir='ltr'>debere,</span> <span class='ocrx_word' id='word_1_198' title='bbox 717 2008 753 2030; x_wconf 89' lang='lat' dir='ltr'>ac</span> <span class='ocrx_word' id='word_1_199' title='bbox 778 1997 907 2030; x_wconf 88' lang='lat' dir='ltr'>irritum</span> <span class='ocrx_word' id='word_1_200' title='bbox 939 2004 970 2031; x_wconf 88' lang='lat' dir='ltr'>et</span> <span class='ocrx_word' id='word_1_201' title='bbox 996 1999 1092 2031; x_wconf 84' lang='lat' dir='ltr'>inane</span> <span class='ocrx_word' id='word_1_202' title='bbox 1109 2026 1116 2039; x_wconf 93' lang='lat'>,</span> <span class='ocrx_word' id='word_1_203' title='bbox 1143 2000 1169 2032; x_wconf 92' lang='lat' dir='ltr'>si</span> 
     </span>
     <span class='ocr_line' id='line_1_37' title="bbox 428 2051 1170 2095; baseline 0.003 -11"><span class='ocrx_word' id='word_1_204' title='bbox 428 2061 522 2084; x_wconf 90' lang='lat' dir='ltr'>secus</span> <span class='ocrx_word' id='word_1_205' title='bbox 547 2061 646 2094; x_wconf 87' lang='lat' dir='ltr'>super</span> <span class='ocrx_word' id='word_1_206' title='bbox 672 2051 722 2083; x_wconf 81' lang='lat' dir='ltr'>his</span> <span class='ocrx_word' id='word_1_207' title='bbox 740 2061 755 2082; x_wconf 90' lang='lat' dir='ltr'>a</span> <span class='ocrx_word' id='word_1_208' title='bbox 781 2062 958 2095; x_wconf 84' lang='lat' dir='ltr'>quoquam,</span> <span class='ocrx_word' id='word_1_209' title='bbox 985 2052 1098 2094; x_wconf 82' lang='lat' dir='ltr'>quavis</span> <span class='ocrx_word' id='word_1_210' title='bbox 1116 2063 1170 2086; x_wconf 89' lang='lat' dir='ltr'>au-</span> 
     </span>
     <span class='ocr_line' id='line_1_38' title="bbox 430 2104 1171 2147; baseline 0.003 -9"><span class='ocrx_word' id='word_1_211' title='bbox 430 2105 594 2143; x_wconf 81' lang='lat' dir='ltr'>ctoritate,</span> <span class='ocrx_word' id='word_1_212' title='bbox 617 2104 759 2137; x_wconf 84' lang='lat' dir='ltr'>scienter</span> <span class='ocrx_word' id='word_1_213' title='bbox 783 2105 832 2137; x_wconf 83' lang='lat' dir='ltr'>vel</span> <span class='ocrx_word' id='word_1_214' title='bbox 859 2105 1061 2147; x_wconf 79' lang='lat' dir='ltr'>ignoranter,</span> <span class='ocrx_word' id='word_1_215' title='bbox 1093 2117 1171 2140; x_wconf 90' lang='lat' dir='ltr'>con-</span> 
     </span>
     <span class='ocr_line' id='line_1_39' title="bbox 430 2156 726 2199; baseline 0.003 -11"><span class='ocrx_word' id='word_1_216' title='bbox 430 2156 542 2199; x_wconf 73' lang='lat' dir='ltr'>tigerit</span> <span class='ocrx_word' id='word_1_217' title='bbox 562 2156 726 2190; x_wconf 87' lang='lat' dir='ltr'>attentari.</span> 
     </span>
    </p>

    <p class='ocr_par' dir='ltr' id='par_1_5' title="bbox 431 2209 1174 2624">
     <span class='ocr_line' id='line_1_40' title="bbox 474 2209 1172 2253; baseline 0.006 -12"><span class='ocrx_word' id='word_1_218' title='bbox 474 2209 489 2252; x_wconf 72' lang='lat'>§</span> <span class='ocrx_word' id='word_1_219' title='bbox 513 2209 544 2242; x_wconf 75' lang='lat'>4.</span> <span class='ocrx_word' id='word_1_220' title='bbox 572 2209 641 2242; x_wconf 93' lang='lat' dir='ltr'>Non</span> <span class='ocrx_word' id='word_1_221' title='bbox 666 2210 871 2243; x_wconf 81' lang='lat' dir='ltr'>obstantibus</span> <span class='ocrx_word' id='word_1_222' title='bbox 904 2211 1102 2253; x_wconf 69' lang='lat' dir='ltr'>praemissis,</span> <span class='ocrx_word' id='word_1_223' title='bbox 1136 2223 1172 2245; x_wconf 85' lang='lat' dir='ltr'>ac</span> 
     </span>
     <span class='ocr_line' id='line_1_41' title="bbox 431 2262 1173 2308; baseline 0.003 -12"><span class='ocrx_word' id='word_1_224' title='bbox 431 2264 540 2296; x_wconf 77' lang='lat' dir='ltr'>nostra</span> <span class='ocrx_word' id='word_1_225' title='bbox 566 2267 598 2295; x_wconf 90' lang='lat' dir='ltr'>ct</span> <span class='ocrx_word' id='word_1_226' title='bbox 622 2262 821 2296; x_wconf 88' lang='lat' dir='ltr'>Cancellarie</span> <span class='ocrx_word' id='word_1_227' title='bbox 839 2264 1043 2306; x_wconf 81' lang='lat' dir='ltr'>Apostolicae</span> <span class='ocrx_word' id='word_1_228' title='bbox 1058 2267 1173 2308; x_wconf 75' lang='lat' dir='ltr'>regula</span> 
     </span>
     <span class='ocr_line' id='line_1_42' title="bbox 432 2316 1172 2358; baseline 0.003 -8"><span class='ocrx_word' id='word_1_229' title='bbox 432 2317 473 2350; x_wconf 91' lang='lat' dir='ltr'>de</span> <span class='ocrx_word' id='word_1_230' title='bbox 498 2316 567 2349; x_wconf 90' lang='lat' dir='ltr'>iure</span> <span class='ocrx_word' id='word_1_231' title='bbox 593 2316 739 2358; x_wconf 90' lang='lat' dir='ltr'>quaesito</span> <span class='ocrx_word' id='word_1_232' title='bbox 764 2327 827 2357; x_wconf 89' lang='lat' dir='ltr'>non</span> <span class='ocrx_word' id='word_1_233' title='bbox 853 2318 1014 2357; x_wconf 81' lang='lat' dir='ltr'>tollendo,</span> <span class='ocrx_word' id='word_1_234' title='bbox 1043 2329 1172 2352; x_wconf 86' lang='lat' dir='ltr'>necnon</span> 
     </span>
     <span class='ocr_line' id='line_1_43' title="bbox 431 2369 1174 2415; baseline 0.003 -12"><span class='ocrx_word' id='word_1_235' title='bbox 431 2369 626 2403; x_wconf 86' lang='lat' dir='ltr'>recolendae</span> <span class='ocrx_word' id='word_1_236' title='bbox 652 2370 826 2403; x_wconf 83' lang='lat' dir='ltr'>memoriae</span> <span class='ocrx_word' id='word_1_237' title='bbox 845 2370 890 2402; x_wconf 85' lang='lat' dir='ltr'>Pii</span> <span class='ocrx_word' id='word_1_238' title='bbox 910 2371 1014 2414; x_wconf 85' lang='lat' dir='ltr'>Papae</span> <span class='ocrx_word' id='word_1_239' title='bbox 1032 2371 1067 2403; x_wconf 86' lang='lat' dir='ltr'>IV</span> <span class='ocrx_word' id='word_1_240' title='bbox 1084 2383 1174 2415; x_wconf 86' lang='lat' dir='ltr'>prae-</span> 
     </span>
     <span class='ocr_line' id='line_1_44' title="bbox 432 2422 1173 2468; baseline 0.003 -12"><span class='ocrx_word' id='word_1_241' title='bbox 432 2422 613 2456; x_wconf 85' lang='lat' dir='ltr'>decessoris</span> <span class='ocrx_word' id='word_1_242' title='bbox 629 2422 732 2454; x_wconf 86' lang='lat' dir='ltr'>nostri</span> <span class='ocrx_word' id='word_1_243' title='bbox 747 2422 785 2455; x_wconf 85' lang='lat' dir='ltr'>de</span> <span class='ocrx_word' id='word_1_244' title='bbox 803 2423 924 2464; x_wconf 79' lang='lat' dir='ltr'>gratiis,</span> <span class='ocrx_word' id='word_1_245' title='bbox 938 2425 1173 2468; x_wconf 84' lang='lat' dir='ltr'>qualecumque</span> 
     </span>
     <span class='ocr_line' id='line_1_45' title="bbox 432 2475 1174 2517; baseline 0.003 -9"><span class='ocrx_word' id='word_1_246' title='bbox 432 2475 589 2508; x_wconf 86' lang='lat' dir='ltr'>iuteresse</span> <span class='ocrx_word' id='word_1_247' title='bbox 601 2475 751 2508; x_wconf 88' lang='lat' dir='ltr'>Gamerae</span> <span class='ocrx_word' id='word_1_248' title='bbox 770 2476 954 2517; x_wconf 86' lang='lat' dir='ltr'>praedictae</span> <span class='ocrx_word' id='word_1_249' title='bbox 972 2487 1174 2511; x_wconf 82' lang='lat' dir='ltr'>concernen-</span> 
     </span>
     <span class='ocr_line' id='line_1_46' title="bbox 433 2527 1172 2569; baseline 0.003 -8"><span class='ocrx_word' id='word_1_250' title='bbox 433 2528 544 2569; x_wconf 87' lang='lat' dir='ltr'>tibus,</span> <span class='ocrx_word' id='word_1_251' title='bbox 568 2527 600 2560; x_wconf 92' lang='lat' dir='ltr'>in</span> <span class='ocrx_word' id='word_1_252' title='bbox 627 2528 740 2560; x_wconf 80' lang='lat' dir='ltr'>eadem</span> <span class='ocrx_word' id='word_1_253' title='bbox 767 2527 900 2561; x_wconf 80' lang='lat' dir='ltr'>Camera</span> <span class='ocrx_word' id='word_1_254' title='bbox 933 2529 1016 2561; x_wconf 85' lang='lat' dir='ltr'>intra</span> <span class='ocrx_word' id='word_1_255' title='bbox 1046 2536 1172 2563; x_wconf 88' lang='lat' dir='ltr'>certum</span> 
     </span>
     <span class='ocr_line' id='line_1_47' title="bbox 434 2584 1173 2624; baseline 0 -9"><span class='ocrx_word' id='word_1_256' title='bbox 434 2588 512 2615; x_wconf 84' lang='lat' dir='ltr'>tune</span> <span class='ocrx_word' id='word_1_257' title='bbox 543 2591 731 2624; x_wconf 85' lang='lat' dir='ltr'>expressum</span> <span class='ocrx_word' id='word_1_258' title='bbox 768 2585 895 2623; x_wconf 86' lang='lat' dir='ltr'>tempus</span> <span class='ocrx_word' id='word_1_259' title='bbox 927 2584 1173 2624; x_wconf 74' lang='lat' dir='ltr'>praesentandis</span> 
     </span>
    </p>
   </div>
   <div class='ocr_carea' id='block_1_5' title="bbox 1005 251 1363 275">
    <p class='ocr_par' dir='ltr' id='par_1_6' title="bbox 1005 251 1363 275">
     <span class='ocr_line' id='line_1_48' title="bbox 1005 251 1363 275; baseline -0.006 0"><span class='ocrx_word' id='word_1_260' title='bbox 1005 251 1184 275; x_wconf 69' lang='lat' dir='ltr'>thLAan</span> <span class='ocrx_word' id='word_1_261' title='bbox 1209 251 1363 274; x_wconf 64' lang='lat' dir='ltr'>noatANi&#39;M</span> 
     </span>
    </p>
   </div>
   <div class='ocr_carea' id='block_1_6' title="bbox 1210 296 1954 2202">
    <p class='ocr_par' dir='ltr' id='par_1_7' title="bbox 1210 296 1954 1989">
     <span class='ocr_line' id='line_1_49' title="bbox 1211 296 1947 341; baseline -0.001 -10"><span class='ocrx_word' id='word_1_262' title='bbox 1211 299 1333 331; x_wconf 86' lang='lat' dir='ltr'>ibidem</span> <span class='ocrx_word' id='word_1_263' title='bbox 1370 296 1573 341; x_wconf 87' lang='lat' dir='ltr'>praesentari</span> <span class='ocrx_word' id='word_1_264' title='bbox 1600 302 1631 331; x_wconf 85' lang='lat' dir='ltr'>et</span> <span class='ocrx_word' id='word_1_265' title='bbox 1662 297 1827 341; x_wconf 80' lang='lat' dir='ltr'>registrari</span> <span class='ocrx_word' id='word_1_266' title='bbox 1863 308 1947 331; x_wconf 91' lang='lat' dir='ltr'>nun-</span> 
     </span>
     <span class='ocr_line' id='line_1_50' title="bbox 1211 351 1948 395; baseline 0.003 -13"><span class='ocrx_word' id='word_1_267' title='bbox 1211 361 1308 394; x_wconf 87' lang='lat' dir='ltr'>quam</span> <span class='ocrx_word' id='word_1_268' title='bbox 1341 361 1472 385; x_wconf 88' lang='lat' dir='ltr'>necesse</span> <span class='ocrx_word' id='word_1_269' title='bbox 1496 351 1549 392; x_wconf 90' lang='lat' dir='ltr'>sit,</span> <span class='ocrx_word' id='word_1_270' title='bbox 1575 351 1711 395; x_wconf 89' lang='lat' dir='ltr'>aliisque</span> <span class='ocrx_word' id='word_1_271' title='bbox 1743 351 1948 385; x_wconf 87' lang='lat' dir='ltr'>constitutio-</span> 
     </span>
     <span class='ocr_line' id='line_1_51' title="bbox 1211 404 1945 448; baseline 0.001 -12"><span class='ocrx_word' id='word_1_272' title='bbox 1211 404 1306 436; x_wconf 90' lang='lat' dir='ltr'>nibus</span> <span class='ocrx_word' id='word_1_273' title='bbox 1331 410 1363 437; x_wconf 88' lang='lat' dir='ltr'>et</span> <span class='ocrx_word' id='word_1_274' title='bbox 1386 404 1647 438; x_wconf 87' lang='lat' dir='ltr'>ordinationibus</span> <span class='ocrx_word' id='word_1_275' title='bbox 1673 404 1873 448; x_wconf 87' lang='lat' dir='ltr'>apostolicis,</span> <span class='ocrx_word' id='word_1_276' title='bbox 1899 415 1945 445; x_wconf 89' lang='lat' dir='ltr'>ac,</span> 
     </span>
     <span class='ocr_line' id='line_1_52' title="bbox 1210 457 1948 501; baseline 0.003 -12"><span class='ocrx_word' id='word_1_277' title='bbox 1210 462 1371 500; x_wconf 87' lang='lat' dir='ltr'>quatenus</span> <span class='ocrx_word' id='word_1_278' title='bbox 1385 468 1468 501; x_wconf 91' lang='lat' dir='ltr'>opus</span> <span class='ocrx_word' id='word_1_279' title='bbox 1485 457 1535 498; x_wconf 92' lang='lat' dir='ltr'>sit,</span> <span class='ocrx_word' id='word_1_280' title='bbox 1553 457 1719 498; x_wconf 84' lang='lat' dir='ltr'>Gamerae,</span> <span class='ocrx_word' id='word_1_281' title='bbox 1733 458 1898 492; x_wconf 85' lang='lat' dir='ltr'>civitatum</span> <span class='ocrx_word' id='word_1_282' title='bbox 1916 462 1948 491; x_wconf 90' lang='lat' dir='ltr'>et</span> 
     </span>
     <span class='ocr_line' id='line_1_53' title="bbox 1212 510 1948 554; baseline 0.003 -12"><span class='ocrx_word' id='word_1_283' title='bbox 1212 514 1371 544; x_wconf 84' lang='lat' dir='ltr'>terrarum</span> <span class='ocrx_word' id='word_1_284' title='bbox 1395 511 1637 554; x_wconf 86' lang='lat' dir='ltr'>praedictarum</span> <span class='ocrx_word' id='word_1_285' title='bbox 1656 511 1831 554; x_wconf 86' lang='lat' dir='ltr'>quibusvis,</span> <span class='ocrx_word' id='word_1_286' title='bbox 1850 510 1948 545; x_wconf 86' lang='lat' dir='ltr'>etiam</span> 
     </span>
     <span class='ocr_line' id='line_1_54' title="bbox 1210 561 1948 607; baseline 0.004 -12"><span class='ocrx_word' id='word_1_287' title='bbox 1210 561 1405 604; x_wconf 83' lang='lat' dir='ltr'>iuramento,</span> <span class='ocrx_word' id='word_1_288' title='bbox 1421 563 1667 597; x_wconf 84' lang='lat' dir='ltr'>confirmatione</span> <span class='ocrx_word' id='word_1_289' title='bbox 1692 564 1880 607; x_wconf 78' lang='lat' dir='ltr'>apostolica,</span> <span class='ocrx_word' id='word_1_290' title='bbox 1897 565 1948 598; x_wconf 90' lang='lat' dir='ltr'>vel</span> 
     </span>
     <span class='ocr_line' id='line_1_55' title="bbox 1210 616 1950 661; baseline 0 -11"><span class='ocrx_word' id='word_1_291' title='bbox 1210 618 1323 661; x_wconf 88' lang='lat' dir='ltr'>quavis</span> <span class='ocrx_word' id='word_1_292' title='bbox 1340 616 1491 650; x_wconf 80' lang='lat' dir='ltr'>firmitate</span> <span class='ocrx_word' id='word_1_293' title='bbox 1508 616 1570 650; x_wconf 72' lang='lat' dir='ltr'>alia</span> <span class='ocrx_word' id='word_1_294' title='bbox 1585 617 1755 657; x_wconf 86' lang='lat' dir='ltr'>roboratis,</span> <span class='ocrx_word' id='word_1_295' title='bbox 1772 617 1901 650; x_wconf 88' lang='lat' dir='ltr'>statutis</span> <span class='ocrx_word' id='word_1_296' title='bbox 1918 622 1950 650; x_wconf 81' lang='lat' dir='ltr'>et</span> 
     </span>
     <span class='ocr_line' id='line_1_56' title="bbox 1211 669 1951 714; baseline 0.001 -11"><span class='ocrx_word' id='word_1_297' title='bbox 1211 670 1514 710; x_wconf 86' lang='lat' dir='ltr'>consuetudinibus,</span> <span class='ocrx_word' id='word_1_298' title='bbox 1536 669 1720 713; x_wconf 82' lang='lat' dir='ltr'>privilegiis</span> <span class='ocrx_word' id='word_1_299' title='bbox 1745 680 1888 714; x_wconf 89' lang='lat' dir='ltr'>quoque,</span> <span class='ocrx_word' id='word_1_300' title='bbox 1901 671 1951 704; x_wconf 86' lang='lat' dir='ltr'>in·</span> 
     </span>
     <span class='ocr_line' id='line_1_57' title="bbox 1211 722 1951 766; baseline 0 -10"><span class='ocrx_word' id='word_1_301' title='bbox 1211 723 1310 756; x_wconf 91' lang='lat' dir='ltr'>dultis</span> <span class='ocrx_word' id='word_1_302' title='bbox 1343 728 1375 755; x_wconf 87' lang='lat' dir='ltr'>et</span> <span class='ocrx_word' id='word_1_303' title='bbox 1405 722 1521 756; x_wconf 89' lang='lat' dir='ltr'>litteris</span> <span class='ocrx_word' id='word_1_304' title='bbox 1547 722 1750 766; x_wconf 85' lang='lat' dir='ltr'>apostolicis,</span> <span class='ocrx_word' id='word_1_305' title='bbox 1781 722 1951 766; x_wconf 79' lang='lat' dir='ltr'>quibusvis</span> 
     </span>
     <span class='ocr_line' id='line_1_58' title="bbox 1211 775 1950 820; baseline -0.001 -11"><span class='ocrx_word' id='word_1_306' title='bbox 1211 776 1361 819; x_wconf 87' lang='lat' dir='ltr'>personis</span> <span class='ocrx_word' id='word_1_307' title='bbox 1397 781 1429 809; x_wconf 90' lang='lat' dir='ltr'>et</span> <span class='ocrx_word' id='word_1_308' title='bbox 1464 776 1557 816; x_wconf 83' lang='lat' dir='ltr'>loeis,</span> <span class='ocrx_word' id='word_1_309' title='bbox 1596 775 1655 808; x_wconf 89' lang='lat' dir='ltr'>sub</span> <span class='ocrx_word' id='word_1_310' title='bbox 1691 775 1950 820; x_wconf 88' lang='lat' dir='ltr'>quibuscumque</span> 
     </span>
     <span class='ocr_line' id='line_1_59' title="bbox 1211 828 1950 868; baseline 0.001 -7"><span class='ocrx_word' id='word_1_311' title='bbox 1211 829 1381 862; x_wconf 83' lang='lat' dir='ltr'>verborum</span> <span class='ocrx_word' id='word_1_312' title='bbox 1414 829 1581 868; x_wconf 86' lang='lat' dir='ltr'>tenoribus</span> <span class='ocrx_word' id='word_1_313' title='bbox 1607 833 1638 861; x_wconf 87' lang='lat' dir='ltr'>et</span> <span class='ocrx_word' id='word_1_314' title='bbox 1662 828 1783 868; x_wconf 85' lang='lat' dir='ltr'>formis,</span> <span class='ocrx_word' id='word_1_315' title='bbox 1810 839 1846 862; x_wconf 85' lang='lat' dir='ltr'>ac</span> <span class='ocrx_word' id='word_1_316' title='bbox 1877 838 1950 862; x_wconf 86' lang='lat' dir='ltr'>cum</span> 
     </span>
     <span class='ocr_line' id='line_1_60' title="bbox 1210 882 1952 925; baseline 0.001 -11"><span class='ocrx_word' id='word_1_317' title='bbox 1210 882 1374 925; x_wconf 80' lang='lat' dir='ltr'>quibusvis</span> <span class='ocrx_word' id='word_1_318' title='bbox 1400 882 1496 915; x_wconf 87' lang='lat' dir='ltr'>etiam</span> <span class='ocrx_word' id='word_1_319' title='bbox 1515 882 1795 924; x_wconf 82' lang='lat' dir='ltr'>derogatoriarum</span> <span class='ocrx_word' id='word_1_320' title='bbox 1816 882 1952 925; x_wconf 84' lang='lat' dir='ltr'>deroga-</span> 
     </span>
     <span class='ocr_line' id='line_1_61' title="bbox 1212 935 1953 978; baseline 0 -10"><span class='ocrx_word' id='word_1_321' title='bbox 1212 936 1315 976; x_wconf 88' lang='lat' dir='ltr'>toriis,</span> <span class='ocrx_word' id='word_1_322' title='bbox 1337 935 1473 978; x_wconf 88' lang='lat' dir='ltr'>aliisque</span> <span class='ocrx_word' id='word_1_323' title='bbox 1499 935 1744 975; x_wconf 83' lang='lat' dir='ltr'>efficacioribus,</span> <span class='ocrx_word' id='word_1_324' title='bbox 1771 935 1953 968; x_wconf 78' lang='lat' dir='ltr'>efficacissi-</span> 
     </span>
     <span class='ocr_line' id='line_1_62' title="bbox 1211 988 1951 1028; baseline 0 -7"><span class='ocrx_word' id='word_1_325' title='bbox 1211 988 1271 1021; x_wconf 91' lang='lat' dir='ltr'>mis</span> <span class='ocrx_word' id='word_1_326' title='bbox 1297 993 1329 1021; x_wconf 88' lang='lat' dir='ltr'>et</span> <span class='ocrx_word' id='word_1_327' title='bbox 1352 988 1494 1021; x_wconf 87' lang='lat' dir='ltr'>insolitis</span> <span class='ocrx_word' id='word_1_328' title='bbox 1519 988 1673 1021; x_wconf 86' lang='lat' dir='ltr'>clausulis</span> <span class='ocrx_word' id='word_1_329' title='bbox 1693 993 1724 1021; x_wconf 93' lang='lat' dir='ltr'>et</span> <span class='ocrx_word' id='word_1_330' title='bbox 1742 988 1892 1028; x_wconf 84' lang='lat' dir='ltr'>decretis,</span> <span class='ocrx_word' id='word_1_331' title='bbox 1917 988 1951 1021; x_wconf 88' lang='lat' dir='ltr'>in</span> 
     </span>
     <span class='ocr_line' id='line_1_63' title="bbox 1211 1041 1952 1085; baseline 0.001 -11"><span class='ocrx_word' id='word_1_332' title='bbox 1211 1051 1331 1085; x_wconf 85' lang='lat' dir='ltr'>genere</span> <span class='ocrx_word' id='word_1_333' title='bbox 1346 1042 1396 1074; x_wconf 91' lang='lat' dir='ltr'>vel</span> <span class='ocrx_word' id='word_1_334' title='bbox 1410 1041 1440 1073; x_wconf 93' lang='lat' dir='ltr'>in</span> <span class='ocrx_word' id='word_1_335' title='bbox 1454 1041 1575 1084; x_wconf 90' lang='lat' dir='ltr'>specie,</span> <span class='ocrx_word' id='word_1_336' title='bbox 1594 1041 1626 1074; x_wconf 93' lang='lat' dir='ltr'>in</span> <span class='ocrx_word' id='word_1_337' title='bbox 1641 1041 1840 1074; x_wconf 89' lang='lat' dir='ltr'>contrarium</span> <span class='ocrx_word' id='word_1_338' title='bbox 1857 1043 1952 1085; x_wconf 87' lang='lat' dir='ltr'>prae-</span> 
     </span>
     <span class='ocr_line' id='line_1_64' title="bbox 1210 1093 1952 1137; baseline 0.001 -10"><span class='ocrx_word' id='word_1_339' title='bbox 1210 1095 1385 1128; x_wconf 88' lang='lat' dir='ltr'>missorum</span> <span class='ocrx_word' id='word_1_340' title='bbox 1410 1093 1659 1137; x_wconf 87' lang='lat' dir='ltr'>quomodolibet</span> <span class='ocrx_word' id='word_1_341' title='bbox 1683 1094 1862 1135; x_wconf 88' lang='lat' dir='ltr'>concessis,</span> <span class='ocrx_word' id='word_1_342' title='bbox 1875 1106 1952 1128; x_wconf 91' lang='lat' dir='ltr'>con-</span> 
     </span>
     <span class='ocr_line' id='line_1_65' title="bbox 1210 1146 1951 1190; baseline 0.001 -10"><span class='ocrx_word' id='word_1_343' title='bbox 1210 1147 1345 1180; x_wconf 80' lang='lat' dir='ltr'>firmatis</span> <span class='ocrx_word' id='word_1_344' title='bbox 1371 1152 1403 1180; x_wconf 88' lang='lat' dir='ltr'>et</span> <span class='ocrx_word' id='word_1_345' title='bbox 1427 1146 1610 1187; x_wconf 87' lang='lat' dir='ltr'>innovatis;</span> <span class='ocrx_word' id='word_1_346' title='bbox 1646 1147 1764 1190; x_wconf 88' lang='lat' dir='ltr'>quibus</span> <span class='ocrx_word' id='word_1_347' title='bbox 1799 1148 1951 1181; x_wconf 89' lang='lat' dir='ltr'>omnibus</span> 
     </span>
     <span class='ocr_line' id='line_1_66' title="bbox 1211 1199 1952 1243; baseline 0.001 -10"><span class='ocrx_word' id='word_1_348' title='bbox 1211 1205 1243 1233; x_wconf 89' lang='lat' dir='ltr'>et</span> <span class='ocrx_word' id='word_1_349' title='bbox 1255 1199 1402 1242; x_wconf 82' lang='lat' dir='ltr'>singulis,</span> <span class='ocrx_word' id='word_1_350' title='bbox 1418 1200 1544 1233; x_wconf 89' lang='lat' dir='ltr'>etiamsi</span> <span class='ocrx_word' id='word_1_351' title='bbox 1562 1200 1762 1243; x_wconf 90' lang='lat' dir='ltr'>proillorum</span> <span class='ocrx_word' id='word_1_352' title='bbox 1779 1201 1952 1234; x_wconf 83' lang='lat' dir='ltr'>sufficienti</span> 
     </span>
     <span class='ocr_line' id='line_1_67' title="bbox 1211 1253 1951 1297; baseline 0.001 -11"><span class='ocrx_word' id='word_1_353' title='bbox 1211 1253 1423 1296; x_wconf 80' lang='lat' dir='ltr'>derogatione</span> <span class='ocrx_word' id='word_1_354' title='bbox 1451 1253 1489 1286; x_wconf 90' lang='lat' dir='ltr'>de</span> <span class='ocrx_word' id='word_1_355' title='bbox 1515 1253 1579 1285; x_wconf 86' lang='lat' dir='ltr'>illis</span> <span class='ocrx_word' id='word_1_356' title='bbox 1598 1263 1780 1297; x_wconf 90' lang='lat' dir='ltr'>eorumque</span> <span class='ocrx_word' id='word_1_357' title='bbox 1805 1254 1878 1286; x_wconf 87' lang='lat' dir='ltr'>totis</span> <span class='ocrx_word' id='word_1_358' title='bbox 1903 1260 1951 1287; x_wconf 84' lang='lat' dir='ltr'>te-</span> 
     </span>
     <span class='ocr_line' id='line_1_68' title="bbox 1210 1306 1952 1350; baseline 0 -10"><span class='ocrx_word' id='word_1_359' title='bbox 1210 1306 1344 1340; x_wconf 88' lang='lat' dir='ltr'>noribus</span> <span class='ocrx_word' id='word_1_360' title='bbox 1369 1306 1527 1349; x_wconf 78' lang='lat' dir='ltr'>specialiS,</span> <span class='ocrx_word' id='word_1_361' title='bbox 1554 1306 1715 1349; x_wconf 81' lang='lat' dir='ltr'>specifica,</span> <span class='ocrx_word' id='word_1_362' title='bbox 1742 1316 1895 1350; x_wconf 85' lang='lat' dir='ltr'>expressa</span> <span class='ocrx_word' id='word_1_363' title='bbox 1920 1313 1952 1340; x_wconf 91' lang='lat' dir='ltr'>et</span> 
     </span>
     <span class='ocr_line' id='line_1_69' title="bbox 1210 1359 1948 1400; baseline 0 -8"><span class='ocrx_word' id='word_1_364' title='bbox 1210 1359 1384 1399; x_wconf 89' lang='lat' dir='ltr'>individua,</span> <span class='ocrx_word' id='word_1_365' title='bbox 1409 1369 1444 1392; x_wconf 87' lang='lat' dir='ltr'>ac</span> <span class='ocrx_word' id='word_1_366' title='bbox 1469 1359 1507 1392; x_wconf 91' lang='lat' dir='ltr'>de</span> <span class='ocrx_word' id='word_1_367' title='bbox 1533 1359 1630 1392; x_wconf 90' lang='lat' dir='ltr'>verbo</span> <span class='ocrx_word' id='word_1_368' title='bbox 1655 1360 1694 1392; x_wconf 85' lang='lat' dir='ltr'>ad</span> <span class='ocrx_word' id='word_1_369' title='bbox 1719 1360 1864 1400; x_wconf 89' lang='lat' dir='ltr'>verbum,</span> <span class='ocrx_word' id='word_1_370' title='bbox 1884 1370 1948 1393; x_wconf 91' lang='lat' dir='ltr'>non</span> 
     </span>
     <span class='ocr_line' id='line_1_70' title="bbox 1210 1413 1951 1456; baseline -0.001 -10"><span class='ocrx_word' id='word_1_371' title='bbox 1210 1418 1317 1446; x_wconf 88' lang='lat' dir='ltr'>autem</span> <span class='ocrx_word' id='word_1_372' title='bbox 1336 1423 1394 1456; x_wconf 90' lang='lat' dir='ltr'>per</span> <span class='ocrx_word' id='word_1_373' title='bbox 1411 1413 1573 1445; x_wconf 86' lang='lat' dir='ltr'>clausulas</span> <span class='ocrx_word' id='word_1_374' title='bbox 1594 1414 1764 1455; x_wconf 84' lang='lat' dir='ltr'>generales</span> <span class='ocrx_word' id='word_1_375' title='bbox 1790 1413 1875 1446; x_wconf 90' lang='lat' dir='ltr'>idem</span> <span class='ocrx_word' id='word_1_376' title='bbox 1893 1414 1951 1445; x_wconf 89' lang='lat' dir='ltr'>im-</span> 
     </span>
     <span class='ocr_line' id='line_1_71' title="bbox 1210 1465 1950 1509; baseline -0.001 -11"><span class='ocrx_word' id='word_1_377' title='bbox 1210 1471 1382 1509; x_wconf 90' lang='lat' dir='ltr'>portantes,</span> <span class='ocrx_word' id='word_1_378' title='bbox 1408 1465 1529 1498; x_wconf 90' lang='lat' dir='ltr'>mentio</span> <span class='ocrx_word' id='word_1_379' title='bbox 1563 1476 1620 1498; x_wconf 89' lang='lat' dir='ltr'>seu</span> <span class='ocrx_word' id='word_1_380' title='bbox 1653 1466 1782 1508; x_wconf 89' lang='lat' dir='ltr'>quaevis</span> <span class='ocrx_word' id='word_1_381' title='bbox 1814 1465 1877 1499; x_wconf 87' lang='lat' dir='ltr'>alia</span> <span class='ocrx_word' id='word_1_382' title='bbox 1902 1476 1950 1498; x_wconf 71' lang='lat' dir='ltr'>ex-</span> 
     </span>
     <span class='ocr_line' id='line_1_72' title="bbox 1210 1519 1952 1563; baseline 0 -12"><span class='ocrx_word' id='word_1_383' title='bbox 1210 1519 1334 1563; x_wconf 86' lang='lat' dir='ltr'>pressio</span> <span class='ocrx_word' id='word_1_384' title='bbox 1360 1519 1520 1559; x_wconf 90' lang='lat' dir='ltr'>habenda,</span> <span class='ocrx_word' id='word_1_385' title='bbox 1549 1525 1604 1552; x_wconf 83' lang='lat' dir='ltr'>aut</span> <span class='ocrx_word' id='word_1_386' title='bbox 1625 1520 1733 1562; x_wconf 86' lang='lat' dir='ltr'>aliqua</span> <span class='ocrx_word' id='word_1_387' title='bbox 1757 1519 1818 1552; x_wconf 84' lang='lat' dir='ltr'>alia</span> <span class='ocrx_word' id='word_1_388' title='bbox 1843 1519 1952 1562; x_wconf 73' lang='lat' dir='ltr'>exqui-</span> 
     </span>
     <span class='ocr_line' id='line_1_73' title="bbox 1210 1572 1952 1613; baseline 0 -9"><span class='ocrx_word' id='word_1_389' title='bbox 1210 1572 1271 1604; x_wconf 81' lang='lat' dir='ltr'>sita</span> <span class='ocrx_word' id='word_1_390' title='bbox 1297 1572 1397 1605; x_wconf 82' lang='lat' dir='ltr'>forma</span> <span class='ocrx_word' id='word_1_391' title='bbox 1422 1572 1460 1604; x_wconf 90' lang='lat' dir='ltr'>ad</span> <span class='ocrx_word' id='word_1_392' title='bbox 1486 1572 1548 1604; x_wconf 85' lang='lat' dir='ltr'>hoe</span> <span class='ocrx_word' id='word_1_393' title='bbox 1568 1572 1727 1605; x_wconf 88' lang='lat' dir='ltr'>servanda</span> <span class='ocrx_word' id='word_1_394' title='bbox 1745 1572 1841 1613; x_wconf 85' lang='lat' dir='ltr'>soret,</span> <span class='ocrx_word' id='word_1_395' title='bbox 1860 1577 1952 1605; x_wconf 90' lang='lat' dir='ltr'>teno-</span> 
     </span>
     <span class='ocr_line' id='line_1_74' title="bbox 1210 1625 1951 1669; baseline 0 -12"><span class='ocrx_word' id='word_1_396' title='bbox 1210 1635 1261 1658; x_wconf 87' lang='lat' dir='ltr'>res</span> <span class='ocrx_word' id='word_1_397' title='bbox 1288 1625 1476 1657; x_wconf 90' lang='lat' dir='ltr'>huiusmodi</span> <span class='ocrx_word' id='word_1_398' title='bbox 1513 1625 1738 1667; x_wconf 88' lang='lat' dir='ltr'>praesentibus</span> <span class='ocrx_word' id='word_1_399' title='bbox 1770 1635 1830 1669; x_wconf 92' lang='lat' dir='ltr'>pro</span> <span class='ocrx_word' id='word_1_400' title='bbox 1856 1626 1951 1668; x_wconf 84' lang='lat' dir='ltr'>plene</span> 
     </span>
     <span class='ocr_line' id='line_1_75' title="bbox 1211 1677 1951 1712; baseline 0.001 -2"><span class='ocrx_word' id='word_1_401' title='bbox 1211 1683 1242 1711; x_wconf 88' lang='lat' dir='ltr'>et</span> <span class='ocrx_word' id='word_1_402' title='bbox 1266 1677 1465 1710; x_wconf 84' lang='lat' dir='ltr'>sufficienter</span> <span class='ocrx_word' id='word_1_403' title='bbox 1493 1688 1531 1711; x_wconf 87' lang='lat' dir='ltr'>ac</span> <span class='ocrx_word' id='word_1_404' title='bbox 1567 1678 1605 1711; x_wconf 90' lang='lat' dir='ltr'>de</span> <span class='ocrx_word' id='word_1_405' title='bbox 1629 1679 1729 1712; x_wconf 92' lang='lat' dir='ltr'>verbo</span> <span class='ocrx_word' id='word_1_406' title='bbox 1753 1679 1792 1712; x_wconf 91' lang='lat' dir='ltr'>ad</span> <span class='ocrx_word' id='word_1_407' title='bbox 1817 1679 1951 1711; x_wconf 88' lang='lat' dir='ltr'>verbum</span> 
     </span>
     <span class='ocr_line' id='line_1_76' title="bbox 1212 1731 1953 1771; baseline 0.003 -8"><span class='ocrx_word' id='word_1_408' title='bbox 1212 1731 1342 1764; x_wconf 88' lang='lat' dir='ltr'>insertis</span> <span class='ocrx_word' id='word_1_409' title='bbox 1367 1731 1536 1771; x_wconf 89' lang='lat' dir='ltr'>habentes,</span> <span class='ocrx_word' id='word_1_410' title='bbox 1564 1731 1628 1764; x_wconf 91' lang='lat' dir='ltr'>illis</span> <span class='ocrx_word' id='word_1_411' title='bbox 1656 1732 1734 1764; x_wconf 75' lang='lat' dir='ltr'>alias</span> <span class='ocrx_word' id='word_1_412' title='bbox 1761 1732 1794 1764; x_wconf 89' lang='lat' dir='ltr'>in</span> <span class='ocrx_word' id='word_1_413' title='bbox 1823 1743 1881 1765; x_wconf 88' lang='lat' dir='ltr'>suo</span> <span class='ocrx_word' id='word_1_414' title='bbox 1904 1742 1953 1765; x_wconf 93' lang='lat' dir='ltr'>ro-</span> 
     </span>
     <span class='ocr_line' id='line_1_77' title="bbox 1211 1784 1954 1828; baseline 0.001 -12"><span class='ocrx_word' id='word_1_415' title='bbox 1211 1784 1290 1818; x_wconf 90' lang='lat' dir='ltr'>bore</span> <span class='ocrx_word' id='word_1_416' title='bbox 1315 1784 1544 1828; x_wconf 85' lang='lat' dir='ltr'>permansuris,</span> <span class='ocrx_word' id='word_1_417' title='bbox 1565 1785 1603 1817; x_wconf 91' lang='lat' dir='ltr'>ad</span> <span class='ocrx_word' id='word_1_418' title='bbox 1628 1785 1882 1828; x_wconf 89' lang='lat' dir='ltr'>praemissorum</span> <span class='ocrx_word' id='word_1_419' title='bbox 1907 1785 1954 1818; x_wconf 83' lang='lat' dir='ltr'>es-</span> 
     </span>
     <span class='ocr_line' id='line_1_78' title="bbox 1212 1838 1954 1882; baseline 0.001 -11"><span class='ocrx_word' id='word_1_420' title='bbox 1212 1838 1339 1878; x_wconf 77' lang='lat' dir='ltr'>sectum,</span> <span class='ocrx_word' id='word_1_421' title='bbox 1366 1839 1426 1871; x_wconf 85' lang='lat' dir='ltr'>hac</span> <span class='ocrx_word' id='word_1_422' title='bbox 1458 1838 1526 1871; x_wconf 91' lang='lat' dir='ltr'>vice</span> <span class='ocrx_word' id='word_1_423' title='bbox 1560 1839 1735 1879; x_wconf 81' lang='lat' dir='ltr'>dumtaxat,</span> <span class='ocrx_word' id='word_1_424' title='bbox 1768 1838 1954 1882; x_wconf 87' lang='lat' dir='ltr'>specialiter</span> 
     </span>
     <span class='ocr_line' id='line_1_79' title="bbox 1212 1892 1953 1936; baseline 0.003 -12"><span class='ocrx_word' id='word_1_425' title='bbox 1212 1897 1244 1925; x_wconf 88' lang='lat' dir='ltr'>et</span> <span class='ocrx_word' id='word_1_426' title='bbox 1269 1902 1421 1935; x_wconf 80' lang='lat' dir='ltr'>expresse</span> <span class='ocrx_word' id='word_1_427' title='bbox 1441 1892 1648 1935; x_wconf 79' lang='lat' dir='ltr'>derogamus;</span> <span class='ocrx_word' id='word_1_428' title='bbox 1667 1892 1850 1936; x_wconf 85' lang='lat' dir='ltr'>ceterisque</span> <span class='ocrx_word' id='word_1_429' title='bbox 1875 1903 1953 1926; x_wconf 86' lang='lat' dir='ltr'>con-</span> 
     </span>
     <span class='ocr_line' id='line_1_80' title="bbox 1213 1945 1620 1989; baseline 0 -11"><span class='ocrx_word' id='word_1_430' title='bbox 1213 1945 1321 1978; x_wconf 87' lang='lat' dir='ltr'>trariis</span> <span class='ocrx_word' id='word_1_431' title='bbox 1346 1945 1620 1989; x_wconf 85' lang='lat' dir='ltr'>quibuscumque.</span> 
     </span>
    </p>

    <p class='ocr_par' dir='ltr' id='par_1_8' title="bbox 1213 1997 1954 2148">
     <span class='ocr_line' id='line_1_81' title="bbox 1256 1997 1953 2042; baseline 0.003 -12"><span class='ocrx_word' id='word_1_432' title='bbox 1256 1998 1369 2031; x_wconf 88' lang='lat' dir='ltr'>Datum</span> <span class='ocrx_word' id='word_1_433' title='bbox 1393 1998 1523 2037; x_wconf 82' lang='lat' dir='ltr'>Romae,</span> <span class='ocrx_word' id='word_1_434' title='bbox 1542 1999 1628 2042; x_wconf 89' lang='lat' dir='ltr'>apud</span> <span class='ocrx_word' id='word_1_435' title='bbox 1650 1998 1681 2031; x_wconf 88' lang='lat' dir='ltr'>S.</span> <span class='ocrx_word' id='word_1_436' title='bbox 1701 1998 1831 2031; x_wconf 89' lang='lat' dir='ltr'>Mariam</span> <span class='ocrx_word' id='word_1_437' title='bbox 1856 1997 1953 2032; x_wconf 90' lang='lat' dir='ltr'>Maio-</span> 
     </span>
     <span class='ocr_line' id='line_1_82' title="bbox 1213 2052 1954 2093; baseline -0.001 -8"><span class='ocrx_word' id='word_1_438' title='bbox 1213 2062 1291 2092; x_wconf 86' lang='lat' dir='ltr'>rem,</span> <span class='ocrx_word' id='word_1_439' title='bbox 1310 2052 1367 2084; x_wconf 89' lang='lat' dir='ltr'>sub</span> <span class='ocrx_word' id='word_1_440' title='bbox 1385 2052 1505 2084; x_wconf 89' lang='lat' dir='ltr'>annulo</span> <span class='ocrx_word' id='word_1_441' title='bbox 1524 2052 1707 2093; x_wconf 74' lang='lat' dir='ltr'>piscatoris,</span> <span class='ocrx_word' id='word_1_442' title='bbox 1723 2053 1774 2085; x_wconf 90' lang='lat' dir='ltr'>die</span> <span class='ocrx_word' id='word_1_443' title='bbox 1791 2063 1809 2086; x_wconf 82' lang='lat' dir='ltr'>x</span> <span class='ocrx_word' id='word_1_444' title='bbox 1826 2063 1954 2086; x_wconf 89' lang='lat' dir='ltr'>novem-</span> 
     </span>
     <span class='ocr_line' id='line_1_83' title="bbox 1213 2104 1951 2148; baseline 0 -11"><span class='ocrx_word' id='word_1_445' title='bbox 1213 2104 1280 2137; x_wconf 89' lang='lat' dir='ltr'>bris</span> <span class='ocrx_word' id='word_1_446' title='bbox 1295 2114 1452 2145; x_wconf 77' lang='lat' dir='ltr'>MDCXCIII,</span> <span class='ocrx_word' id='word_1_447' title='bbox 1463 2104 1673 2148; x_wconf 85' lang='lat' dir='ltr'>pontificatus</span> <span class='ocrx_word' id='word_1_448' title='bbox 1687 2105 1787 2138; x_wconf 87' lang='lat' dir='ltr'>nostri</span> <span class='ocrx_word' id='word_1_449' title='bbox 1801 2116 1886 2138; x_wconf 90' lang='lat' dir='ltr'>anno</span> <span class='ocrx_word' id='word_1_450' title='bbox 1902 2116 1951 2139; x_wconf 89' lang='grc' dir='ltr'>ιιι.</span> 
     </span>
    </p>

    <p class='ocr_par' dir='ltr' id='par_1_9' title="bbox 1250 2166 1952 2202">
     <span class='ocr_line' id='line_1_84' title="bbox 1250 2166 1952 2202; baseline 0 -9"><span class='ocrx_word' id='word_1_451' title='bbox 1250 2166 1311 2193; x_wconf 87' lang='lat' dir='ltr'>Dat.</span> <span class='ocrx_word' id='word_1_452' title='bbox 1329 2166 1372 2194; x_wconf 91' lang='lat' dir='ltr'>die</span> <span class='ocrx_word' id='word_1_453' title='bbox 1389 2167 1421 2194; x_wconf 88' lang='grc'>10</span> <span class='ocrx_word' id='word_1_454' title='bbox 1436 2166 1592 2194; x_wconf 74' lang='lat' dir='ltr'>novembris</span> <span class='ocrx_word' id='word_1_455' title='bbox 1613 2166 1691 2202; x_wconf 79' lang='lat'>1093,</span> <span class='ocrx_word' id='word_1_456' title='bbox 1712 2166 1810 2202; x_wconf 83' lang='lat' dir='ltr'>pontif.</span> <span class='ocrx_word' id='word_1_457' title='bbox 1828 2174 1900 2194; x_wconf 86' lang='lat' dir='ltr'>anno</span> <span class='ocrx_word' id='word_1_458' title='bbox 1915 2173 1952 2194; x_wconf 92' lang='grc' dir='ltr'>ιιι.</span> 
     </span>
    </p>
   </div>
   <div class='ocr_carea' id='block_1_7' title="bbox 1478 2242 1673 2247">
    <p class='ocr_par' dir='ltr' id='par_1_10' title="bbox 1478 2242 1673 2247">
     <span class='ocr_line' id='line_1_85' title="bbox 1478 2242 1673 2247; baseline 0 0"><span class='ocrx_word' id='word_1_459' title='bbox 1478 2242 1673 2247; x_wconf 95' lang='lat' dir='ltr'> </span> 
     </span>
    </p>
   </div>
   <div class='ocr_carea' id='block_1_8' title="bbox 1218 2335 1955 2562">
    <p class='ocr_par' dir='ltr' id='par_1_11' title="bbox 1218 2335 1955 2562">
     <span class='ocr_line' id='line_1_86' title="bbox 1520 2335 1649 2369; baseline 0 -1"><span class='ocrx_word' id='word_1_460' title='bbox 1520 2335 1649 2369; x_wconf 81' lang='lat' dir='ltr'>LXXIV.</span> 
     </span>
     <span class='ocr_line' id='line_1_87' title="bbox 1218 2423 1951 2466; baseline 0 -9"><span class='ocrx_word' id='word_1_461' title='bbox 1218 2423 1439 2466; x_wconf 66' lang='lat' dir='ltr'>Confirmatio·</span> <span class='ocrx_word' id='word_1_462' title='bbox 1463 2423 1577 2456; x_wconf 69' lang='lat' dir='ltr'>erectio</span> <span class='ocrx_word' id='word_1_463' title='bbox 1603 2424 1704 2455; x_wconf 74' lang='lat' dir='ltr'>lrium</span> <span class='ocrx_word' id='word_1_464' title='bbox 1730 2423 1951 2457; x_wconf 72' lang='lat' dir='ltr'>coenobiorum</span> 
     </span>
     <span class='ocr_line' id='line_1_88' title="bbox 1259 2476 1955 2518; baseline 0.001 -9"><span class='ocrx_word' id='word_1_465' title='bbox 1259 2476 1503 2510; x_wconf 54' lang='lat' dir='ltr'>&amp;collectionis</span> <span class='ocrx_word' id='word_1_466' title='bbox 1542 2476 1574 2508; x_wconf 69' lang='lat'>2⁴71</span> <span class='ocrx_word' id='word_1_467' title='bbox 1617 2476 1789 2518; x_wconf 67' lang='lat' dir='ltr'>provincid</span> <span class='ocrx_word' id='word_1_468' title='bbox 1820 2477 1955 2510; x_wconf 60' lang='lat' dir='ltr'>Baetice?</span> 
     </span>
     <span class='ocr_line' id='line_1_89' title="bbox 1264 2527 1864 2562; baseline 0.002 -1"><span class='ocrx_word' id='word_1_469' title='bbox 1264 2529 1365 2561; x_wconf 70' lang='lat' dir='ltr'>Tertii</span> <span class='ocrx_word' id='word_1_470' title='bbox 1382 2528 1516 2562; x_wconf 76' lang='lat' dir='ltr'>Ordinis</span> <span class='ocrx_word' id='word_1_471' title='bbox 1532 2529 1637 2560; x_wconf 75' lang='lat' dir='ltr'>sancti</span> <span class='ocrx_word' id='word_1_472' title='bbox 1653 2528 1826 2561; x_wconf 74' lang='lat' dir='ltr'>Fraucisci</span> <span class='ocrx_word' id='word_1_473' title='bbox 1842 2527 1864 2562; x_wconf 88' lang='lat'>¹.</span> 
     </span>
    </p>
   </div>
   <div class='ocr_carea' id='block_1_9' title="bbox 1255 2598 1953 2635">
    <p class='ocr_par' dir='ltr' id='par_1_12' title="bbox 1255 2598 1953 2635">
     <span class='ocr_line' id='line_1_90' title="bbox 1255 2598 1953 2635; baseline 0.003 -11"><span class='ocrx_word' id='word_1_474' title='bbox 1255 2600 1263 2624; x_wconf 90' lang='grc'>1</span> <span class='ocrx_word' id='word_1_475' title='bbox 1288 2599 1315 2625; x_wconf 85' lang='lat' dir='ltr'>ln</span> <span class='ocrx_word' id='word_1_476' title='bbox 1337 2602 1422 2626; x_wconf 83' lang='lat' dir='ltr'>const.</span> <span class='ocrx_word' id='word_1_477' title='bbox 1448 2598 1511 2625; x_wconf 79' lang='lat' dir='ltr'>edit.</span> <span class='ocrx_word' id='word_1_478' title='bbox 1543 2605 1681 2631; x_wconf 63' lang='lat' dir='ltr'>numeni,</span> <span class='ocrx_word' id='word_1_479' title='bbox 1705 2599 1748 2626; x_wconf 85' lang='lat' dir='ltr'>die</span> <span class='ocrx_word' id='word_1_480' title='bbox 1775 2600 1805 2626; x_wconf 83' lang='lat'>15</span> <span class='ocrx_word' id='word_1_481' title='bbox 1828 2599 1953 2635; x_wconf 75' lang='lat' dir='ltr'>augusti,</span> 
     </span>
    </p>
   </div>
   <div class='ocr_carea' id='block_1_10' title="bbox 434 2634 1958 2680">
    <p class='ocr_par' dir='ltr' id='par_1_13' title="bbox 434 2634 1958 2680">
     <span class='ocr_line' id='line_1_91' title="bbox 434 2634 1958 2680; baseline 0.003 -14"><span class='ocrx_word' id='word_1_482' title='bbox 434 2642 465 2669; x_wconf 82' lang='lat' dir='ltr'>et</span> <span class='ocrx_word' id='word_1_483' title='bbox 491 2634 713 2677; x_wconf 66' lang='lat' dir='ltr'>registi-andis,</span> <span class='ocrx_word' id='word_1_484' title='bbox 731 2634 809 2665; x_wconf 81' lang='lat' dir='ltr'>itaut</span> <span class='ocrx_word' id='word_1_485' title='bbox 836 2640 1023 2677; x_wconf 80' lang='lat' dir='ltr'>praesentes</span> <span class='ocrx_word' id='word_1_486' title='bbox 1049 2636 1173 2669; x_wconf 79' lang='lat' dir='ltr'>litteras</span> <span class='ocrx_word' id='word_1_487' title='bbox 1216 2644 1790 2680; x_wconf 56' lang='lat' dir='ltr'>ponus.m,cousin-wazo.sinfruntquaedam</span> <span class='ocrx_word' id='word_1_488' title='bbox 1807 2649 1916 2677; x_wconf 70' lang='lat' dir='ltr'>statuta,</span> <span class='ocrx_word' id='word_1_489' title='bbox 1930 2650 1958 2675; x_wconf 57' lang='lat' dir='ltr'>ct</span> 
     </span>
    </p>
   </div>
   <div class='ocr_carea' id='block_1_11' title="bbox 1946 249 2151 277">
    <p class='ocr_par' dir='ltr' id='par_1_14' title="bbox 1946 249 2151 277">
     <span class='ocr_line' id='line_1_92' title="bbox 1946 249 2151 277; baseline 0.015 -3"><span class='ocrx_word' id='word_1_490' title='bbox 1946 249 1994 275; x_wconf 75' lang='lat' dir='ltr'>An.</span> <span class='ocrx_word' id='word_1_491' title='bbox 2017 249 2151 277; x_wconf 49' lang='lat' dir='ltr'>aina&amp;</span> 
     </span>
    </p>
   </div>
  </div>
 </body>
</html>
