2254 3225
181 281 230 307 An.
246 279 275 307 c.
298 279 365 307 1090
410 270 452 304 70

216 1181 370 1201 Contrariorum

189 1208 305 1232 dot-ugano,

375 334 440 361 ctat
481 332 513 361 et
551 337 610 371 pro
649 331 796 369 tempore
841 324 1107 367 quandocumque

375 380 551 424 spectabit,
578 378 813 413 inviolabiliter
837 374 1023 414 observari,
1050 372 1110 404 sic-

376 444 439 477 que
475 438 507 466 et
535 444 600 466 non
631 432 723 465 aliter
759 431 790 463 in
826 426 1014 472 praemissis
1050 434 1109 468 per

377 497 599 530 quoscumque
630 485 756 518 iudices
782 481 963 515 ordinarios
1001 484 1031 511 et
1056 477 1109 509 de-

376 540 512 582 legatos,
539 538 635 572 etiam
660 545 828 570 causarum
845 532 955 576 palatii
981 534 1110 573 aposto-

377 592 431 625 lici
466 592 639 630 auditores,
666 601 702 622 ac
727 589 757 621 S.
785 588 821 619 R.
848 586 883 618 E.
916 583 1106 621 cardinales,

379 645 477 678 etiam
503 644 542 677 de
568 645 667 677 latere
685 643 823 684 legatos,
844 643 874 671 et
889 637 981 670 Sedis
1007 636 1110 677 Apos-

379 698 496 730 tolicae
521 696 685 741 praefatae
711 692 854 731 nuncios,
873 690 992 722 aliosve
1011 697 1110 730 quos-

379 750 459 783 libet
482 758 684 794 quacumque
710 742 965 789 praeei‘ninentia
990 746 1022 773 ct
1053 751 1111 783 po-

381 809 492 836 testate
518 803 688 843 fungentes
720 805 751 831 et
780 798 955 834 functuros,
984 794 1111 826 sublata

380 857 426 890 eis
452 862 484 889 et
508 865 621 888 corum
647 853 781 886 cuilibet
806 850 916 893 quavis
942 848 1035 880 aliter
1067 846 1112 878 iu-

380 908 507 941 dicandi
547 912 578 939 et
613 902 846 947 interpretandi
889 901 1039 933 facultate
1081 904 1112 931 et

380 961 578 999 auctoritate,
604 957 736 990 iudicari
759 961 790 988 et
811 953 939 987 definiri
973 953 1110 992 debere,

379 1026 416 1047 ac
439 1014 563 1046 irritum
588 1017 620 1044 et
645 1011 751 1048 inane,
778 1008 803 1040 si
829 1017 923 1040 secus
950 1005 1114 1048 superbis

380 1078 397 1099 a
421 1076 589 1110 quoquam,
615 1063 725 1106 quavis
747 1060 948 1098 auctoritaie,
973 1058 1115 1090 scienter

379 1120 428 1152 vel
449 1119 645 1161 ignoranter,
664 1113 836 1156 contigerit
860 1111 1024 1145 attentari.

423 1172 438 1214 ἓ
467 1171 498 1203 4.
529 1170 597 1202 Non
629 1166 830 1201 obstantibus
860 1164 1055 1208 praemissis,
1080 1173 1116 1195 ae

381 1222 567 1267 apostolicis
594 1226 625 1254 et
655 1221 686 1253 in
715 1219 952 1252 universalibus
985 1215 1116 1259 provin-

380 1277 581 1318 cialibusque
606 1278 637 1306 et
661 1271 870 1316 synodalibus
888 1269 1036 1303 conciliis
1054 1268 1117 1301 edi-

380 1331 433 1370 tis,
452 1327 658 1372 generalibus
675 1326 724 1358 vel
742 1324 947 1368 specialibus,
966 1322 1117 1355 constitu-

382 1372 525 1416 tionibus
550 1387 582 1414 et
604 1379 876 1419 ordinationibus,
896 1383 935 1417 et,
958 1382 1115 1420 quatenus

383 1446 466 1479 opus
491 1435 539 1474 sit,
557 1435 669 1466 nostra
694 1438 725 1465 et
749 1431 960 1464 cancellariae
987 1435 1117 1472 aposto-

382 1489 463 1521 licae
487 1488 598 1530 regula
622 1487 661 1519 de
687 1486 756 1517 iure
782 1484 927 1528 quaesito
961 1493 1026 1515 uon
1059 1483 1118 1515 tol-

384 1542 490 1580 lendo,
511 1540 636 1582 legibus
662 1548 792 1582 quoque
820 1537 916 1570 etiam
944 1535 1119 1579 imperiali-

383 1595 442 1627 bus
464 1599 496 1627 et
515 1592 776 1635 municipalibus,
793 1601 922 1623 necnon
941 1589 1116 1632 quibusvis,

385 1648 479 1680 etiam
503 1646 694 1684 iuramento,
718 1642 966 1676 confirmatione
991 1646 1119 1685 aposto-

384 1700 456 1741 lica,
485 1710 541 1732 seu
568 1699 680 1742 quavis
697 1697 849 1729 firmitate
865 1696 926 1728 alia
946 1695 1118 1734 roboratis,

385 1753 512 1785 statutis
548 1758 580 1784 et
602 1749 908 1786 consuetudinibus,
938 1748 1118 1792 privilegiis

386 1816 529 1849 quoque,
545 1804 687 1844 indultis,
703 1801 965 1836 concessionibus
989 1806 1021 1834 et
1040 1802 1121 1834 litte-

386 1858 430 1891 ris
469 1856 656 1901 apostolicis
694 1855 951 1899 quibuscumque
984 1854 1065 1886 locis
1090 1860 1121 1887 et

386 1911 552 1955 personis,
590 1910 684 1943 etiam
715 1908 816 1951 regali
854 1913 884 1941 et
915 1908 976 1940 alia
1008 1908 1119 1951 quavis

387 1965 454 1996 sive
479 1963 695 1996 ecclesiastica
725 1963 792 1995 sive
821 1961 986 1994 mundana
1017 1960 1121 2002 digni-

388 2022 452 2049 tate
478 2015 684 2058 fulgentibus,
710 2020 742 2047 et
766 2015 843 2047 alias
875 2013 1122 2057 quomodolibet

390 2068 580 2113 qualificatis
615 2074 646 2101 et
677 2069 851 2111 specialem
881 2066 1120 2110 expressionem

389 2122 642 2166 requirentibus,
676 2122 734 2153 sub
765 2120 1024 2164 quibuscumque
1056 2130 1121 2151 ver-

390 2176 507 2209 borum
546 2175 713 2208 tenoribus
749 2179 781 2206 et
817 2173 940 2212 formis,
978 2183 1014 2205 ac
1049 2184 1120 2205 cum

392 2229 558 2272 quibusvis
584 2228 680 2260 etiam
716 2225 997 2269 derogatoriarum
1029 2226 1123 2258 dere-

392 2282 535 2324 gatoriis,
559 2281 694 2323 aliisque
720 2278 955 2312 efficacioribus
982 2283 1013 2310 et
1037 2278 1124 2311 inso-

393 2334 457 2367 litis
491 2334 654 2374 clausulis,
688 2344 724 2365 ac
757 2331 958 2364 irritantibus
990 2335 1021 2363 ct
1054 2331 1124 2363 aliis

393 2386 540 2426 decretis,
551 2386 645 2419 etiam
655 2391 754 2425 motu,
765 2384 900 2417 scientia
915 2383 1124 2426 etpotestatis

394 2439 596 2482 plenitudine
615 2438 783 2477 similibus,
799 2448 834 2470 ac
847 2435 1125 2474 consistorialiter,

395 2497 427 2524 et
461 2491 539 2524 alias
576 2491 824 2534 quomodolibet
858 2490 890 2522 in
926 2488 1125 2522 contrarium

396 2543 646 2586 praemissorum
678 2543 850 2582 concessis,
888 2542 990 2581 editis,
1023 2542 1124 2580 factis,

947 272 1124 298 RULLARIUM
1149 268 1303 293 ΠΟΜΑΝῘΥΜ

1152 317 1270 349 vicibus
1296 313 1495 358 approbatis,
1522 312 1719 347 confirmatis
1739 317 1772 346 et
1794 313 1887 345 inno-

1151 370 1247 409 vatis;
1274 368 1390 411 quibus
1415 366 1567 401 omnibus
1593 372 1625 399 et
1659 366 1814 409 singulis,
1841 370 1888 398 et-

1151 421 1242 455 iamsi
1276 431 1335 464 pro
1371 420 1502 453 illorum
1540 419 1711 452 sufficienti
1749 419 1888 461 deroga-

1152 476 1238 508 tione
1274 475 1312 507 de
1346 474 1410 507 illis
1445 483 1623 516 eorumque
1657 472 1733 505 totis
1767 472 1889 505 tenoriv

1152 529 1212 560 bus
1239 527 1392 572 specialis
1418 532 1450 559 et
1474 525 1640 569 specifica,
1666 525 1832 558 individua
1857 529 1890 557 et

1152 591 1315 624 expressa,
1341 591 1378 613 ac
1403 580 1442 613 de
1474 579 1574 612 verbo
1592 579 1630 611 ad
1652 578 1798 618 verbum,
1824 587 1890 610 non

1153 639 1261 667 autem
1297 644 1357 677 per
1391 633 1553 666 clausulas
1589 632 1759 674 generales
1803 630 1890 663 idem

1154 687 1387 730 importantes,
1421 685 1543 717 mentio
1573 694 1629 717 seu
1662 683 1792 726 quaevis
1827 682 1890 715 alia

1154 739 1318 783 expressio
1359 738 1506 770 iacienda
1545 742 1601 769 aut
1631 737 1693 769 alia
1729 735 1891 778 exquisita

1155 793 1257 825 forma
1283 793 1320 825 ad
1347 792 1410 824 hoc
1446 789 1602 823 servanda
1633 789 1725 829 foret,
1757 794 1889 822 tenores

1155 845 1360 886 huiusmodi,
1387 845 1506 877 formas
1530 848 1563 876 et
1584 842 1773 875 occasiones
1798 852 1892 885 prae-

1155 898 1301 930 sentibus
1332 908 1392 940 pro
1427 898 1524 939 plene
1549 902 1581 928 et
1611 895 1810 928 sufficienter
1838 905 1891 927 ex-

1156 951 1286 994 pressis,
1312 950 1446 982 insertis
1478 960 1514 982 ac
1549 948 1681 981 servatis
1711 948 1891 991 respective

1158 1004 1331 1043 babentes,
1351 1003 1415 1035 illis
1440 1002 1518 1035 alias
1543 1002 1575 1033 in
1600 1011 1658 1034 suo
1683 1001 1802 1033 robore
1820 1010 1893 1043 per-

1156 1057 1333 1096 mansuris,
1371 1057 1409 1089 ad
1445 1055 1698 1099 praemissorum
1731 1053 1892 1092 effectum,

1158 1109 1344 1152 specialiter
1374 1115 1405 1142 et
1429 1119 1581 1152 expresse
1618 1108 1827 1149 derogamus,
1858 1116 1875 1138 a

1159 1164 1349 1205 derogatum
1368 1172 1439 1195 esse
1452 1163 1609 1201 volumus;
1624 1160 1804 1202 ceterisque
1822 1169 1894 1192 con-

1159 1216 1264 1248 trariis
1284 1215 1551 1259 quibuscumque.

1202 1271 1216 1313 ἓ
1252 1269 1283 1302 5.
1321 1268 1474 1301 Volumus
1503 1272 1609 1300 autem
1641 1272 1676 1299 ut
1708 1267 1893 1299 earumdem

1159 1322 1379 1366 praesentium
1397 1321 1577 1354 litterarum
1600 1320 1820 1362 transumptis,
1837 1330 1894 1351 seu

1160 1375 1323 1418 exemplis,
1350 1384 1446 1406 manu
1472 1372 1608 1406 alicuius
1632 1372 1749 1404 notarii
1775 1372 1895 1415 publici

1159 1427 1368 1470 subscriptis,
1395 1431 1425 1458 et
1450 1425 1558 1468 sigillo
1593 1435 1753 1468 personae
1778 1424 1809 1456 in
1845 1435 1897 1456 cc-

1161 1479 1339 1513 clesiastica
1363 1478 1519 1521 dignitate
1540 1477 1731 1510 constitutae
1753 1476 1896 1516 munitis,

1161 1533 1273 1565 eadem
1299 1542 1432 1575 prorsus
1456 1531 1534 1564 fides
1558 1531 1677 1573 ubique
1703 1531 1848 1562 locorum
1866 1536 1898 1562 et

1161 1586 1305 1628 gentium
1330 1585 1362 1616 in
1391 1584 1511 1616 iudicio
1543 1588 1575 1616 et
1607 1589 1695 1616 extra
1721 1583 1894 1622 habeatur,

1162 1648 1243 1681 quae
1270 1638 1446 1670 haberetur
1463 1636 1542 1679 ipsis
1561 1635 1789 1679 praesentibus
1810 1635 1835 1666 si
1855 1635 1898 1667 fo-

1164 1695 1234 1723 rent
1259 1690 1420 1723 exhibitae
1438 1690 1488 1721 vel
1514 1694 1674 1722 ostensae.

1206 1744 1321 1776 Datum
1339 1743 1471 1781 Romae,
1488 1742 1573 1785 apud
1595 1741 1625 1774 S.
1652 1740 1783 1774 Mariam
1808 1740 1900 1773 Maio-

1165 1807 1242 1836 rem,
1257 1797 1315 1829 sub
1333 1797 1451 1828 annulo
1465 1795 1650 1833 Piscatoris,
1663 1794 1713 1827 die
1731 1804 1761 1827 iv
1772 1794 1899 1836 augusti

1164 1849 1498 1893 uncxc,pontiticatus
1512 1848 1611 1881 nostri
1627 1858 1712 1880 anuo
1725 1858 1745 1880 1.

1200 1912 1257 1938 Dat.
1275 1911 1317 1938 die
1333 1911 1349 1937 4
1364 1910 1468 1946 augusti
1487 1910 1565 1943 1690,
1586 1909 1680 1944 pontif.
1702 1916 1771 1935 anno
1791 1915 1810 1935 1.

1485 2070 1591 2105 XXHL

1166 2168 1373 2207 Prohibetur,
1387 2177 1426 2200 ne
1442 2174 1629 2210 (ruyrantur
1645 2165 1694 2199 vel
1709 2165 1901 2199 dimimmn-

1211 2226 1264 2255 tur
1287 2222 1357 2254 sine
1380 2221 1411 2254 S.
1441 2221 1531 2254 Sedis
1557 2220 1688 2252 licentis?
1710 2230 1805 2252 onera
1820 2220 1901 2252 solvi

1209 2274 1306 2307 solita
1328 2274 1457 2306 aerario
1483 2273 1654 2316 hospitalis
1680 2274 1786 2305 sancti
1809 2273 1900 2306 Ioan-

1210 2329 1262 2361 nis
1286 2327 1579 2369 HIerosolynu‘tcmi
1593 2326 1613 2358 ¹.

1204 2436 1212 2461 1
1238 2434 1371 2461 Concessa
1390 2433 1440 2460 fuit
1460 2433 1572 2460 facultas
1591 2431 1738 2467 recipiendi
1759 2430 1901 2458 nonnullos

1169 2487 1263 2513 magno
1282 2478 1410 2512 magistro
1431 2477 1463 2504 ab
1480 2476 1635 2503 Innocentio
1651 2474 1682 2502 Xl
1698 2475 1804 2501 constit.
1834 2475 1899 2500 edit.

1169 2529 1333 2555 uncmxxw,
1349 2522 1390 2548 die
1404 2522 1437 2548 25
1451 2521 1528 2554 iunii,
1541 2520 1635 2554 pontif.
1649 2529 1672 2550 x,
1685 2524 1711 2546 et
1722 2519 1755 2545 ab
1771 2519 1902 2545 Innocen-

1170 2568 1204 2593 tio
1239 2566 1279 2593 Xll
1313 2566 1401 2592 editae
1434 2565 1508 2591 fuere
1537 2564 1684 2590 nonnullae
1718 2563 1902 2589 ordinationes

398 2606 432 2628 ac
467 2598 587 2638 plumes
617 2596 737 2628 stffl'fflis
772 2602 803 2628 θῑ
837 2600 1103 2638 quafflffiffl'mque
1119 2593 1125 2609 ¹
1170 2615 1262 2637 contra
1277 2610 1443 2645 frequentem
1461 2608 1641 2642 receptionem
1659 2607 1690 2633 ad
1708 2606 1826 2633 habiturn
1838 2615 1902 2633 con-

434 2658 444 2684 1
467 2657 536 2684 Edit.
553 2658 633 2684 Maiu.
651 2658 714 2692 legit
735 2665 986 2692 quarmucumquc
1001 2659 1038 2689 (u.
1060 2656 1108 2690 T.).

1171 2656 1225 2682 stit.
1247 2655 1290 2681 ed.
1312 2659 1444 2687 uncxcvu,
1466 2652 1508 2679 die
1528 2658 1544 2678 11
1565 2651 1638 2686 maii,
1660 2651 1752 2686 pontif.
1774 2658 1822 2678 vu.

1893 264 1942 289 An.
1959 261 1988 289 C.
2011 261 2079 291 lfflss

1944 1276 2006 1297 Fide<
2032 1279 2087 1297 tran.

1905 1312 1912 1320 κ
1930 1306 2040 1328 ιἰηιιυνυιυΔ
