2254 3225
217 193 262 220 ,tir
285 193 312 221 c.
332 193 393 221 mm
443 185 506 219 23ss

409 253 505 287 quem
527 252 586 286 pro
606 241 696 276 nulla
714 247 801 275 extra
828 241 913 275 hunc
937 251 1047 275 casum
1070 250 1145 284 pro-

408 295 513 329 vincia
526 295 694 329 nominare
708 296 823 328 valeat.
843 294 924 328 Hinc
941 299 1048 327 tamen
1061 293 1145 327 exci-

409 348 517 393 pimus
535 348 717 392 Hispaniae,
736 348 856 382 Galliae
882 347 1056 391 Italiaeque
1069 356 1146 390 pro-

412 401 540 435 vincias.
565 401 654 435 Dicto
680 412 817 446 namque
849 400 1002 444 magistro
1032 400 1065 432 in
1094 397 1146 431 Hi-

411 454 525 499 spania
557 455 710 488 residenti
735 459 928 498 potestatem
954 452 1087 486 facimus
1112 456 1147 483 ut

412 517 471 551 pro
507 506 610 541 Gallia
635 513 666 540 et
689 507 779 540 Italia
803 506 940 539 vicarios
977 505 1145 548 generales

412 560 568 593 instituat.
595 559 674 593 Dum
699 558 824 593 veroin
850 557 951 592 Gallia
968 566 1146 590 commore-

413 617 464 646 tur
484 613 533 646 vel
549 612 647 652 ltalia,
664 612 810 645 eamdem
830 611 1014 644 facultatem
1029 609 1148 641 habeat

412 665 451 698 ad
467 665 653 708 eligendum
677 663 832 698 vic-atium
853 663 1005 707 generale
1022 672 1080 706 pro
1095 660 1147 695 Hi-

413 719 535 763 spania.

456 781 507 805 xv.
535 771 621 805 Licet
644 771 714 804 iure
741 769 978 804 constitutionis
991 767 1147 812 pristinae

413 824 569 868 magister
593 824 752 867 generalis
778 823 816 856 de
837 822 999 867 aliquibus
1019 821 1149 864 dispen-

414 889 486 911 sare
511 878 614 922 possit
646 888 716 910 cum
743 876 920 916 fratribus,
954 875 1016 908 illis
1049 874 1149 906 inter-

414 932 489 964 dum
523 930 732 964 concedendo
767 929 942 962 nonnullas
978 925 1149 969 exemptio-

414 994 483 1024 neS,
509 983 627 1026 gratias
645 988 676 1016 et
693 981 920 1022 immunitates,
934 979 1147 1012 nibilominus

414 1042 532 1075 tamen,
550 1037 624 1080 quia
644 1037 738 1080 plura
762 1041 793 1068 et
817 1034 960 1077 ingentia
974 1033 1090 1066 damna
1110 1042 1147 1064 ex

414 1091 476 1123 hac
509 1090 704 1123 liberalitate
740 1088 912 1132 provenire
948 1090 1150 1129 compertum

415 1147 473 1183 est,
488 1154 564 1175 eam
578 1142 610 1175 in
625 1148 794 1186 posterum
813 1140 979 1184 praedicto
997 1138 1149 1181 magistro

415 1195 655 1236 interdicimus,
681 1195 776 1238 eique
801 1195 903 1227 solum
932 1191 1150 1236 permittimus

415 1249 582 1283 declarare
607 1248 720 1281 fratres
742 1247 868 1291 aliquos
889 1246 952 1280 illis
970 1244 1151 1279 immunita-

405 1301 503 1346 tibus
538 1306 570 1335 et
594 1300 852 1344 exemptionibus
886 1299 1045 1342 gaudere,
1069 1308 1149 1341 quae

415 1354 521 1387 solent
545 1353 704 1398 appellari
729 1354 844 1392 reales,
861 1358 891 1386 et
916 1352 1032 1396 quibus
1058 1351 1150 1384 ratio-

417 1417 457 1441 ne
469 1407 574 1448 officii‚
592 1408 708 1450 gradus
733 1408 781 1440 vel
800 1405 998 1449 antiquitatis
1016 1404 1151 1448 quadra-

418 1460 506 1503 ginta
530 1470 690 1493 annorum
715 1459 745 1492 in
771 1459 890 1492 Ordine
914 1458 1054 1500 gaudere
1080 1467 1151 1500 pos-

418 1519 491 1546 sunt
514 1513 601 1546 iuxta
625 1511 874 1546 constitutiones
907 1510 1094 1544 huiusmodi
1120 1514 1152 1542 et

419 1565 550 1599 decreta
573 1563 767 1599 Pontificum
791 1574 848 1598 seu
866 1563 1082 1608 capitulorum
1096 1572 1152 1606 ge-

408 1619 590 1660 vneralium.

409 1709 410 1713 ,
461 1684 523 1708 xvi.
549 1673 610 1706 Pro
636 1670 786 1715 expensis
804 1675 911 1704 autem
929 1670 977 1704 sui
995 1670 1150 1710 muneris,

421 1731 452 1760 et
475 1737 533 1771 pro
557 1725 723 1766 vestiariis,
749 1725 886 1768 aliisque
904 1724 1086 1768 sumptibus
1101 1723 1151 1757 Or-

421 1780 513 1820 dinis,
529 1779 675 1822 singulae
701 1778 883 1822 provinciae
902 1782 1073 1810 teneantur
1093 1777 1151 1809 sin-

421 1833 504 1876 gulis
525 1833 616 1865 annis
630 1832 773 1875 praefato
797 1831 950 1874 magistro
964 1831 1151 1874 persolvere

423 1896 491 1918 eam
516 1885 728 1928 pecuniarum
754 1884 966 1927 quantitatem
989 1893 1070 1926 quae
1092 1893 1151 1925 pro

422 1947 533 1971 earum
558 1937 742 1970 diversitate
775 1942 807 1970 et
838 1937 986 1969 facultate
1020 1936 1113 1968 suerit
1137 1947 1154 1969 a

422 1991 653 2024 consuetudine
675 1990 817 2023 stabilita
830 2000 901 2023 cum
921 1989 1153 2033 approbatione

424 2043 587 2086 generalis
604 2043 748 2087 capituli,
767 2042 809 2075 ita
821 2048 927 2076 tamen
941 2048 983 2083 ut,
995 2042 1058 2075 sire
1071 2043 1153 2086 plus,

421 2097 490 2129 sive
522 2097 638 2137 minus,
660 2097 749 2129 nulla
774 2095 950 2140 provincia,
975 2096 1025 2129 vel
1059 2095 1155 2128 etiam

423 2149 653 2192 congregatio,
679 2160 736 2182 seu
761 2149 1021 2193 viceprovincia‚
1050 2150 1156 2182 exclu-

425 2203 516 2236 datur
541 2213 558 2234 a
582 2202 743 2235 solutione
769 2201 945 2245 praedicta.

467 2266 543 2290 xvll.
570 2255 657 2289 Sciat
681 2261 788 2289 autem
813 2256 966 2298 magister
998 2255 1157 2298 generalis

426 2309 512 2352 quod
547 2308 631 2341 circa
661 2307 843 2342 huiusmodi
877 2307 1044 2350 religionis
1075 2308 1159 2341 bona

426 2373 548 2396 meram
573 2362 603 2395 ei
630 2367 750 2395 tantum
779 2361 1066 2394 administrationis
1100 2356 1180 2404 p0-³

427 2420 578 2450 testatem
603 2414 812 2449 concedimus
837 2414 922 2446 intra
939 2413 1089 2447 Ordinem
1108 2425 1159 2446 su-
1179 2448 1181 2459 θ

428 2480 487 2513 pra
511 2469 550 2501 iis
577 2478 658 2512 quae
695 2467 735 2501 ad
770 2467 893 2500 bonum
927 2465 1053 2499 Ordinis
1088 2461 1180 2510 spe-⁴

983 193 1160 217 nt'tLAthu
1185 191 1339 216 Romanu

1186 240 1276 273 tione
1290 243 1345 272 aut
1357 242 1526 282 praetextu
1543 237 1646 280 bona,
1664 239 1918 283 provincialibus

1186 289 1500 325 commendatoribus
1518 296 1572 324 aut
1586 291 1843 337 quibuscumque
1857 293 1921 326 sra-

1188 344 1289 377 tribus
1305 344 1343 377 ad
1357 354 1446 377 usum
1463 354 1628 386 concessa,
1644 345 1705 379 sibi
1719 347 1922 390 quomodoli-

1186 397 1240 430 bet
1257 397 1452 431 determinet
1475 399 1526 432 vel
1550 403 1700 432 assumat.
1722 399 1789 433 lmo
1810 400 1920 434 reddi·

1188 455 1276 483 tuum
1290 450 1434 484 omnium
1447 451 1559 495 oppidi
1575 451 1614 485 de
1625 452 1722 495 Algar
1733 456 1764 485 et
1777 463 1912 496 quarum

1188 512 1326 546 cumque
1351 504 1637 545 contributionum,
1655 509 1718 538 tam
1731 515 1792 548 pro
1807 506 1924 539 vestia-

1188 554 1243 587 riis
1267 555 1451 598 praedictis,
1477 567 1572 600 quam
1596 556 1740 600 alioquin
1764 556 1825 590 sibi
1849 568 1924 592 con-

1189 617 1361 649 cessarum,
1385 607 1418 640 in
1443 609 1584 652 capitulo
1609 609 1753 652 generali
1773 610 1923 654 proxime

1190 660 1319 701 futuro,
1345 662 1417 701 vel,
1443 661 1470 695 si
1495 666 1569 695 ante
1594 661 1675 695 illud
1700 662 1831 696 deserat
1854 662 1924 697 offi-

1190 712 1284 753 cium,
1311 713 1502 757 provinciali
1527 719 1559 748 et
1583 714 1768 749 definitorio
1792 716 1925 760 provin-

1190 766 1259 799 ciae
1282 767 1336 799 ubi
1370 773 1520 811 repertus
1546 768 1643 802 suerit
1668 768 1827 803 rationem
1852 769 1925 803 red-

1191 819 1268 852 dere
1289 825 1450 861 teneatur,
1467 820 1509 853 ita
1528 826 1563 854 ut
1576 820 1736 862 animalia,
1754 832 1837 865 quae
1856 821 1926 855 orfi-

1190 873 1239 906 cio
1257 873 1451 915 deserviunt,
1465 885 1535 908 cum
1545 875 1690 919 pecuniis
1704 875 1815 909 aliisve
1829 875 1926 909 rebus

1191 926 1230 959 ad
1254 926 1335 959 illud
1360 927 1609 970 pertinentibus,
1628 928 1732 971 iisque
1755 933 1830 971 post
1852 928 1927 962 red-

1191 979 1289 1012 ditam
1307 980 1464 1013 rationem
1489 981 1745 1024 supervenerint,
1763 991 1845 1014 novo
1861 992 1928 1015 ma-

1192 1032 1292 1074 gistro
1321 1034 1424 1067 electo
1461 1036 1605 1076 resignet
1639 1043 1697 1076 pro
1729 1033 1841 1066 usibus
1876 1033 1927 1066 sui

1192 1085 1345 1127 muneris,
1365 1087 1415 1119 vel
1434 1085 1518 1120 dicto
1543 1085 1737 1129 provinciali
1758 1092 1790 1120 et
1813 1085 1927 1121 defini-

1194 1138 1276 1171 torio
1302 1138 1429 1180 tradat,
1454 1138 1508 1183 qui
1533 1149 1571 1173 ea
1594 1138 1750 1183 magistro
1775 1139 1927 1183 eligendo

1193 1191 1385 1225 custodiant.

1236 1256 1340 1280 xvim.
1366 1245 1470 1290 Super
1504 1246 1614 1279 omnia
1633 1256 1730 1287 vero,
1754 1246 1858 1290 ipsius
1882 1246 1930 1280 in-

1193 1305 1295 1333 terest
1318 1310 1378 1343 pro
1397 1299 1517 1333 viribus
1541 1300 1690 1334 laborare
1715 1304 1750 1332 ut
1774 1300 1807 1332 in
1825 1299 1930 1333 omni-

1192 1354 1252 1386 bus
1294 1353 1477 1396 redemptio
1518 1353 1720 1396 captivorum
1763 1352 1929 1385 ferventer.

1193 1412 1382 1440 exerceatur
1396 1417 1413 1439 a
1426 1405 1591 1445 fratribus,
1601 1404 1736 1448 eiusque
1751 1406 1930 1449 eleemosy-

1193 1469 1252 1492 nae
1269 1459 1357 1492 omni
1375 1458 1480 1491 studio
1497 1458 1704 1500 colligantur,
1725 1456 1929 1501 fideliterque

1193 1517 1371 1552 serventur,
1393 1511 1436 1544 ita
1459 1510 1619 1550 videlicet,
1633 1516 1668 1542 ut
1687 1510 1754 1543 suis
1777 1510 1930 1554 tempori-

1193 1566 1252 1598 bus
1272 1565 1318 1598 sic
1341 1573 1453 1597 omnes
1477 1563 1625 1606 integrae
1650 1562 1794 1596 fidelium
1812 1563 1931 1596 libera-

1195 1618 1273 1652 tioni
1297 1616 1476 1661 proficiant,
1506 1616 1591 1660 quod
1614 1616 1704 1649 nulla
1726 1615 1851 1649 ratione
1876 1620 1931 1649 aut

1194 1676 1363 1716 praetextu
1403 1670 1638 1713 cuiuscumque
1676 1668 1837 1713 privilegii
1873 1668 1932 1702 ali-

1195 1736 1289 1769 quam
1308 1725 1357 1758 vel
1377 1724 1541 1757 minimam
1554 1728 1680 1766 partem
1699 1723 1770 1756 aliis
1801 1722 1932 1766 quihus-

1195 1788 1334 1821 cumque
1358 1777 1470 1811 usibus
1495 1776 1661 1821 applicet,
1687 1786 1743 1809 seu
1774 1775 1930 1820 applicari

1195 1831 1374 1875 permittat.

1240 1894 1301 1917 xix.
1327 1882 1393 1921 Qua
1429 1882 1467 1916 cle
1492 1892 1527 1915 re
1550 1889 1680 1915 omnem
1716 1880 1932 1924 ignorantiam

1197 1937 1382 1980 propellere
1408 1934 1645 1975 desiderantes,
1660 1934 1730 1977 ipso
1755 1934 1931 1977 magistro,

1197 1995 1232 2023 ut
1256 1988 1414 2022 universis
1439 1988 1592 2031 praelatis
1616 1987 1744 2021 Ordinis
1760 2014 1767 2028 ,
1796 1988 1933 2031 eiusque

1198 2042 1357 2081 fratribus,
1375 2041 1589 2081 strictissime,
1613 2045 1645 2073 et
1668 2040 1728 2073 sub
1754 2050 1934 2074 excommu-

1197 2095 1368 2128 nicationis
1379 2094 1540 2127 sententia
1552 2093 1624 2136 ipso
1636 2093 1717 2127 sacto
1728 2092 1932 2134 incurrenda,

1198 2147 1423 2193 praecipimus,
1449 2151 1484 2179 ut
1507 2146 1600 2179 enixe
1624 2146 1798 2180 observent
1822 2152 1853 2180 et
1877 2146 1935 2179 ob-

1199 2211 1326 2235 servare
1364 2199 1482 2233 saciant
1517 2199 1683 2233 decretum
1716 2204 1748 2232 et
1781 2203 1935 2232 statutum

1200 2255 1322 2289 editum
1348 2253 1379 2285 in
1411 2252 1553 2295 capitulo
1582 2252 1725 2294 generali
1758 2252 1936 2285 Barchino-

1200 2318 1259 2341 nae
1280 2316 1376 2347 mcxx,
1393 2305 1434 2339 ob
1455 2305 1705 2348 aliquorumque
1721 2304 1935 2347 ignorantiam

1201 2367 1254 2394 aut
1278 2360 1374 2394 dubia
1399 2369 1496 2403 saepe
1522 2358 1555 2391 in
1579 2358 1829 2391 succedentibus
1858 2369 1935 2392 con-

1202 2416 1360 2447 tii-matum
1381 2418 1412 2446 et
1431 2422 1583 2456 expresse
1609 2411 1802 2445 declaratum
1815 2438 1822 2452 ,
1841 2416 1937 2455 prout

1202 2478 1287 2500 nunc
1308 2475 1460 2510 expresse
1476 2464 1723 2508 reproducimus
1745 2469 1775 2498 et
1793 2464 1938 2498 declara-

428 2528 524 2563 ctant,
539 2531 640 2565 eaque
659 2521 732 2555 ideo
749 2526 783 2553 ut
796 2520 988 2559 communia,
1006 2530 1068 2552 non
1085 2530 1158 2553 vero
1180 2545 1182 2561 :
1202 2531 1283 2560 mus,
1308 2520 1391 2554 circa
1412 2518 1685 2552 renuntiationem
1701 2544 1708 2559 ,
1740 2529 1796 2552 seu
1828 2519 1936 2562 potius

428 2581 463 2612 ut
476 2575 597 2619 privata
615 2574 767 2618 respiciat
780 2585 787 2616 ;
804 2573 957 2617 nullaque
971 2572 1103 2617 insuper
1116 2584 1160 2606 ra-

1180 2563 1183 2591 *
1204 2584 1266 2607 non
1290 2571 1518 2606 admissionem
1542 2571 1709 2606 cuiusdam
1736 2576 1810 2605 tunc
1827 2581 1938 2606 recen-

1927 194 1975 221 An.
1997 195 2024 222 C.
2042 196 2106 223 ism
