2254 3225
183 139 230 167 An,
249 140 277 166 C.
302 139 363 165 icat
413 129 476 163 25ss
952 141 1128 166 munatii

377 187 474 227 ribus,
491 187 549 220 sub
563 187 668 231 poena
683 188 858 232 praedicta,
873 198 912 222 ne
931 191 1111 234 superfluos

376 246 533 284 sumptus,
553 241 665 274 tamin
691 251 725 275 se
751 242 828 285 ipsis
854 253 948 286 quam
969 243 1001 276 in
1027 244 1109 284 aliis,

377 299 410 327 et
430 299 491 327 tam
513 300 625 327 euntes
645 305 740 338 quam
758 296 941 338 redeuntes,
959 298 997 330 de
1016 297 1111 329 bonis

377 347 611 390 redemptionis
637 347 769 388 saciant,
799 349 855 381 sed
881 359 914 382 se
939 354 1054 391 gerant
1081 350 1111 381 in

377 399 529 432 omnihus
555 399 673 440 sobrie,
693 411 787 444 parce
812 406 843 434 et
867 401 1052 441 humiliter,
1078 407 1113 434 ut

378 452 472 485 decet
496 451 660 485 ministros
677 452 794 486 Christi
816 459 848 486 et
870 454 1112 497 dispensatores

378 505 538 538 bonorum
564 505 792 547 indigentium.

421 567 477 590 xn.
505 557 538 590 ln
556 557 792 601 redemptionis
812 569 944 592 munere
962 569 1114 592 exercen-

379 612 419 644 (lo
437 616 570 644 caveant
594 611 726 645 omnino
753 622 792 644 ne
822 612 1049 645 instructiones
1067 622 1115 644 re-

379 664 467 707 giaS,
494 669 526 697 et
556 675 634 708 quas
670 666 823 708 magister
857 666 1019 707 generalis
1051 665 1114 699 illis

379 718 559 760 prudenter
590 718 736 760 ingerat,
763 718 965 761 aliquatenus
990 723 1115 760 praetc-

378 776 479 809 ream,
506 772 560 804 sed
587 772 632 805 eis
656 772 794 805 sollicite
825 772 1025 805 incumbant.

423 834 491 857 xm.
520 820 661 857 Peractis
686 824 794 868 itaque
820 824 1112 867 redemptionibus,

380 876 457 920 ipsis
492 877 754 920 redemptoribus
778 877 996 920 praecipimus
1023 882 1058 909 ut
1081 877 1112 909 in

380 929 507 962 duobus
538 929 721 962 immediate
755 929 905 973 capitulis
937 929 1114 962 districtam

380 981 429 1014 sui
450 982 594 1014 muneris
620 982 777 1014 rationem
801 982 946 1021 reddant,
965 982 1006 1015 ita
1024 982 1116 1014 nimi·
1134 1010 1136 1018 ,

380 1045 471 1073 rum,
498 1039 541 1073 ut,
568 1033 593 1066 si
619 1034 793 1077 capitulum
818 1034 907 1077 prius
938 1027 1138 1066 occurrens?

380 1087 478 1119 suerit
501 1087 711 1130 provinciale,
730 1087 776 1119 illi
795 1090 825 1120 et
842 1087 984 1128 generali
1001 1087 1116 1119 imme·
1134 1110 1136 1116 ,

380 1139 465 1172 diate
491 1144 605 1182 postea
637 1139 781 1181 gerendo
814 1140 915 1172 semel
941 1144 973 1172 et
998 1140 1114 1172 iterum

380 1190 538 1224 rationem
563 1191 746 1231 exhibeant,
765 1196 904 1224 attamen
922 1191 946 1224 si
964 1193 1116 1234 generale

379 1243 554 1288 capitulum
567 1243 656 1287 prius
671 1244 837 1283 habeatur,
852 1244 926 1277 huic
941 1254 996 1278 eos
1011 1244 1115 1288 primo

380 1296 581 1336 subiieimus,
599 1302 629 1329 et
647 1297 765 1330 deinde
784 1297 970 1340 specialiter
987 1297 1112 1340 provin·
1135 1310 1138 1352 ᾗ

380 1349 453 1383 ciali
479 1349 624 1393 proxime
649 1349 857 1389 celebrando,
883 1355 919 1381 ut
942 1350 980 1382 iis
1005 1361 1022 1382 a
1048 1350 1117 1393 qui-

380 1403 440 1435 bus
465 1407 514 1435 est
538 1408 667 1445 accepta
699 1402 837 1445 pecunia
868 1403 936 1436 iure
961 1403 1116 1436 reddatur

380 1455 463 1488 ratio
489 1455 527 1488 de
553 1454 702 1498 expensis
725 1455 823 1488 illius.

424 1517 488 1540 xiv.
514 1506 616 1545 Quare
636 1506 861 1540 definitoribus
878 1508 1046 1552 utriusque
1065 1520 1117 1542 ca-

382 1560 484 1604 pituli,
510 1565 542 1593 et
565 1560 629 1593 illis
660 1560 819 1600 omnibus,
839 1561 879 1593 ad
907 1572 989 1604 quos
1006 1562 1117 1594 huius-

382 1613 468 1645 modi
494 1613 650 1646 iudicium
679 1613 824 1653 attineat,
846 1614 905 1646 sub
930 1614 1118 1647 intermina—

384 1665 471 1699 tione
498 1665 630 1698 ultionis
655 1671 817 1706 aeternae,
832 1667 1058 1710 praecipimus
1076 1678 1116 1701 ne
1136 1692 1139 1709 ,

382 1718 463 1751 illud
483 1718 608 1757 leviter,
624 1718 679 1751 sed
700 1724 764 1752 toto
784 1719 955 1762 aequitatis
972 1721 1117 1763 pondere

384 1777 557 1810 assumant,
576 1771 676 1804 libros
690 1782 804 1804 eorum
819 1772 1022 1805 exactissime
1036 1775 1120 1806 evol-

383 1829 466 1864 vant,
493 1823 644 1857 soliorum
671 1830 763 1857 notas
782 1830 814 1857 et
836 1825 1032 1868 quantitates
1056 1826 1119 1858 sin-

383 1876 515 1919 gulatim
543 1877 703 1919 relegant,
719 1882 751 1910 et
774 1878 890 1910 iterum
916 1879 954 1911 ad
980 1889 1119 1913 summas

384 1938 466 1962 novo
492 1929 638 1962 examine
664 1929 791 1969 ducant,
814 1930 997 1963 universam
1025 1933 1119 1965 ratio-

382 1991 458 2015 nem
484 1981 548 2014 dati
575 1986 606 2014 et
626 1982 760 2025 accepti,
780 1988 810 2015 et
827 1984 967 2026 qualiter
990 1984 1050 2017 sibi
1067 1995 1118 2018 co-

384 2034 528 2074 haereat,
547 2035 794 2078 diligentissime
812 2036 996 2076 discutiant‚
1014 2048 1118 2081 neque

385 2087 507 2130 aliquid
543 2087 613 2121 sine
646 2091 780 2121 censura
815 2095 1039 2131 praetereant,
1066 2096 1120 2124 aut

386 2144 532 2182 sumptus
558 2139 721 2183 quoslibet
741 2146 771 2173 et
795 2141 969 2184 impendia,
992 2143 1055 2175 nisi
1073 2144 1119 2175 iu-

385 2198 434 2225 sta
459 2197 491 2224 et
514 2192 729 2233 rationabilia,
750 2194 881 2227 minime
906 2205 982 2227 vero
1006 2206 1120 2239 super-

385 2244 448 2277 flua
472 2244 653 2277 admittant.
673 2245 703 2278 Si
729 2251 833 2278 autem
858 2257 914 2279 eos
940 2249 1047 2290 quoad
1066 2248 1121 2281 ali-

387 2297 463 2340 quid
482 2297 695 2340 negligentes,
713 2303 766 2330 aut
790 2308 904 2332 noxam
924 2302 1119 2334 contraxisse

387 2350 521 2383 sortasse
547 2350 722 2394 reperiant,
752 2351 824 2384 illos
850 2353 964 2394 poenis
990 2359 1120 2387 nostrae

388 2404 504 2436 consti,
532 2403 625 2436 tionis
641 2409 671 2436 et
688 2407 799 2437 severa
821 2405 944 2438 ultione
960 2406 1030 2439 sine
1053 2418 1121 2440 mo-

389 2456 552 2488 deramine
579 2457 733 2499 plectant.
762 2457 892 2490 lnterim
920 2463 1036 2498 tamen,
1064 2460 1121 2492 do-

387 2519 446 2542 nee
472 2509 607 2553 primam
645 2510 801 2543 rationem
838 2510 942 2554 primo
978 2511 1120 2554 capitulo

1155 143 1260 167 uuam
1267 145 1306 167 1331

1892 147 1940 173 Αιι.
1958 147 1976 173 tl
2012 150 2017 172 t
2044 149 2071 174 ill

1156 192 1340 231 exhibeant,
1353 197 1387 224 ut
1402 192 1607 236 praedicitur,
1623 194 1661 226 ad
1680 194 1802 227 nullum
1820 205 1891 239 pro-

1155 250 1342 277 moveantur
1366 245 1517 277 ossicium.

1200 308 1220 330 1.
1248 297 1324 330 Cum
1351 298 1452 330 nostri
1478 298 1540 331 voti
1573 300 1763 333 excellentia
1788 306 1819 333 et
1843 300 1889 332 di·
1931 313 2042 333 cmix-1

1155 350 1270 392 gnitas,
1292 356 1326 383 ut
1351 350 1524 394 impleatur
1548 358 1729 395 opportune
1748 358 1778 386 et
1802 339 2083 386 utili-„1132L'l'llllla

1900 398 1912 412 a
1946 392 2083 418 redemptori-

1157 409 1213 443 ter,
1232 410 1295 435 non
1314 413 1446 446 parvam
1464 404 1666 447 prudentiam
1678 405 1793 448 exigat,
1810 405 1887 438 illud
1901 418 1939 447 pus
1978 419 2083 448 somnae·

1156 456 1339 499 specialiter
1374 456 1526 490 ordinare
1563 457 1710 490 duximus
1727 484 1734 496 ,
1762 469 1826 501 quo
1851 448 2084 498 sit11'112.-25¹33¹1'·.².¹⁰¹¹⁰

1156 508 1306 541 videlicet
1338 513 1483 552 tempore
1514 515 1545 542 et
1575 510 1700 542 casibus
1729 520 1892 554 exequen-

1157 562 1252 602 dum,
1272 562 1298 594 si
1325 562 1411 594 enim
1436 561 1610 605 aliquando
1634 563 1831 606 contigerit,
1857 568 1893 596 ut

1157 614 1248 647 sinito
1276 614 1337 647 iam
1368 615 1519 648 thesauro
1548 621 1579 648 et
1609 618 1674 649 tota
1695 615 1893 659 redemptio-

1156 667 1205 700 nis
1242 667 1324 711 stipe
1362 669 1552 711 consumpta
1567 695 1574 709 ,
1606 679 1760 712 parumve
1799 668 1890 701 suffi-

1156 720 1274 760 ciente,
1293 720 1437 763 vaptivus
1463 726 1517 753 aut
1541 721 1657 764 captivi
1675 721 1774 764 aliqui
1795 731 1895 754 emer-

1157 779 1242 816 gant,
1254 773 1487 816 cuiuscumque
1505 783 1607 815 sexus,
1625 774 1738 807 aetatis
1751 780 1805 806 aut
1821 784 1895 807 con-

1157 827 1288 859 ditionis
1323 827 1508 867 extiterint,
1535 827 1574 860 de
1600 837 1666 870 quo
1695 828 1744 861 vel
1775 828 1895 871 quibus

1156 880 1332 923 prudenter
1357 886 1388 912 ct
1412 881 1649 914 rationabiliter
1674 880 1822 914 timeatur
1839 880 1895 913 ah-

1156 933 1287 976 negatio
1312 932 1399 972 fidei,
1425 938 1502 965 tunc
1526 933 1689 976 (exigente
1714 934 1775 966 iam
1793 933 1894 967 nostri

1156 985 1284 1018 Ordinis
1302 992 1375 1019 voto
1402 991 1432 1018 et
1451 986 1576 1019 vicibus
1593 986 1728 1019 instituti
1749 997 1812 1030 quo
1833 997 1892 1020 nos

1157 1038 1345 1070 beatissima
1368 1037 1463 1080 Virgo
1481 1037 1577 1071 Maria
1602 1038 1720 1071 Christi
1745 1039 1893 1082 exemplo

1157 1089 1388 1132 configuravit)
1413 1101 1496 1123 unus
1528 1091 1627 1124 frater
1662 1101 1722 1134 pro
1751 1090 1808 1124 illo
1838 1101 1894 1124 seu

1157 1142 1222 1175 illis
1245 1142 1398 1175 alacriter
1432 1152 1465 1176 se
1502 1143 1676 1183 devoveat,
1701 1148 1732 1176 et
1763 1144 1894 1176 vinculo

1157 1195 1324 1227 eharitatis
1343 1195 1454 1235 tradat,
1470 1200 1662 1239 maneatque
1680 1206 1738 1239 pro
1755 1195 1895 1240 pignore

1158 1247 1309 1280 detentus
1328 1247 1360 1280 in
1381 1252 1541 1291 potestate
1560 1247 1748 1288 infidelium,
1763 1248 1895 1291 signatis

1158 1300 1263 1342 pretio
1290 1305 1321 1333 et
1346 1301 1486 1334 termino
1511 1301 1682 1334 solutionis
1706 1301 1789 1334 eius.

1202 1363 1236 1386 11.
1264 1353 1297 1385 ln
1323 1353 1386 1386 hoc
1411 1358 1518 1386 autem
1550 1353 1719 1387 charitatis
1751 1353 1894 1387 facinore

1157 1411 1290 1438 caveant
1313 1405 1565 1449 prudentissime
1590 1406 1826 1449 redemptores,
1854 1417 1895 1439 ne

1157 1457 1332 1500 aliquando
1358 1457 1470 1490 leviter
1501 1468 1541 1491 eo
1576 1458 1644 1491 zelo
1679 1463 1733 1490 aut
1757 1459 1897 1491 aemula-

1159 1511 1244 1543 tione
1269 1510 1441 1550 ducantur,
1460 1519 1540 1553 quae
1564 1520 1629 1543 non
1655 1515 1703 1543 est
1720 1510 1895 1543 secundum

1159 1563 1339 1603 seientiam,
1365 1568 1399 1595 ut
1423 1563 1466 1596 ait
1491 1564 1686 1606 Apostolus;
1712 1573 1785 1596 cum
1809 1564 1894 1596 enim

1160 1626 1224 1648 non
1242 1616 1280 1648 ad
1300 1615 1363 1648 voti
1380 1615 1532 1654 litteram,
1549 1626 1630 1658 quae
1651 1615 1825 1659 aliquando
1842 1626 1896 1649 oc-

1159 1668 1246 1707 cidit,
1273 1668 1328 1701 sed
1353 1668 1392 1701 ad
1418 1668 1487 1700 eins
1511 1668 1659 1711 spiritum
1683 1674 1830 1712 oporteat
1849 1669 1897 1702 in·

1161 1721 1301 1759 tendere,
1334 1731 1397 1753 non
1423 1722 1507 1754 ultro
1532 1730 1564 1753 se
1591 1721 1710 1754 debent
1734 1731 1794 1764 pro
1819 1732 1897 1764 quo-

1160 1773 1238 1806 libet
1262 1773 1404 1816 captivo,
1424 1778 1478 1806 aut
1499 1773 1608 1816 quavis
1635 1776 1730 1806 causa
1757 1774 1893 1815 tradere,

1160 1837 1217 1859 nec
1242 1837 1302 1869 pro
1328 1826 1452 1859 alienae
1485 1826 1717 1870 redemptionis
1749 1827 1868 1860 debitis
1885 1855 1892 1868 ,

1160 1884 1213 1911 aut
1238 1889 1297 1922 pro
1323 1883 1436 1918 aetate,
1458 1889 1545 1919 sexu,
1571 1879 1620 1912 vel
1646 1879 1800 1922 qualitate
1825 1890 1897 1923 per-

1160 1941 1256 1964 sonae
1278 1930 1461 1974 pactionem
1482 1936 1514 1963 et
1533 1931 1651 1974 pignus
1668 1936 1820 1972 statuere,
1839 1932 1895 1966 sed

1160 1994 1218 2027 pro
1236 1984 1305 2016 solo
1323 1983 1396 2016 fidei
1418 1983 1603 2016 discrimine
1622 1989 1653 2016 et
1670 1984 1896 2028 redemptione

1160 2037 1308 2077 animae,
1337 2047 1418 2079 quae
1444 2041 1493 2069 est
1518 2041 1600 2069 totus
1624 2035 1696 2069 finis
1721 2042 1753 2069 et
1776 2047 1895 2080 scopus

1161 2089 1328 2122 charitatis
1346 2089 1544 2130 huiusmodi,
1561 2088 1645 2132 quia,
1664 2089 1723 2122 etsi
1745 2089 1798 2132 pie
1817 2100 1898 2133 quo-

1161 2153 1222 2186 que
1249 2151 1387 2184 corpora
1403 2140 1577 2181 exuimus¹,
1598 2140 1653 2174 ea2
1671 2151 1729 2184 per
1747 2141 1810 2175 hoc
1829 2148 1897 2175 ten-

1161 2195 1266 2228 dimus
1298 2204 1337 2227 ne
1371 2194 1490 2226 serrum
1514 2199 1718 2237 pertranseat
1738 2194 1894 2235 animam,

1161 2252 1193 2280 et
1212 2247 1339 2279 vincula
1363 2247 1510 2289 corporis
1534 2245 1612 2279 fiant
1636 2246 1757 2290 pariter
1781 2247 1898 2282 mentis

1162 2301 1296 2343 laqueus
1320 2299 1360 2332 ad
1385 2299 1602 2342 captivitatem
1628 2305 1806 2333 aeternam.

1206 2363 1254 2386 ιιι.
1282 2351 1415 2390 Quando
1441 2357 1546 2385 autem
1569 2352 1684 2396 aliquis
1707 2353 1746 2386 de
1772 2353 1899 2386 redem-

1162 2406 1311 2449 ptoribus
1337 2405 1382 2437 sic
1405 2404 1634 2445 vadimonium,
1656 2405 1772 2449 pignus
1795 2411 1827 2439 et
1849 2407 1898 2440 sui

1200 2478 1207 2502 1
1234 2475 1332 2501 Forsan
1349 2475 1478 2502 eruimus
1499 2477 1535 2510 (R.
1550 2475 1599 2508 Τ.).

1198 2520 1213 2546 ἱ).
1236 2519 1333 2546 Forsan
1353 2518 1384 2545 εὸ
1403 2520 1442 2554 (R.
1459 2519 1507 2554 T.).
