<?xml version="1.0" encoding="UTF-8"?>
<!DOCTYPE html PUBLIC "-//W3C//DTD XHTML 1.0 Transitional//EN"
    "http://www.w3.org/TR/xhtml1/DTD/xhtml1-transitional.dtd">
<html xmlns="http://www.w3.org/1999/xhtml" xml:lang="en" lang="en">
 <head>
  <title>
</title>
<meta http-equiv="Content-Type" content="text/html;charset=utf-8" />
  <meta name='ocr-system' content='tesseract 3.04.00' />
  <meta name='ocr-capabilities' content='ocr_page ocr_carea ocr_par ocr_line ocrx_word'/>
</head>
<body>
  <div class='ocr_page' id='page_1' title='image "./bullarumdiplomat20cath_0839.png"; bbox 0 0 2227 3225; ppageno 0'>
   <div class='ocr_carea' id='block_1_1' title="bbox 118 228 304 257">
    <p class='ocr_par' dir='ltr' id='par_1_1' title="bbox 118 228 304 257">
     <span class='ocr_line' id='line_1_1' title="bbox 118 228 304 257; baseline 0 -1"><span class='ocrx_word' id='word_1_1' title='bbox 118 230 167 257; x_wconf 74' lang='lat' dir='ltr'>An.</span> <span class='ocrx_word' id='word_1_2' title='bbox 182 229 213 256; x_wconf 81' lang='lat' dir='ltr'>C.</span> <span class='ocrx_word' id='word_1_3' title='bbox 237 228 304 256; x_wconf 80' lang='lat' dir='ltr'>t696</span> 
     </span>
    </p>
   </div>
   <div class='ocr_carea' id='block_1_2' title="bbox 120 816 302 866">
    <p class='ocr_par' dir='ltr' id='par_1_2' title="bbox 120 816 302 866">
     <span class='ocr_line' id='line_1_2' title="bbox 188 816 302 842; baseline -0.018 -3"><span class='ocrx_word' id='word_1_4' title='bbox 188 816 302 842; x_wconf 62' lang='lat' dir='ltr'>Dei-ontio</span> 
     </span>
     <span class='ocr_line' id='line_1_3' title="bbox 120 847 279 866; baseline -0.006 -1"><span class='ocrx_word' id='word_1_5' title='bbox 120 847 279 866; x_wconf 72' lang='lat' dir='ltr'>contrariorum.</span> 
     </span>
    </p>
   </div>
   <div class='ocr_carea' id='block_1_3' title="bbox 898 223 1246 250">
    <p class='ocr_par' dir='ltr' id='par_1_3' title="bbox 898 223 1246 250">
     <span class='ocr_line' id='line_1_4' title="bbox 898 223 1246 250; baseline 0 -1"><span class='ocrx_word' id='word_1_6' title='bbox 898 223 1105 249; x_wconf 80' lang='lat' dir='ltr'>INNOCENTIUS</span> <span class='ocrx_word' id='word_1_7' title='bbox 1130 224 1175 249; x_wconf 78' lang='lat' dir='ltr'>xn</span> <span class='ocrx_word' id='word_1_8' title='bbox 1198 225 1246 250; x_wconf 90' lang='lat' dir='ltr'>PP.</span> 
     </span>
    </p>
   </div>
   <div class='ocr_carea' id='block_1_4' title="bbox 311 274 1054 1806">
    <p class='ocr_par' dir='ltr' id='par_1_4' title="bbox 311 274 1050 797">
     <span class='ocr_line' id='line_1_5' title="bbox 312 274 1048 318; baseline -0.007 -9"><span class='ocrx_word' id='word_1_9' title='bbox 312 278 429 315; x_wconf 84' lang='lat' dir='ltr'>tinere,</span> <span class='ocrx_word' id='word_1_10' title='bbox 453 284 489 308; x_wconf 88' lang='lat' dir='ltr'>ac</span> <span class='ocrx_word' id='word_1_11' title='bbox 513 274 588 315; x_wconf 89' lang='lat' dir='ltr'>illis,</span> <span class='ocrx_word' id='word_1_12' title='bbox 617 274 656 307; x_wconf 85' lang='lat' dir='ltr'>ad</span> <span class='ocrx_word' id='word_1_13' title='bbox 681 283 764 318; x_wconf 87' lang='lat' dir='ltr'>quos</span> <span class='ocrx_word' id='word_1_14' title='bbox 790 277 916 316; x_wconf 85' lang='lat' dir='ltr'>spectat</span> <span class='ocrx_word' id='word_1_15' title='bbox 940 278 971 305; x_wconf 87' lang='lat' dir='ltr'>et.</span> <span class='ocrx_word' id='word_1_16' title='bbox 989 283 1048 316; x_wconf 89' lang='lat' dir='ltr'>pro</span> 
     </span>
     <span class='ocr_line' id='line_1_6' title="bbox 314 325 1048 372; baseline -0.007 -10"><span class='ocrx_word' id='word_1_17' title='bbox 314 336 459 372; x_wconf 89' lang='lat' dir='ltr'>tempore</span> <span class='ocrx_word' id='word_1_18' title='bbox 493 328 765 371; x_wconf 78' lang='lat' dir='ltr'>quandocumque</span> <span class='ocrx_word' id='word_1_19' title='bbox 799 326 978 369; x_wconf 70' lang='lat' dir='ltr'>spectabit,</span> <span class='ocrx_word' id='word_1_20' title='bbox 1014 325 1048 357; x_wconf 93' lang='lat' dir='ltr'>in</span> 
     </span>
     <span class='ocr_line' id='line_1_7' title="bbox 312 378 1048 424; baseline -0.008 -8"><span class='ocrx_word' id='word_1_21' title='bbox 312 382 461 417; x_wconf 87' lang='lat' dir='ltr'>omnibus</span> <span class='ocrx_word' id='word_1_22' title='bbox 493 386 526 414; x_wconf 86' lang='lat' dir='ltr'>et</span> <span class='ocrx_word' id='word_1_23' title='bbox 549 391 608 424; x_wconf 91' lang='lat' dir='ltr'>per</span> <span class='ocrx_word' id='word_1_24' title='bbox 632 380 740 414; x_wconf 87' lang='lat' dir='ltr'>omnia</span> <span class='ocrx_word' id='word_1_25' title='bbox 767 379 957 423; x_wconf 79' lang='lat' dir='ltr'>plenissime</span> <span class='ocrx_word' id='word_1_26' title='bbox 982 378 1048 411; x_wconf 83' lang='lat' dir='ltr'>sus-</span> 
     </span>
     <span class='ocr_line' id='line_1_8' title="bbox 312 433 1049 478; baseline -0.004 -10"><span class='ocrx_word' id='word_1_27' title='bbox 312 436 441 478; x_wconf 84' lang='lat' dir='ltr'>sragari,</span> <span class='ocrx_word' id='word_1_28' title='bbox 465 434 578 477; x_wconf 89' lang='lat' dir='ltr'>sicque</span> <span class='ocrx_word' id='word_1_29' title='bbox 604 434 637 466; x_wconf 93' lang='lat' dir='ltr'>in</span> <span class='ocrx_word' id='word_1_30' title='bbox 661 433 846 477; x_wconf 78' lang='lat' dir='ltr'>praemissis</span> <span class='ocrx_word' id='word_1_31' title='bbox 869 443 928 476; x_wconf 84' lang='lat' dir='ltr'>per</span> <span class='ocrx_word' id='word_1_32' title='bbox 955 442 1049 476; x_wconf 87' lang='lat' dir='ltr'>quos·</span> 
     </span>
     <span class='ocr_line' id='line_1_9' title="bbox 314 486 1047 532; baseline -0.005 -11"><span class='ocrx_word' id='word_1_33' title='bbox 314 499 456 532; x_wconf 90' lang='lat' dir='ltr'>cumque</span> <span class='ocrx_word' id='word_1_34' title='bbox 470 488 597 521; x_wconf 88' lang='lat' dir='ltr'>iudices</span> <span class='ocrx_word' id='word_1_35' title='bbox 619 487 803 521; x_wconf 83' lang='lat' dir='ltr'>ordinarios</span> <span class='ocrx_word' id='word_1_36' title='bbox 823 492 854 519; x_wconf 85' lang='lat' dir='ltr'>ct</span> <span class='ocrx_word' id='word_1_37' title='bbox 869 486 1047 528; x_wconf 79' lang='lat' dir='ltr'>delegatos,</span> 
     </span>
     <span class='ocr_line' id='line_1_10' title="bbox 311 539 1049 585; baseline -0.005 -10"><span class='ocrx_word' id='word_1_38' title='bbox 311 542 408 575; x_wconf 88' lang='lat' dir='ltr'>etiam</span> <span class='ocrx_word' id='word_1_39' title='bbox 432 552 604 575; x_wconf 85' lang='lat' dir='ltr'>causarum</span> <span class='ocrx_word' id='word_1_40' title='bbox 628 541 739 585; x_wconf 90' lang='lat' dir='ltr'>palatii</span> <span class='ocrx_word' id='word_1_41' title='bbox 766 539 935 584; x_wconf 85' lang='lat' dir='ltr'>apostolici</span> <span class='ocrx_word' id='word_1_42' title='bbox 960 539 1049 572; x_wconf 85' lang='lat' dir='ltr'>audi-</span> 
     </span>
     <span class='ocr_line' id='line_1_11' title="bbox 312 594 1049 635; baseline -0.004 -8"><span class='ocrx_word' id='word_1_43' title='bbox 312 600 411 635; x_wconf 82' lang='lat' dir='ltr'>tores,</span> <span class='ocrx_word' id='word_1_44' title='bbox 445 594 582 627; x_wconf 85' lang='lat' dir='ltr'>iudicari</span> <span class='ocrx_word' id='word_1_45' title='bbox 615 599 646 628; x_wconf 89' lang='lat' dir='ltr'>et</span> <span class='ocrx_word' id='word_1_46' title='bbox 674 594 803 627; x_wconf 79' lang='lat' dir='ltr'>definiri</span> <span class='ocrx_word' id='word_1_47' title='bbox 839 594 978 633; x_wconf 86' lang='lat' dir='ltr'>debere,</span> <span class='ocrx_word' id='word_1_48' title='bbox 1013 602 1049 624; x_wconf 87' lang='lat' dir='ltr'>ac</span> 
     </span>
     <span class='ocr_line' id='line_1_12' title="bbox 311 646 1050 690; baseline -0.003 -10"><span class='ocrx_word' id='word_1_49' title='bbox 311 648 439 681; x_wconf 91' lang='lat' dir='ltr'>irritum</span> <span class='ocrx_word' id='word_1_50' title='bbox 464 653 495 680; x_wconf 92' lang='lat' dir='ltr'>et</span> <span class='ocrx_word' id='word_1_51' title='bbox 520 647 626 687; x_wconf 91' lang='lat' dir='ltr'>inane,</span> <span class='ocrx_word' id='word_1_52' title='bbox 651 647 676 680; x_wconf 90' lang='lat' dir='ltr'>si</span> <span class='ocrx_word' id='word_1_53' title='bbox 701 658 795 680; x_wconf 87' lang='lat' dir='ltr'>secus</span> <span class='ocrx_word' id='word_1_54' title='bbox 825 656 925 690; x_wconf 89' lang='lat' dir='ltr'>super</span> <span class='ocrx_word' id='word_1_55' title='bbox 950 646 1001 678; x_wconf 88' lang='lat' dir='ltr'>his</span> <span class='ocrx_word' id='word_1_56' title='bbox 1033 656 1050 678; x_wconf 86' lang='lat' dir='ltr'>a</span> 
     </span>
     <span class='ocr_line' id='line_1_13' title="bbox 312 699 1049 744; baseline 0 -12"><span class='ocrx_word' id='word_1_57' title='bbox 312 711 485 744; x_wconf 88' lang='lat' dir='ltr'>quoquam,</span> <span class='ocrx_word' id='word_1_58' title='bbox 498 701 608 744; x_wconf 89' lang='lat' dir='ltr'>quavis</span> <span class='ocrx_word' id='word_1_59' title='bbox 623 701 825 741; x_wconf 88' lang='lat' dir='ltr'>auctoritate,</span> <span class='ocrx_word' id='word_1_60' title='bbox 844 700 987 733; x_wconf 77' lang='lat' dir='ltr'>scienter</span> <span class='ocrx_word' id='word_1_61' title='bbox 1000 699 1049 732; x_wconf 68' lang='lat' dir='ltr'>rel</span> 
     </span>
     <span class='ocr_line' id='line_1_14' title="bbox 312 754 916 797; baseline -0.002 -10"><span class='ocrx_word' id='word_1_62' title='bbox 312 755 522 797; x_wconf 78' lang='lat' dir='ltr'>ignoranter,</span> <span class='ocrx_word' id='word_1_63' title='bbox 553 754 729 797; x_wconf 83' lang='lat' dir='ltr'>&#39;contigerit</span> <span class='ocrx_word' id='word_1_64' title='bbox 752 754 916 787; x_wconf 86' lang='lat' dir='ltr'>attentari.</span> 
     </span>
    </p>

    <p class='ocr_par' dir='ltr' id='par_1_5' title="bbox 313 806 1054 1806">
     <span class='ocr_line' id='line_1_15' title="bbox 357 806 1050 850; baseline -0.001 -11"><span class='ocrx_word' id='word_1_65' title='bbox 357 807 371 850; x_wconf 65' lang='lat' dir='ltr'>g</span> <span class='ocrx_word' id='word_1_66' title='bbox 397 807 428 839; x_wconf 70' lang='lat'>4.</span> <span class='ocrx_word' id='word_1_67' title='bbox 455 806 525 839; x_wconf 91' lang='lat' dir='ltr'>Non</span> <span class='ocrx_word' id='word_1_68' title='bbox 551 807 754 840; x_wconf 73' lang='lat' dir='ltr'>obstantibus</span> <span class='ocrx_word' id='word_1_69' title='bbox 782 806 988 850; x_wconf 76' lang='lat' dir='ltr'>praemissis,</span> <span class='ocrx_word' id='word_1_70' title='bbox 1015 816 1050 838; x_wconf 89' lang='lat' dir='ltr'>ac</span> 
     </span>
     <span class='ocr_line' id='line_1_16' title="bbox 313 860 1050 904; baseline 0 -11"><span class='ocrx_word' id='word_1_71' title='bbox 313 860 605 893; x_wconf 80' lang='lat' dir='ltr'>constitutionibus</span> <span class='ocrx_word' id='word_1_72' title='bbox 631 866 664 894; x_wconf 91' lang='lat' dir='ltr'>et</span> <span class='ocrx_word' id='word_1_73' title='bbox 688 860 949 894; x_wconf 80' lang='lat' dir='ltr'>ordinationibus</span> <span class='ocrx_word' id='word_1_74' title='bbox 973 870 1050 904; x_wconf 87' lang='lat' dir='ltr'>apo-</span> 
     </span>
     <span class='ocr_line' id='line_1_17' title="bbox 314 912 1050 957; baseline 0 -11"><span class='ocrx_word' id='word_1_75' title='bbox 314 913 449 954; x_wconf 89' lang='lat' dir='ltr'>stolicis,</span> <span class='ocrx_word' id='word_1_76' title='bbox 465 923 602 954; x_wconf 79' lang='lat' dir='ltr'>necnon,</span> <span class='ocrx_word' id='word_1_77' title='bbox 619 918 779 957; x_wconf 89' lang='lat' dir='ltr'>quatenus</span> <span class='ocrx_word' id='word_1_78' title='bbox 800 924 883 957; x_wconf 87' lang='lat' dir='ltr'>opus</span> <span class='ocrx_word' id='word_1_79' title='bbox 896 913 946 953; x_wconf 93' lang='lat' dir='ltr'>sit,</span> <span class='ocrx_word' id='word_1_80' title='bbox 960 912 1050 946; x_wconf 91' lang='lat' dir='ltr'>Ordi-</span> 
     </span>
     <span class='ocr_line' id='line_1_18' title="bbox 314 966 1050 1010; baseline 0.001 -11"><span class='ocrx_word' id='word_1_81' title='bbox 314 966 375 1007; x_wconf 86' lang='lat' dir='ltr'>nis,</span> <span class='ocrx_word' id='word_1_82' title='bbox 393 966 662 1010; x_wconf 78' lang='lat' dir='ltr'>Congregationis</span> <span class='ocrx_word' id='word_1_83' title='bbox 677 972 709 1000; x_wconf 91' lang='lat' dir='ltr'>et</span> <span class='ocrx_word' id='word_1_84' title='bbox 723 971 940 1000; x_wconf 78' lang='lat' dir='ltr'>conventuum</span> <span class='ocrx_word' id='word_1_85' title='bbox 957 977 1050 1010; x_wconf 88' lang='lat' dir='ltr'>prae-</span> 
     </span>
     <span class='ocr_line' id='line_1_19' title="bbox 314 1020 1050 1064; baseline 0 -12"><span class='ocrx_word' id='word_1_86' title='bbox 314 1020 485 1062; x_wconf 84' lang='lat' dir='ltr'>dictorum,</span> <span class='ocrx_word' id='word_1_87' title='bbox 506 1020 617 1053; x_wconf 87' lang='lat' dir='ltr'>aliisve</span> <span class='ocrx_word' id='word_1_88' title='bbox 638 1020 818 1064; x_wconf 85' lang='lat' dir='ltr'>quibusvis,</span> <span class='ocrx_word' id='word_1_89' title='bbox 844 1020 940 1053; x_wconf 88' lang='lat' dir='ltr'>etiam</span> <span class='ocrx_word' id='word_1_90' title='bbox 966 1021 1050 1053; x_wconf 84' lang='lat' dir='ltr'>iura-</span> 
     </span>
     <span class='ocr_line' id='line_1_20' title="bbox 313 1073 1052 1116; baseline 0.001 -11"><span class='ocrx_word' id='word_1_91' title='bbox 313 1078 450 1113; x_wconf 87' lang='lat' dir='ltr'>mento,</span> <span class='ocrx_word' id='word_1_92' title='bbox 487 1073 738 1107; x_wconf 84' lang='lat' dir='ltr'>confirmatione</span> <span class='ocrx_word' id='word_1_93' title='bbox 768 1074 961 1116; x_wconf 77' lang='lat' dir='ltr'>apostolica,</span> <span class='ocrx_word' id='word_1_94' title='bbox 997 1078 1052 1106; x_wconf 89' lang='lat' dir='ltr'>aut</span> 
     </span>
     <span class='ocr_line' id='line_1_21' title="bbox 314 1125 1052 1169; baseline 0.003 -12"><span class='ocrx_word' id='word_1_95' title='bbox 314 1125 424 1169; x_wconf 90' lang='lat' dir='ltr'>quavis</span> <span class='ocrx_word' id='word_1_96' title='bbox 449 1125 601 1158; x_wconf 84' lang='lat' dir='ltr'>firmitate</span> <span class='ocrx_word' id='word_1_97' title='bbox 626 1125 688 1158; x_wconf 77' lang='lat' dir='ltr'>alia</span> <span class='ocrx_word' id='word_1_98' title='bbox 720 1125 901 1165; x_wconf 89' lang='lat' dir='ltr'>roboratis,</span> <span class='ocrx_word' id='word_1_99' title='bbox 925 1126 1052 1160; x_wconf 88' lang='lat' dir='ltr'>statutis</span> 
     </span>
     <span class='ocr_line' id='line_1_22' title="bbox 313 1179 1051 1223; baseline 0.001 -11"><span class='ocrx_word' id='word_1_100' title='bbox 313 1184 345 1212; x_wconf 88' lang='lat' dir='ltr'>et</span> <span class='ocrx_word' id='word_1_101' title='bbox 376 1179 677 1218; x_wconf 85' lang='lat' dir='ltr'>consuetudinibus,</span> <span class='ocrx_word' id='word_1_102' title='bbox 700 1179 881 1222; x_wconf 77' lang='lat' dir='ltr'>privilegiis</span> <span class='ocrx_word' id='word_1_103' title='bbox 906 1190 1051 1223; x_wconf 85' lang='lat' dir='ltr'>quoque,</span> 
     </span>
     <span class='ocr_line' id='line_1_23' title="bbox 313 1232 1053 1276; baseline 0.003 -12"><span class='ocrx_word' id='word_1_104' title='bbox 313 1232 451 1265; x_wconf 91' lang='lat' dir='ltr'>indultis</span> <span class='ocrx_word' id='word_1_105' title='bbox 475 1237 507 1265; x_wconf 88' lang='lat' dir='ltr'>et</span> <span class='ocrx_word' id='word_1_106' title='bbox 526 1232 643 1266; x_wconf 89' lang='lat' dir='ltr'>litteris</span> <span class='ocrx_word' id='word_1_107' title='bbox 661 1233 849 1276; x_wconf 76' lang='lat' dir='ltr'>apostolicis</span> <span class='ocrx_word' id='word_1_108' title='bbox 867 1233 899 1265; x_wconf 91' lang='lat' dir='ltr'>in</span> <span class='ocrx_word' id='word_1_109' title='bbox 925 1238 1053 1266; x_wconf 87' lang='lat' dir='ltr'>contra-</span> 
     </span>
     <span class='ocr_line' id='line_1_24' title="bbox 313 1285 1053 1329; baseline 0.001 -12"><span class='ocrx_word' id='word_1_110' title='bbox 313 1285 396 1317; x_wconf 89' lang='lat' dir='ltr'>rium</span> <span class='ocrx_word' id='word_1_111' title='bbox 425 1285 681 1329; x_wconf 86' lang='lat' dir='ltr'>praemissorum</span> <span class='ocrx_word' id='word_1_112' title='bbox 703 1286 954 1329; x_wconf 83' lang='lat' dir='ltr'>quomodolibet</span> <span class='ocrx_word' id='word_1_113' title='bbox 976 1297 1053 1318; x_wconf 90' lang='lat' dir='ltr'>con-</span> 
     </span>
     <span class='ocr_line' id='line_1_25' title="bbox 314 1339 1053 1383; baseline 0.001 -12"><span class='ocrx_word' id='word_1_114' title='bbox 314 1339 426 1379; x_wconf 83' lang='lat' dir='ltr'>cessis,</span> <span class='ocrx_word' id='word_1_115' title='bbox 452 1339 653 1372; x_wconf 83' lang='lat' dir='ltr'>eonsirmatis</span> <span class='ocrx_word' id='word_1_116' title='bbox 679 1345 711 1372; x_wconf 87' lang='lat' dir='ltr'>et</span> <span class='ocrx_word' id='word_1_117' title='bbox 734 1340 917 1379; x_wconf 75' lang='lat' dir='ltr'>innovatis,</span> <span class='ocrx_word' id='word_1_118' title='bbox 937 1340 1053 1383; x_wconf 88' lang='lat' dir='ltr'>quibus</span> 
     </span>
     <span class='ocr_line' id='line_1_26' title="bbox 314 1391 1052 1434; baseline 0.003 -11"><span class='ocrx_word' id='word_1_119' title='bbox 314 1391 466 1424; x_wconf 88' lang='lat' dir='ltr'>omnibus</span> <span class='ocrx_word' id='word_1_120' title='bbox 496 1397 528 1424; x_wconf 89' lang='lat' dir='ltr'>et</span> <span class='ocrx_word' id='word_1_121' title='bbox 565 1391 722 1434; x_wconf 81' lang='lat' dir='ltr'>singulis,</span> <span class='ocrx_word' id='word_1_122' title='bbox 755 1391 886 1424; x_wconf 88' lang='lat' dir='ltr'>illorum</span> <span class='ocrx_word' id='word_1_123' title='bbox 922 1397 1052 1426; x_wconf 85' lang='lat' dir='ltr'>tenores</span> 
     </span>
     <span class='ocr_line' id='line_1_27' title="bbox 313 1443 1054 1487; baseline 0.004 -12"><span class='ocrx_word' id='word_1_124' title='bbox 313 1443 542 1486; x_wconf 85' lang='lat' dir='ltr'>praesentibus</span> <span class='ocrx_word' id='word_1_125' title='bbox 568 1455 627 1487; x_wconf 90' lang='lat' dir='ltr'>pro</span> <span class='ocrx_word' id='word_1_126' title='bbox 663 1445 759 1487; x_wconf 85' lang='lat' dir='ltr'>plene</span> <span class='ocrx_word' id='word_1_127' title='bbox 786 1449 818 1477; x_wconf 91' lang='lat' dir='ltr'>et</span> <span class='ocrx_word' id='word_1_128' title='bbox 853 1445 1054 1478; x_wconf 82' lang='lat' dir='ltr'>sufficienter</span> 
     </span>
     <span class='ocr_line' id='line_1_28' title="bbox 313 1497 1053 1540; baseline 0 -10"><span class='ocrx_word' id='word_1_129' title='bbox 313 1497 480 1540; x_wconf 81' lang='lat' dir='ltr'>expressis</span> <span class='ocrx_word' id='word_1_130' title='bbox 506 1508 542 1530; x_wconf 90' lang='lat' dir='ltr'>ac</span> <span class='ocrx_word' id='word_1_131' title='bbox 558 1498 597 1530; x_wconf 85' lang='lat' dir='ltr'>ad</span> <span class='ocrx_word' id='word_1_132' title='bbox 621 1498 754 1530; x_wconf 87' lang='lat' dir='ltr'>verbum</span> <span class='ocrx_word' id='word_1_133' title='bbox 772 1497 908 1530; x_wconf 83' lang='lat' dir='ltr'>insertis</span> <span class='ocrx_word' id='word_1_134' title='bbox 929 1498 1053 1532; x_wconf 85' lang='lat' dir='ltr'>haben-</span> 
     </span>
     <span class='ocr_line' id='line_1_29' title="bbox 315 1550 1053 1594; baseline 0.001 -11"><span class='ocrx_word' id='word_1_135' title='bbox 315 1555 372 1591; x_wconf 80' lang='lat' dir='ltr'>tes,</span> <span class='ocrx_word' id='word_1_136' title='bbox 398 1550 463 1583; x_wconf 88' lang='lat' dir='ltr'>illis</span> <span class='ocrx_word' id='word_1_137' title='bbox 495 1551 575 1583; x_wconf 78' lang='lat' dir='ltr'>alias</span> <span class='ocrx_word' id='word_1_138' title='bbox 606 1550 639 1583; x_wconf 92' lang='lat' dir='ltr'>in</span> <span class='ocrx_word' id='word_1_139' title='bbox 671 1561 729 1584; x_wconf 91' lang='lat' dir='ltr'>suo</span> <span class='ocrx_word' id='word_1_140' title='bbox 754 1550 875 1584; x_wconf 87' lang='lat' dir='ltr'>robore</span> <span class='ocrx_word' id='word_1_141' title='bbox 905 1562 1053 1594; x_wconf 88' lang='lat' dir='ltr'>perman-</span> 
     </span>
     <span class='ocr_line' id='line_1_30' title="bbox 313 1603 1053 1647; baseline 0.001 -11"><span class='ocrx_word' id='word_1_142' title='bbox 313 1603 408 1643; x_wconf 88' lang='lat' dir='ltr'>suris,</span> <span class='ocrx_word' id='word_1_143' title='bbox 433 1603 472 1636; x_wconf 90' lang='lat' dir='ltr'>ad</span> <span class='ocrx_word' id='word_1_144' title='bbox 492 1603 750 1647; x_wconf 88' lang='lat' dir='ltr'>praemissorum</span> <span class='ocrx_word' id='word_1_145' title='bbox 764 1603 926 1645; x_wconf 76' lang='lat' dir='ltr'>effectum,</span> <span class='ocrx_word' id='word_1_146' title='bbox 938 1605 999 1637; x_wconf 88' lang='lat' dir='ltr'>hac</span> <span class='ocrx_word' id='word_1_147' title='bbox 1013 1606 1053 1638; x_wconf 84' lang='lat' dir='ltr'>vi-</span> 
     </span>
     <span class='ocr_line' id='line_1_31' title="bbox 314 1656 1054 1700; baseline 0.001 -10"><span class='ocrx_word' id='word_1_148' title='bbox 314 1667 350 1690; x_wconf 90' lang='lat' dir='ltr'>ce</span> <span class='ocrx_word' id='word_1_149' title='bbox 375 1657 550 1696; x_wconf 79' lang='lat' dir='ltr'>dumtaxat,</span> <span class='ocrx_word' id='word_1_150' title='bbox 575 1656 973 1700; x_wconf 79' lang='lat' dir='ltr'>specialiteretexpresse</span> <span class='ocrx_word' id='word_1_151' title='bbox 999 1658 1054 1691; x_wconf 89' lang='lat' dir='ltr'>de-</span> 
     </span>
     <span class='ocr_line' id='line_1_32' title="bbox 314 1711 1054 1756; baseline 0.004 -14"><span class='ocrx_word' id='word_1_152' title='bbox 314 1721 485 1753; x_wconf 81' lang='lat' dir='ltr'>rogamus;</span> <span class='ocrx_word' id='word_1_153' title='bbox 512 1711 700 1755; x_wconf 88' lang='lat' dir='ltr'>ceterisque</span> <span class='ocrx_word' id='word_1_154' title='bbox 725 1711 900 1744; x_wconf 88' lang='lat' dir='ltr'>contrariis</span> <span class='ocrx_word' id='word_1_155' title='bbox 919 1712 1054 1756; x_wconf 88' lang='lat' dir='ltr'>quibus-</span> 
     </span>
     <span class='ocr_line' id='line_1_33' title="bbox 316 1773 467 1806; baseline 0 -10"><span class='ocrx_word' id='word_1_156' title='bbox 316 1773 467 1806; x_wconf 83' lang='lat' dir='ltr'>cumque.</span> 
     </span>
    </p>
   </div>
   <div class='ocr_carea' id='block_1_5' title="bbox 358 1815 1056 1860">
    <p class='ocr_par' dir='ltr' id='par_1_6' title="bbox 358 1815 1056 1860">
     <span class='ocr_line' id='line_1_34' title="bbox 358 1815 1056 1860; baseline 0.004 -12"><span class='ocrx_word' id='word_1_157' title='bbox 358 1816 475 1849; x_wconf 88' lang='lat' dir='ltr'>Datum</span> <span class='ocrx_word' id='word_1_158' title='bbox 493 1815 625 1856; x_wconf 85' lang='lat' dir='ltr'>Romae,</span> <span class='ocrx_word' id='word_1_159' title='bbox 642 1816 728 1860; x_wconf 89' lang='lat' dir='ltr'>apud</span> <span class='ocrx_word' id='word_1_160' title='bbox 749 1816 780 1850; x_wconf 87' lang='lat' dir='ltr'>S.</span> <span class='ocrx_word' id='word_1_161' title='bbox 807 1817 939 1851; x_wconf 85' lang='lat' dir='ltr'>Mariam</span> <span class='ocrx_word' id='word_1_162' title='bbox 964 1818 1056 1852; x_wconf 86' lang='lat' dir='ltr'>Maio-</span> 
     </span>
    </p>
   </div>
   <div class='ocr_carea' id='block_1_6' title="bbox 315 1870 1053 2021">
    <p class='ocr_par' dir='ltr' id='par_1_7' title="bbox 315 1870 1053 2021">
     <span class='ocr_line' id='line_1_35' title="bbox 315 1870 1053 1910; baseline 0.003 -7"><span class='ocrx_word' id='word_1_163' title='bbox 315 1880 395 1910; x_wconf 88' lang='lat' dir='ltr'>rem,</span> <span class='ocrx_word' id='word_1_164' title='bbox 409 1870 467 1902; x_wconf 87' lang='lat' dir='ltr'>sub</span> <span class='ocrx_word' id='word_1_165' title='bbox 482 1871 602 1902; x_wconf 91' lang='lat' dir='ltr'>annulo</span> <span class='ocrx_word' id='word_1_166' title='bbox 618 1870 805 1910; x_wconf 76' lang='lat' dir='ltr'>piscatoris,</span> <span class='ocrx_word' id='word_1_167' title='bbox 821 1871 872 1904; x_wconf 87' lang='lat' dir='ltr'>die</span> <span class='ocrx_word' id='word_1_168' title='bbox 890 1882 966 1905; x_wconf 81' lang='lat' dir='ltr'>xx111</span> <span class='ocrx_word' id='word_1_169' title='bbox 984 1872 1053 1906; x_wconf 89' lang='lat' dir='ltr'>iulii</span> 
     </span>
     <span class='ocr_line' id='line_1_36' title="bbox 315 1922 1010 1966; baseline 0.003 -9"><span class='ocrx_word' id='word_1_170' title='bbox 315 1933 468 1962; x_wconf 80' lang='lat' dir='ltr'>MDcxcvl,</span> <span class='ocrx_word' id='word_1_171' title='bbox 492 1922 700 1966; x_wconf 85' lang='lat' dir='ltr'>pontificatus</span> <span class='ocrx_word' id='word_1_172' title='bbox 726 1924 828 1957; x_wconf 90' lang='lat' dir='ltr'>nostri</span> <span class='ocrx_word' id='word_1_173' title='bbox 857 1935 943 1958; x_wconf 90' lang='lat' dir='ltr'>anno</span> <span class='ocrx_word' id='word_1_174' title='bbox 969 1936 1010 1959; x_wconf 90' lang='lat' dir='ltr'>v1.</span> 
     </span>
     <span class='ocr_line' id='line_1_37' title="bbox 354 1985 956 2021; baseline 0.005 -10"><span class='ocrx_word' id='word_1_175' title='bbox 354 1985 409 2011; x_wconf 82' lang='lat' dir='ltr'>Dat.</span> <span class='ocrx_word' id='word_1_176' title='bbox 427 1985 471 2012; x_wconf 68' lang='lat' dir='ltr'>«lie</span> <span class='ocrx_word' id='word_1_177' title='bbox 487 1985 520 2012; x_wconf 70' lang='lat'>23</span> <span class='ocrx_word' id='word_1_178' title='bbox 540 1985 599 2013; x_wconf 90' lang='lat' dir='ltr'>iulii</span> <span class='ocrx_word' id='word_1_179' title='bbox 621 1985 698 2020; x_wconf 79' lang='lat'>1696,</span> <span class='ocrx_word' id='word_1_180' title='bbox 720 1986 815 2021; x_wconf 88' lang='lat' dir='ltr'>pontif.</span> <span class='ocrx_word' id='word_1_181' title='bbox 833 1995 902 2014; x_wconf 85' lang='lat' dir='ltr'>auno</span> <span class='ocrx_word' id='word_1_182' title='bbox 919 1994 956 2014; x_wconf 81' lang='lat' dir='ltr'>VI.</span> 
     </span>
    </p>
   </div>
   <div class='ocr_carea' id='block_1_7' title="bbox 316 2110 1052 2279">
    <p class='ocr_par' dir='ltr' id='par_1_8' title="bbox 316 2110 1052 2279">
     <span class='ocr_line' id='line_1_38' title="bbox 607 2110 763 2144; baseline 0.006 -1"><span class='ocrx_word' id='word_1_183' title='bbox 607 2110 763 2144; x_wconf 75' lang='lat' dir='ltr'>CXXXVI.</span> 
     </span>
     <span class='ocr_line' id='line_1_39' title="bbox 316 2179 1052 2224; baseline 0.005 -11"><span class='ocrx_word' id='word_1_184' title='bbox 316 2179 548 2214; x_wconf 74' lang='lat' dir='ltr'>Extenduntm-</span> <span class='ocrx_word' id='word_1_185' title='bbox 570 2181 612 2213; x_wconf 78' lang='lat' dir='ltr'>ad</span> <span class='ocrx_word' id='word_1_186' title='bbox 635 2183 917 2224; x_wconf 72' lang='lat' dir='ltr'>confraternitates</span> <span class='ocrx_word' id='word_1_187' title='bbox 941 2183 1052 2217; x_wconf 78' lang='lat' dir='ltr'>Decem</span> 
     </span>
     <span class='ocr_line' id='line_1_40' title="bbox 365 2233 1052 2279; baseline 0.007 -14"><span class='ocrx_word' id='word_1_188' title='bbox 365 2233 531 2266; x_wconf 75' lang='lat' dir='ltr'>Virtutum</span> <span class='ocrx_word' id='word_1_189' title='bbox 558 2234 594 2266; x_wconf 89' lang='lat' dir='ltr'>B.</span> <span class='ocrx_word' id='word_1_190' title='bbox 620 2235 745 2268; x_wconf 77' lang='lat' dir='ltr'>Mariae</span> <span class='ocrx_word' id='word_1_191' title='bbox 775 2236 922 2279; x_wconf 68' lang='lat' dir='ltr'>Virqinis</span> <span class='ocrx_word' id='word_1_192' title='bbox 942 2237 1052 2270; x_wconf 77' lang='lat' dir='ltr'>indul-</span> 
     </span>
    </p>
   </div>
   <div class='ocr_carea' id='block_1_8' title="bbox 359 2286 1053 2378">
    <p class='ocr_par' dir='ltr' id='par_1_9' title="bbox 359 2286 1053 2378">
     <span class='ocr_line' id='line_1_41' title="bbox 359 2286 1053 2333; baseline 0.007 -15"><span class='ocrx_word' id='word_1_193' title='bbox 359 2286 489 2330; x_wconf 75' lang='lat' dir='ltr'>9entiae</span> <span class='ocrx_word' id='word_1_194' title='bbox 502 2291 530 2320; x_wconf 80' lang='lat' dir='ltr'>et</span> <span class='ocrx_word' id='word_1_195' title='bbox 541 2288 668 2330; x_wconf 58' lang='lat' dir='ltr'>ytaliae</span> <span class='ocrx_word' id='word_1_196' title='bbox 681 2289 870 2331; x_wconf 77' lang='lat' dir='ltr'>spirituales</span> <span class='ocrx_word' id='word_1_197' title='bbox 884 2291 1053 2333; x_wconf 80' lang='lat' dir='ltr'>confrater-</span> 
     </span>
     <span class='ocr_line' id='line_1_42' title="bbox 359 2339 1047 2378; baseline 0.007 -6"><span class='ocrx_word' id='word_1_198' title='bbox 359 2339 522 2373; x_wconf 74' lang='lat' dir='ltr'>nitatibus</span> <span class='ocrx_word' id='word_1_199' title='bbox 541 2340 597 2374; x_wconf 89' lang='lat' dir='ltr'>SS.</span> <span class='ocrx_word' id='word_1_200' title='bbox 621 2341 828 2375; x_wconf 68' lang='lat' dir='ltr'>sacramenti</span> <span class='ocrx_word' id='word_1_201' title='bbox 852 2353 1013 2377; x_wconf 77' lang='lat' dir='ltr'>concessae</span> <span class='ocrx_word' id='word_1_202' title='bbox 1028 2343 1047 2378; x_wconf 86' lang='lat'>¹.</span> 
     </span>
    </p>
   </div>
   <div class='ocr_carea' id='block_1_9' title="bbox 315 2436 1052 2644">
    <p class='ocr_par' dir='ltr' id='par_1_10' title="bbox 315 2436 1052 2644">
     <span class='ocr_line' id='line_1_43' title="bbox 353 2436 1052 2468; baseline 0.009 -6"><span class='ocrx_word' id='word_1_203' title='bbox 353 2437 363 2462; x_wconf 84' lang='lat' dir='ltr'>l</span> <span class='ocrx_word' id='word_1_204' title='bbox 386 2436 411 2462; x_wconf 90' lang='lat' dir='ltr'><strong>A</strong></span> <span class='ocrx_word' id='word_1_205' title='bbox 430 2436 511 2463; x_wconf 83' lang='lat' dir='ltr'>Paulo</span> <span class='ocrx_word' id='word_1_206' title='bbox 531 2436 566 2464; x_wconf 91' lang='lat' dir='ltr'>lll</span> <span class='ocrx_word' id='word_1_207' title='bbox 587 2444 733 2465; x_wconf 85' lang='lat' dir='ltr'>concessae</span> <span class='ocrx_word' id='word_1_208' title='bbox 761 2438 837 2466; x_wconf 77' lang='lat' dir='ltr'>suere</span> <span class='ocrx_word' id='word_1_209' title='bbox 856 2439 942 2466; x_wconf 86' lang='lat' dir='ltr'>dictae</span> <span class='ocrx_word' id='word_1_210' title='bbox 961 2440 1052 2468; x_wconf 89' lang='lat' dir='ltr'>indul-</span> 
     </span>
     <span class='ocr_line' id='line_1_44' title="bbox 315 2480 1051 2518; baseline 0.008 -12"><span class='ocrx_word' id='word_1_211' title='bbox 315 2480 423 2516; x_wconf 85' lang='lat' dir='ltr'>gentiae</span> <span class='ocrx_word' id='word_1_212' title='bbox 443 2485 469 2507; x_wconf 87' lang='lat' dir='ltr'>et</span> <span class='ocrx_word' id='word_1_213' title='bbox 487 2481 600 2515; x_wconf 84' lang='lat' dir='ltr'>gratiae,</span> <span class='ocrx_word' id='word_1_214' title='bbox 621 2486 647 2508; x_wconf 86' lang='lat' dir='ltr'>et</span> <span class='ocrx_word' id='word_1_215' title='bbox 661 2487 753 2518; x_wconf 85' lang='lat' dir='ltr'>postea</span> <span class='ocrx_word' id='word_1_216' title='bbox 768 2484 943 2510; x_wconf 82' lang='lat' dir='ltr'>confirmatae</span> <span class='ocrx_word' id='word_1_217' title='bbox 959 2485 992 2511; x_wconf 85' lang='lat' dir='ltr'>ab</span> <span class='ocrx_word' id='word_1_218' title='bbox 1009 2485 1051 2512; x_wconf 91' lang='lat' dir='ltr'>ln-</span> 
     </span>
     <span class='ocr_line' id='line_1_45' title="bbox 317 2524 1051 2564; baseline 0.005 -13"><span class='ocrx_word' id='word_1_219' title='bbox 317 2524 444 2552; x_wconf 88' lang='lat' dir='ltr'>nocentio</span> <span class='ocrx_word' id='word_1_220' title='bbox 466 2525 499 2552; x_wconf 84' lang='lat' dir='ltr'>xt</span> <span class='ocrx_word' id='word_1_221' title='bbox 519 2530 604 2552; x_wconf 90' lang='lat' dir='ltr'>const.</span> <span class='ocrx_word' id='word_1_222' title='bbox 625 2533 800 2560; x_wconf 78' lang='lat' dir='ltr'>MDCLxxvnt,</span> <span class='ocrx_word' id='word_1_223' title='bbox 822 2528 865 2555; x_wconf 87' lang='lat' dir='ltr'>die</span> <span class='ocrx_word' id='word_1_224' title='bbox 887 2530 896 2554; x_wconf 93' lang='lat'>1</span> <span class='ocrx_word' id='word_1_225' title='bbox 920 2529 1051 2564; x_wconf 82' lang='lat' dir='ltr'>octobris,</span> 
     </span>
     <span class='ocr_line' id='line_1_46' title="bbox 316 2568 1052 2604; baseline 0.007 -8"><span class='ocrx_word' id='word_1_226' title='bbox 316 2568 412 2604; x_wconf 82' lang='lat' dir='ltr'>pontif.</span> <span class='ocrx_word' id='word_1_227' title='bbox 433 2574 458 2595; x_wconf 83' lang='lat'>11.</span> <span class='ocrx_word' id='word_1_228' title='bbox 479 2568 516 2595; x_wconf 84' lang='lat' dir='ltr'>De</span> <span class='ocrx_word' id='word_1_229' title='bbox 535 2569 606 2596; x_wconf 73' lang='lat' dir='ltr'>dicta</span> <span class='ocrx_word' id='word_1_230' title='bbox 626 2571 847 2600; x_wconf 81' lang='lat' dir='ltr'>confraternitate</span> <span class='ocrx_word' id='word_1_231' title='bbox 874 2572 932 2600; x_wconf 81' lang='lat' dir='ltr'>vide</span> <span class='ocrx_word' id='word_1_232' title='bbox 953 2574 1052 2601; x_wconf 87' lang='lat' dir='ltr'>consti-</span> 
     </span>
     <span class='ocr_line' id='line_1_47' title="bbox 317 2612 672 2644; baseline 0.006 -3"><span class='ocrx_word' id='word_1_233' title='bbox 317 2613 433 2641; x_wconf 82' lang='lat' dir='ltr'>tutiones</span> <span class='ocrx_word' id='word_1_234' title='bbox 453 2612 524 2641; x_wconf 82' lang='lat' dir='ltr'>infra</span> <span class='ocrx_word' id='word_1_235' title='bbox 542 2613 672 2644; x_wconf 86' lang='lat' dir='ltr'>laudatas.</span> 
     </span>
    </p>
   </div>
   <div class='ocr_carea' id='block_1_10' title="bbox 1214 217 2012 352">
    <p class='ocr_par' dir='ltr' id='par_1_11' title="bbox 1214 217 2012 352">
     <span class='ocr_line' id='line_1_48' title="bbox 1720 217 2012 254; baseline 0.003 -4"><span class='ocrx_word' id='word_1_236' title='bbox 1720 217 1783 252; x_wconf 75' lang='lat'>759</span> <span class='ocrx_word' id='word_1_237' title='bbox 1829 226 1876 254; x_wconf 71' lang='lat' dir='ltr'>An,</span> <span class='ocrx_word' id='word_1_238' title='bbox 1894 226 1922 253; x_wconf 84' lang='lat' dir='ltr'>c.</span> <span class='ocrx_word' id='word_1_239' title='bbox 1945 225 2012 251; x_wconf 62' lang='lat' dir='ltr'>trae</span> 
     </span>
     <span class='ocr_line' id='line_1_49' title="bbox 1265 273 1645 308; baseline 0.008 -8"><span class='ocrx_word' id='word_1_240' title='bbox 1265 273 1460 301; x_wconf 81' lang='lat' dir='ltr'>Innocentius</span> <span class='ocrx_word' id='word_1_241' title='bbox 1480 274 1559 308; x_wconf 80' lang='lat' dir='ltr'>Papa</span> <span class='ocrx_word' id='word_1_242' title='bbox 1580 275 1645 307; x_wconf 85' lang='lat' dir='ltr'>XII,</span> 
     </span>
     <span class='ocr_line' id='line_1_50' title="bbox 1214 318 1708 352; baseline 0.006 -8"><span class='ocrx_word' id='word_1_243' title='bbox 1214 318 1250 344; x_wconf 87' lang='lat' dir='ltr'>ad</span> <span class='ocrx_word' id='word_1_244' title='bbox 1270 321 1448 352; x_wconf 83' lang='lat' dir='ltr'>perpetuam</span> <span class='ocrx_word' id='word_1_245' title='bbox 1467 319 1510 346; x_wconf 88' lang='lat' dir='ltr'>rei</span> <span class='ocrx_word' id='word_1_246' title='bbox 1530 321 1708 347; x_wconf 82' lang='lat' dir='ltr'>memoriam.</span> 
     </span>
    </p>
   </div>
   <div class='ocr_carea' id='block_1_11' title="bbox 1089 378 2027 2545">
    <p class='ocr_par' dir='ltr' id='par_1_12' title="bbox 1089 378 1978 1006">
     <span class='ocr_line' id='line_1_51' title="bbox 1133 378 1978 426; baseline 0.007 -15"><span class='ocrx_word' id='word_1_247' title='bbox 1133 378 1323 412; x_wconf 87' lang='lat' dir='ltr'>Caelestium</span> <span class='ocrx_word' id='word_1_248' title='bbox 1349 390 1518 413; x_wconf 85' lang='lat' dir='ltr'>munerum</span> <span class='ocrx_word' id='word_1_249' title='bbox 1545 381 1726 422; x_wconf 76' lang='lat' dir='ltr'>thesauros,</span> <span class='ocrx_word' id='word_1_250' title='bbox 1746 394 1823 426; x_wconf 87' lang='lat' dir='ltr'>quo·</span> <span class='ocrx_word' id='word_1_251' title='bbox 1858 396 1978 417; x_wconf 57' lang='lat' dir='ltr'>exoratum.</span> 
     </span>
     <span class='ocr_line' id='line_1_52' title="bbox 1089 431 1824 475; baseline 0.007 -12"><span class='ocrx_word' id='word_1_252' title='bbox 1089 441 1158 463; x_wconf 87' lang='lat' dir='ltr'>rum</span> <span class='ocrx_word' id='word_1_253' title='bbox 1184 431 1462 475; x_wconf 81' lang='lat' dir='ltr'>dispensationem</span> <span class='ocrx_word' id='word_1_254' title='bbox 1489 433 1561 466; x_wconf 78' lang='lat' dir='ltr'>tidei</span> <span class='ocrx_word' id='word_1_255' title='bbox 1587 439 1716 467; x_wconf 88' lang='lat' dir='ltr'>nostrae</span> <span class='ocrx_word' id='word_1_256' title='bbox 1740 446 1824 469; x_wconf 84' lang='lat' dir='ltr'>com-</span> 
     </span>
     <span class='ocr_line' id='line_1_53' title="bbox 1090 484 1824 529; baseline 0.005 -13"><span class='ocrx_word' id='word_1_257' title='bbox 1090 484 1176 517; x_wconf 88' lang='lat' dir='ltr'>misit</span> <span class='ocrx_word' id='word_1_258' title='bbox 1195 485 1304 518; x_wconf 89' lang='lat' dir='ltr'>divina</span> <span class='ocrx_word' id='word_1_259' title='bbox 1325 486 1480 528; x_wconf 78' lang='lat' dir='ltr'>dignatio,</span> <span class='ocrx_word' id='word_1_260' title='bbox 1506 487 1655 529; x_wconf 87' lang='lat' dir='ltr'>prudenti</span> <span class='ocrx_word' id='word_1_261' title='bbox 1682 487 1824 521; x_wconf 85' lang='lat' dir='ltr'>liberali-</span> 
     </span>
     <span class='ocr_line' id='line_1_54' title="bbox 1091 538 1826 583; baseline 0.005 -13"><span class='ocrx_word' id='word_1_262' title='bbox 1091 542 1153 570; x_wconf 87' lang='lat' dir='ltr'>tate</span> <span class='ocrx_word' id='word_1_263' title='bbox 1178 538 1318 571; x_wconf 86' lang='lat' dir='ltr'>libenter</span> <span class='ocrx_word' id='word_1_264' title='bbox 1336 549 1515 582; x_wconf 78' lang='lat' dir='ltr'>erogamus,</span> <span class='ocrx_word' id='word_1_265' title='bbox 1534 551 1603 573; x_wconf 89' lang='lat' dir='ltr'>cum</span> <span class='ocrx_word' id='word_1_266' title='bbox 1622 541 1653 574; x_wconf 91' lang='lat' dir='ltr'>id</span> <span class='ocrx_word' id='word_1_267' title='bbox 1671 541 1722 583; x_wconf 85' lang='lat' dir='ltr'>pia</span> <span class='ocrx_word' id='word_1_268' title='bbox 1741 542 1826 574; x_wconf 85' lang='lat' dir='ltr'>cliri-</span> 
     </span>
     <span class='ocr_line' id='line_1_55' title="bbox 1090 590 1823 635; baseline 0.008 -13"><span class='ocrx_word' id='word_1_269' title='bbox 1090 590 1285 631; x_wconf 75' lang='lat' dir='ltr'>stitidelium‚</span> <span class='ocrx_word' id='word_1_270' title='bbox 1309 593 1503 635; x_wconf 86' lang='lat' dir='ltr'>praesertim</span> <span class='ocrx_word' id='word_1_271' title='bbox 1539 594 1598 627; x_wconf 87' lang='lat' dir='ltr'>sub</span> <span class='ocrx_word' id='word_1_272' title='bbox 1633 595 1720 627; x_wconf 86' lang='lat' dir='ltr'>suavi</span> <span class='ocrx_word' id='word_1_273' title='bbox 1746 595 1823 628; x_wconf 89' lang='lat' dir='ltr'>reli-</span> 
     </span>
     <span class='ocr_line' id='line_1_56' title="bbox 1092 644 1828 691; baseline 0.007 -16"><span class='ocrx_word' id='word_1_274' title='bbox 1092 644 1196 686; x_wconf 81' lang='lat' dir='ltr'>gionis</span> <span class='ocrx_word' id='word_1_275' title='bbox 1214 645 1290 688; x_wconf 74' lang='lat' dir='ltr'>iugo</span> <span class='ocrx_word' id='word_1_276' title='bbox 1311 645 1476 679; x_wconf 85' lang='lat' dir='ltr'>Altissimo</span> <span class='ocrx_word' id='word_1_277' title='bbox 1501 646 1726 679; x_wconf 80' lang='lat' dir='ltr'>tamulantium</span> <span class='ocrx_word' id='word_1_278' title='bbox 1752 658 1828 691; x_wconf 90' lang='lat' dir='ltr'>pro-</span> 
     </span>
     <span class='ocr_line' id='line_1_57' title="bbox 1091 697 1829 741; baseline 0.007 -12"><span class='ocrx_word' id='word_1_279' title='bbox 1091 697 1247 741; x_wconf 84' lang='lat' dir='ltr'>priaeque</span> <span class='ocrx_word' id='word_1_280' title='bbox 1274 708 1309 730; x_wconf 89' lang='lat' dir='ltr'>ac</span> <span class='ocrx_word' id='word_1_281' title='bbox 1339 699 1466 731; x_wconf 85' lang='lat' dir='ltr'>alienae</span> <span class='ocrx_word' id='word_1_282' title='bbox 1497 700 1592 732; x_wconf 89' lang='lat' dir='ltr'>saluti</span> <span class='ocrx_word' id='word_1_283' title='bbox 1619 700 1829 734; x_wconf 86' lang='lat' dir='ltr'>laudabiliter</span> 
     </span>
     <span class='ocr_line' id='line_1_58' title="bbox 1093 750 1827 795; baseline 0.007 -13"><span class='ocrx_word' id='word_1_284' title='bbox 1093 750 1357 790; x_wconf 84' lang='lat' dir='ltr'>incumbentium,</span> <span class='ocrx_word' id='word_1_285' title='bbox 1374 757 1445 784; x_wconf 88' lang='lat' dir='ltr'>vota</span> <span class='ocrx_word' id='word_1_286' title='bbox 1465 753 1643 795; x_wconf 83' lang='lat' dir='ltr'>postulant,</span> <span class='ocrx_word' id='word_1_287' title='bbox 1665 759 1696 786; x_wconf 89' lang='lat' dir='ltr'>et</span> <span class='ocrx_word' id='word_1_288' title='bbox 1712 765 1772 787; x_wconf 87' lang='lat' dir='ltr'>nos</span> <span class='ocrx_word' id='word_1_289' title='bbox 1790 755 1827 787; x_wconf 88' lang='lat' dir='ltr'>ad</span> 
     </span>
     <span class='ocr_line' id='line_1_59' title="bbox 1092 803 1828 850; baseline 0.008 -16"><span class='ocrx_word' id='word_1_290' title='bbox 1092 803 1277 845; x_wconf 80' lang='lat' dir='ltr'>augendum</span> <span class='ocrx_word' id='word_1_291' title='bbox 1306 803 1502 838; x_wconf 86' lang='lat' dir='ltr'>sanctissimi</span> <span class='ocrx_word' id='word_1_292' title='bbox 1540 806 1828 850; x_wconf 77' lang='lat' dir='ltr'>augustissimique</span> 
     </span>
     <span class='ocr_line' id='line_1_60' title="bbox 1091 855 1830 899; baseline 0.004 -11"><span class='ocrx_word' id='word_1_293' title='bbox 1091 855 1243 899; x_wconf 88' lang='lat' dir='ltr'>Corporis</span> <span class='ocrx_word' id='word_1_294' title='bbox 1261 862 1292 889; x_wconf 92' lang='lat' dir='ltr'>et</span> <span class='ocrx_word' id='word_1_295' title='bbox 1309 856 1481 899; x_wconf 79' lang='lat' dir='ltr'>Sanguinis</span> <span class='ocrx_word' id='word_1_296' title='bbox 1499 858 1620 891; x_wconf 90' lang='lat' dir='ltr'>domini</span> <span class='ocrx_word' id='word_1_297' title='bbox 1638 861 1741 892; x_wconf 80' lang='lat' dir='ltr'>nostri</span> <span class='ocrx_word' id='word_1_298' title='bbox 1760 860 1830 893; x_wconf 86' lang='lat' dir='ltr'>lesu</span> 
     </span>
     <span class='ocr_line' id='line_1_61' title="bbox 1092 908 1831 957; baseline 0.007 -16"><span class='ocrx_word' id='word_1_299' title='bbox 1092 908 1209 941; x_wconf 84' lang='lat' dir='ltr'>Christi</span> <span class='ocrx_word' id='word_1_300' title='bbox 1234 911 1357 943; x_wconf 89' lang='lat' dir='ltr'>cultum</span> <span class='ocrx_word' id='word_1_301' title='bbox 1377 916 1408 943; x_wconf 94' lang='lat' dir='ltr'>et</span> <span class='ocrx_word' id='word_1_302' title='bbox 1431 911 1675 945; x_wconf 84' lang='lat' dir='ltr'>venerationem</span> <span class='ocrx_word' id='word_1_303' title='bbox 1701 912 1732 945; x_wconf 92' lang='lat' dir='ltr'>id</span> <span class='ocrx_word' id='word_1_304' title='bbox 1758 924 1831 957; x_wconf 87' lang='lat' dir='ltr'>spe-</span> 
     </span>
     <span class='ocr_line' id='line_1_62' title="bbox 1092 962 1659 1006; baseline 0.009 -13"><span class='ocrx_word' id='word_1_305' title='bbox 1092 971 1198 994; x_wconf 85' lang='lat' dir='ltr'>ramus</span> <span class='ocrx_word' id='word_1_306' title='bbox 1223 962 1255 994; x_wconf 92' lang='lat' dir='ltr'>in</span> <span class='ocrx_word' id='word_1_307' title='bbox 1282 962 1416 996; x_wconf 92' lang='lat' dir='ltr'>Domino</span> <span class='ocrx_word' id='word_1_308' title='bbox 1442 964 1659 1006; x_wconf 81' lang='lat' dir='ltr'>profuturum.</span> 
     </span>
    </p>

    <p class='ocr_par' dir='ltr' id='par_1_13' title="bbox 1093 1014 2027 2545">
     <span class='ocr_line' id='line_1_63' title="bbox 1136 1014 1833 1060; baseline 0.009 -13"><span class='ocrx_word' id='word_1_309' title='bbox 1136 1015 1150 1058; x_wconf 60' lang='grc' dir='ltr'>ξ</span> <span class='ocrx_word' id='word_1_310' title='bbox 1175 1014 1207 1047; x_wconf 78' lang='lat' dir='ltr'>t.</span> <span class='ocrx_word' id='word_1_311' title='bbox 1235 1015 1320 1048; x_wconf 72' lang='lat' dir='ltr'>Alias</span> <span class='ocrx_word' id='word_1_312' title='bbox 1345 1016 1505 1060; x_wconf 83' lang='lat' dir='ltr'>siquidem</span> <span class='ocrx_word' id='word_1_313' title='bbox 1532 1018 1571 1051; x_wconf 89' lang='lat' dir='ltr'>de</span> <span class='ocrx_word' id='word_1_314' title='bbox 1592 1019 1743 1053; x_wconf 85' lang='lat' dir='ltr'>mandato</span> <span class='ocrx_word' id='word_1_315' title='bbox 1765 1020 1833 1053; x_wconf 82' lang='lat' dir='ltr'>seli-</span> 
     </span>
     <span class='ocr_line' id='line_1_64' title="bbox 1093 1057 2027 1116; baseline 0.003 -17"><span class='ocrx_word' id='word_1_316' title='bbox 1093 1067 1137 1100; x_wconf 88' lang='lat' dir='ltr'>cis</span> <span class='ocrx_word' id='word_1_317' title='bbox 1157 1069 1396 1102; x_wconf 86' lang='lat' dir='ltr'>recordationis</span> <span class='ocrx_word' id='word_1_318' title='bbox 1418 1069 1593 1104; x_wconf 89' lang='lat' dir='ltr'>Clementis</span> <span class='ocrx_word' id='word_1_319' title='bbox 1618 1071 1677 1104; x_wconf 86' lang='lat' dir='ltr'>PP.</span> <span class='ocrx_word' id='word_1_320' title='bbox 1697 1073 1721 1105; x_wconf 83' lang='lat' dir='ltr'>X</span> <span class='ocrx_word' id='word_1_321' title='bbox 1739 1083 1833 1116; x_wconf 89' lang='lat' dir='ltr'>prae·</span> <span class='ocrx_word' id='word_1_322' title='bbox 1844 1057 2027 1113; x_wconf 53' lang='lat' dir='ltr'>Sssssfll&#39;eitssssttliss</span> 
     </span>
     <span class='ocr_line' id='line_1_65' title="bbox 1094 1111 2026 1169; baseline 0.002 -16"><span class='ocrx_word' id='word_1_323' title='bbox 1094 1120 1275 1154; x_wconf 87' lang='lat' dir='ltr'>decessoris</span> <span class='ocrx_word' id='word_1_324' title='bbox 1300 1122 1401 1154; x_wconf 91' lang='lat' dir='ltr'>nostri</span> <span class='ocrx_word' id='word_1_325' title='bbox 1424 1124 1586 1156; x_wconf 84' lang='lat' dir='ltr'>emanavit</span> <span class='ocrx_word' id='word_1_326' title='bbox 1609 1134 1626 1156; x_wconf 93' lang='lat' dir='ltr'>a</span> <span class='ocrx_word' id='word_1_327' title='bbox 1650 1111 2026 1169; x_wconf 39' lang='lat' dir='ltr'>Congrega—fs‘fs‘iiffliifiiiissi‘i:</span> 
     </span>
     <span class='ocr_line' id='line_1_66' title="bbox 1096 1165 2026 1221; baseline 0.003 -15"><span class='ocrx_word' id='word_1_328' title='bbox 1096 1174 1181 1207; x_wconf 86' lang='lat' dir='ltr'>tione</span> <span class='ocrx_word' id='word_1_329' title='bbox 1207 1179 1283 1208; x_wconf 90' lang='lat' dir='ltr'>tunc</span> <span class='ocrx_word' id='word_1_330' title='bbox 1308 1175 1513 1209; x_wconf 75' lang='lat' dir='ltr'>existentium</span> <span class='ocrx_word' id='word_1_331' title='bbox 1545 1176 1575 1209; x_wconf 90' lang='lat' dir='ltr'>S.</span> <span class='ocrx_word' id='word_1_332' title='bbox 1604 1176 1640 1210; x_wconf 81' lang='lat' dir='ltr'>R.</span> <span class='ocrx_word' id='word_1_333' title='bbox 1669 1178 1701 1210; x_wconf 83' lang='lat' dir='ltr'>E.</span> <span class='ocrx_word' id='word_1_334' title='bbox 1727 1165 1959 1221; x_wconf 46' lang='lat' dir='ltr'>careti-ssssfgissssmn</span> <span class='ocrx_word' id='word_1_335' title='bbox 1972 1169 2026 1209; x_wconf 57' lang='lat'>1513?</span> 
     </span>
     <span class='ocr_line' id='line_1_67' title="bbox 1095 1217 2027 1276; baseline 0.004 -18"><span class='ocrx_word' id='word_1_336' title='bbox 1095 1227 1216 1259; x_wconf 86' lang='lat' dir='ltr'>nalium</span> <span class='ocrx_word' id='word_1_337' title='bbox 1243 1227 1454 1270; x_wconf 74' lang='lat' dir='ltr'>indulgentiis</span> <span class='ocrx_word' id='word_1_338' title='bbox 1492 1234 1524 1261; x_wconf 89' lang='lat' dir='ltr'>et</span> <span class='ocrx_word' id='word_1_339' title='bbox 1560 1230 1659 1263; x_wconf 85' lang='lat' dir='ltr'>sacris</span> <span class='ocrx_word' id='word_1_340' title='bbox 1683 1217 2027 1276; x_wconf 49' lang='lat' dir='ltr'>reliquiis&#39;tlssssti&#39;itli&#39;ldlf&#39;ni‘</span> 
     </span>
     <span class='ocr_line' id='line_1_68' title="bbox 1094 1269 2025 1327; baseline 0.003 -15"><span class='ocrx_word' id='word_1_341' title='bbox 1094 1280 1354 1323; x_wconf 83' lang='lat' dir='ltr'>praepositorum</span> <span class='ocrx_word' id='word_1_342' title='bbox 1373 1281 1536 1315; x_wconf 86' lang='lat' dir='ltr'>decretum</span> <span class='ocrx_word' id='word_1_343' title='bbox 1555 1283 1675 1316; x_wconf 87' lang='lat' dir='ltr'>tenoris</span> <span class='ocrx_word' id='word_1_344' title='bbox 1703 1285 1757 1327; x_wconf 86' lang='lat' dir='ltr'>qui</span> <span class='ocrx_word' id='word_1_345' title='bbox 1784 1269 2025 1326; x_wconf 52' lang='grc' dir='ltr'>ςο-ξςιὲἓᾞᾞη-ἦιᾞ</span> 
     </span>
     <span class='ocr_line' id='line_1_69' title="bbox 1095 1323 2026 1380; baseline 0.002 -15"><span class='ocrx_word' id='word_1_346' title='bbox 1095 1333 1212 1376; x_wconf 86' lang='lat' dir='ltr'>quitur,</span> <span class='ocrx_word' id='word_1_347' title='bbox 1234 1333 1410 1366; x_wconf 68' lang='lat' dir='ltr'>videlicet:</span> <span class='ocrx_word' id='word_1_348' title='bbox 1438 1347 1450 1365; x_wconf 67' lang='lat' dir='ltr'>&lt;i</span> <span class='ocrx_word' id='word_1_349' title='bbox 1470 1335 1557 1368; x_wconf 81' lang='lat' dir='ltr'>Licet</span> <span class='ocrx_word' id='word_1_350' title='bbox 1581 1347 1690 1369; x_wconf 88' lang='lat' dir='ltr'>sacrae</span> <span class='ocrx_word' id='word_1_351' title='bbox 1713 1323 2026 1380; x_wconf 39' lang='lat' dir='ltr'>inemo-i‘i&#39;eiP&#39;gc‘i—fiiiiii&#39;g&#39;i&#39;l</span> 
     </span>
     <span class='ocr_line' id='line_1_70' title="bbox 1096 1376 2025 1430; baseline 0.006 -13"><span class='ocrx_word' id='word_1_352' title='bbox 1096 1386 1161 1418; x_wconf 89' lang='lat' dir='ltr'>riae</span> <span class='ocrx_word' id='word_1_353' title='bbox 1179 1386 1296 1419; x_wconf 83' lang='lat' dir='ltr'>Paulus</span> <span class='ocrx_word' id='word_1_354' title='bbox 1314 1387 1398 1430; x_wconf 85' lang='lat' dir='ltr'>Papa</span> <span class='ocrx_word' id='word_1_355' title='bbox 1417 1388 1454 1419; x_wconf 86' lang='grc' dir='ltr'>ΙΙΙ</span> <span class='ocrx_word' id='word_1_356' title='bbox 1480 1399 1537 1430; x_wconf 84' lang='lat' dir='ltr'>per</span> <span class='ocrx_word' id='word_1_357' title='bbox 1553 1389 1645 1421; x_wconf 88' lang='lat' dir='ltr'>binas</span> <span class='ocrx_word' id='word_1_358' title='bbox 1664 1401 1736 1422; x_wconf 84' lang='lat' dir='ltr'>suas</span> <span class='ocrx_word' id='word_1_359' title='bbox 1755 1376 2025 1427; x_wconf 58' lang='lat' dir='ltr'>0011-3‡¹2.³„¹‚¹e..{⁵20173{</span> 
     </span>
     <span class='ocr_line' id='line_1_71' title="bbox 1094 1428 2026 1486; baseline 0.003 -15"><span class='ocrx_word' id='word_1_360' title='bbox 1094 1439 1278 1472; x_wconf 88' lang='lat' dir='ltr'>stitutiones</span> <span class='ocrx_word' id='word_1_361' title='bbox 1314 1442 1514 1474; x_wconf 78' lang='lat' dir='ltr'>concesserit</span> <span class='ocrx_word' id='word_1_362' title='bbox 1556 1446 1592 1474; x_wconf 91' lang='lat' dir='ltr'>ut</span> <span class='ocrx_word' id='word_1_363' title='bbox 1627 1442 1680 1475; x_wconf 84' lang='lat' dir='ltr'>SS.</span> <span class='ocrx_word' id='word_1_364' title='bbox 1712 1428 2026 1486; x_wconf 48' lang='lat' dir='ltr'>Corpo-{illlisvctffuffllff</span> 
     </span>
     <span class='ocr_line' id='line_1_72' title="bbox 1095 1488 1896 1530; baseline 0.009 -7"><span class='ocrx_word' id='word_1_365' title='bbox 1095 1491 1138 1523; x_wconf 90' lang='lat' dir='ltr'>ris</span> <span class='ocrx_word' id='word_1_366' title='bbox 1174 1491 1293 1524; x_wconf 87' lang='lat' dir='ltr'>Christi</span> <span class='ocrx_word' id='word_1_367' title='bbox 1331 1493 1611 1527; x_wconf 82' lang='lat' dir='ltr'>confraternitates</span> <span class='ocrx_word' id='word_1_368' title='bbox 1648 1506 1760 1528; x_wconf 87' lang='lat' dir='ltr'>omnes</span> <span class='ocrx_word' id='word_1_369' title='bbox 1801 1488 1896 1530; x_wconf 56' lang='lat' dir='ltr'>et‘um&#39;</span> 
     </span>
     <span class='ocr_line' id='line_1_73' title="bbox 1095 1544 1833 1587; baseline 0.009 -12"><span class='ocrx_word' id='word_1_370' title='bbox 1095 1544 1253 1587; x_wconf 77' lang='lat' dir='ltr'>singulae,</span> <span class='ocrx_word' id='word_1_371' title='bbox 1268 1545 1371 1578; x_wconf 87' lang='lat' dir='ltr'>ubivis</span> <span class='ocrx_word' id='word_1_372' title='bbox 1389 1547 1533 1579; x_wconf 87' lang='lat' dir='ltr'>locorum</span> <span class='ocrx_word' id='word_1_373' title='bbox 1552 1548 1715 1582; x_wconf 83' lang='lat' dir='ltr'>institutae</span> <span class='ocrx_word' id='word_1_374' title='bbox 1732 1560 1767 1582; x_wconf 87' lang='lat' dir='ltr'>ac</span> <span class='ocrx_word' id='word_1_375' title='bbox 1787 1549 1833 1582; x_wconf 90' lang='lat' dir='ltr'>in-</span> 
     </span>
     <span class='ocr_line' id='line_1_74' title="bbox 1095 1598 1834 1644; baseline 0.009 -15"><span class='ocrx_word' id='word_1_376' title='bbox 1095 1598 1295 1639; x_wconf 83' lang='lat' dir='ltr'>stituendae,</span> <span class='ocrx_word' id='word_1_377' title='bbox 1321 1598 1436 1632; x_wconf 88' lang='lat' dir='ltr'>iisdem</span> <span class='ocrx_word' id='word_1_378' title='bbox 1468 1600 1673 1644; x_wconf 79' lang='lat' dir='ltr'>privilegiis,</span> <span class='ocrx_word' id='word_1_379' title='bbox 1702 1612 1834 1636; x_wconf 90' lang='lat' dir='ltr'>conces-</span> 
     </span>
     <span class='ocr_line' id='line_1_75' title="bbox 1095 1651 1832 1697; baseline 0.009 -15"><span class='ocrx_word' id='word_1_380' title='bbox 1095 1651 1254 1692; x_wconf 89' lang='lat' dir='ltr'>sionibus,</span> <span class='ocrx_word' id='word_1_381' title='bbox 1279 1651 1501 1695; x_wconf 72' lang='lat' dir='ltr'>indulgentiis,</span> <span class='ocrx_word' id='word_1_382' title='bbox 1532 1655 1654 1697; x_wconf 78' lang='lat' dir='ltr'>gratiis,</span> <span class='ocrx_word' id='word_1_383' title='bbox 1688 1655 1832 1696; x_wconf 87' lang='lat' dir='ltr'>indultis,</span> 
     </span>
     <span class='ocr_line' id='line_1_76' title="bbox 1096 1705 1832 1747; baseline 0.007 -11"><span class='ocrx_word' id='word_1_384' title='bbox 1096 1715 1178 1747; x_wconf 85' lang='lat' dir='ltr'>quae</span> <span class='ocrx_word' id='word_1_385' title='bbox 1204 1705 1462 1739; x_wconf 83' lang='lat' dir='ltr'>confraternitati</span> <span class='ocrx_word' id='word_1_386' title='bbox 1487 1706 1541 1740; x_wconf 80' lang='lat' dir='ltr'>SS.</span> <span class='ocrx_word' id='word_1_387' title='bbox 1570 1707 1767 1741; x_wconf 83' lang='lat' dir='ltr'>Sacramcnti</span> <span class='ocrx_word' id='word_1_388' title='bbox 1800 1709 1832 1742; x_wconf 93' lang='lat' dir='ltr'>in</span> 
     </span>
     <span class='ocr_line' id='line_1_77' title="bbox 1097 1758 1832 1804; baseline 0.007 -14"><span class='ocrx_word' id='word_1_389' title='bbox 1097 1758 1233 1790; x_wconf 76' lang='lat' dir='ltr'>ecclesia</span> <span class='ocrx_word' id='word_1_390' title='bbox 1268 1758 1299 1790; x_wconf 88' lang='lat' dir='ltr'>S.</span> <span class='ocrx_word' id='word_1_391' title='bbox 1329 1758 1445 1792; x_wconf 82' lang='lat' dir='ltr'>Mariae</span> <span class='ocrx_word' id='word_1_392' title='bbox 1471 1770 1569 1804; x_wconf 87' lang='lat' dir='ltr'>super</span> <span class='ocrx_word' id='word_1_393' title='bbox 1594 1761 1766 1794; x_wconf 83' lang='lat' dir='ltr'>Minervam</span> <span class='ocrx_word' id='word_1_394' title='bbox 1792 1763 1832 1796; x_wconf 88' lang='lat' dir='ltr'>de</span> 
     </span>
     <span class='ocr_line' id='line_1_78' title="bbox 1096 1810 1832 1860; baseline 0.008 -17"><span class='ocrx_word' id='word_1_395' title='bbox 1096 1810 1180 1844; x_wconf 88' lang='lat' dir='ltr'>Urbe</span> <span class='ocrx_word' id='word_1_396' title='bbox 1199 1817 1324 1845; x_wconf 83' lang='lat' dir='ltr'>erectae</span> <span class='ocrx_word' id='word_1_397' title='bbox 1350 1813 1485 1855; x_wconf 76' lang='lat' dir='ltr'>largitus</span> <span class='ocrx_word' id='word_1_398' title='bbox 1511 1815 1616 1847; x_wconf 81' lang='lat' dir='ltr'>suerat</span> <span class='ocrx_word' id='word_1_399' title='bbox 1636 1815 1706 1847; x_wconf 83' lang='lat' dir='ltr'>aut¹</span> <span class='ocrx_word' id='word_1_400' title='bbox 1724 1815 1756 1848; x_wconf 90' lang='lat' dir='ltr'>in</span> <span class='ocrx_word' id='word_1_401' title='bbox 1775 1827 1832 1860; x_wconf 87' lang='lat' dir='ltr'>po-</span> 
     </span>
     <span class='ocr_line' id='line_1_79' title="bbox 1096 1865 1832 1912; baseline 0.01 -17"><span class='ocrx_word' id='word_1_402' title='bbox 1096 1869 1215 1896; x_wconf 85' lang='lat' dir='ltr'>sterum</span> <span class='ocrx_word' id='word_1_403' title='bbox 1242 1865 1429 1908; x_wconf 82' lang='lat' dir='ltr'>largiretur,</span> <span class='ocrx_word' id='word_1_404' title='bbox 1457 1867 1512 1906; x_wconf 90' lang='lat' dir='ltr'>uti,</span> <span class='ocrx_word' id='word_1_405' title='bbox 1533 1868 1630 1910; x_wconf 87' lang='lat' dir='ltr'>potiri</span> <span class='ocrx_word' id='word_1_406' title='bbox 1650 1874 1680 1901; x_wconf 91' lang='lat' dir='ltr'>et</span> <span class='ocrx_word' id='word_1_407' title='bbox 1697 1875 1832 1912; x_wconf 88' lang='lat' dir='ltr'>possent</span> 
     </span>
     <span class='ocr_line' id='line_1_80' title="bbox 1096 1917 1832 1963; baseline 0.007 -14"><span class='ocrx_word' id='word_1_408' title='bbox 1096 1927 1131 1949; x_wconf 88' lang='lat' dir='ltr'>ac</span> <span class='ocrx_word' id='word_1_409' title='bbox 1156 1917 1332 1958; x_wconf 70' lang='lat' dir='ltr'>deberent,</span> <span class='ocrx_word' id='word_1_410' title='bbox 1352 1919 1426 1962; x_wconf 88' lang='lat' dir='ltr'>quia</span> <span class='ocrx_word' id='word_1_411' title='bbox 1452 1924 1557 1952; x_wconf 88' lang='lat' dir='ltr'>tamen</span> <span class='ocrx_word' id='word_1_412' title='bbox 1576 1931 1636 1963; x_wconf 88' lang='lat' dir='ltr'>per</span> <span class='ocrx_word' id='word_1_413' title='bbox 1657 1923 1832 1955; x_wconf 84' lang='lat' dir='ltr'>nonnullas</span> 
     </span>
     <span class='ocr_line' id='line_1_81' title="bbox 1097 1972 1832 2015; baseline 0.008 -13"><span class='ocrx_word' id='word_1_414' title='bbox 1097 1972 1291 2014; x_wconf 80' lang='lat' dir='ltr'>apostolicas</span> <span class='ocrx_word' id='word_1_415' title='bbox 1304 1973 1549 2006; x_wconf 80' lang='lat' dir='ltr'>constitutiones</span> <span class='ocrx_word' id='word_1_416' title='bbox 1561 1975 1832 2015; x_wconf 86' lang='lat' dir='ltr'>etordinationes,</span> 
     </span>
     <span class='ocr_line' id='line_1_82' title="bbox 1096 2023 1830 2070; baseline 0.01 -16"><span class='ocrx_word' id='word_1_417' title='bbox 1096 2033 1176 2065; x_wconf 85' lang='lat' dir='ltr'>quae</span> <span class='ocrx_word' id='word_1_418' title='bbox 1213 2023 1367 2068; x_wconf 82' lang='lat' dir='ltr'>deinceps</span> <span class='ocrx_word' id='word_1_419' title='bbox 1404 2031 1612 2067; x_wconf 86' lang='lat' dir='ltr'>emanarunt,</span> <span class='ocrx_word' id='word_1_420' title='bbox 1640 2028 1830 2070; x_wconf 86' lang='lat' dir='ltr'>praesertim</span> 
     </span>
     <span class='ocr_line' id='line_1_83' title="bbox 1097 2075 1831 2114; baseline 0.008 -7"><span class='ocrx_word' id='word_1_421' title='bbox 1097 2086 1172 2108; x_wconf 83' lang='lat' dir='ltr'>vero</span> <span class='ocrx_word' id='word_1_422' title='bbox 1206 2075 1319 2108; x_wconf 88' lang='lat' dir='ltr'>similis</span> <span class='ocrx_word' id='word_1_423' title='bbox 1355 2077 1533 2110; x_wconf 87' lang='lat' dir='ltr'>memoriae</span> <span class='ocrx_word' id='word_1_424' title='bbox 1568 2078 1744 2112; x_wconf 86' lang='lat' dir='ltr'>Clementis</span> <span class='ocrx_word' id='word_1_425' title='bbox 1767 2081 1831 2114; x_wconf 81' lang='lat' dir='ltr'>VIII</span> 
     </span>
     <span class='ocr_line' id='line_1_84' title="bbox 1096 2128 1833 2174; baseline 0.011 -15"><span class='ocrx_word' id='word_1_426' title='bbox 1096 2128 1358 2162; x_wconf 88' lang='lat' dir='ltr'>constitutionem</span> <span class='ocrx_word' id='word_1_427' title='bbox 1388 2129 1427 2162; x_wconf 85' lang='lat' dir='ltr'>de</span> <span class='ocrx_word' id='word_1_428' title='bbox 1455 2132 1742 2174; x_wconf 73' lang='lat' dir='ltr'>aggregationibus</span> <span class='ocrx_word' id='word_1_429' title='bbox 1764 2133 1833 2167; x_wconf 91' lang='lat' dir='ltr'>edi-</span> 
     </span>
     <span class='ocr_line' id='line_1_85' title="bbox 1097 2182 1830 2227; baseline 0.011 -14"><span class='ocrx_word' id='word_1_430' title='bbox 1097 2187 1169 2221; x_wconf 89' lang='lat' dir='ltr'>tam,</span> <span class='ocrx_word' id='word_1_431' title='bbox 1196 2182 1361 2215; x_wconf 81' lang='lat' dir='ltr'>facultates</span> <span class='ocrx_word' id='word_1_432' title='bbox 1387 2188 1418 2215; x_wconf 86' lang='lat' dir='ltr'>et</span> <span class='ocrx_word' id='word_1_433' title='bbox 1442 2183 1674 2227; x_wconf 77' lang='lat' dir='ltr'>indulgentiae,</span> <span class='ocrx_word' id='word_1_434' title='bbox 1694 2191 1757 2219; x_wconf 86' lang='lat' dir='ltr'>tam</span> <span class='ocrx_word' id='word_1_435' title='bbox 1778 2197 1830 2221; x_wconf 87' lang='lat' dir='ltr'>su-</span> 
     </span>
     <span class='ocr_line' id='line_1_86' title="bbox 1095 2234 1831 2283; baseline 0.01 -17"><span class='ocrx_word' id='word_1_436' title='bbox 1095 2235 1260 2278; x_wconf 86' lang='lat' dir='ltr'>pradictae</span> <span class='ocrx_word' id='word_1_437' title='bbox 1285 2234 1317 2267; x_wconf 85' lang='lat' dir='ltr'>S.</span> <span class='ocrx_word' id='word_1_438' title='bbox 1348 2235 1464 2269; x_wconf 86' lang='lat' dir='ltr'>Mariae</span> <span class='ocrx_word' id='word_1_439' title='bbox 1497 2237 1536 2270; x_wconf 92' lang='lat' dir='ltr'>de</span> <span class='ocrx_word' id='word_1_440' title='bbox 1567 2238 1709 2272; x_wconf 87' lang='lat' dir='ltr'>Minerva</span> <span class='ocrx_word' id='word_1_441' title='bbox 1734 2251 1831 2283; x_wconf 88' lang='lat' dir='ltr'>quam</span> 
     </span>
     <span class='ocr_line' id='line_1_87' title="bbox 1095 2288 1832 2327; baseline 0.007 -6"><span class='ocrx_word' id='word_1_442' title='bbox 1095 2288 1209 2321; x_wconf 90' lang='lat' dir='ltr'>ceteris</span> <span class='ocrx_word' id='word_1_443' title='bbox 1228 2288 1379 2321; x_wconf 92' lang='lat' dir='ltr'>omnibus</span> <span class='ocrx_word' id='word_1_444' title='bbox 1397 2289 1716 2325; x_wconf 81' lang='lat' dir='ltr'>confraternitatibus</span> <span class='ocrx_word' id='word_1_445' title='bbox 1738 2298 1832 2327; x_wconf 87' lang='lat' dir='ltr'>antea</span> 
     </span>
     <span class='ocr_line' id='line_1_88' title="bbox 1095 2342 1829 2385; baseline 0.007 -12"><span class='ocrx_word' id='word_1_446' title='bbox 1095 2351 1292 2381; x_wconf 86' lang='lat' dir='ltr'>concessae,</span> <span class='ocrx_word' id='word_1_447' title='bbox 1330 2346 1384 2373; x_wconf 85' lang='lat' dir='ltr'>aut</span> <span class='ocrx_word' id='word_1_448' title='bbox 1419 2342 1594 2385; x_wconf 82' lang='lat' dir='ltr'>abrogatae</span> <span class='ocrx_word' id='word_1_449' title='bbox 1626 2349 1681 2377; x_wconf 89' lang='lat' dir='ltr'>aut</span> <span class='ocrx_word' id='word_1_450' title='bbox 1715 2346 1829 2379; x_wconf 89' lang='lat' dir='ltr'>saltem</span> 
     </span>
     <span class='ocr_line' id='line_1_89' title="bbox 1095 2395 1831 2442; baseline 0.008 -15"><span class='ocrx_word' id='word_1_451' title='bbox 1095 2395 1284 2428; x_wconf 85' lang='lat' dir='ltr'>moderatae</span> <span class='ocrx_word' id='word_1_452' title='bbox 1321 2396 1575 2439; x_wconf 86' lang='lat' dir='ltr'>comperiuntur,</span> <span class='ocrx_word' id='word_1_453' title='bbox 1612 2398 1741 2442; x_wconf 88' lang='lat' dir='ltr'>aliaque</span> <span class='ocrx_word' id='word_1_454' title='bbox 1767 2400 1831 2433; x_wconf 88' lang='lat' dir='ltr'>hoc</span> 
     </span>
     <span class='ocr_line' id='line_1_90' title="bbox 1095 2448 1829 2494; baseline 0.007 -14"><span class='ocrx_word' id='word_1_455' title='bbox 1095 2448 1134 2480; x_wconf 91' lang='lat' dir='ltr'>de</span> <span class='ocrx_word' id='word_1_456' title='bbox 1160 2458 1278 2490; x_wconf 78' lang='lat' dir='ltr'>genere</span> <span class='ocrx_word' id='word_1_457' title='bbox 1304 2448 1435 2481; x_wconf 85' lang='lat' dir='ltr'>decreta</span> <span class='ocrx_word' id='word_1_458' title='bbox 1460 2455 1544 2490; x_wconf 90' lang='lat' dir='ltr'>sunt,</span> <span class='ocrx_word' id='word_1_459' title='bbox 1578 2460 1614 2483; x_wconf 81' lang='lat' dir='ltr'>ex</span> <span class='ocrx_word' id='word_1_460' title='bbox 1646 2452 1764 2494; x_wconf 86' lang='lat' dir='ltr'>quibus</span> <span class='ocrx_word' id='word_1_461' title='bbox 1795 2452 1829 2485; x_wconf 94' lang='lat' dir='ltr'>in</span> 
     </span>
     <span class='ocr_line' id='line_1_91' title="bbox 1095 2501 1830 2545; baseline 0.005 -11"><span class='ocrx_word' id='word_1_462' title='bbox 1095 2501 1225 2534; x_wconf 84' lang='lat' dir='ltr'>dubium</span> <span class='ocrx_word' id='word_1_463' title='bbox 1250 2502 1392 2535; x_wconf 85' lang='lat' dir='ltr'>revocari</span> <span class='ocrx_word' id='word_1_464' title='bbox 1418 2513 1516 2545; x_wconf 90' lang='lat' dir='ltr'>posse</span> <span class='ocrx_word' id='word_1_465' title='bbox 1540 2503 1679 2545; x_wconf 89' lang='lat' dir='ltr'>videtur,</span> <span class='ocrx_word' id='word_1_466' title='bbox 1705 2515 1746 2537; x_wconf 87' lang='lat' dir='ltr'>an</span> <span class='ocrx_word' id='word_1_467' title='bbox 1770 2505 1830 2538; x_wconf 87' lang='lat' dir='ltr'>hu-</span> 
     </span>
    </p>
   </div>
   <div class='ocr_carea' id='block_1_12' title="bbox 1095 2555 1829 2657">
    <p class='ocr_par' dir='ltr' id='par_1_14' title="bbox 1095 2555 1829 2657">
     <span class='ocr_line' id='line_1_92' title="bbox 1095 2555 1829 2600; baseline 0.005 -13"><span class='ocrx_word' id='word_1_468' title='bbox 1095 2555 1233 2588; x_wconf 88' lang='lat' dir='ltr'>iusmodi</span> <span class='ocrx_word' id='word_1_469' title='bbox 1248 2556 1336 2588; x_wconf 86' lang='lat' dir='ltr'>Pauli</span> <span class='ocrx_word' id='word_1_470' title='bbox 1352 2556 1388 2588; x_wconf 92' lang='lat' dir='ltr'>Ill</span> <span class='ocrx_word' id='word_1_471' title='bbox 1404 2557 1633 2590; x_wconf 89' lang='lat' dir='ltr'>concessiones</span> <span class='ocrx_word' id='word_1_472' title='bbox 1654 2558 1829 2600; x_wconf 88' lang='lat' dir='ltr'>pristinum</span> 
     </span>
     <span class='ocr_line' id='line_1_93' title="bbox 1131 2619 1730 2657; baseline 0.002 -10"><span class='ocrx_word' id='word_1_473' title='bbox 1131 2621 1141 2647; x_wconf 91' lang='lat'>1</span> <span class='ocrx_word' id='word_1_474' title='bbox 1164 2619 1329 2647; x_wconf 82' lang='lat' dir='ltr'>Particulam</span> <span class='ocrx_word' id='word_1_475' title='bbox 1344 2621 1394 2648; x_wconf 81' lang='lat' dir='ltr'>aut</span> <span class='ocrx_word' id='word_1_476' title='bbox 1414 2628 1462 2648; x_wconf 88' lang='lat' dir='ltr'>nos</span> <span class='ocrx_word' id='word_1_477' title='bbox 1482 2620 1606 2648; x_wconf 84' lang='lat' dir='ltr'>addimus</span> <span class='ocrx_word' id='word_1_478' title='bbox 1628 2621 1664 2657; x_wconf 77' lang='lat' dir='ltr'>(n.</span> <span class='ocrx_word' id='word_1_479' title='bbox 1681 2621 1730 2656; x_wconf 83' lang='grc' dir='ltr'>Τ.).</span> 
     </span>
    </p>
   </div>
   <div class='ocr_carea' id='block_1_13' title="bbox 1913 1030 2025 1051">
    <p class='ocr_par' dir='ltr' id='par_1_15' title="bbox 1913 1030 2025 1051">
     <span class='ocr_line' id='line_1_94' title="bbox 1913 1030 2025 1051; baseline -0.018 0"><span class='ocrx_word' id='word_1_480' title='bbox 1913 1030 2025 1051; x_wconf 69' lang='lat' dir='ltr'>Decretum</span> 
     </span>
    </p>
   </div>
  </div>
 </body>
</html>
