2227 3225
136 280 184 307 An.
203 279 232 307 C.
254 279 320 307 1697

328 326 619 361 anniversariorum
647 326 897 367 sumlationibus,
923 328 1058 371 aliisque

328 380 506 414 honoribus
525 385 556 414 et
573 380 737 421 oneribus,
755 391 790 414 ac
807 381 972 425 quibusvis
989 381 1060 414 aliis

328 433 451 466 iuribus
469 438 500 466 et
516 434 750 477 praerogativis
771 434 809 467 ad
827 445 896 467 eam
916 440 1061 478 spectan-

329 486 414 520 tibus
440 492 471 520 et
495 488 744 531 pertinentibus,
767 488 1001 528 transferimus,
1024 498 1060 521 ae

327 550 428 573 unum
448 542 685 585 presbyterum,
707 542 746 575 ad
763 540 934 585 praesens¹
957 541 1060 574 dictae

328 593 520 637 collegiatae
545 594 789 635 inservientem,
817 605 853 628 ac
877 595 974 628 alium
999 606 1059 638 pro

328 651 475 691 tempore
500 648 732 691 deputandum,
759 649 813 691 qui
840 649 986 681 eamdem
1012 659 1061 681 ec-

328 700 461 734 clesiam
485 701 516 734 S.
546 701 720 735 Salvatoris
747 701 860 744 regat²
885 707 916 734 ct
940 701 1059 744 guber-

327 758 391 795 uet,
410 765 447 788 ac
471 765 570 789 onera
596 755 699 788 dictae
720 755 873 788 ecclcsiae
889 755 907 795 ²³,
927 755 951 788 si
977 766 1057 798 quae

327 806 374 840 illi
399 807 433 841 in
457 813 623 851 posterum
652 808 862 848 incumbent,
889 813 1059 852 supportet

326 867 357 894 ct
381 861 572 905 adimpleat,
599 863 685 896 inter
717 863 925 906 cappellanos
955 862 1058 896 dictae

325 914 481 948 ecclesiae
514 915 675 948 sslcscnsis
706 916 813 948 locum
845 915 989 955 habere,
1023 925 1059 948 ac

324 968 475 1002 omnibus
492 969 672 1002 redditibus
690 974 720 1003 et
738 969 972 1007 emolumentis,
992 969 1061 1012 qui-

324 1023 384 1055 bus
423 1022 477 1055 alii
510 1023 691 1066 cappellani
725 1022 868 1056 eiusdem
901 1023 1058 1056 ecclesiae

325 1075 466 1117 gaudent
490 1080 522 1108 et
539 1076 738 1118 gaudebunt,
764 1076 810 1108 et⁴
833 1076 977 1118 gaudere
1003 1087 1058 1110 vo-

326 1130 430 1162 lumus
449 1134 481 1163 et
505 1130 711 1169 mandamus;
744 1129 957 1173 capitularem
983 1141 1058 1163 vero

325 1193 469 1215 mensam
496 1187 527 1214 ct
550 1182 738 1225 capitulum,
764 1192 890 1215 necnon
916 1183 1058 1226 quinque

325 1236 500 1278 dignitates
526 1246 581 1268 seu
608 1241 803 1279 personatus
834 1236 866 1269 in
892 1236 976 1269 dicta
994 1237 1059 1269 col-

326 1289 443 1331 legiata
475 1288 611 1322 ecclesia
646 1288 676 1321 S.
712 1289 886 1322 Salvatoris
912 1290 1057 1322 eristen-

325 1348 381 1382 tes,
400 1352 516 1386 nempe
538 1342 731 1375 decanatum
749 1342 952 1385 (dignitatem
972 1343 1059 1385 prin-

323 1395 478 1438 cipalem,
506 1395 560 1438 qui
586 1394 786 1435 animarum,
813 1395 1056 1436 canonicorum,

323 1448 540 1491 dignitatum,
579 1451 849 1492 cappellanorum
885 1454 917 1482 et
956 1449 1055 1482 mini-

321 1501 585 1535 strorumdictae
604 1502 763 1535 ecclcsiae
780 1502 955 1543 Blesensis,
973 1503 1057 1535 iuxta

320 1555 501 1588 laudabiles
520 1555 772 1588 consuetudines
794 1555 930 1588 aliarum
957 1557 1058 1588 ecclc-

322 1608 443 1641 siarum
479 1608 714 1641 cathedralium
750 1607 825 1640 dicti
862 1608 975 1650 regni,
1009 1619 1058 1641 cu-

320 1671 388 1694 ram
405 1660 594 1703 exercebit),
612 1661 882 1704 praeceptorium,
901 1661 1059 1694 subdeca-

321 1719 440 1755 natum,
466 1714 722 1757 praeposituram
755 1719 786 1747 et
812 1714 1056 1754 thesaurariam,

320 1777 449 1800 necnon
467 1766 639 1800 duodecim
657 1767 862 1799 canonicatus
887 1777 959 1799 cum
979 1767 1055 1800 toti-

323 1821 396 1854 dem
421 1820 634 1864 praebendis,
665 1824 697 1852 et
729 1820 858 1862 triginta
881 1821 958 1853 duas
986 1831 1059 1863 cap-

321 1875 494 1918 pellanias,
527 1883 655 1906 necnon
680 1873 906 1912 anniversaria,
932 1873 1057 1916 aliaque

321 1928 391 1960 iura
415 1932 447 1960 et
471 1937 572 1960 onera
597 1926 773 1969 (reservato
802 1931 908 1958 tamen
934 1926 1058 1959 decano

322 1985 352 2014 et
376 1980 516 2024 capitulo
542 1979 647 2012 dictae
681 1979 872 2021 collegiatae
903 1979 1057 2012 ecclesiae

322 2033 401 2073 iure,
420 2033 506 2076 quod
532 2032 578 2065 eis
603 2031 760 2075 competit
777 2037 812 2063 ut
839 2032 937 2075 prius,
957 2032 1059 2065 conse-

320 2086 413 2120 rendi
433 2086 593 2119 beneficia
610 2086 641 2118 in
660 2085 744 2118 dicta
762 2085 932 2128 collegiata
956 2086 1058 2118 eccle-

321 2140 368 2173 sia
381 2145 412 2173 et
427 2145 517 2172 extra
532 2150 601 2172 eam
623 2139 770 2172 fundata⁵
788 2139 883 2172 etiam
898 2150 974 2182 erga
989 2150 1058 2182 eap-

320 2195 467 2237 pellanos
494 2193 693 2233 amovibiles,
721 2198 754 2225 et
783 2193 887 2226 eidem
914 2193 1057 2236 capitulo
1079 2207 1080 2237 3

356 2274 367 2299 1
392 2271 536 2307 Perper-am
557 2271 599 2299 ed.
621 2272 702 2298 Μαίη.
721 2271 783 2306 legit
797 2272 834 2298 ad
855 2280 937 2306 quem
958 2280 1005 2307 pro
1022 2272 1058 2299 ad

315 2324 454 2351 praesens
472 2317 511 2349 (R.
538 2316 586 2349 T.).

354 2361 371 2387 ‘3
391 2361 441 2388 Pro
462 2364 541 2395 regal
562 2360 626 2388 edit.
647 2361 728 2387 Maia.
750 2360 831 2387 hahet
851 2364 929 2395 κυεῖ
949 2362 988 2394 (n.
1008 2362 1056 2392 T.).

356 2405 372 2431 3
391 2405 456 2432 Male
472 2405 536 2432 edit.
553 2405 631 2432 nain.
647 2405 722 2432 addit
741 2407 897 2439 Blesensis;
919 2406 943 2432 in
962 2407 1058 2434 Gallia

323 2450 428 2478 Christ.
441 2450 538 2477 desunt
548 2451 628 2477 etiam
640 2459 720 2477 voces
731 2451 825 2478 dietae
836 2452 968 2479 ecclesiae
979 2454 1055 2485 (er).

355 2493 372 2518 4
385 2494 477 2528 Aptius
493 2495 587 2522 Gallia
604 2495 769 2522 Christiana
786 2495 850 2530 legit
863 2496 950 2522 eliam
967 2496 1056 2530 (ΚΓ).

356 2537 373 2563 5
388 2537 505 2565 Pessime
521 2539 584 2565 edit.
599 2538 678 2565 Main.
694 2539 758 2574 legit
771 2542 796 2567 et
813 2541 891 2567 iuxta
907 2541 1058 2574 fundatio-

321 2588 386 2608 nem
401 2589 468 2616 erya
483 2584 665 2617 cappellanos
680 2584 856 2618 amocibz'les,
873 2592 920 2619 pro
933 2588 959 2612 et
974 2587 1058 2612 extra

321 2634 385 2652 eam
407 2627 531 2660 fundata
549 2628 637 2656 etiam
660 2637 729 2663 erya
749 2629 930 2664 cappellanus
952 2631 1059 2657 amovi-

322 2671 389 2699 biles
405 2673 443 2706 (a.
463 2672 510 2706 1¹.)-

913 279 1120 303 INNOCENT11*s
1147 282 1189 305 xn
1214 281 1260 305 ΓΡ.

1740 271 1803 304 705

1103 333 1263 372 tamquam
1285 328 1402 361 rectori
1422 328 1576 371 primario
1596 328 1770 369 deputandi
1788 340 1836 361 ca<

1102 381 1264 421 nouicum,
1284 381 1338 424 qui
1365 381 1459 414 certis
1484 381 1558 413 anni
1588 381 1701 413 diebus
1730 381 1759 413 in
1789 382 1835 413 di-

1102 436 1151 466 cta
1175 434 1206 467 S.
1232 434 1404 467 Salvatoris
1430 433 1568 467 ccclesia
1588 433 1699 466 missas
1723 439 1754 466 et
1783 434 1837 465 ho-

1102 498 1208 520 rarum
1237 488 1392 521 solemnia
1423 492 1556 530 peragat
1585 491 1617 519 et
1645 491 1833 529 exequatur,

1103 551 1229 574 necnon
1266 541 1510 575 administrandi
1541 544 1743 573 sacramenta
1775 550 1834 581 pro

1105 600 1249 638 tempore
1276 594 1426 627 existenti
1453 594 1519 636 regi
1544 592 1696 626 Franciae
1716 597 1748 624 et
1764 602 1836 623 sau-

1102 649 1206 690 guinis
1245 648 1445 691 priucipibus
1480 646 1708 690 primariisque
1745 645 1834 687 regni

1102 702 1315 741 administris,
1344 701 1375 733 iu
1402 706 1548 734 eventum
1575 700 1607 732 in
1639 709 1734 742 quem
1761 698 1834 730 illes

1102 765 1156 787 seu
1178 765 1290 787 eorum
1309 754 1450 797 aliquem
1469 754 1499 785 in
1519 753 1600 786 dicta
1618 752 1744 784 civitate
1766 751 1836 783 Ble-

1102 809 1186 841 scnsi
1212 807 1403 841 commorari
1429 807 1608 849 contingat)
1634 806 1673 838 ad
1699 805 1743 837 sic
1769 816 1835 837 ere-

1101 868 1183 895 ctam
1210 863 1430 895 cathedralem
1450 861 1646 899 Blcscuseui,
1664 859 1702 891 de
1724 858 1835 890 simih-

1101 916 1160 948 bus
1187 915 1323 949 consilio
1350 920 1381 948 et
1406 913 1613 953 auctoritate,
1641 912 1736 945 etiam
1762 922 1836 955 per-

1102 974 1198 1012 petuo
1224 969 1461 1007 transferimus,
1480 972 1512 1000 et
1536 967 1580 999 sic
1604 966 1673 1008 ipsa
1698 965 1837 998 ecelesia

1102 1022 1262 1056 Blesensis
1283 1022 1462 1065 prioratum
1479 1021 1510 1053 S,
1526 1019 1683 1053 Solemnis
1705 1018 1735 1050 in
1752 1018 1835 1050 eius-

1101 1076 1173 1109 dem
1199 1075 1354 1108 ecclesiae
1381 1073 1571 1116 dignitatem
1596 1077 1718 1105 sextam
1740 1076 1771 1103 et.
1787 1071 1835 1103 ul-

1103 1129 1209 1162 timam
1228 1126 1390 1167 saturatur,
1409 1125 1516 1170 quem‘z
1532 1126 1708 1158 modernus
1727 1130 1759 1156 et
1777 1134 1834 1166 pro

1102 1188 1247 1226 tempore
1272 1181 1425 1214 obtinens
1450 1180 1572 1213 dictum
1596 1178 1774 1221 prioratum
1804 1177 1835 1209 in

1102 1237 1260 1279 reliquum
1285 1237 1409 1269 clerum
1436 1239 1467 1267 et
1484 1235 1638 1277 populum
1658 1232 1759 1265 dictae
1781 1242 1836 1274 pa-

1102 1289 1231 1323 rochiae
1257 1299 1364 1322 curam
1383 1288 1560 1321 animarum
1580 1292 1615 1319 ut
1635 1286 1723 1329 prius
1748 1295 1837 1318 exer-

1101 1343 1196 1383 cebit,
1216 1353 1288 1376 cum
1314 1341 1395 1375 hoe⁸
1416 1341 1501 1384 quod
1527 1340 1603 1374 lieet
1620 1339 1725 1372 dictus
1748 1338 1836 1381 prio-

1103 1401 1188 1429 ratus
1213 1396 1255 1429 sit
1279 1401 1310 1429 et
1336 1405 1404 1428 esse
1431 1395 1547 1427 debeat
1571 1398 1659 1426 sexta
1676 1397 1706 1424 et
1728 1391 1837 1423 ultima

1102 1448 1240 1490 dignitas
1259 1448 1291 1480 in
1313 1447 1396 1480 dicta
1417 1445 1562 1485 ccclesia,
1585 1450 1691 1477 tamen
1712 1443 1838 1475 moder-

1102 1512 1161 1534 nus
1187 1501 1276 1544 prior
1302 1500 1332 1533 S.
1353 1499 1512 1533 Solemnis
1538 1497 1708 1542 praedicti,
1734 1496 1839 1538 digui-

1103 1555 1174 1588 tatis
1198 1555 1289 1587 titulo
1308 1559 1341 1586 ut
1358 1554 1537 1597 pracdertm·
1565 1552 1744 1591 decoratus,
1764 1560 1839 1592 ‹guo-

1102 1609 1141 1641 ad
1166 1608 1281 1641 vixerit
1306 1613 1338 1640 et
1370 1607 1489 1640 dictum
1520 1605 1630 1638 suum⁴
1658 1604 1844 1647 prioratum

1103 1661 1313 1701 obtinuerit5,
1341 1661 1522 1693 seeundum
1548 1660 1654 1691 locum
1682 1657 1766 1689 inter
1793 1657 1840 1688 di-

1103 1715 1249 1758 gnitates,
1276 1714 1358 1747 idest
1382 1713 1567 1746 immediate
1592 1717 1665 1754 post
1682 1711 1839 1743 decanum

1103 1770 1209 1802 locum
1230 1767 1290 1801 sibi
1310 1767 1500 1807 vindicabit*⁷
1524 1771 1554 1798 et
1573 1771 1635 1798 tam
1654 1764 1838 1806 dignitates,

1104 1821 1217 1865 quam⁶
1231 1821 1441 1854 canonicatus
1459 1825 1491 1852 et
1504 1818 1708 1862 praebendas
1727 1817 1840 1849 huius-

1102 1875 1199 1914 modi,
1220 1880 1282 1907 tam
1305 1874 1337 1906 in
1359 1873 1529 1916 collegiata
1546 1883 1582 1905 ex
1602 1882 1686 1905 nunc
1704 1877 1838 1911 erectos,

1104 1938 1198 1970 quam
1216 1927 1249 1959 in
1266 1926 1444 1959 cathedrali
1464 1925 1609 1958 ecclesiis
1628 1924 1762 1967 pariter⁷
1779 1923 1840 1956 eri-

1102 1980 1234 2022 gendos,
1247 1979 1439 2019 obtinentes,
1451 1979 1626 2022 capitulum
1642 1988 1714 2009 cum
1730 1975 1840 2009 mensa

1102 2032 1279 2076 capitulari,
1306 2032 1414 2074 sigillo
1440 2037 1471 2064 et
1495 2033 1567 2064 arca
1592 2030 1839 2069 communibus,

1102 2086 1239 2129 aliisque
1265 2086 1450 2128 i1i⁴ignibus
1469 2084 1701 2128 capitularibus
1720 2083 1839 2116 eonsti-

1103 2144 1203 2179 tuant,
1230 2144 1262 2172 et
1286 2139 1370 2181 apud
1389 2138 1505 2171 dictam
1526 2137 1695 2170 ecclesiam
1714 2137 1839 2170 Blesen-

1102 2202 1169 2225 sem
1193 2192 1348 2233 residere,
1376 2193 1571 2235 stallumque
1597 2191 1630 2223 in
1655 2191 1775 2230 choro,
1802 2200 1838 2222 ac

1138 2274 1147 2298 1
1167 2273 1249 2299 Deest
1259 2271 1372 2298 rerbum
1387 2271 1501 2299 habebit
1512 2270 1553 2298 vel
1565 2270 1731 2298 ›aulaeo-abit
1742 2270 1838 2303 (nm).

1136 2316 1152 2342 2
1177 2316 1268 2343 Lectio
1297 2316 1439 2344 defectiva.
1468 2316 1509 2342 Ita
1538 2315 1620 2343 etiam
1649 2315 1713 2350 legit
1742 2314 1838 2341 Gallia

1102 2361 1270 2390 Christiana
1285 2365 1322 2394 (n.
1343 2361 1393 2395 T.).

1135 2406 1150 2431 3
1173 2406 1202 2432 ln
1226 2406 1323 2434 Gallia
1348 2405 1514 2434 Christiana
1538 2404 1647 2432 additur
1669 2404 1837 2432 discrimine

1100 2454 1137 2485 (n.
1154 2452 1201 2483 T.).

1136 2497 1152 2522 Δ,
1168 2496 1222 2523 Vox
1245 2504 1330 2523 suum
1353 2496 1485 2524 omittitur
1506 2495 1533 2522 in
1554 2495 1649 2523 Gallia
1671 2495 1837 2522 Christiana

1102 2542 1142 2578 (R.
1158 2541 1206 2574 T.).

1137 2585 1153 2611 5
1173 2584 1243 2612 Edit.
1265 2585 1343 2612 Main.
1366 2585 1431 2621 legit
1451 2585 1585 2612 obtinebit
1602 2585 1641 2618 (n.
1658 2585 1706 2615 T.).

1137 2630 1152 2657 6
1173 2629 1242 2656 Edit.
1259 2629 1338 2656 Malu.
1356 2631 1418 2664 legit
1433 2631 1482 2664 qui
1498 2638 1544 2665 pro
1561 2638 1649 2664 quam
1664 2632 1701 2662 (n.
1717 2628 1764 2661 Τ.),

1137 2675 1151 2702 7
1168 2675 1262 2710 Aptius
1279 2676 1374 2703 Gallia
1389 2676 1494 2705 Christ.
1512 2675 1575 2710 legit
1591 2675 1731 2709 praesulis
1747 2678 1834 2711 (nr),

1850 281 1896 306 tn.
1915 281 1930 304 Γ,
1963 281 2025 308 ΗἫΤ
