<?xml version="1.0" encoding="UTF-8"?>
<!DOCTYPE html PUBLIC "-//W3C//DTD XHTML 1.0 Transitional//EN"
    "http://www.w3.org/TR/xhtml1/DTD/xhtml1-transitional.dtd">
<html xmlns="http://www.w3.org/1999/xhtml" xml:lang="en" lang="en">
 <head>
  <title>
</title>
<meta http-equiv="Content-Type" content="text/html;charset=utf-8" />
  <meta name='ocr-system' content='tesseract 3.04.00' />
  <meta name='ocr-capabilities' content='ocr_page ocr_carea ocr_par ocr_line ocrx_word'/>
</head>
<body>
  <div class='ocr_page' id='page_1' title='image "./bullarumdiplomat20cath_0315.png"; bbox 0 0 2227 3225; ppageno 0'>
   <div class='ocr_carea' id='block_1_1' title="bbox 136 184 318 222">
    <p class='ocr_par' dir='ltr' id='par_1_1' title="bbox 136 184 318 222">
     <span class='ocr_line' id='line_1_1' title="bbox 136 184 318 222; baseline 0.005 -1"><span class='ocrx_word' id='word_1_1' title='bbox 136 196 187 222; x_wconf 69' lang='lat' dir='ltr'>An.</span> <span class='ocrx_word' id='word_1_2' title='bbox 205 184 233 222; x_wconf 84' lang='lat' dir='ltr'>c.</span> <span class='ocrx_word' id='word_1_3' title='bbox 259 194 318 222; x_wconf 58' lang='lat'>1⁶9¹</span> 
     </span>
    </p>
   </div>
   <div class='ocr_carea' id='block_1_2' title="bbox 915 198 1120 220">
    <p class='ocr_par' dir='ltr' id='par_1_2' title="bbox 915 198 1120 220">
     <span class='ocr_line' id='line_1_2' title="bbox 915 198 1120 220; baseline 0 0"><span class='ocrx_word' id='word_1_4' title='bbox 915 198 1120 220; x_wconf 60' lang='lat' dir='ltr'>INNOCENTH&#39;N</span> 
     </span>
    </p>
   </div>
   <div class='ocr_carea' id='block_1_3' title="bbox 326 243 1065 2554">
    <p class='ocr_par' dir='ltr' id='par_1_3' title="bbox 326 243 1062 760">
     <span class='ocr_line' id='line_1_3' title="bbox 327 243 1062 287; baseline 0.001 -11"><span class='ocrx_word' id='word_1_5' title='bbox 327 254 405 276; x_wconf 83' lang='lat' dir='ltr'>sane</span> <span class='ocrx_word' id='word_1_6' title='bbox 431 248 478 276; x_wconf 82' lang='lat' dir='ltr'>est</span> <span class='ocrx_word' id='word_1_7' title='bbox 503 244 635 286; x_wconf 75' lang='lat' dir='ltr'>iugum,</span> <span class='ocrx_word' id='word_1_8' title='bbox 671 243 756 287; x_wconf 86' lang='lat' dir='ltr'>quod</span> <span class='ocrx_word' id='word_1_9' title='bbox 783 254 878 276; x_wconf 78' lang='lat' dir='ltr'>suarc</span> <span class='ocrx_word' id='word_1_10' title='bbox 906 251 936 276; x_wconf 86' lang='lat' dir='ltr'>ct</span> <span class='ocrx_word' id='word_1_11' title='bbox 969 245 1062 277; x_wconf 72' lang='lat' dir='ltr'>teris-</span> 
     </span>
     <span class='ocr_line' id='line_1_4' title="bbox 327 295 1061 339; baseline 0.001 -11"><span class='ocrx_word' id='word_1_12' title='bbox 327 296 441 328; x_wconf 87' lang='lat' dir='ltr'>simum</span> <span class='ocrx_word' id='word_1_13' title='bbox 477 295 712 339; x_wconf 75' lang='lat' dir='ltr'>praedicamus.</span> <span class='ocrx_word' id='word_1_14' title='bbox 754 296 811 330; x_wconf 91' lang='lat' dir='ltr'>llic</span> <span class='ocrx_word' id='word_1_15' title='bbox 844 302 893 329; x_wconf 86' lang='lat' dir='ltr'>cst</span> <span class='ocrx_word' id='word_1_16' title='bbox 918 307 1061 329; x_wconf 88' lang='lat' dir='ltr'>summus</span> 
     </span>
     <span class='ocr_line' id='line_1_5' title="bbox 326 348 1060 392; baseline 0.004 -12"><span class='ocrx_word' id='word_1_17' title='bbox 326 348 538 392; x_wconf 82' lang='lat' dir='ltr'>perfectionis</span> <span class='ocrx_word' id='word_1_18' title='bbox 557 355 677 387; x_wconf 70' lang='lat' dir='ltr'>vertex,</span> <span class='ocrx_word' id='word_1_19' title='bbox 696 359 759 392; x_wconf 86' lang='lat' dir='ltr'>quo</span> <span class='ocrx_word' id='word_1_20' title='bbox 779 350 932 392; x_wconf 77' lang='lat' dir='ltr'>dirigitur</span> <span class='ocrx_word' id='word_1_21' title='bbox 958 350 1060 383; x_wconf 67' lang='lat'>[01:10¹</span> 
     </span>
     <span class='ocr_line' id='line_1_6' title="bbox 326 401 1061 445; baseline 0.001 -12"><span class='ocrx_word' id='word_1_22' title='bbox 326 401 409 434; x_wconf 85' lang='lat' dir='ltr'>vitae</span> <span class='ocrx_word' id='word_1_23' title='bbox 437 401 593 444; x_wconf 80' lang='lat' dir='ltr'>regularis</span> <span class='ocrx_word' id='word_1_24' title='bbox 618 401 764 441; x_wconf 82' lang='lat' dir='ltr'>intentio,</span> <span class='ocrx_word' id='word_1_25' title='bbox 784 408 812 434; x_wconf 84' lang='lat' dir='ltr'>ct</span> <span class='ocrx_word' id='word_1_26' title='bbox 839 413 903 445; x_wconf 86' lang='lat' dir='ltr'>quo</span> <span class='ocrx_word' id='word_1_27' title='bbox 929 402 1061 435; x_wconf 77' lang='lat' dir='ltr'>violenti</span> 
     </span>
     <span class='ocr_line' id='line_1_7' title="bbox 327 453 1061 497; baseline 0.004 -12"><span class='ocrx_word' id='word_1_28' title='bbox 327 453 393 497; x_wconf 81' lang='lat' dir='ltr'>iugi</span> <span class='ocrx_word' id='word_1_29' title='bbox 418 465 527 487; x_wconf 88' lang='lat' dir='ltr'>secum</span> <span class='ocrx_word' id='word_1_30' title='bbox 552 454 639 487; x_wconf 79' lang='lat' dir='ltr'>bello</span> <span class='ocrx_word' id='word_1_31' title='bbox 661 455 894 494; x_wconf 85' lang='lat' dir='ltr'>conscendunt,</span> <span class='ocrx_word' id='word_1_32' title='bbox 920 461 955 487; x_wconf 91' lang='lat' dir='ltr'>ut</span> <span class='ocrx_word' id='word_1_33' title='bbox 973 456 1061 488; x_wconf 85' lang='lat' dir='ltr'>deni-</span> 
     </span>
     <span class='ocr_line' id='line_1_8' title="bbox 327 507 1061 550; baseline 0.004 -14"><span class='ocrx_word' id='word_1_34' title='bbox 327 517 390 549; x_wconf 82' lang='lat' dir='ltr'>que</span> <span class='ocrx_word' id='word_1_35' title='bbox 427 508 551 540; x_wconf 81' lang='lat' dir='ltr'>caelum</span> <span class='ocrx_word' id='word_1_36' title='bbox 588 507 730 550; x_wconf 69' lang='lat' dir='ltr'>rapiantJ</span> <span class='ocrx_word' id='word_1_37' title='bbox 769 507 906 540; x_wconf 76' lang='lat' dir='ltr'>Proinde</span> <span class='ocrx_word' id='word_1_38' title='bbox 948 508 1061 540; x_wconf 65' lang='lat' dir='ltr'>fratres</span> 
     </span>
     <span class='ocr_line' id='line_1_9' title="bbox 327 559 1061 602; baseline 0.001 -11"><span class='ocrx_word' id='word_1_39' title='bbox 327 559 429 591; x_wconf 80' lang='lat' dir='ltr'>nostri</span> <span class='ocrx_word' id='word_1_40' title='bbox 467 564 541 592; x_wconf 85' lang='lat' dir='ltr'>voto</span> <span class='ocrx_word' id='word_1_41' title='bbox 577 559 785 592; x_wconf 73' lang='lat' dir='ltr'>obedientiae</span> <span class='ocrx_word' id='word_1_42' title='bbox 810 569 843 592; x_wconf 90' lang='lat' dir='ltr'>se</span> <span class='ocrx_word' id='word_1_43' title='bbox 875 560 1061 602; x_wconf 78' lang='lat' dir='ltr'>accingunt,</span> 
     </span>
     <span class='ocr_line' id='line_1_10' title="bbox 326 612 1060 655; baseline 0.003 -13"><span class='ocrx_word' id='word_1_44' title='bbox 326 617 363 643; x_wconf 89' lang='lat' dir='ltr'>ut</span> <span class='ocrx_word' id='word_1_45' title='bbox 397 612 436 644; x_wconf 88' lang='lat' dir='ltr'>ad</span> <span class='ocrx_word' id='word_1_46' title='bbox 472 612 684 655; x_wconf 75' lang='lat' dir='ltr'>perfectionis</span> <span class='ocrx_word' id='word_1_47' title='bbox 719 612 843 655; x_wconf 93' lang='lat' dir='ltr'>apicem</span> <span class='ocrx_word' id='word_1_48' title='bbox 878 612 1060 651; x_wconf 82' lang='lat' dir='ltr'>tendentes,</span> 
     </span>
     <span class='ocr_line' id='line_1_11' title="bbox 326 665 1061 708; baseline 0 -11"><span class='ocrx_word' id='word_1_49' title='bbox 326 675 364 697; x_wconf 77' lang='lat' dir='ltr'>eo</span> <span class='ocrx_word' id='word_1_50' title='bbox 390 665 491 708; x_wconf 81' lang='lat' dir='ltr'>magis</span> <span class='ocrx_word' id='word_1_51' title='bbox 516 665 693 705; x_wconf 86' lang='lat' dir='ltr'>inveniant,</span> <span class='ocrx_word' id='word_1_52' title='bbox 720 675 784 708; x_wconf 88' lang='lat' dir='ltr'>quo</span> <span class='ocrx_word' id='word_1_53' title='bbox 810 665 913 708; x_wconf 85' lang='lat' dir='ltr'>magis</span> <span class='ocrx_word' id='word_1_54' title='bbox 939 665 1061 698; x_wconf 83' lang='lat' dir='ltr'>bellum</span> 
     </span>
     <span class='ocr_line' id='line_1_12' title="bbox 326 717 868 760; baseline -0.002 -10"><span class='ocrx_word' id='word_1_55' title='bbox 326 717 482 760; x_wconf 89' lang='lat' dir='ltr'>propriae</span> <span class='ocrx_word' id='word_1_56' title='bbox 507 717 682 750; x_wconf 86' lang='lat' dir='ltr'>voluntatis</span> <span class='ocrx_word' id='word_1_57' title='bbox 708 718 868 750; x_wconf 87' lang='lat' dir='ltr'>amittant.</span> 
     </span>
    </p>

    <p class='ocr_par' dir='ltr' id='par_1_4' title="bbox 326 770 1065 1396">
     <span class='ocr_line' id='line_1_13' title="bbox 371 770 1062 814; baseline 0 -11"><span class='ocrx_word' id='word_1_58' title='bbox 371 780 406 804; x_wconf 91' lang='grc' dir='ltr'>ιι.</span> <span class='ocrx_word' id='word_1_59' title='bbox 433 770 626 804; x_wconf 85' lang='lat' dir='ltr'>Obcdientia</span> <span class='ocrx_word' id='word_1_60' title='bbox 650 771 758 814; x_wconf 85' lang='lat' dir='ltr'>itaque</span> <span class='ocrx_word' id='word_1_61' title='bbox 779 776 828 804; x_wconf 83' lang='lat' dir='ltr'>cst</span> <span class='ocrx_word' id='word_1_62' title='bbox 844 775 996 814; x_wconf 87' lang='lat' dir='ltr'>prompta</span> <span class='ocrx_word' id='word_1_63' title='bbox 1015 782 1062 804; x_wconf 80' lang='lat' dir='ltr'>ro-</span> 
     </span>
     <span class='ocr_line' id='line_1_14' title="bbox 326 824 1064 867; baseline 0 -10"><span class='ocrx_word' id='word_1_64' title='bbox 326 824 434 857; x_wconf 86' lang='lat' dir='ltr'>luntas</span> <span class='ocrx_word' id='word_1_65' title='bbox 459 824 658 867; x_wconf 86' lang='lat' dir='ltr'>adimplendi</span> <span class='ocrx_word' id='word_1_66' title='bbox 679 835 696 856; x_wconf 92' lang='lat' dir='ltr'>a</span> <span class='ocrx_word' id='word_1_67' title='bbox 721 824 944 867; x_wconf 86' lang='lat' dir='ltr'>superioribus</span> <span class='ocrx_word' id='word_1_68' title='bbox 961 824 1064 867; x_wconf 84' lang='lat' dir='ltr'>impe—</span> 
     </span>
     <span class='ocr_line' id='line_1_15' title="bbox 326 876 1064 919; baseline -0.001 -10"><span class='ocrx_word' id='word_1_69' title='bbox 326 882 394 909; x_wconf 88' lang='lat' dir='ltr'>rata</span> <span class='ocrx_word' id='word_1_70' title='bbox 419 877 599 909; x_wconf 87' lang='lat' dir='ltr'>secundum</span> <span class='ocrx_word' id='word_1_71' title='bbox 625 877 730 919; x_wconf 79' lang='lat' dir='ltr'>legem</span> <span class='ocrx_word' id='word_1_72' title='bbox 756 876 895 909; x_wconf 74' lang='lat' dir='ltr'>divinam</span> <span class='ocrx_word' id='word_1_73' title='bbox 915 881 943 909; x_wconf 89' lang='lat' dir='ltr'>et</span> <span class='ocrx_word' id='word_1_74' title='bbox 964 878 1064 909; x_wconf 79' lang='lat' dir='ltr'>eecle-</span> 
     </span>
     <span class='ocr_line' id='line_1_16' title="bbox 326 929 1064 972; baseline -0.003 -10"><span class='ocrx_word' id='word_1_75' title='bbox 326 929 499 970; x_wconf 85' lang='lat' dir='ltr'>siasticam,</span> <span class='ocrx_word' id='word_1_76' title='bbox 535 940 571 963; x_wconf 89' lang='lat' dir='ltr'>ac</span> <span class='ocrx_word' id='word_1_77' title='bbox 603 929 699 962; x_wconf 86' lang='lat' dir='ltr'>etiam</span> <span class='ocrx_word' id='word_1_78' title='bbox 732 939 813 972; x_wconf 87' lang='lat' dir='ltr'>quae</span> <span class='ocrx_word' id='word_1_79' title='bbox 854 929 1064 962; x_wconf 86' lang='lat' dir='ltr'>continentur</span> 
     </span>
     <span class='ocr_line' id='line_1_17' title="bbox 326 982 1060 1026; baseline 0 -11"><span class='ocrx_word' id='word_1_80' title='bbox 326 982 358 1015; x_wconf 92' lang='lat' dir='ltr'>in</span> <span class='ocrx_word' id='word_1_81' title='bbox 384 983 498 1026; x_wconf 78' lang='lat' dir='ltr'>regula</span> <span class='ocrx_word' id='word_1_82' title='bbox 526 988 558 1016; x_wconf 92' lang='lat' dir='ltr'>et</span> <span class='ocrx_word' id='word_1_83' title='bbox 593 982 879 1016; x_wconf 69' lang='lat' dir='ltr'>constitutionibus</span> <span class='ocrx_word' id='word_1_84' title='bbox 918 982 1060 1023; x_wconf 80' lang='lat' dir='ltr'>Ordinis,</span> 
     </span>
     <span class='ocr_line' id='line_1_18' title="bbox 326 1035 1064 1079; baseline 0.001 -12"><span class='ocrx_word' id='word_1_85' title='bbox 326 1035 445 1079; x_wconf 86' lang='lat' dir='ltr'>quibus</span> <span class='ocrx_word' id='word_1_86' title='bbox 469 1046 602 1079; x_wconf 86' lang='lat' dir='ltr'>semper</span> <span class='ocrx_word' id='word_1_87' title='bbox 628 1042 680 1068; x_wconf 85' lang='lat' dir='ltr'>aut</span> <span class='ocrx_word' id='word_1_88' title='bbox 700 1036 763 1068; x_wconf 75' lang='lat' dir='ltr'>lata</span> <span class='ocrx_word' id='word_1_89' title='bbox 780 1040 834 1067; x_wconf 85' lang='lat' dir='ltr'>aut</span> <span class='ocrx_word' id='word_1_90' title='bbox 861 1035 971 1068; x_wconf 80' lang='lat' dir='ltr'>stricta</span> <span class='ocrx_word' id='word_1_91' title='bbox 988 1036 1064 1069; x_wconf 87' lang='lat' dir='ltr'>obc-</span> 
     </span>
     <span class='ocr_line' id='line_1_19' title="bbox 326 1088 1064 1131; baseline 0 -10"><span class='ocrx_word' id='word_1_92' title='bbox 326 1088 446 1122; x_wconf 74' lang='lat' dir='ltr'>dientia</span> <span class='ocrx_word' id='word_1_93' title='bbox 471 1089 586 1122; x_wconf 87' lang='lat' dir='ltr'>fratres</span> <span class='ocrx_word' id='word_1_94' title='bbox 611 1089 822 1131; x_wconf 80' lang='lat' dir='ltr'>redigantur,</span> <span class='ocrx_word' id='word_1_95' title='bbox 856 1094 891 1121; x_wconf 88' lang='lat' dir='ltr'>ut</span> <span class='ocrx_word' id='word_1_96' title='bbox 915 1089 998 1121; x_wconf 84' lang='lat' dir='ltr'>nihil</span> <span class='ocrx_word' id='word_1_97' title='bbox 1024 1089 1064 1121; x_wconf 90' lang='lat' dir='ltr'>sit</span> 
     </span>
     <span class='ocr_line' id='line_1_20' title="bbox 327 1141 1061 1184; baseline 0.001 -11"><span class='ocrx_word' id='word_1_98' title='bbox 327 1142 416 1184; x_wconf 89' lang='lat' dir='ltr'>quod</span> <span class='ocrx_word' id='word_1_99' title='bbox 452 1142 522 1174; x_wconf 86' lang='lat' dir='ltr'>sine</span> <span class='ocrx_word' id='word_1_100' title='bbox 548 1141 753 1174; x_wconf 73' lang='lat' dir='ltr'>obedientiae</span> <span class='ocrx_word' id='word_1_101' title='bbox 786 1141 903 1174; x_wconf 85' lang='lat' dir='ltr'>merito</span> <span class='ocrx_word' id='word_1_102' title='bbox 937 1147 1061 1184; x_wconf 76' lang='lat' dir='ltr'>gerant.</span> 
     </span>
     <span class='ocr_line' id='line_1_21' title="bbox 327 1195 1065 1238; baseline 0.001 -11"><span class='ocrx_word' id='word_1_103' title='bbox 327 1195 412 1228; x_wconf 85' lang='lat' dir='ltr'>Haec</span> <span class='ocrx_word' id='word_1_104' title='bbox 430 1195 516 1227; x_wconf 90' lang='lat' dir='ltr'>enim</span> <span class='ocrx_word' id='word_1_105' title='bbox 541 1200 577 1227; x_wconf 88' lang='lat' dir='ltr'>ut</span> <span class='ocrx_word' id='word_1_106' title='bbox 600 1195 805 1238; x_wconf 85' lang='lat' dir='ltr'>praedictum</span> <span class='ocrx_word' id='word_1_107' title='bbox 823 1200 932 1228; x_wconf 82' lang='lat' dir='ltr'>votum</span> <span class='ocrx_word' id='word_1_108' title='bbox 950 1195 995 1228; x_wconf 79' lang='lat' dir='ltr'>sie</span> <span class='ocrx_word' id='word_1_109' title='bbox 1011 1195 1065 1228; x_wconf 91' lang='lat' dir='ltr'>Or-</span> 
     </span>
     <span class='ocr_line' id='line_1_22' title="bbox 328 1246 1062 1290; baseline 0.001 -11"><span class='ocrx_word' id='word_1_110' title='bbox 328 1246 395 1280; x_wconf 90' lang='lat' dir='ltr'>dini</span> <span class='ocrx_word' id='word_1_111' title='bbox 410 1247 543 1290; x_wconf 86' lang='lat' dir='ltr'>eiusque</span> <span class='ocrx_word' id='word_1_112' title='bbox 559 1247 680 1290; x_wconf 82' lang='lat' dir='ltr'>regulis</span> <span class='ocrx_word' id='word_1_113' title='bbox 698 1252 729 1279; x_wconf 88' lang='lat' dir='ltr'>et</span> <span class='ocrx_word' id='word_1_114' title='bbox 748 1248 902 1290; x_wconf 84' lang='lat' dir='ltr'>praelatis</span> <span class='ocrx_word' id='word_1_115' title='bbox 921 1248 1062 1288; x_wconf 78' lang='lat' dir='ltr'>subiicit,</span> 
     </span>
     <span class='ocr_line' id='line_1_23' title="bbox 328 1300 1065 1342; baseline 0.001 -11"><span class='ocrx_word' id='word_1_116' title='bbox 328 1304 364 1331; x_wconf 85' lang='lat' dir='ltr'>ut</span> <span class='ocrx_word' id='word_1_117' title='bbox 394 1300 525 1342; x_wconf 88' lang='lat' dir='ltr'>penitus</span> <span class='ocrx_word' id='word_1_118' title='bbox 557 1300 616 1332; x_wconf 87' lang='lat' dir='ltr'>sub</span> <span class='ocrx_word' id='word_1_119' title='bbox 653 1300 766 1332; x_wconf 86' lang='lat' dir='ltr'>lethali</span> <span class='ocrx_word' id='word_1_120' title='bbox 802 1306 971 1332; x_wconf 80' lang='lat' dir='ltr'>teneamur</span> <span class='ocrx_word' id='word_1_121' title='bbox 1007 1301 1065 1333; x_wconf 88' lang='lat' dir='ltr'>im-</span> 
     </span>
     <span class='ocr_line' id='line_1_24' title="bbox 327 1352 1061 1396; baseline 0.003 -12"><span class='ocrx_word' id='word_1_122' title='bbox 327 1353 418 1395; x_wconf 86' lang='lat' dir='ltr'>plere</span> <span class='ocrx_word' id='word_1_123' title='bbox 443 1352 602 1395; x_wconf 87' lang='lat' dir='ltr'>quidquid</span> <span class='ocrx_word' id='word_1_124' title='bbox 624 1352 692 1385; x_wconf 87' lang='lat' dir='ltr'>eius</span> <span class='ocrx_word' id='word_1_125' title='bbox 710 1352 826 1385; x_wconf 87' lang='lat' dir='ltr'>virtute</span> <span class='ocrx_word' id='word_1_126' title='bbox 851 1353 1061 1396; x_wconf 83' lang='lat' dir='ltr'>praecipitur.</span> 
     </span>
    </p>

    <p class='ocr_par' dir='ltr' id='par_1_5' title="bbox 326 1405 1065 2554">
     <span class='ocr_line' id='line_1_25' title="bbox 375 1405 1064 1448; baseline 0 -9"><span class='ocrx_word' id='word_1_127' title='bbox 375 1416 424 1439; x_wconf 85' lang='lat'>111.</span> <span class='ocrx_word' id='word_1_128' title='bbox 464 1405 674 1448; x_wconf 82' lang='lat' dir='ltr'>Praeceptum</span> <span class='ocrx_word' id='word_1_129' title='bbox 705 1415 783 1438; x_wconf 90' lang='lat' dir='ltr'>vero</span> <span class='ocrx_word' id='word_1_130' title='bbox 817 1405 850 1437; x_wconf 92' lang='lat' dir='ltr'>in</span> <span class='ocrx_word' id='word_1_131' title='bbox 886 1407 998 1448; x_wconf 78' lang='lat' dir='ltr'>regula</span> <span class='ocrx_word' id='word_1_132' title='bbox 1034 1412 1064 1439; x_wconf 91' lang='lat' dir='ltr'>et</span> 
     </span>
     <span class='ocr_line' id='line_1_26' title="bbox 326 1458 1064 1501; baseline 0 -10"><span class='ocrx_word' id='word_1_133' title='bbox 326 1458 616 1491; x_wconf 81' lang='lat' dir='ltr'>constitutionibus</span> <span class='ocrx_word' id='word_1_134' title='bbox 637 1463 692 1490; x_wconf 89' lang='lat' dir='ltr'>aut</span> <span class='ocrx_word' id='word_1_135' title='bbox 716 1459 938 1501; x_wconf 85' lang='lat' dir='ltr'>praelatorum</span> <span class='ocrx_word' id='word_1_136' title='bbox 957 1459 1064 1492; x_wconf 85' lang='lat' dir='ltr'>verbis</span> 
     </span>
     <span class='ocr_line' id='line_1_27' title="bbox 327 1511 1064 1554; baseline 0.001 -10"><span class='ocrx_word' id='word_1_137' title='bbox 327 1512 453 1544; x_wconf 85' lang='lat' dir='ltr'>nullum</span> <span class='ocrx_word' id='word_1_138' title='bbox 486 1511 716 1554; x_wconf 75' lang='lat' dir='ltr'>intelligimus,</span> <span class='ocrx_word' id='word_1_139' title='bbox 750 1511 813 1544; x_wconf 87' lang='lat' dir='ltr'>nisi</span> <span class='ocrx_word' id='word_1_140' title='bbox 844 1512 943 1544; x_wconf 86' lang='lat' dir='ltr'>suerit</span> <span class='ocrx_word' id='word_1_141' title='bbox 979 1512 1064 1546; x_wconf 84' lang='lat' dir='ltr'>circa</span> 
     </span>
     <span class='ocr_line' id='line_1_28' title="bbox 326 1564 1065 1607; baseline 0.003 -11"><span class='ocrx_word' id='word_1_142' title='bbox 326 1564 396 1604; x_wconf 88' lang='lat' dir='ltr'>illa,</span> <span class='ocrx_word' id='word_1_143' title='bbox 421 1564 461 1598; x_wconf 86' lang='lat' dir='ltr'>ad</span> <span class='ocrx_word' id='word_1_144' title='bbox 486 1574 568 1607; x_wconf 86' lang='lat' dir='ltr'>quae</span> <span class='ocrx_word' id='word_1_145' title='bbox 594 1564 657 1596; x_wconf 90' lang='lat' dir='ltr'>iam</span> <span class='ocrx_word' id='word_1_146' title='bbox 681 1564 811 1597; x_wconf 84' lang='lat' dir='ltr'>aliunde</span> <span class='ocrx_word' id='word_1_147' title='bbox 838 1569 985 1598; x_wconf 85' lang='lat' dir='ltr'>tenemur</span> <span class='ocrx_word' id='word_1_148' title='bbox 1015 1576 1065 1598; x_wconf 88' lang='lat' dir='ltr'>ra-</span> 
     </span>
     <span class='ocr_line' id='line_1_29' title="bbox 327 1617 1063 1657; baseline 0.004 -8"><span class='ocrx_word' id='word_1_149' title='bbox 327 1617 416 1650; x_wconf 86' lang='lat' dir='ltr'>tione</span> <span class='ocrx_word' id='word_1_150' title='bbox 450 1617 516 1649; x_wconf 94' lang='lat' dir='ltr'>voti</span> <span class='ocrx_word' id='word_1_151' title='bbox 542 1617 750 1657; x_wconf 88' lang='lat' dir='ltr'>essentialis,</span> <span class='ocrx_word' id='word_1_152' title='bbox 777 1618 826 1650; x_wconf 81' lang='lat' dir='ltr'>vel</span> <span class='ocrx_word' id='word_1_153' title='bbox 861 1618 987 1651; x_wconf 84' lang='lat' dir='ltr'>divinae</span> <span class='ocrx_word' id='word_1_154' title='bbox 1014 1620 1063 1652; x_wconf 82' lang='lat' dir='ltr'>vel</span> 
     </span>
     <span class='ocr_line' id='line_1_30' title="bbox 327 1669 1063 1713; baseline 0.003 -11"><span class='ocrx_word' id='word_1_155' title='bbox 327 1669 567 1703; x_wconf 86' lang='lat' dir='ltr'>ecclesiasticae</span> <span class='ocrx_word' id='word_1_156' title='bbox 593 1671 685 1713; x_wconf 77' lang='lat' dir='ltr'>legiS,</span> <span class='ocrx_word' id='word_1_157' title='bbox 711 1672 761 1704; x_wconf 93' lang='lat' dir='ltr'>vel</span> <span class='ocrx_word' id='word_1_158' title='bbox 780 1671 841 1704; x_wconf 85' lang='lat' dir='ltr'>nisi</span> <span class='ocrx_word' id='word_1_159' title='bbox 859 1671 918 1703; x_wconf 84' lang='lat' dir='ltr'>sub</span> <span class='ocrx_word' id='word_1_160' title='bbox 936 1672 1063 1705; x_wconf 82' lang='lat' dir='ltr'>formali</span> 
     </span>
     <span class='ocr_line' id='line_1_31' title="bbox 328 1723 1063 1768; baseline 0.003 -13"><span class='ocrx_word' id='word_1_161' title='bbox 328 1723 517 1756; x_wconf 79' lang='lat' dir='ltr'>obedientia</span> <span class='ocrx_word' id='word_1_162' title='bbox 541 1723 721 1756; x_wconf 83' lang='lat' dir='ltr'>intimetur.</span> <span class='ocrx_word' id='word_1_163' title='bbox 744 1724 847 1757; x_wconf 66' lang='lat' dir='ltr'>Verba</span> <span class='ocrx_word' id='word_1_164' title='bbox 862 1730 978 1765; x_wconf 86' lang='lat' dir='ltr'>antem,</span> <span class='ocrx_word' id='word_1_165' title='bbox 1001 1726 1063 1768; x_wconf 85' lang='lat' dir='ltr'>qui-</span> 
     </span>
     <span class='ocr_line' id='line_1_32' title="bbox 326 1776 1064 1821; baseline 0.004 -13"><span class='ocrx_word' id='word_1_166' title='bbox 326 1776 386 1808; x_wconf 86' lang='lat' dir='ltr'>hus</span> <span class='ocrx_word' id='word_1_167' title='bbox 410 1776 492 1809; x_wconf 88' lang='lat' dir='ltr'>illud</span> <span class='ocrx_word' id='word_1_168' title='bbox 517 1776 637 1809; x_wconf 86' lang='lat' dir='ltr'>debent</span> <span class='ocrx_word' id='word_1_169' title='bbox 661 1776 776 1809; x_wconf 83' lang='lat' dir='ltr'>fratres</span> <span class='ocrx_word' id='word_1_170' title='bbox 794 1778 967 1821; x_wconf 82' lang='lat' dir='ltr'>concipere</span> <span class='ocrx_word' id='word_1_171' title='bbox 992 1784 1064 1811; x_wconf 88' lang='lat' dir='ltr'>sunt</span> 
     </span>
     <span class='ocr_line' id='line_1_33' title="bbox 328 1829 1062 1875; baseline 0.004 -14"><span class='ocrx_word' id='word_1_172' title='bbox 328 1830 520 1873; x_wconf 83' lang='lat' dir='ltr'>frequenter</span> <span class='ocrx_word' id='word_1_173' title='bbox 534 1829 738 1862; x_wconf 85' lang='lat' dir='ltr'>huiusmodi:</span> <span class='ocrx_word' id='word_1_174' title='bbox 764 1843 777 1861; x_wconf 78' lang='lat'>«</span> <span class='ocrx_word' id='word_1_175' title='bbox 796 1831 1016 1875; x_wconf 77' lang='lat' dir='ltr'>praecipimus</span> <span class='ocrx_word' id='word_1_176' title='bbox 1031 1832 1062 1865; x_wconf 88' lang='lat' dir='ltr'>in</span> 
     </span>
     <span class='ocr_line' id='line_1_34' title="bbox 328 1882 1064 1922; baseline 0.003 -7"><span class='ocrx_word' id='word_1_177' title='bbox 328 1883 445 1916; x_wconf 87' lang='lat' dir='ltr'>virtute</span> <span class='ocrx_word' id='word_1_178' title='bbox 481 1882 637 1922; x_wconf 79' lang='lat' dir='ltr'>formalis,</span> <span class='ocrx_word' id='word_1_179' title='bbox 668 1888 721 1915; x_wconf 90' lang='lat' dir='ltr'>aut</span> <span class='ocrx_word' id='word_1_180' title='bbox 745 1889 873 1917; x_wconf 83' lang='lat' dir='ltr'>sanctae</span> <span class='ocrx_word' id='word_1_181' title='bbox 908 1885 1064 1918; x_wconf 81' lang='lat' dir='ltr'>ohedien-</span> 
     </span>
     <span class='ocr_line' id='line_1_35' title="bbox 328 1935 1062 1979; baseline 0.003 -11"><span class='ocrx_word' id='word_1_182' title='bbox 328 1935 412 1968; x_wconf 86' lang='lat' dir='ltr'>tiae:</span> <span class='ocrx_word' id='word_1_183' title='bbox 448 1935 481 1968; x_wconf 93' lang='lat' dir='ltr'>in</span> <span class='ocrx_word' id='word_1_184' title='bbox 520 1935 639 1968; x_wconf 87' lang='lat' dir='ltr'>virtute</span> <span class='ocrx_word' id='word_1_185' title='bbox 676 1935 812 1979; x_wconf 86' lang='lat' dir='ltr'>Spiritus</span> <span class='ocrx_word' id='word_1_186' title='bbox 847 1936 968 1970; x_wconf 74' lang='lat' dir='ltr'>Sancti:</span> <span class='ocrx_word' id='word_1_187' title='bbox 1004 1939 1062 1971; x_wconf 82' lang='lat' dir='ltr'>sul)</span> 
     </span>
     <span class='ocr_line' id='line_1_36' title="bbox 327 1989 1062 2033; baseline 0.004 -11"><span class='ocrx_word' id='word_1_188' title='bbox 327 1990 432 2033; x_wconf 78' lang='lat' dir='ltr'>poena</span> <span class='ocrx_word' id='word_1_189' title='bbox 458 1989 804 2022; x_wconf 85' lang='lat' dir='ltr'>excommunicationis</span> <span class='ocrx_word' id='word_1_190' title='bbox 830 1991 959 2024; x_wconf 88' lang='lat' dir='ltr'>maioris</span> <span class='ocrx_word' id='word_1_191' title='bbox 981 1992 1062 2025; x_wconf 74' lang='lat' dir='ltr'>latae</span> 
     </span>
     <span class='ocr_line' id='line_1_37' title="bbox 326 2042 1063 2077; baseline 0.003 -2"><span class='ocrx_word' id='word_1_192' title='bbox 326 2042 376 2075; x_wconf 90' lang='lat' dir='ltr'>vel</span> <span class='ocrx_word' id='word_1_193' title='bbox 412 2042 565 2075; x_wconf 85' lang='lat' dir='ltr'>serendae</span> <span class='ocrx_word' id='word_1_194' title='bbox 598 2043 798 2075; x_wconf 86' lang='lat' dir='ltr'>sententiae:</span> <span class='ocrx_word' id='word_1_195' title='bbox 824 2044 882 2076; x_wconf 87' lang='lat' dir='ltr'>sub</span> <span class='ocrx_word' id='word_1_196' title='bbox 915 2044 1063 2077; x_wconf 78' lang='lat' dir='ltr'>intermi-</span> 
     </span>
     <span class='ocr_line' id='line_1_38' title="bbox 327 2094 1061 2130; baseline 0.004 -3"><span class='ocrx_word' id='word_1_197' title='bbox 327 2095 457 2128; x_wconf 84' lang='lat' dir='ltr'>natione</span> <span class='ocrx_word' id='word_1_198' title='bbox 483 2094 583 2128; x_wconf 90' lang='lat' dir='ltr'>divini</span> <span class='ocrx_word' id='word_1_199' title='bbox 608 2095 735 2128; x_wconf 88' lang='lat' dir='ltr'>iudicii:</span> <span class='ocrx_word' id='word_1_200' title='bbox 761 2096 818 2128; x_wconf 87' lang='lat' dir='ltr'>sub</span> <span class='ocrx_word' id='word_1_201' title='bbox 844 2097 1061 2130; x_wconf 84' lang='lat' dir='ltr'>obtestatione</span> 
     </span>
     <span class='ocr_line' id='line_1_39' title="bbox 327 2148 1063 2190; baseline 0.003 -9"><span class='ocrx_word' id='word_1_202' title='bbox 327 2148 442 2182; x_wconf 87' lang='lat' dir='ltr'>mortis</span> <span class='ocrx_word' id='word_1_203' title='bbox 468 2153 640 2182; x_wconf 84' lang='lat' dir='ltr'>aeternae:</span> <span class='ocrx_word' id='word_1_204' title='bbox 667 2149 728 2181; x_wconf 81' lang='lat' dir='ltr'>sul)</span> <span class='ocrx_word' id='word_1_205' title='bbox 752 2149 996 2190; x_wconf 74' lang='lat' dir='ltr'>maledictione,</span> <span class='ocrx_word' id='word_1_206' title='bbox 1020 2151 1063 2183; x_wconf 91' lang='lat' dir='ltr'>in-</span> 
     </span>
     <span class='ocr_line' id='line_1_40' title="bbox 328 2201 1063 2244; baseline 0.004 -10"><span class='ocrx_word' id='word_1_207' title='bbox 328 2201 529 2244; x_wconf 81' lang='lat' dir='ltr'>dignatione,</span> <span class='ocrx_word' id='word_1_208' title='bbox 552 2206 608 2234; x_wconf 80' lang='lat' dir='ltr'>aut</span> <span class='ocrx_word' id='word_1_209' title='bbox 624 2201 671 2234; x_wconf 78' lang='lat' dir='ltr'>ira</span> <span class='ocrx_word' id='word_1_210' title='bbox 687 2201 742 2234; x_wconf 89' lang='lat' dir='ltr'>Dei</span> <span class='ocrx_word' id='word_1_211' title='bbox 764 2201 961 2236; x_wconf 77' lang='lat' dir='ltr'>incurrenda</span> <span class='ocrx_word' id='word_1_212' title='bbox 978 2216 990 2234; x_wconf 66' lang='lat' dir='ltr'>n</span> <span class='ocrx_word' id='word_1_213' title='bbox 1007 2216 1013 2236; x_wconf 88' lang='lat'>:</span> <span class='ocrx_word' id='word_1_214' title='bbox 1032 2209 1063 2237; x_wconf 89' lang='lat' dir='ltr'>et</span> 
     </span>
     <span class='ocr_line' id='line_1_41' title="bbox 328 2254 1062 2289; baseline 0.003 -2"><span class='ocrx_word' id='word_1_215' title='bbox 328 2254 409 2287; x_wconf 79' lang='lat' dir='ltr'>aliae</span> <span class='ocrx_word' id='word_1_216' title='bbox 433 2254 557 2288; x_wconf 85' lang='lat' dir='ltr'>similes</span> <span class='ocrx_word' id='word_1_217' title='bbox 582 2254 850 2288; x_wconf 77' lang='lat' dir='ltr'>comminationes</span> <span class='ocrx_word' id='word_1_218' title='bbox 875 2261 907 2288; x_wconf 93' lang='lat' dir='ltr'>et</span> <span class='ocrx_word' id='word_1_219' title='bbox 932 2266 1062 2289; x_wconf 73' lang='lat' dir='ltr'>execra-</span> 
     </span>
     <span class='ocr_line' id='line_1_42' title="bbox 328 2307 1060 2351; baseline 0.003 -11"><span class='ocrx_word' id='word_1_220' title='bbox 328 2307 442 2347; x_wconf 84' lang='lat' dir='ltr'>tiones,</span> <span class='ocrx_word' id='word_1_221' title='bbox 478 2317 560 2350; x_wconf 86' lang='lat' dir='ltr'>quae</span> <span class='ocrx_word' id='word_1_222' title='bbox 597 2309 654 2340; x_wconf 76' lang='lat' dir='ltr'>sua</span> <span class='ocrx_word' id='word_1_223' title='bbox 689 2308 844 2351; x_wconf 80' lang='lat' dir='ltr'>gravitate</span> <span class='ocrx_word' id='word_1_224' title='bbox 882 2315 913 2342; x_wconf 87' lang='lat' dir='ltr'>et</span> <span class='ocrx_word' id='word_1_225' title='bbox 946 2314 1060 2343; x_wconf 84' lang='lat' dir='ltr'>tenore</span> 
     </span>
     <span class='ocr_line' id='line_1_43' title="bbox 327 2361 1061 2404; baseline 0.003 -10"><span class='ocrx_word' id='word_1_226' title='bbox 327 2361 463 2394; x_wconf 78' lang='lat' dir='ltr'>formale</span> <span class='ocrx_word' id='word_1_227' title='bbox 483 2366 694 2404; x_wconf 85' lang='lat' dir='ltr'>praeceptum</span> <span class='ocrx_word' id='word_1_228' title='bbox 711 2367 742 2394; x_wconf 90' lang='lat' dir='ltr'>et</span> <span class='ocrx_word' id='word_1_229' title='bbox 760 2361 829 2394; x_wconf 89' lang='lat' dir='ltr'>eius</span> <span class='ocrx_word' id='word_1_230' title='bbox 847 2361 1061 2396; x_wconf 86' lang='lat' dir='ltr'>intentionem</span> 
     </span>
     <span class='ocr_line' id='line_1_44' title="bbox 328 2413 1062 2457; baseline 0.003 -10"><span class='ocrx_word' id='word_1_231' title='bbox 328 2413 504 2447; x_wconf 83' lang='lat' dir='ltr'>denotant:</span> <span class='ocrx_word' id='word_1_232' title='bbox 529 2413 646 2457; x_wconf 87' lang='lat' dir='ltr'>quibus</span> <span class='ocrx_word' id='word_1_233' title='bbox 671 2419 778 2447; x_wconf 82' lang='lat' dir='ltr'>tamen</span> <span class='ocrx_word' id='word_1_234' title='bbox 803 2415 848 2447; x_wconf 87' lang='lat' dir='ltr'>uti</span> <span class='ocrx_word' id='word_1_235' title='bbox 873 2425 940 2448; x_wconf 92' lang='lat' dir='ltr'>non</span> <span class='ocrx_word' id='word_1_236' title='bbox 965 2416 1062 2449; x_wconf 88' lang='lat' dir='ltr'>debet</span> 
     </span>
     <span class='ocr_line' id='line_1_45' title="bbox 327 2467 1062 2514; baseline 0.005 -15"><span class='ocrx_word' id='word_1_237' title='bbox 327 2467 502 2511; x_wconf 87' lang='lat' dir='ltr'>praelatus,</span> <span class='ocrx_word' id='word_1_238' title='bbox 526 2467 590 2500; x_wconf 84' lang='lat' dir='ltr'>nisi</span> <span class='ocrx_word' id='word_1_239' title='bbox 614 2468 768 2501; x_wconf 86' lang='lat' dir='ltr'>materiae</span> <span class='ocrx_word' id='word_1_240' title='bbox 793 2469 930 2511; x_wconf 79' lang='lat' dir='ltr'>gravitas</span> <span class='ocrx_word' id='word_1_241' title='bbox 965 2480 1062 2514; x_wconf 82' lang='lat' dir='ltr'>expo-</span> 
     </span>
     <span class='ocr_line' id='line_1_46' title="bbox 329 2520 508 2554; baseline 0.006 -1"><span class='ocrx_word' id='word_1_242' title='bbox 329 2520 508 2554; x_wconf 86' lang='lat' dir='ltr'>stulaverit.</span> 
     </span>
    </p>
   </div>
   <div class='ocr_carea' id='block_1_4' title="bbox 364 2579 929 2618">
    <p class='ocr_par' dir='ltr' id='par_1_6' title="bbox 364 2579 929 2618">
     <span class='ocr_line' id='line_1_47' title="bbox 364 2579 929 2618; baseline 0.005 -9"><span class='ocrx_word' id='word_1_243' title='bbox 364 2581 377 2609; x_wconf 81' lang='lat'>1</span> <span class='ocrx_word' id='word_1_244' title='bbox 399 2579 445 2608; x_wconf 83' lang='lat' dir='ltr'>Vel</span> <span class='ocrx_word' id='word_1_245' title='bbox 464 2583 524 2610; x_wconf 80' lang='lat' dir='ltr'>cota</span> <span class='ocrx_word' id='word_1_246' title='bbox 542 2581 584 2609; x_wconf 87' lang='lat' dir='ltr'>vel</span> <span class='ocrx_word' id='word_1_247' title='bbox 602 2583 689 2610; x_wconf 79' lang='lat' dir='ltr'>totius</span> <span class='ocrx_word' id='word_1_248' title='bbox 708 2581 767 2618; x_wconf 83' lang='lat' dir='ltr'>lege</span> <span class='ocrx_word' id='word_1_249' title='bbox 788 2583 823 2618; x_wconf 78' lang='lat' dir='ltr'>(R.</span> <span class='ocrx_word' id='word_1_250' title='bbox 839 2583 888 2616; x_wconf 83' lang='grc' dir='ltr'><strong>τ.).</strong></span> <span class='ocrx_word' id='word_1_251' title='bbox 927 2590 929 2593; x_wconf 90' lang='grc'><strong><em>·</em></strong></span> 
     </span>
    </p>
   </div>
   <div class='ocr_carea' id='block_1_5' title="bbox 1082 249 1086 1073">
    <p class='ocr_par' dir='ltr' id='par_1_7' title="bbox 1082 249 1086 1073">
     <span class='ocr_line' id='line_1_48' title="bbox 1082 249 1086 1073; baseline 0 0"><span class='ocrx_word' id='word_1_252' title='bbox 1082 249 1086 1073; x_wconf 95' lang='lat' dir='ltr'> </span> 
     </span>
    </p>
   </div>
   <div class='ocr_carea' id='block_1_6' title="bbox 1081 1322 1087 2466">
    <p class='ocr_par' dir='ltr' id='par_1_8' title="bbox 1081 1322 1087 2466">
     <span class='ocr_line' id='line_1_49' title="bbox 1081 1322 1087 2466; baseline 0 0"><span class='ocrx_word' id='word_1_253' title='bbox 1081 1322 1087 2466; x_wconf 95' lang='lat' dir='ltr'> </span> 
     </span>
    </p>
   </div>
   <div class='ocr_carea' id='block_1_7' title="bbox 1103 194 1844 2623">
    <p class='ocr_par' dir='ltr' id='par_1_9' title="bbox 1148 194 1803 226">
     <span class='ocr_line' id='line_1_50' title="bbox 1148 194 1803 226; baseline 0.008 -6"><span class='ocrx_word' id='word_1_254' title='bbox 1148 199 1190 221; x_wconf 70' lang='lat' dir='ltr'>xii</span> <span class='ocrx_word' id='word_1_255' title='bbox 1216 199 1252 222; x_wconf 64' lang='lat' dir='ltr'>rr*</span> <span class='ocrx_word' id='word_1_256' title='bbox 1740 194 1803 226; x_wconf 48' lang='lat'>‘22⁸3</span> 
     </span>
    </p>

    <p class='ocr_par' dir='ltr' id='par_1_10' title="bbox 1103 246 1841 874">
     <span class='ocr_line' id='line_1_51' title="bbox 1149 246 1840 284; baseline 0.009 -6"><span class='ocrx_word' id='word_1_257' title='bbox 1149 257 1188 278; x_wconf 81' lang='lat' dir='ltr'>iv.</span> <span class='ocrx_word' id='word_1_258' title='bbox 1217 246 1422 279; x_wconf 83' lang='lat' dir='ltr'>Declaramus</span> <span class='ocrx_word' id='word_1_259' title='bbox 1449 254 1555 281; x_wconf 74' lang='lat' dir='ltr'>autem</span> <span class='ocrx_word' id='word_1_260' title='bbox 1581 261 1650 282; x_wconf 78' lang='lat' dir='ltr'>cam</span> <span class='ocrx_word' id='word_1_261' title='bbox 1676 262 1744 283; x_wconf 80' lang='lat' dir='ltr'>csse</span> <span class='ocrx_word' id='word_1_262' title='bbox 1775 263 1840 284; x_wconf 85' lang='lat' dir='ltr'>ma-</span> 
     </span>
     <span class='ocr_line' id='line_1_52' title="bbox 1104 299 1841 344; baseline 0.008 -13"><span class='ocrx_word' id='word_1_263' title='bbox 1104 299 1217 332; x_wconf 82' lang='lat' dir='ltr'>teriam</span> <span class='ocrx_word' id='word_1_264' title='bbox 1243 310 1373 342; x_wconf 79' lang='lat' dir='ltr'>gravem</span> <span class='ocrx_word' id='word_1_265' title='bbox 1400 306 1431 333; x_wconf 87' lang='lat' dir='ltr'>ct</span> <span class='ocrx_word' id='word_1_266' title='bbox 1456 308 1632 344; x_wconf 84' lang='lat' dir='ltr'>praecepto</span> <span class='ocrx_word' id='word_1_267' title='bbox 1652 303 1779 336; x_wconf 78' lang='lat' dir='ltr'>formali</span> <span class='ocrx_word' id='word_1_268' title='bbox 1798 305 1841 337; x_wconf 89' lang='lat' dir='ltr'>di-</span> 
     </span>
     <span class='ocr_line' id='line_1_53' title="bbox 1104 354 1838 398; baseline 0.008 -14"><span class='ocrx_word' id='word_1_269' title='bbox 1104 363 1207 395; x_wconf 77' lang='lat' dir='ltr'>gnam,</span> <span class='ocrx_word' id='word_1_270' title='bbox 1230 364 1312 396; x_wconf 88' lang='lat' dir='ltr'>quae</span> <span class='ocrx_word' id='word_1_271' title='bbox 1338 354 1475 393; x_wconf 85' lang='lat' dir='ltr'>directe,</span> <span class='ocrx_word' id='word_1_272' title='bbox 1495 354 1580 387; x_wconf 82' lang='lat' dir='ltr'>idest</span> <span class='ocrx_word' id='word_1_273' title='bbox 1605 366 1769 398; x_wconf 65' lang='lat' dir='ltr'>expresse,</span> <span class='ocrx_word' id='word_1_274' title='bbox 1789 360 1838 390; x_wconf 84' lang='lat' dir='ltr'>vcl</span> 
     </span>
     <span class='ocr_line' id='line_1_54' title="bbox 1103 406 1840 453; baseline 0.007 -16"><span class='ocrx_word' id='word_1_275' title='bbox 1103 406 1272 447; x_wconf 85' lang='lat' dir='ltr'>indirecte,</span> <span class='ocrx_word' id='word_1_276' title='bbox 1298 407 1383 440; x_wconf 85' lang='lat' dir='ltr'>idest</span> <span class='ocrx_word' id='word_1_277' title='bbox 1401 407 1567 450; x_wconf 80' lang='lat' dir='ltr'>implicite,</span> <span class='ocrx_word' id='word_1_278' title='bbox 1587 419 1643 441; x_wconf 87' lang='lat' dir='ltr'>seu</span> <span class='ocrx_word' id='word_1_279' title='bbox 1663 409 1759 441; x_wconf 84' lang='lat' dir='ltr'>ctiam</span> <span class='ocrx_word' id='word_1_280' title='bbox 1782 421 1840 453; x_wconf 88' lang='lat' dir='ltr'>per</span> 
     </span>
     <span class='ocr_line' id='line_1_55' title="bbox 1103 460 1840 501; baseline 0.004 -10"><span class='ocrx_word' id='word_1_281' title='bbox 1103 470 1150 499; x_wconf 80' lang='lat' dir='ltr'>se,</span> <span class='ocrx_word' id='word_1_282' title='bbox 1177 461 1226 492; x_wconf 76' lang='lat' dir='ltr'>vel</span> <span class='ocrx_word' id='word_1_283' title='bbox 1252 469 1288 492; x_wconf 85' lang='lat' dir='ltr'>ex</span> <span class='ocrx_word' id='word_1_284' title='bbox 1314 460 1390 500; x_wconf 77' lang='lat' dir='ltr'>sine,</span> <span class='ocrx_word' id='word_1_285' title='bbox 1418 466 1472 492; x_wconf 87' lang='lat' dir='ltr'>aut</span> <span class='ocrx_word' id='word_1_286' title='bbox 1491 461 1752 501; x_wconf 86' lang='lat' dir='ltr'>circumstantiis,</span> <span class='ocrx_word' id='word_1_287' title='bbox 1768 473 1840 495; x_wconf 84' lang='lat' dir='ltr'>con-</span> 
     </span>
     <span class='ocr_line' id='line_1_56' title="bbox 1103 512 1841 556; baseline 0.004 -11"><span class='ocrx_word' id='word_1_288' title='bbox 1103 512 1191 545; x_wconf 78' lang='lat' dir='ltr'>ducit</span> <span class='ocrx_word' id='word_1_289' title='bbox 1217 513 1255 546; x_wconf 88' lang='lat' dir='ltr'>ad</span> <span class='ocrx_word' id='word_1_290' title='bbox 1275 513 1513 546; x_wconf 77' lang='lat' dir='ltr'>observantiam</span> <span class='ocrx_word' id='word_1_291' title='bbox 1532 515 1613 556; x_wconf 79' lang='lat' dir='ltr'>legis</span> <span class='ocrx_word' id='word_1_292' title='bbox 1642 514 1768 547; x_wconf 78' lang='lat' dir='ltr'>divinae</span> <span class='ocrx_word' id='word_1_293' title='bbox 1787 521 1841 548; x_wconf 90' lang='lat' dir='ltr'>aut</span> 
     </span>
     <span class='ocr_line' id='line_1_57' title="bbox 1104 566 1839 601; baseline 0.004 -3"><span class='ocrx_word' id='word_1_294' title='bbox 1104 566 1340 599; x_wconf 75' lang='lat' dir='ltr'>ecclesiasticae</span> <span class='ocrx_word' id='word_1_295' title='bbox 1375 572 1407 599; x_wconf 84' lang='lat' dir='ltr'>et</span> <span class='ocrx_word' id='word_1_296' title='bbox 1435 573 1582 600; x_wconf 81' lang='lat' dir='ltr'>votorum</span> <span class='ocrx_word' id='word_1_297' title='bbox 1616 568 1839 601; x_wconf 78' lang='lat' dir='ltr'>essentialium</span> 
     </span>
     <span class='ocr_line' id='line_1_58' title="bbox 1103 618 1841 663; baseline 0.004 -13"><span class='ocrx_word' id='word_1_298' title='bbox 1103 618 1244 658; x_wconf 84' lang='lat' dir='ltr'>Ordinis,</span> <span class='ocrx_word' id='word_1_299' title='bbox 1279 630 1315 652; x_wconf 87' lang='lat' dir='ltr'>ac</span> <span class='ocrx_word' id='word_1_300' title='bbox 1341 620 1437 653; x_wconf 83' lang='lat' dir='ltr'>etiam</span> <span class='ocrx_word' id='word_1_301' title='bbox 1462 620 1625 653; x_wconf 84' lang='lat' dir='ltr'>interdum</span> <span class='ocrx_word' id='word_1_302' title='bbox 1652 622 1783 663; x_wconf 81' lang='lat' dir='ltr'>regulae</span> <span class='ocrx_word' id='word_1_303' title='bbox 1809 627 1841 654; x_wconf 84' lang='lat' dir='ltr'>et</span> 
     </span>
     <span class='ocr_line' id='line_1_59' title="bbox 1104 672 1841 713; baseline 0.003 -9"><span class='ocrx_word' id='word_1_304' title='bbox 1104 672 1374 705; x_wconf 83' lang='lat' dir='ltr'>constitutionum</span> <span class='ocrx_word' id='word_1_305' title='bbox 1403 672 1505 713; x_wconf 88' lang='lat' dir='ltr'>illius,</span> <span class='ocrx_word' id='word_1_306' title='bbox 1532 684 1571 706; x_wconf 87' lang='lat' dir='ltr'>ne</span> <span class='ocrx_word' id='word_1_307' title='bbox 1603 673 1754 706; x_wconf 76' lang='lat' dir='ltr'>videlicet</span> <span class='ocrx_word' id='word_1_308' title='bbox 1778 674 1841 706; x_wconf 87' lang='lat' dir='ltr'>vita</span> 
     </span>
     <span class='ocr_line' id='line_1_60' title="bbox 1104 725 1840 766; baseline 0.004 -10"><span class='ocrx_word' id='word_1_309' title='bbox 1104 725 1262 766; x_wconf 81' lang='lat' dir='ltr'>regularis</span> <span class='ocrx_word' id='word_1_310' title='bbox 1298 725 1331 757; x_wconf 88' lang='lat' dir='ltr'>in</span> <span class='ocrx_word' id='word_1_311' title='bbox 1367 726 1529 758; x_wconf 88' lang='lat' dir='ltr'>communi</span> <span class='ocrx_word' id='word_1_312' title='bbox 1556 725 1740 766; x_wconf 77' lang='lat' dir='ltr'>dilabatur3</span> <span class='ocrx_word' id='word_1_313' title='bbox 1768 737 1840 759; x_wconf 87' lang='lat' dir='ltr'>cum</span> 
     </span>
     <span class='ocr_line' id='line_1_61' title="bbox 1104 777 1841 812; baseline 0.003 -3"><span class='ocrx_word' id='word_1_314' title='bbox 1104 777 1171 809; x_wconf 83' lang='lat' dir='ltr'>cius</span> <span class='ocrx_word' id='word_1_315' title='bbox 1196 777 1404 811; x_wconf 83' lang='lat' dir='ltr'>observantia</span> <span class='ocrx_word' id='word_1_316' title='bbox 1425 778 1456 810; x_wconf 91' lang='lat' dir='ltr'>in</span> <span class='ocrx_word' id='word_1_317' title='bbox 1475 779 1636 811; x_wconf 84' lang='lat' dir='ltr'>communi</span> <span class='ocrx_word' id='word_1_318' title='bbox 1655 779 1695 811; x_wconf 90' lang='lat' dir='ltr'>sit</span> <span class='ocrx_word' id='word_1_319' title='bbox 1713 779 1750 812; x_wconf 80' lang='lat' dir='ltr'>de</span> <span class='ocrx_word' id='word_1_320' title='bbox 1769 779 1841 812; x_wconf 82' lang='lat' dir='ltr'>sub-</span> 
     </span>
     <span class='ocr_line' id='line_1_62' title="bbox 1104 830 1425 874; baseline 0.003 -12"><span class='ocrx_word' id='word_1_321' title='bbox 1104 830 1222 863; x_wconf 73' lang='lat' dir='ltr'>stantia</span> <span class='ocrx_word' id='word_1_322' title='bbox 1246 830 1425 874; x_wconf 74' lang='lat' dir='ltr'>religionis.</span> 
     </span>
    </p>

    <p class='ocr_par' dir='ltr' id='par_1_11' title="bbox 1105 883 1844 1669">
     <span class='ocr_line' id='line_1_63' title="bbox 1149 883 1841 928; baseline 0.004 -12"><span class='ocrx_word' id='word_1_323' title='bbox 1149 895 1170 916; x_wconf 90' lang='lat'>1.</span> <span class='ocrx_word' id='word_1_324' title='bbox 1193 883 1269 916; x_wconf 80' lang='lat' dir='ltr'>Cum</span> <span class='ocrx_word' id='word_1_325' title='bbox 1294 885 1480 926; x_wconf 76' lang='lat' dir='ltr'>evangelica</span> <span class='ocrx_word' id='word_1_326' title='bbox 1506 890 1679 928; x_wconf 81' lang='lat' dir='ltr'>paupertas</span> <span class='ocrx_word' id='word_1_327' title='bbox 1711 885 1841 928; x_wconf 80' lang='lat' dir='ltr'>religio-</span> 
     </span>
     <span class='ocr_line' id='line_1_64' title="bbox 1105 937 1839 981; baseline 0.004 -13"><span class='ocrx_word' id='word_1_328' title='bbox 1105 937 1147 969; x_wconf 86' lang='lat' dir='ltr'>sis</span> <span class='ocrx_word' id='word_1_329' title='bbox 1184 937 1321 969; x_wconf 81' lang='lat' dir='ltr'>maxime</span> <span class='ocrx_word' id='word_1_330' title='bbox 1357 937 1397 969; x_wconf 86' lang='lat' dir='ltr'>sit</span> <span class='ocrx_word' id='word_1_331' title='bbox 1428 937 1619 978; x_wconf 84' lang='lat' dir='ltr'>necessaria,</span> <span class='ocrx_word' id='word_1_332' title='bbox 1653 949 1748 981; x_wconf 86' lang='lat' dir='ltr'>quam</span> <span class='ocrx_word' id='word_1_333' title='bbox 1774 938 1839 971; x_wconf 87' lang='lat' dir='ltr'>Deo</span> 
     </span>
     <span class='ocr_line' id='line_1_65' title="bbox 1106 989 1840 1033; baseline 0.001 -11"><span class='ocrx_word' id='word_1_334' title='bbox 1106 995 1279 1029; x_wconf 69' lang='lat' dir='ltr'>voverunt,</span> <span class='ocrx_word' id='word_1_335' title='bbox 1319 990 1422 1022; x_wconf 79' lang='lat' dir='ltr'>omnis</span> <span class='ocrx_word' id='word_1_336' title='bbox 1462 989 1646 1033; x_wconf 86' lang='lat' dir='ltr'>proprietas</span> <span class='ocrx_word' id='word_1_337' title='bbox 1682 991 1840 1033; x_wconf 79' lang='lat' dir='ltr'>religioso</span> 
     </span>
     <span class='ocr_line' id='line_1_66' title="bbox 1106 1043 1843 1085; baseline 0.003 -11"><span class='ocrx_word' id='word_1_338' title='bbox 1106 1053 1239 1085; x_wconf 85' lang='lat' dir='ltr'>prorsus</span> <span class='ocrx_word' id='word_1_339' title='bbox 1272 1043 1473 1076; x_wconf 77' lang='lat' dir='ltr'>detestabilis</span> <span class='ocrx_word' id='word_1_340' title='bbox 1512 1053 1580 1076; x_wconf 79' lang='lat' dir='ltr'>esse</span> <span class='ocrx_word' id='word_1_341' title='bbox 1615 1043 1726 1076; x_wconf 88' lang='lat' dir='ltr'>debet.</span> <span class='ocrx_word' id='word_1_342' title='bbox 1759 1044 1843 1082; x_wconf 89' lang='lat' dir='ltr'>Quo-</span> 
     </span>
     <span class='ocr_line' id='line_1_67' title="bbox 1106 1097 1840 1140; baseline 0.003 -12"><span class='ocrx_word' id='word_1_343' title='bbox 1106 1097 1190 1129; x_wconf 84' lang='lat' dir='ltr'>circa</span> <span class='ocrx_word' id='word_1_344' title='bbox 1226 1097 1334 1129; x_wconf 90' lang='lat' dir='ltr'>nullus</span> <span class='ocrx_word' id='word_1_345' title='bbox 1372 1097 1474 1129; x_wconf 85' lang='lat' dir='ltr'>frater</span> <span class='ocrx_word' id='word_1_346' title='bbox 1497 1106 1514 1129; x_wconf 87' lang='lat' dir='ltr'>a</span> <span class='ocrx_word' id='word_1_347' title='bbox 1540 1098 1614 1129; x_wconf 71' lang='lat' dir='ltr'>vcra</span> <span class='ocrx_word' id='word_1_348' title='bbox 1648 1102 1840 1140; x_wconf 82' lang='lat' dir='ltr'>paupertate</span> 
     </span>
     <span class='ocr_line' id='line_1_68' title="bbox 1106 1149 1842 1193; baseline 0.001 -12"><span class='ocrx_word' id='word_1_349' title='bbox 1106 1154 1212 1192; x_wconf 82' lang='lat' dir='ltr'>potest</span> <span class='ocrx_word' id='word_1_350' title='bbox 1235 1159 1340 1192; x_wconf 87' lang='lat' dir='ltr'>neque</span> <span class='ocrx_word' id='word_1_351' title='bbox 1366 1149 1464 1181; x_wconf 85' lang='lat' dir='ltr'>debet</span> <span class='ocrx_word' id='word_1_352' title='bbox 1488 1159 1557 1182; x_wconf 84' lang='lat' dir='ltr'>esse</span> <span class='ocrx_word' id='word_1_353' title='bbox 1576 1155 1762 1193; x_wconf 83' lang='lat' dir='ltr'>exemptus;</span> <span class='ocrx_word' id='word_1_354' title='bbox 1782 1161 1842 1182; x_wconf 90' lang='lat' dir='ltr'>un-</span> 
     </span>
     <span class='ocr_line' id='line_1_69' title="bbox 1107 1202 1843 1247; baseline 0.003 -12"><span class='ocrx_word' id='word_1_355' title='bbox 1107 1203 1145 1235; x_wconf 89' lang='lat' dir='ltr'>dc</span> <span class='ocrx_word' id='word_1_356' title='bbox 1171 1202 1230 1234; x_wconf 86' lang='lat' dir='ltr'>sub</span> <span class='ocrx_word' id='word_1_357' title='bbox 1256 1202 1602 1235; x_wconf 82' lang='lat' dir='ltr'>excommunicationis</span> <span class='ocrx_word' id='word_1_358' title='bbox 1621 1203 1751 1236; x_wconf 86' lang='lat' dir='ltr'>maioris</span> <span class='ocrx_word' id='word_1_359' title='bbox 1768 1214 1843 1247; x_wconf 87' lang='lat' dir='ltr'>poe-</span> 
     </span>
     <span class='ocr_line' id='line_1_70' title="bbox 1107 1255 1842 1298; baseline 0.004 -11"><span class='ocrx_word' id='word_1_360' title='bbox 1107 1258 1146 1288; x_wconf 75' lang='lat' dir='ltr'>na</span> <span class='ocrx_word' id='word_1_361' title='bbox 1170 1255 1334 1298; x_wconf 84' lang='lat' dir='ltr'>praesenti</span> <span class='ocrx_word' id='word_1_362' title='bbox 1353 1255 1585 1288; x_wconf 86' lang='lat' dir='ltr'>constitutione</span> <span class='ocrx_word' id='word_1_363' title='bbox 1605 1256 1781 1297; x_wconf 86' lang='lat' dir='ltr'>sancimus,</span> <span class='ocrx_word' id='word_1_364' title='bbox 1801 1267 1842 1290; x_wconf 91' lang='lat' dir='ltr'>ne</span> 
     </span>
     <span class='ocr_line' id='line_1_71' title="bbox 1107 1308 1843 1352; baseline 0.004 -13"><span class='ocrx_word' id='word_1_365' title='bbox 1107 1309 1177 1351; x_wconf 88' lang='lat' dir='ltr'>quis</span> <span class='ocrx_word' id='word_1_366' title='bbox 1207 1308 1340 1340; x_wconf 78' lang='lat' dir='ltr'>fratrum</span> <span class='ocrx_word' id='word_1_367' title='bbox 1366 1309 1589 1350; x_wconf 81' lang='lat' dir='ltr'>prosessorum</span> <span class='ocrx_word' id='word_1_368' title='bbox 1619 1309 1742 1351; x_wconf 89' lang='lat' dir='ltr'>aliquid</span> <span class='ocrx_word' id='word_1_369' title='bbox 1768 1320 1843 1352; x_wconf 92' lang='lat' dir='ltr'>pro-</span> 
     </span>
     <span class='ocr_line' id='line_1_72' title="bbox 1106 1360 1842 1404; baseline 0.004 -13"><span class='ocrx_word' id='word_1_370' title='bbox 1106 1360 1214 1403; x_wconf 89' lang='lat' dir='ltr'>prium</span> <span class='ocrx_word' id='word_1_371' title='bbox 1251 1360 1376 1399; x_wconf 81' lang='lat' dir='ltr'>habeat,</span> <span class='ocrx_word' id='word_1_372' title='bbox 1404 1370 1511 1402; x_wconf 83' lang='lat' dir='ltr'>neque</span> <span class='ocrx_word' id='word_1_373' title='bbox 1543 1361 1709 1402; x_wconf 79' lang='lat' dir='ltr'>pecunias,</span> <span class='ocrx_word' id='word_1_374' title='bbox 1735 1371 1842 1404; x_wconf 86' lang='lat' dir='ltr'>neque</span> 
     </span>
     <span class='ocr_line' id='line_1_73' title="bbox 1106 1413 1842 1458; baseline 0.003 -13"><span class='ocrx_word' id='word_1_375' title='bbox 1106 1424 1180 1445; x_wconf 85' lang='lat' dir='ltr'>vasa</span> <span class='ocrx_word' id='word_1_376' title='bbox 1204 1413 1312 1456; x_wconf 84' lang='lat' dir='ltr'>aliqua</span> <span class='ocrx_word' id='word_1_377' title='bbox 1337 1423 1435 1445; x_wconf 84' lang='lat' dir='ltr'>aurea</span> <span class='ocrx_word' id='word_1_378' title='bbox 1462 1414 1510 1445; x_wconf 81' lang='lat' dir='ltr'>vel</span> <span class='ocrx_word' id='word_1_379' title='bbox 1537 1419 1689 1455; x_wconf 80' lang='lat' dir='ltr'>argentea</span> <span class='ocrx_word' id='word_1_380' title='bbox 1706 1441 1713 1453; x_wconf 90' lang='lat'>,</span> <span class='ocrx_word' id='word_1_381' title='bbox 1736 1425 1842 1458; x_wconf 86' lang='lat' dir='ltr'>neque</span> 
     </span>
     <span class='ocr_line' id='line_1_74' title="bbox 1106 1466 1842 1510; baseline 0.004 -13"><span class='ocrx_word' id='word_1_382' title='bbox 1106 1466 1161 1499; x_wconf 90' lang='lat' dir='ltr'>illa</span> <span class='ocrx_word' id='word_1_383' title='bbox 1185 1466 1356 1509; x_wconf 75' lang='lat' dir='ltr'>expendat,</span> <span class='ocrx_word' id='word_1_384' title='bbox 1380 1476 1487 1508; x_wconf 88' lang='lat' dir='ltr'>neque</span> <span class='ocrx_word' id='word_1_385' title='bbox 1512 1472 1692 1507; x_wconf 84' lang='lat' dir='ltr'>consumat,</span> <span class='ocrx_word' id='word_1_386' title='bbox 1719 1468 1842 1510; x_wconf 83' lang='lat' dir='ltr'>absque</span> 
     </span>
     <span class='ocr_line' id='line_1_75' title="bbox 1106 1519 1844 1563; baseline 0.003 -12"><span class='ocrx_word' id='word_1_387' title='bbox 1106 1520 1153 1552; x_wconf 90' lang='lat' dir='ltr'>sui</span> <span class='ocrx_word' id='word_1_388' title='bbox 1179 1520 1316 1563; x_wconf 87' lang='lat' dir='ltr'>praelati</span> <span class='ocrx_word' id='word_1_389' title='bbox 1337 1519 1476 1559; x_wconf 76' lang='lat' dir='ltr'>licentia,</span> <span class='ocrx_word' id='word_1_390' title='bbox 1495 1530 1601 1562; x_wconf 82' lang='lat' dir='ltr'>neque</span> <span class='ocrx_word' id='word_1_391' title='bbox 1620 1530 1732 1553; x_wconf 87' lang='lat' dir='ltr'>rursus</span> <span class='ocrx_word' id='word_1_392' title='bbox 1751 1521 1844 1563; x_wconf 90' lang='lat' dir='ltr'>quid-</span> 
     </span>
     <span class='ocr_line' id='line_1_76' title="bbox 1106 1572 1841 1616; baseline 0.003 -13"><span class='ocrx_word' id='word_1_393' title='bbox 1106 1583 1201 1616; x_wconf 83' lang='lat' dir='ltr'>quam</span> <span class='ocrx_word' id='word_1_394' title='bbox 1222 1572 1291 1606; x_wconf 86' lang='lat' dir='ltr'>sine</span> <span class='ocrx_word' id='word_1_395' title='bbox 1311 1573 1583 1606; x_wconf 81' lang='lat' dir='ltr'>commendatoris</span> <span class='ocrx_word' id='word_1_396' title='bbox 1604 1572 1699 1606; x_wconf 74' lang='lat' dir='ltr'>venia</span> <span class='ocrx_word' id='word_1_397' title='bbox 1716 1574 1841 1613; x_wconf 85' lang='lat' dir='ltr'>vendat,</span> 
     </span>
     <span class='ocr_line' id='line_1_77' title="bbox 1106 1630 1335 1669; baseline 0 -11"><span class='ocrx_word' id='word_1_398' title='bbox 1106 1635 1213 1669; x_wconf 88' lang='lat' dir='ltr'>neque</span> <span class='ocrx_word' id='word_1_399' title='bbox 1239 1630 1335 1658; x_wconf 89' lang='lat' dir='ltr'>emat.</span> 
     </span>
    </p>

    <p class='ocr_par' dir='ltr' id='par_1_12' title="bbox 1104 1678 1843 2135">
     <span class='ocr_line' id='line_1_78' title="bbox 1149 1678 1843 1722; baseline 0.001 -11"><span class='ocrx_word' id='word_1_400' title='bbox 1149 1688 1184 1712; x_wconf 87' lang='lat'>11.</span> <span class='ocrx_word' id='word_1_401' title='bbox 1212 1678 1243 1712; x_wconf 86' lang='lat' dir='ltr'>Si</span> <span class='ocrx_word' id='word_1_402' title='bbox 1269 1678 1346 1722; x_wconf 87' lang='lat' dir='ltr'>quid</span> <span class='ocrx_word' id='word_1_403' title='bbox 1372 1688 1447 1711; x_wconf 88' lang='lat' dir='ltr'>vcro</span> <span class='ocrx_word' id='word_1_404' title='bbox 1474 1688 1509 1711; x_wconf 87' lang='lat' dir='ltr'>ex</span> <span class='ocrx_word' id='word_1_405' title='bbox 1536 1678 1726 1712; x_wconf 88' lang='lat' dir='ltr'>huiusmodi</span> <span class='ocrx_word' id='word_1_406' title='bbox 1747 1679 1843 1712; x_wconf 85' lang='lat' dir='ltr'>bonis</span> 
     </span>
     <span class='ocr_line' id='line_1_79' title="bbox 1105 1731 1842 1765; baseline 0.003 -2"><span class='ocrx_word' id='word_1_407' title='bbox 1105 1731 1200 1764; x_wconf 88' lang='lat' dir='ltr'>alicui</span> <span class='ocrx_word' id='word_1_408' title='bbox 1226 1731 1316 1764; x_wconf 84' lang='lat' dir='ltr'>fratri</span> <span class='ocrx_word' id='word_1_409' title='bbox 1343 1732 1498 1764; x_wconf 86' lang='lat' dir='ltr'>donatum</span> <span class='ocrx_word' id='word_1_410' title='bbox 1532 1732 1629 1765; x_wconf 86' lang='lat' dir='ltr'>suerit</span> <span class='ocrx_word' id='word_1_411' title='bbox 1665 1733 1705 1765; x_wconf 86' lang='lat' dir='ltr'>ab</span> <span class='ocrx_word' id='word_1_412' title='bbox 1731 1733 1842 1765; x_wconf 87' lang='lat' dir='ltr'>amicis</span> 
     </span>
     <span class='ocr_line' id='line_1_80' title="bbox 1105 1784 1842 1827; baseline 0 -10"><span class='ocrx_word' id='word_1_413' title='bbox 1105 1785 1153 1817; x_wconf 86' lang='lat' dir='ltr'>vel</span> <span class='ocrx_word' id='word_1_414' title='bbox 1177 1784 1442 1826; x_wconf 76' lang='lat' dir='ltr'>consanguineis,</span> <span class='ocrx_word' id='word_1_415' title='bbox 1479 1789 1533 1816; x_wconf 90' lang='lat' dir='ltr'>aut</span> <span class='ocrx_word' id='word_1_416' title='bbox 1570 1785 1739 1827; x_wconf 83' lang='lat' dir='ltr'>quibusvis</span> <span class='ocrx_word' id='word_1_417' title='bbox 1771 1785 1842 1818; x_wconf 86' lang='lat' dir='ltr'>aliis</span> 
     </span>
     <span class='ocr_line' id='line_1_81' title="bbox 1104 1837 1843 1880; baseline 0.001 -10"><span class='ocrx_word' id='word_1_418' title='bbox 1104 1837 1261 1880; x_wconf 81' lang='lat' dir='ltr'>personis,</span> <span class='ocrx_word' id='word_1_419' title='bbox 1299 1847 1501 1880; x_wconf 86' lang='lat' dir='ltr'>quacumque</span> <span class='ocrx_word' id='word_1_420' title='bbox 1526 1838 1654 1870; x_wconf 90' lang='lat' dir='ltr'>ratione</span> <span class='ocrx_word' id='word_1_421' title='bbox 1689 1838 1721 1870; x_wconf 89' lang='lat' dir='ltr'>id</span> <span class='ocrx_word' id='word_1_422' title='bbox 1753 1848 1843 1871; x_wconf 85' lang='lat' dir='ltr'>recc-</span> 
     </span>
     <span class='ocr_line' id='line_1_82' title="bbox 1105 1890 1842 1934; baseline 0.003 -12"><span class='ocrx_word' id='word_1_423' title='bbox 1105 1890 1202 1933; x_wconf 87' lang='lat' dir='ltr'>perit,</span> <span class='ocrx_word' id='word_1_424' title='bbox 1226 1891 1310 1922; x_wconf 87' lang='lat' dir='ltr'>intra</span> <span class='ocrx_word' id='word_1_425' title='bbox 1335 1891 1473 1933; x_wconf 87' lang='lat' dir='ltr'>spatium</span> <span class='ocrx_word' id='word_1_426' title='bbox 1499 1891 1611 1933; x_wconf 78' lang='lat' dir='ltr'>viginti</span> <span class='ocrx_word' id='word_1_427' title='bbox 1628 1896 1766 1934; x_wconf 89' lang='lat' dir='ltr'>quatuor</span> <span class='ocrx_word' id='word_1_428' title='bbox 1783 1891 1842 1924; x_wconf 91' lang='lat' dir='ltr'>ho-</span> 
     </span>
     <span class='ocr_line' id='line_1_83' title="bbox 1107 1943 1843 1986; baseline 0.003 -11"><span class='ocrx_word' id='word_1_429' title='bbox 1107 1953 1214 1976; x_wconf 88' lang='lat' dir='ltr'>rarum</span> <span class='ocrx_word' id='word_1_430' title='bbox 1246 1944 1394 1985; x_wconf 84' lang='lat' dir='ltr'>praelato</span> <span class='ocrx_word' id='word_1_431' title='bbox 1419 1944 1555 1986; x_wconf 89' lang='lat' dir='ltr'>proprio</span> <span class='ocrx_word' id='word_1_432' title='bbox 1587 1943 1782 1984; x_wconf 86' lang='lat' dir='ltr'>manifestet,</span> <span class='ocrx_word' id='word_1_433' title='bbox 1808 1950 1843 1977; x_wconf 91' lang='lat' dir='ltr'>ut</span> 
     </span>
     <span class='ocr_line' id='line_1_84' title="bbox 1104 1996 1843 2041; baseline 0.003 -13"><span class='ocrx_word' id='word_1_434' title='bbox 1104 1996 1137 2028; x_wconf 91' lang='lat' dir='ltr'>in</span> <span class='ocrx_word' id='word_1_435' title='bbox 1154 1996 1317 2029; x_wconf 86' lang='lat' dir='ltr'>communi</span> <span class='ocrx_word' id='word_1_436' title='bbox 1343 1996 1490 2039; x_wconf 89' lang='lat' dir='ltr'>deposito</span> <span class='ocrx_word' id='word_1_437' title='bbox 1509 1997 1723 2037; x_wconf 87' lang='lat' dir='ltr'>custodiatur,</span> <span class='ocrx_word' id='word_1_438' title='bbox 1741 2003 1772 2030; x_wconf 89' lang='lat' dir='ltr'>et</span> <span class='ocrx_word' id='word_1_439' title='bbox 1791 2008 1843 2041; x_wconf 85' lang='lat' dir='ltr'>pa·</span> 
     </span>
     <span class='ocr_line' id='line_1_85' title="bbox 1105 2049 1842 2095; baseline 0.001 -13"><span class='ocrx_word' id='word_1_440' title='bbox 1105 2049 1184 2082; x_wconf 89' lang='lat' dir='ltr'>riter</span> <span class='ocrx_word' id='word_1_441' title='bbox 1206 2049 1291 2082; x_wconf 87' lang='lat' dir='ltr'>intra</span> <span class='ocrx_word' id='word_1_442' title='bbox 1324 2049 1426 2082; x_wconf 88' lang='lat' dir='ltr'>dictas</span> <span class='ocrx_word' id='word_1_443' title='bbox 1463 2049 1562 2083; x_wconf 83' lang='lat' dir='ltr'>horas</span> <span class='ocrx_word' id='word_1_444' title='bbox 1594 2050 1627 2083; x_wconf 93' lang='lat' dir='ltr'>id</span> <span class='ocrx_word' id='word_1_445' title='bbox 1652 2050 1774 2095; x_wconf 86' lang='lat' dir='ltr'>absque</span> <span class='ocrx_word' id='word_1_446' title='bbox 1803 2051 1842 2085; x_wconf 90' lang='lat' dir='ltr'>li-</span> 
     </span>
     <span class='ocr_line' id='line_1_86' title="bbox 1105 2101 1436 2135; baseline 0 -1"><span class='ocrx_word' id='word_1_447' title='bbox 1105 2101 1209 2135; x_wconf 78' lang='lat' dir='ltr'>centia</span> <span class='ocrx_word' id='word_1_448' title='bbox 1233 2112 1299 2134; x_wconf 90' lang='lat' dir='ltr'>non</span> <span class='ocrx_word' id='word_1_449' title='bbox 1320 2107 1436 2134; x_wconf 86' lang='lat' dir='ltr'>sumat.</span> 
     </span>
    </p>

    <p class='ocr_par' dir='ltr' id='par_1_13' title="bbox 1104 2155 1841 2464">
     <span class='ocr_line' id='line_1_87' title="bbox 1148 2155 1840 2199; baseline 0.003 -11"><span class='ocrx_word' id='word_1_450' title='bbox 1148 2164 1196 2188; x_wconf 89' lang='lat'>111.</span> <span class='ocrx_word' id='word_1_451' title='bbox 1222 2155 1444 2198; x_wconf 78' lang='lat' dir='ltr'>praecipimus</span> <span class='ocrx_word' id='word_1_452' title='bbox 1466 2161 1569 2188; x_wconf 79' lang='lat' dir='ltr'>autem</span> <span class='ocrx_word' id='word_1_453' title='bbox 1590 2157 1757 2199; x_wconf 84' lang='lat' dir='ltr'>praelatis,</span> <span class='ocrx_word' id='word_1_454' title='bbox 1782 2158 1840 2190; x_wconf 88' lang='lat' dir='ltr'>sub</span> 
     </span>
     <span class='ocr_line' id='line_1_88' title="bbox 1105 2207 1830 2250; baseline 0.006 -11"><span class='ocrx_word' id='word_1_455' title='bbox 1105 2209 1211 2250; x_wconf 74' lang='lat' dir='ltr'>poena</span> <span class='ocrx_word' id='word_1_456' title='bbox 1235 2207 1428 2250; x_wconf 82' lang='lat' dir='ltr'>privationis</span> <span class='ocrx_word' id='word_1_457' title='bbox 1453 2208 1558 2248; x_wconf 83' lang='lat' dir='ltr'>officii,</span> <span class='ocrx_word' id='word_1_458' title='bbox 1584 2219 1624 2242; x_wconf 90' lang='lat' dir='ltr'>ne</span> <span class='ocrx_word' id='word_1_459' title='bbox 1651 2220 1667 2241; x_wconf 89' lang='lat' dir='ltr'>a</span> <span class='ocrx_word' id='word_1_460' title='bbox 1685 2210 1746 2242; x_wconf 88' lang='lat' dir='ltr'>sibi</span> <span class='ocrx_word' id='word_1_461' title='bbox 1772 2212 1830 2243; x_wconf 85' lang='lat' dir='ltr'>sub</span> 
     </span>
     <span class='ocr_line' id='line_1_89' title="bbox 1105 2261 1839 2306; baseline 0.001 -11"><span class='ocrx_word' id='word_1_462' title='bbox 1105 2261 1179 2295; x_wconf 86' lang='lat' dir='ltr'>ditis</span> <span class='ocrx_word' id='word_1_463' title='bbox 1196 2288 1203 2301; x_wconf 95' lang='lat'>,</span> <span class='ocrx_word' id='word_1_464' title='bbox 1230 2271 1266 2294; x_wconf 82' lang='lat' dir='ltr'>ex</span> <span class='ocrx_word' id='word_1_465' title='bbox 1296 2261 1346 2293; x_wconf 88' lang='lat' dir='ltr'>his</span> <span class='ocrx_word' id='word_1_466' title='bbox 1381 2271 1462 2304; x_wconf 85' lang='lat' dir='ltr'>quae</span> <span class='ocrx_word' id='word_1_467' title='bbox 1487 2261 1521 2294; x_wconf 90' lang='lat' dir='ltr'>in</span> <span class='ocrx_word' id='word_1_468' title='bbox 1553 2264 1716 2296; x_wconf 88' lang='lat' dir='ltr'>communi</span> <span class='ocrx_word' id='word_1_469' title='bbox 1742 2264 1839 2306; x_wconf 87' lang='lat' dir='ltr'>depo-</span> 
     </span>
     <span class='ocr_line' id='line_1_90' title="bbox 1105 2314 1841 2357; baseline 0.004 -11"><span class='ocrx_word' id='word_1_470' title='bbox 1105 2314 1167 2346; x_wconf 86' lang='lat' dir='ltr'>sito</span> <span class='ocrx_word' id='word_1_471' title='bbox 1193 2314 1326 2354; x_wconf 78' lang='lat' dir='ltr'>liabent,</span> <span class='ocrx_word' id='word_1_472' title='bbox 1353 2315 1540 2357; x_wconf 79' lang='lat' dir='ltr'>quidquam,</span> <span class='ocrx_word' id='word_1_473' title='bbox 1566 2317 1618 2348; x_wconf 85' lang='lat' dir='ltr'>vel</span> <span class='ocrx_word' id='word_1_474' title='bbox 1644 2316 1676 2348; x_wconf 92' lang='lat' dir='ltr'>in</span> <span class='ocrx_word' id='word_1_475' title='bbox 1706 2317 1841 2349; x_wconf 70' lang='lat' dir='ltr'>minima</span> 
     </span>
     <span class='ocr_line' id='line_1_91' title="bbox 1105 2367 1841 2410; baseline 0.005 -12"><span class='ocrx_word' id='word_1_476' title='bbox 1105 2367 1295 2409; x_wconf 83' lang='lat' dir='ltr'>quantitate,</span> <span class='ocrx_word' id='word_1_477' title='bbox 1321 2377 1428 2410; x_wconf 87' lang='lat' dir='ltr'>neque</span> <span class='ocrx_word' id='word_1_478' title='bbox 1453 2367 1492 2399; x_wconf 86' lang='lat' dir='ltr'>ad</span> <span class='ocrx_word' id='word_1_479' title='bbox 1517 2367 1743 2402; x_wconf 81' lang='lat' dir='ltr'>brevissimum</span> <span class='ocrx_word' id='word_1_480' title='bbox 1762 2374 1841 2402; x_wconf 80' lang='lat' dir='ltr'>teni-</span> 
     </span>
     <span class='ocr_line' id='line_1_92' title="bbox 1104 2425 1690 2464; baseline 0.005 -13"><span class='ocrx_word' id='word_1_481' title='bbox 1104 2429 1175 2462; x_wconf 91' lang='lat' dir='ltr'>pus,</span> <span class='ocrx_word' id='word_1_482' title='bbox 1200 2425 1330 2452; x_wconf 78' lang='lat' dir='ltr'>sumant</span> <span class='ocrx_word' id='word_1_483' title='bbox 1354 2425 1409 2452; x_wconf 88' lang='lat' dir='ltr'>aut</span> <span class='ocrx_word' id='word_1_484' title='bbox 1429 2426 1542 2454; x_wconf 89' lang='lat' dir='ltr'>mutuo</span> <span class='ocrx_word' id='word_1_485' title='bbox 1568 2427 1690 2464; x_wconf 86' lang='lat' dir='ltr'>petant.</span> 
     </span>
    </p>

    <p class='ocr_par' dir='ltr' id='par_1_14' title="bbox 1104 2472 1839 2623">
     <span class='ocr_line' id='line_1_93' title="bbox 1148 2472 1839 2517; baseline 0.004 -11"><span class='ocrx_word' id='word_1_486' title='bbox 1148 2483 1190 2506; x_wconf 87' lang='lat' dir='ltr'>lv.</span> <span class='ocrx_word' id='word_1_487' title='bbox 1217 2472 1330 2505; x_wconf 88' lang='lat' dir='ltr'>Nullus</span> <span class='ocrx_word' id='word_1_488' title='bbox 1366 2473 1539 2515; x_wconf 81' lang='lat' dir='ltr'>religiosus</span> <span class='ocrx_word' id='word_1_489' title='bbox 1576 2475 1682 2517; x_wconf 81' lang='lat' dir='ltr'>possit</span> <span class='ocrx_word' id='word_1_490' title='bbox 1716 2475 1839 2509; x_wconf 87' lang='lat' dir='ltr'>habere</span> 
     </span>
     <span class='ocr_line' id='line_1_94' title="bbox 1104 2526 1838 2567; baseline 0.005 -10"><span class='ocrx_word' id='word_1_491' title='bbox 1104 2536 1229 2558; x_wconf 86' lang='lat' dir='ltr'>annuos</span> <span class='ocrx_word' id='word_1_492' title='bbox 1263 2526 1408 2558; x_wconf 82' lang='lat' dir='ltr'>redditus</span> <span class='ocrx_word' id='word_1_493' title='bbox 1444 2537 1499 2559; x_wconf 87' lang='lat' dir='ltr'>seu</span> <span class='ocrx_word' id='word_1_494' title='bbox 1536 2537 1663 2567; x_wconf 86' lang='lat' dir='ltr'>census,</span> <span class='ocrx_word' id='word_1_495' title='bbox 1702 2528 1763 2560; x_wconf 90' lang='lat' dir='ltr'>nisi</span> <span class='ocrx_word' id='word_1_496' title='bbox 1799 2529 1838 2561; x_wconf 86' lang='lat' dir='ltr'>de</span> 
     </span>
     <span class='ocr_line' id='line_1_95' title="bbox 1104 2578 1839 2623; baseline 0.004 -13"><span class='ocrx_word' id='word_1_497' title='bbox 1104 2578 1235 2611; x_wconf 76' lang='lat' dir='ltr'>licentia</span> <span class='ocrx_word' id='word_1_498' title='bbox 1261 2578 1352 2611; x_wconf 85' lang='lat' dir='ltr'>Sedis</span> <span class='ocrx_word' id='word_1_499' title='bbox 1378 2579 1604 2622; x_wconf 80' lang='lat' dir='ltr'>Apostolicae;</span> <span class='ocrx_word' id='word_1_500' title='bbox 1631 2580 1717 2623; x_wconf 87' lang='lat' dir='ltr'>quod</span> <span class='ocrx_word' id='word_1_501' title='bbox 1742 2579 1766 2612; x_wconf 84' lang='lat' dir='ltr'>si</span> <span class='ocrx_word' id='word_1_502' title='bbox 1791 2591 1839 2614; x_wconf 85' lang='lat' dir='ltr'>se-</span> 
     </span>
    </p>
   </div>
   <div class='ocr_carea' id='block_1_8' title="bbox 1849 203 2026 232">
    <p class='ocr_par' dir='ltr' id='par_1_15' title="bbox 1849 203 2026 232">
     <span class='ocr_line' id='line_1_96' title="bbox 1849 203 2026 232; baseline 0.017 -3"><span class='ocrx_word' id='word_1_503' title='bbox 1849 204 1896 230; x_wconf 67' lang='lat' dir='ltr'>An.</span> <span class='ocrx_word' id='word_1_504' title='bbox 1915 203 1942 230; x_wconf 81' lang='lat' dir='ltr'>C.</span> <span class='ocrx_word' id='word_1_505' title='bbox 1967 204 2026 232; x_wconf 67' lang='lat' dir='ltr'>lesit</span> 
     </span>
    </p>
   </div>
   <div class='ocr_carea' id='block_1_9' title="bbox 1878 896 1997 943">
    <p class='ocr_par' dir='ltr' id='par_1_16' title="bbox 1878 896 1997 943">
     <span class='ocr_line' id='line_1_97' title="bbox 1890 896 1997 917; baseline 0.019 -2"><span class='ocrx_word' id='word_1_506' title='bbox 1890 896 1939 917; x_wconf 65' lang='lat' dir='ltr'>(tm</span> <span class='ocrx_word' id='word_1_507' title='bbox 1948 903 1957 916; x_wconf 81' lang='grc' dir='ltr'>ῐ</span> <span class='ocrx_word' id='word_1_508' title='bbox 1974 897 1997 917; x_wconf 89' lang='lat' dir='ltr'>ll.</span> 
     </span>
     <span class='ocr_line' id='line_1_98' title="bbox 1878 922 1968 943; baseline 0.011 -1"><span class='ocrx_word' id='word_1_509' title='bbox 1878 922 1907 942; x_wconf 64' lang='lat' dir='ltr'>D*</span> <span class='ocrx_word' id='word_1_510' title='bbox 1934 928 1968 943; x_wconf 69' lang='lat'>⁴1¹0</span> 
     </span>
    </p>
   </div>
   <div class='ocr_carea' id='block_1_10' title="bbox 1852 931 1952 976">
    <p class='ocr_par' dir='ltr' id='par_1_17' title="bbox 1852 931 1952 976">
     <span class='ocr_line' id='line_1_99' title="bbox 1898 931 1952 943; baseline 0 -2"><span class='ocrx_word' id='word_1_511' title='bbox 1898 932 1905 943; x_wconf 59' lang='grc' dir='ltr'>ζ</span> <span class='ocrx_word' id='word_1_512' title='bbox 1923 931 1927 941; x_wconf 73' lang='lat' dir='ltr'>l</span> <span class='ocrx_word' id='word_1_513' title='bbox 1951 938 1952 941; x_wconf 46' lang='lat' dir='ltr'>i</span> 
     </span>
     <span class='ocr_line' id='line_1_100' title="bbox 1852 952 1945 976; baseline 0.022 -8"><span class='ocrx_word' id='word_1_514' title='bbox 1852 952 1945 976; x_wconf 66' lang='lat' dir='ltr'>pert-itis.</span> 
     </span>
    </p>
   </div>
   <div class='ocr_carea' id='block_1_11' title="bbox 1982 930 2033 950">
    <p class='ocr_par' dir='ltr' id='par_1_18' title="bbox 1982 930 2033 950">
     <span class='ocr_line' id='line_1_101' title="bbox 1982 930 2033 950; baseline 0.02 -7"><span class='ocrx_word' id='word_1_515' title='bbox 1982 930 2033 950; x_wconf 64' lang='lat' dir='ltr'><strong>{hlu-</strong></span> 
     </span>
    </p>
   </div>
  </div>
 </body>
</html>
