2227 3225
151 216 200 244 An.
221 215 250 243 G.
269 217 336 245 1095

147 1339 331 1391 ρη..,,”.;’;2“”;;3
365 1379 371 1384 .
425 1379 430 1384 .
597 1378 602 1382 .
706 1378 711 1383 ,
839 1378 844 1383 .

146 1396 206 1418 piae
222 1385 431 1417 negatumnlssu'l
457 1380 621 1422 generalis
647 1383 729 1411 votis
750 1378 812 1410 hac
838 1389 870 1410 in
895 1389 928 1411 re
961 1379 1081 1410 favora-

937 216 1144 240 lxxem-:mus
1171 215 1214 239 ΧΠ
1239 216 1286 239 ΓΡ.

345 264 508 307 generalis
535 264 673 306 (tametsi
701 263 865 296 existimet
896 263 1083 305 religiosos,

344 318 426 361 qui,
462 323 599 360 propter
635 316 854 350 intirmitatem
895 322 951 349 aut
988 316 1084 349 aliam

343 369 487 413 quamvis
505 370 741 410 necessitatem,
757 369 852 402 vitain
878 379 1084 402 communem

343 422 471 465 aliaque
498 422 529 454 in
555 422 766 465 praeinsertis
787 422 968 456 lnuoceutii
991 432 1084 465 prac-

343 476 524 509 decessoris
542 475 658 509 littcris
675 476 876 520 praescripta
895 480 1005 508 exacte
1027 475 1084 507 ob-

343 539 470 562 servare
494 534 674 572 nequeunt,
692 529 731 562 ab
745 529 858 561 officiis
877 534 909 561 ct
929 528 1083 571 gradibus

342 582 581 626 superioritatis
602 583 727 616 excludi
758 583 891 622 debere,
915 593 1027 625 seque,
1046 593 1083 615 ac

342 646 401 679 pro
427 641 577 678 tempore
603 636 798 668 existentem
824 635 1007 668 ministrum
1034 645 1084 677 ge-

342 691 489 722 neralem
514 688 644 722 Ordinis
671 688 866 732 supradicti,
894 699 961 729 eos,
986 688 1082 720 etiam

343 743 422 775 alias
447 743 605 775 canonice
631 743 767 782 electos,
786 742 875 774 iuxta
895 742 1083 775 earumdem
1103 753 1104 768 ι

342 795 523 828 litterarum
542 795 688 833 sormam,
703 795 874 828 excludere
889 804 994 837 posse,
1011 795 1082 826 illos

342 854 469 890 autem,
499 847 554 891 qui
592 847 799 891 culpabiliter
831 848 948 880 dictam
985 847 1081 879 vitam

341 911 546 935 communem
573 911 637 934 non
663 901 859 940 observant,
886 906 916 934 et
948 911 983 933 ex
1011 911 1080 932 ma-

341 954 412 988 litia
438 954 655 997 delinquunt,
683 965 746 986 non
773 956 877 987 solum
905 955 944 986 ab
970 953 1082 987 olliciis

342 1013 373 1041 et
385 1008 539 1051 gradibus
559 1007 747 1040 huiusmodi
763 1008 898 1047 excludi,
915 1007 968 1039 sed
985 1007 1081 1039 etiam

342 1061 459 1105 poenis
485 1067 598 1094 contra
624 1066 864 1103 trangressores
881 1061 1007 1093 statutis
1025 1071 1082 1103 pu-
1102 1097 1103 1100 Ἰ

341 1113 405 1148 niri
432 1114 571 1156 debere)
597 1113 813 1146 nihilomiuus
836 1114 969 1146 dubium
989 1123 1081 1156 prac-

342 1168 439 1201 satum
474 1167 633 1200 declarari
666 1177 702 1199 ac
739 1167 817 1199 alias
856 1167 996 1209 desuper
1027 1177 1083 1209 op-

340 1226 483 1265 portune
501 1231 519 1253 a
536 1220 631 1253 nobis
651 1219 815 1264 provideri
833 1219 1012 1264 plurimun]
1032 1219 1084 1252 de-

341 1274 481 1308 sideret:

385 1326 400 1369 ἓ
424 1326 456 1360 3.
483 1325 560 1367 Nos,
588 1326 736 1359 eiusdem
755 1326 1002 1359 Bonaventurae
1024 1325 1082 1358 mi-

339 1432 450 1465 biliter
474 1441 617 1464 annuere
641 1432 798 1471 volentes,
818 1441 958 1474 eumque
976 1442 993 1463 a
1012 1430 1081 1474 qui-

339 1485 446 1518 busvis
472 1483 829 1525 excommunicationis,
856 1484 1082 1527 suspensionis

340 1544 372 1572 et
397 1538 572 1578 interdicti,
592 1537 731 1581 aliisque
758 1537 987 1571 ecclesiasticis
1012 1548 1083 1570 sen-

339 1591 459 1632 tentiis,
487 1591 635 1624 censuris
666 1597 696 1624 et
729 1591 867 1634 poenis,
894 1602 910 1624 a
936 1591 1006 1624 iure
1031 1592 1080 1624 vel

338 1645 378 1678 ab
404 1644 549 1685 homine,
564 1643 673 1688 quavis
711 1644 881 1677 occasione
907 1645 955 1677 vel
987 1647 1082 1678 causa

338 1697 423 1738 latis,
447 1697 473 1730 si
498 1697 613 1741 quibus
639 1697 1081 1741 quomodolibetinuodatus

341 1752 462 1793 existit,
489 1751 528 1784 ad
553 1751 702 1786 effectum
734 1751 956 1795 praesentium
990 1752 1081 1785 dum-

341 1810 429 1838 taxat
448 1805 735 1848 consequendum,
763 1805 878 1837 harum
904 1805 991 1838 serie
1027 1806 1082 1838 ab·

339 1859 505 1892 solventes
531 1863 563 1891 et
587 1857 769 1891 absolutum
802 1858 870 1891 sore
895 1864 1079 1900 censentes,

301 1940 312 1948 ,
340 1911 635 1956 supplicationibus
648 1911 750 1954 ipsius
768 1911 1010 1946 Bonaventurae
1027 1912 1079 1945 mi-

339 1965 429 1999 nistri
456 1964 620 2008 generalis
641 1964 773 1998 nomine
789 1964 884 1997 nobis
900 1976 999 2008 super
1016 1966 1080 1999 hoe

338 2018 508 2053 humiliter
532 2018 693 2062 porrectis
720 2017 876 2059 inclinati,
914 2019 952 2051 de
989 2015 1100 2066 reue}

338 2072 492 2106 rabilium
523 2072 658 2104 fratrum
695 2077 883 2104 nostrorum
916 2072 948 2104 S.
978 2072 1015 2105 R.
1042 2068 1101 2104 Es

338 2125 554 2158 cardinalium
579 2130 611 2158 et
636 2124 831 2157 dilectorum
850 2123 993 2157 filiorum
1019 2124 1100 2163 llo-2

338 2189 451 2212 manae
476 2177 589 2211 Curiae
613 2178 835 2221 praelatorum
859 2187 957 2220 super
981 2177 1078 2210 disei-
1098 2164 1100 2210 l

338 2233 427 2275 plina
452 2231 592 2275 regulari
619 2230 803 2274 specialiter
821 2242 837 2263 a
858 2230 952 2264 nobis
977 2231 1079 2274 depu-

340 2291 491 2327 tatorum,
518 2285 573 2329 qui
599 2295 667 2318 rem
701 2290 824 2317 mature
847 2284 1077 2326 discusserunt,

340 2338 483 2378 consilio,
505 2337 679 2381 religiosos
710 2347 824 2371 omnes
859 2337 995 2381 praefati
1027 2338 1100 2379 Or-;

341 2391 438 2432 dinis,
451 2391 506 2435 qui
521 2391 618 2424 vitam
629 2401 834 2424 communem
853 2391 1079 2424 observantiae

341 2444 372 2476 in
398 2445 610 2488 praeinsertis
623 2445 802 2479 innocentii
813 2444 1077 2488 praedecessoris

341 2497 457 2531 litteris
473 2499 706 2542 praescriptam
731 2509 807 2532 vere
825 2504 856 2532 et
872 2509 945 2531 Cum
963 2497 1077 2532 effectu

340 2550 433 2594 sequi
458 2561 522 2584 non
547 2552 660 2592 solent,
688 2552 812 2585 etiamsi
837 2552 869 2585 id
892 2562 927 2584 ex
946 2551 1079 2585 infirmi-

341 2608 404 2637 tate
429 2614 484 2637 seu
509 2605 571 2638 alia
596 2606 707 2649 quavis
738 2606 929 2640 necessitate
955 2611 986 2639 et
1006 2605 1077 2639 abs-

427 2667 506 2696 Bucl.
528 2667 611 2696 Rom.
628 2683 661 2688 —
679 2669 737 2697 Vol.
754 2669 815 2697 XX.
960 2669 993 2696 88

1127 274 1189 306 que
1216 263 1363 306 ipsorum
1389 262 1484 305 culpa
1501 262 1634 302 accidat,
1650 263 1682 295 in
1700 265 1864 306 praelatos

1126 326 1182 348 seu
1215 315 1402 358 superiores
1442 316 1586 348 eiusdem
1622 315 1751 348 Ordinis
1786 316 1864 358 eligi

1126 379 1190 401 non
1216 379 1312 412 posse
1333 395 1341 409 ,
1368 378 1543 411 eorumque
1581 368 1797 409 electionem,
1838 369 1865 401 si

1126 423 1256 465 quando
1278 421 1342 463 fiat,
1363 422 1487 454 tametsi
1503 418 1580 454 alias
1596 421 1752 454 canonica
1773 422 1866 462 soret,

1126 487 1143 508 a
1167 476 1314 519 praelato
1340 475 1405 507 sire
1432 475 1602 518 superiore
1622 473 1767 516 generali
1787 474 1866 506 dicti

1125 528 1264 568 Ordinis,
1293 530 1420 561 servata
1444 528 1550 571 quoad
1588 528 1651 560 boc
1677 538 1787 560 eorum
1815 526 1867 559 lit-

1126 587 1271 614 terarum
1297 581 1418 621 sormzi,
1446 581 1638 613 irritandam
1674 590 1761 620 csse,
1792 580 1867 613 illos

1125 645 1212 674 vero,
1233 635 1333 678 quiin
1348 634 1524 678 praedictis
1540 633 1766 667 observantiae
1785 644 1868 666 eom-

1124 687 1278 720 munibus
1297 687 1469 727 exercitiis,
1487 697 1543 719 seu
1563 686 1595 719 in
1614 696 1725 719 eorum
1745 686 1866 729 aliquo,

1125 740 1333 783 culpabiliter
1359 740 1498 772 delicere
1524 744 1774 778 cousuiwerunt,
1801 749 1867 771 non

1103 793 1239 833 unedo,
1266 797 1301 825 ut
1326 803 1436 835 supra,
1463 791 1661 834 ineligibiles
1693 802 1781 831 esse,
1809 791 1868 823 sed

1103 841 1104 844 ¹
1124 846 1258 889 insuper
1273 846 1387 889 poenis
1406 844 1677 878 constitutionum
1693 844 1797 887 ipsius
1812 843 1869 876 Or-

1124 898 1208 931 dinis
1242 898 1430 937 subiacere,
1458 897 1650 930 auctoritate
1677 897 1866 940 apostolica,

1102 951 1240 984 'tenore
1281 951 1504 994 praesentium
1524 977 1531 991 ‚
1568 951 1796 990 declaramus,
1829 960 1867 983 ac

1124 1004 1221 1037 etiam
1246 1004 1416 1037 statuimus
1441 1009 1473 1037 et
1498 1004 1700 1037 ordinamus.

1167 1058 1181 1100 g
1206 1057 1237 1089 4.
1259 1057 1490 1096 Decernentes‚
1505 1057 1592 1100 ipsas
1610 1063 1801 1100 praesentes
1818 1057 1865 1090 lit·

1124 1115 1209 1142 teras
1230 1120 1361 1152 semper
1382 1109 1499 1148 sirmas,
1523 1109 1644 1142 validas
1666 1115 1698 1142 et
1721 1110 1866 1143 efficaces

1124 1164 1263 1196 existere
1295 1168 1327 1196 et
1355 1163 1437 1203 sore,
1465 1174 1608 1206 suosque
1634 1164 1802 1206 plenarios
1835 1170 1867 1197 et

1123 1216 1267 1259 integros
1293 1216 1426 1250 effectus
1451 1217 1561 1249 sortiri
1587 1222 1619 1249 et
1643 1217 1803 1257 obtinere,
1830 1227 1867 1250 ac

1101 1270 1211 1319 ,illis,
1237 1270 1276 1302 ad
1302 1280 1384 1314 quos
1409 1275 1535 1313 spectat
1567 1275 1599 1303 et
1630 1281 1691 1313 pro
1717 1276 1867 1313 tempore

1124 1323 1399 1366 quandocumque
1425 1323 1596 1366 spectabit,
1614 1323 1646 1355 in
1665 1324 1817 1356 omuibus
1833 1329 1866 1357 et

1122 1387 1182 1419 per
1195 1376 1304 1409 onmia
1317 1376 1549 1409 inviolabiliter
1563 1377 1741 1417 observari,
1753 1379 1864 1420 sicque

1123 1429 1155 1462 in
1185 1429 1370 1472 praemissis
1396 1440 1458 1472 per
1486 1440 1710 1472 quoscumque
1740 1431 1863 1463 iudices

1123 1483 1307 1516 ordinarios
1324 1487 1357 1516 et
1373 1483 1553 1525 delegatos,
1576 1483 1673 1515 etiam
1694 1493 1864 1516 causarum

1122 1535 1234 1578 palatii
1259 1535 1430 1578 apostolici
1455 1535 1635 1575 auditores,
1671 1535 1807 1568 iudicari
1834 1541 1866 1569 et

1101 1588 1103 1592 ⁴
1123 1589 1250 1622 deliniri
1275 1589 1395 1622 debere
1411 1615 1418 1628 ,
1443 1599 1479 1621 ac
1503 1588 1633 1621 irritum
1659 1594 1690 1621 et
1706 1588 1815 1629 inane,
1838 1589 1865 1622 si

1122 1653 1216 1676 secus
1230 1652 1329 1686 super
1354 1642 1404 1674 liis
1429 1653 1447 1674 a
1472 1652 1651 1685 quoquam,
1678 1642 1789 1684 quavis
1815 1653 1864 1674 au-

1122 1695 1287 1736 ctoritate,
1314 1695 1458 1728 scienter
1482 1696 1531 1728 vel
1558 1694 1762 1738 ignoranter,
1790 1705 1865 1728 con-

1100 1750 1101 1754 ’
1122 1749 1232 1792 tigerit
1262 1748 1428 1781 attentari.

1166 1802 1180 1844 g
1203 1801 1233 1834 5.
1261 1801 1331 1834 Non
1368 1801 1573 1834 obstantibus
1600 1800 1800 1844 praemissis,
1825 1811 1863 1834 ac

1122 1854 1413 1888 constitutionibus
1438 1860 1470 1887 et
1502 1854 1761 1887 ordinationibus
1786 1865 1864 1897 apo-

1122 1908 1260 1949 stolicis,
1280 1918 1406 1941 necnon
1423 1907 1573 1941 omuibus
1592 1913 1623 1940 et
1641 1906 1778 1949 singulis
1796 1907 1863 1940 illis

1122 1972 1205 2005 quae
1230 1962 1262 1994 in
1288 1961 1499 2004 praeinsertis
1525 1960 1705 1993 Innocentii
1732 1960 1865 2003 praede-

1122 2015 1261 2048 cessoris
1294 2015 1410 2047 litteris
1436 2025 1593 2048 concessa
1618 2019 1693 2046 sunt
1716 2024 1782 2047 non
1805 2015 1864 2047 ob-

1121 2074 1221 2110 stare,
1247 2068 1428 2111 ceterisque
1455 2067 1626 2103 contrariis
1653 2067 1864 2112 quibuscum-

1121 2133 1194 2166 que.

1761 206 1823 240 097
1871 205 1919 232 An.
1941 204 1970 232 c.
1988 203 2056 233 ¹695

1904 1068 2024 1092 clausulae.

1943 1810 2057 1833 hernantio

1873 1839 1986 1858 conti-uno:
1995 1844 2034 1857 uin.

1164 2175 1181 2218 ἓ
1209 2173 1240 2207 6.
1274 2173 1428 2207 Volumus
1465 2179 1572 2207 autem
1607 2178 1641 2206 ut
1674 2174 1862 2208 earumdem
1907 2182 2056 2210 Tranmmpio-

1121 2227 1340 2272 praesentium
1361 2227 1544 2261 litterarum
1562 2228 1787 2271 transumptis,
1805 2239 1863 2262 seu

1121 2282 1290 2325 exemplis,
1310 2292 1408 2314 manu
1434 2281 1572 2315 alicuius
1599 2282 1718 2315 notarii
1738 2283 1863 2326 publici

1121 2335 1325 2378 subscriptis,
1340 2341 1370 2368 et
1383 2335 1491 2377 sigillo
1516 2346 1676 2378 personae
1702 2335 1736 2368 in
1761 2337 1863 2370 eccle-

1121 2389 1249 2422 siastica
1286 2388 1442 2431 dignitate
1476 2389 1674 2422 constitutae
1703 2389 1860 2431 munitis,

1121 2443 1234 2476 eadem
1247 2453 1383 2486 prorsus
1398 2442 1476 2475 tides
1492 2442 1612 2485 ubique
1628 2443 1774 2476 locorum
1797 2448 1861 2476 tarn

1121 2498 1153 2530 in
1178 2496 1299 2529 iudicio
1325 2506 1421 2540 quam
1447 2502 1537 2528 extra
1569 2495 1649 2529 illud
1676 2496 1858 2538 habeatur,

1120 2560 1203 2594 quae
1238 2549 1416 2583 haberetur
1450 2549 1530 2592 ipsis
1569 2550 1796 2593 praesentibus
1833 2549 1859 2582 si

1120 2605 1227 2638 serent
1252 2603 1417 2637 exhibitae
1442 2603 1492 2636 vel
1518 2608 1677 2636 ostensae.

1872 2215 1917 2232 rum
1932 2210 1992 2231 fides.
