2254 3225
268 204 306 228 An
339 201 457 230 01693
502 194 567 227 5⁶24

292 371 412 393 clausulae.

326 1164 440 1189 nvmgaiio

257 1194 370 1211 contrariui
377 1198 417 1212 usn.

293 2114 354 2134 Fides
380 2116 435 2136 tran-

251 2144 340 2167 sumpto!
347 2148 388 2163 um.

460 252 612 292 sentium,
632 262 668 285 ex
688 252 814 296 integro
833 263 869 288 ac
888 265 923 288 ex
941 255 1074 298 speciali
1093 257 1195 299 gratia

460 305 668 338 concedimus
693 310 724 339 et
747 307 964 350 indulgemus,

503 359 517 401 g
542 358 573 392 3.
601 359 829 402 Decernentes‚
848 362 979 394 easdem
1003 367 1194 405 praesentes

458 412 592 453 litteras,
618 423 747 457 semper
773 414 892 455 firmas,
921 415 1041 448 validas
1063 420 1095 448 et
1120 416 1190 449 effi-

458 474 551 498 caces
574 465 713 499 existere
738 471 770 499 et
795 467 873 507 sore,
899 478 1039 510 suosque
1074 469 1191 511 plena-

458 517 523 550 rios
548 523 579 551 et
602 518 747 561 integros
772 518 902 552 effectus
923 519 1031 552 sortiri
1057 525 1089 552 et
1111 520 1194 553 obti-

457 580 550 612 nere,
576 581 613 605 ae
636 571 712 612 illis,
740 572 778 605 ad
804 583 885 615 quos
917 577 1040 616 spectat
1071 577 1102 605 et
1133 575 1193 615 pro

458 628 602 668 tempore
619 625 890 668 quandocumque
916 625 1083 669 spectabit,
1102 625 1134 658 in
1159 635 1193 658 o-

457 676 587 709 mnibus
607 683 639 710 et
658 688 716 721 per
733 677 841 710 omnia
861 677 1052 721 plenissime
1073 677 1189 711 sull'ra-

458 730 539 773 gari,
564 736 595 763 et
619 731 658 763 ab
684 731 728 764 eis
753 731 931 774 respective
961 730 1193 764 inviolabiliter

457 782 646 824 observari,
691 783 801 827 sicque
841 783 874 816 in
909 784 1096 827 praemissis
1131 794 1192 827 per

456 846 676 880 quoscumque
702 836 824 870 iudices
846 837 1030 870 ordinarios
1048 842 1078 870 et
1104 837 1193 870 dele-

455 893 559 930 gatos,
587 890 684 922 etiam
704 900 871 923 causarum
889 890 1001 933 palatii
1019 890 1190 933 apostolici

453 941 638 981 auditores,
663 942 797 975 iudicari
823 948 854 976 et
885 942 1013 975 definiri
1046 942 1187 983 debere,

453 1005 490 1027 ac
514 995 637 1028 irritum
664 1001 695 1028 et
719 995 826 1037 inane,
846 996 871 1028 si
897 1006 990 1028 secus
1015 1006 1114 1039 super
1137 995 1189 1028 his

452 1058 470 1080 a
495 1058 672 1092 quoquam,
695 1048 805 1090 quavis
831 1048 1033 1088 auctoritate,
1052 1048 1191 1081 scienter

451 1101 501 1133 vel
522 1100 711 1142 ignoranter
735 1100 908 1142 eontigerit
932 1101 1093 1134 attentari.

495 1153 510 1195 ἓ
535 1153 566 1185 4.
594 1153 662 1185 Non
690 1153 892 1186 obstantibus
918 1154 1128 1196 praemissis,
1155 1164 1191 1186 ac

451 1206 739 1239 constitutionibus
771 1212 803 1239 et
826 1207 1088 1240 ordinationibus
1115 1217 1190 1250 apo-

450 1259 585 1299 stolicis,
610 1269 752 1299 necnon,
771 1265 929 1302 quatenus
948 1270 1029 1303 opus
1044 1260 1094 1300 sit,
1113 1260 1188 1293 dicti

450 1312 590 1352 Ordinis,
616 1312 727 1345 aliisve
762 1312 948 1355 quibusvis,
974 1313 1070 1345 etiam
1106 1313 1189 1346 iura-

449 1371 570 1405 mento,
613 1364 861 1398 confirmatione
898 1366 1097 1408 apostolica,
1135 1372 1189 1399 aut

450 1418 560 1461 quavis
585 1417 734 1450 firmitate
767 1419 828 1451 alia
853 1419 1033 1460 roboratis,
1059 1420 1188 1453 statutis

450 1476 483 1503 et
505 1470 816 1511 consuetudinibus,
841 1471 1020 1514 privilegiis
1046 1482 1187 1516 quoque,

449 1524 584 1557 indultis
611 1529 642 1557 et
666 1524 781 1557 litteris
805 1525 992 1567 apostolicis
1010 1525 1042 1557 in
1060 1531 1189 1559 contra-

448 1577 534 1609 rium
560 1577 811 1620 praemissorum
839 1578 1082 1621 quomodolibet
1112 1590 1187 1612 eon-

449 1630 561 1670 eessis,
587 1630 785 1664 confirmatis
810 1637 841 1664 et
866 1632 1042 1672 innovatis;
1069 1632 1184 1675 quibus

450 1683 601 1716 omnibus
628 1689 660 1716 et
695 1684 849 1727 singulis,
886 1684 1017 1718 illorum
1058 1691 1186 1719 tenores

448 1737 676 1780 praesentibus
701 1748 761 1780 pro
790 1739 887 1781 plene
923 1743 954 1771 et
989 1739 1186 1772 sufficienter

450 1790 613 1832 expressis
639 1800 675 1823 ae
699 1791 738 1823 ad
763 1790 896 1823 verbum
916 1791 1045 1824 insertis
1064 1792 1187 1824 haben-

449 1847 507 1883 tes,
534 1843 598 1876 illis
625 1843 704 1876 alias
729 1843 761 1875 in
791 1854 848 1876 suo
884 1845 1000 1877 robore
1035 1856 1186 1888 perman-

448 1896 540 1937 suris,
556 1896 595 1929 ad
609 1897 863 1940 praemissorum
879 1898 1024 1931 ellectum
1040 1899 1100 1931 hac
1117 1899 1184 1932 vice

447 1949 615 1982 dumtaxat
638 1949 821 1993 specialiter
845 1955 876 1983 et
910 1943 1060 1994 expresse
1093 1952 1185 1986 dero-

447 2012 581 2044 gamus;
612 2003 795 2047 ceterisque
838 2005 1010 2038 contrariis
1048 2005 1183 2049 quibus-

446 2065 598 2099 eumque.

489 2109 504 2152 g
540 2108 572 2141 5.
606 2109 759 2143 Volumus
792 2114 897 2144 autem
928 2117 964 2144 ut
995 2113 1181 2146 earumdem

444 2162 666 2205 praesentium
682 2163 862 2197 litterarum
887 2166 1106 2209 transumptis,
1125 2177 1181 2199 seu

444 2215 614 2258 exemplis,
628 2215 724 2249 etiam
738 2216 917 2260 impressis,
932 2229 1030 2252 manu
1047 2219 1180 2253 alicuius

443 2267 562 2301 notarii
587 2269 710 2311 publici
734 2269 935 2314 subscriptis,
959 2269 994 2305 'et
1018 2272 1127 2315 sigillo
1149 2284 1182 2306 a-

442 2320 559 2353 licuius
582 2331 742 2364 personae
767 2322 800 2355 in
832 2323 990 2366 dignitate
1026 2325 1180 2359 ecclesia-

443 2373 524 2407 stica
548 2374 742 2408 constitutae
757 2376 899 2417 munitis,
916 2378 1029 2411 eadem
1046 2389 1180 2422 prorsus

442 2425 523 2460 fides
554 2426 677 2471 ubique
707 2429 855 2462 locorum
891 2435 954 2463 tam
991 2431 1022 2463 in
1059 2431 1179 2465 iudicio

443 2490 539 2523 quam
563 2485 652 2514 extra
675 2481 950 2524 illudhabeatur,
978 2495 1059 2527 quae
1082 2485 1179 2518 liabe-

442 2538 533 2566 retur
556 2533 635 2577 ipsis
659 2535 885 2578 praesentibus
910 2537 937 2570 si
962 2537 1070 2573 forent
1094 2539 1180 2572 exbi-

442 2586 529 2622 bitae
554 2588 605 2621 vel
630 2593 794 2625 ostensae.

1037 206 1217 232 BULLARIUM
1241 208 1396 233 ROMANUM

1284 258 1397 291 Datum
1423 258 1554 299 Romae,
1589 258 1671 302 apud
1697 258 1728 292 S.
1754 258 1882 292 Mariam
1907 259 1970 293 Ma-

1238 310 1355 350 iorem,
1392 311 1452 344 sub
1484 312 1605 344 annulo
1638 312 1830 353 piscatoris,
1857 312 1908 345 die
1931 322 1970 346 xx

1237 363 1310 395 maii
1323 374 1479 404 nncxcm,
1490 364 1695 407 pontificatus
1713 365 1815 398 nostri
1835 375 1919 399 anno
1932 374 1966 398 ιι.

1271 425 1329 453 Dat.
1350 425 1394 452 die
1413 425 1447 453 ΞΟ
1466 426 1530 453 maii
1550 426 1627 461 1693,
1647 427 1744 463 pontif.
1764 435 1834 455 anno
1854 433 1881 454 ιι.

1481 567 1544 601 Lu<
1570 568 1627 611 (αι.
1656 568 1724 612 60).

1236 655 1453 698 Confirmalur
1469 660 1497 688 el
1514 657 1691 689 innovatur
1708 657 1821 690 erectio
1835 657 1969 702 hospitis

1278 708 1448 750 apostolici
1470 720 1649 752 pauperum
1682 710 1908 745 invalidorum
1932 711 1971 744 de

1280 760 1362 793 Urbe
1396 772 1468 793 cum
1502 762 1672 795 nonnullis
1707 763 1971 796 ordinationibus

1277 817 1306 845 el
1330 814 1536 857 indulyenu'd
1557 815 1710 858 plenaria
1730 816 1887 859 perpetu&
1907 815 1927 848 ¹.

1408 894 1601 921 Innocentius
1622 894 1793 929 Episcopus,

1425 944 1530 964 servus
1548 945 1701 965 servorum
1717 939 1779 972 Dei,

1350 981 1386 1008 ad
1408 985 1583 1014 perpetuam
1602 982 1648 1009 rei
1667 983 1850 1010 memoriam.

1277 1050 1323 1082 Ad
1351 1051 1537 1083 exercitium
1562 1051 1702 1094 pietatis,
1716 1052 1865 1086 habentis
1883 1053 1970 1086 iuxta
2014 1065 2127 1096 exoratum
2147 1072 2162 1098 ,³

1767 1106 1849 1139 vitae
1886 1117 1968 1150 quae
1980 1093 2162 1146 ssi¹0³2¹³¹e³tiiiimf³m⁶

1234 1103 1424 1145 Apostolum
1464 1104 1714 1147 promissionem

1233 1166 1317 1188 nunc
1342 1161 1391 1188 est
1415 1157 1537 1199 pariter
1553 1155 1607 1189 ut³
1625 1157 1757 1198 suturae,
1775 1164 1805 1191 et
1820 1169 1969 1202 praeser-

1233 1208 1287 1240 tim
1310 1209 1550 1252 hospitalitatis,
1587 1211 1677 1244 euius
1709 1212 1815 1244 studio
1851 1211 1967 1246 intenti

1233 1262 1428 1306 quandoque
1467 1263 1602 1306 angelos
1643 1264 1729 1307 ipsos
1770 1270 1968 1308 exceperunt

1232 1315 1385 1358 hospitio,
1410 1317 1526 1348 mentis
1551 1321 1679 1350 nostrae
1714 1318 1827 1350 oculos
1855 1318 1968 1351 sedula

1230 1369 1442 1402 meditatione
1468 1375 1704 1409 convertentes,
1737 1376 1772 1402 ut
1806 1376 1966 1404 extremae

1230 1432 1408 1465 pauperum
1433 1422 1649 1454 invalidorum
1675 1423 1778 1455 almae
1796 1422 1889 1456 Urbis
1909 1433 1967 1456 no-

1230 1480 1315 1507 strae
1341 1474 1537 1507 mendicitati
1563 1476 1785 1516 consulamus,
1809 1486 1887 1508 voce
1907 1476 1967 1508 Do-

1230 1527 1309 1559 mini
1334 1527 1390 1559 illa
1413 1538 1473 1570 per
1497 1527 1691 1570 Proplietam
1717 1528 1855 1561 dicentis
1883 1538 1967 1561 eom·

1228 1590 1418 1612 monemur:
1445 1580 1576 1622 Frangse
1600 1581 1757 1612 esurienti
1778 1590 1911 1623 panem,
1938 1585 1966 1614 el

1229 1643 1338 1676 eqenos
1363 1644 1520 1676 'nauesque
1537 1633 1635 1666 induc
1654 1634 1690 1665 in
1712 1633 1843 1665 domum
1857 1637 1963 1673 luam,·

1229 1686 1380 1719 mandato
1406 1686 1516 1718 itidem
1542 1687 1608 1726 illo,
1635 1687 1720 1729 quod
1738 1686 1820 1719 Deus
1838 1697 1897 1719 suo
1910 1697 1965 1730 po-

1228 1740 1306 1782 pulo
1332 1740 1435 1771 electo
1461 1749 1519 1782 per
1543 1739 1671 1781 Moysen
1697 1739 1855 1779 iniunxit,
1886 1739 1965 1772 exci-

1229 1797 1352 1824 tamur:
1381 1791 1521 1825 Omnino
1554 1791 1703 1835 indiyens
1739 1796 1767 1824 el
1798 1792 1964 1825 mendicus

1227 1855 1290 1877 non
1314 1845 1375 1877 crit
1400 1846 1486 1877 inter
1509 1855 1585 1885 vos,·
1619 1855 1738 1887 magno
1766 1845 1894 1878 demum
1927 1845 1965 1877 ti-

1228 1908 1318 1931 more
1344 1898 1547 1941 corripimur,
1586 1898 1662 1931 dum
1695 1897 1804 1931 animo
1833 1897 1964 1931 interim

1227 1951 1461 1994 perpendimus
1475 1951 1678 1984 tremendum
1691 1950 1889 1984 novissimae
1904 1951 1964 1984 dis-

1227 2003 1387 2037 cussionis
1413 2013 1555 2045 examen,
1583 2003 1614 2036 in
1640 2014 1702 2047 quo
1731 2003 1830 2036 Filius
1863 2003 1964 2037 homi-

1226 2056 1286 2097 nis,
1313 2067 1384 2089 cum
1408 2056 1440 2088 in
1467 2056 1543 2089 sede
1568 2056 1745 2089 maiestatis
1770 2057 1963 2097 advenerit,

1225 2109 1352 2152 singula
1375 2109 1408 2141 in
1423 2119 1582 2152 pauperes
1600 2109 1728 2152 pietatis
1749 2115 1781 2142 et
1794 2109 1962 2142 eharitatis

1225 2173 1326 2206 opera
1350 2162 1410 2194 sibi
1435 2162 1497 2205 ipsi
1523 2162 1604 2195 facta
1636 2167 1689 2194 aut
1721 2162 1878 2204 abnegata
1913 2172 1963 2195 re-

1225 2217 1355 2261 pendet,
1381 2216 1503 2259 illaque
1530 2216 1652 2257 electis,
1679 2216 1734 2259 qui
1755 2226 1791 2249 ea
1810 2226 1962 2250 exercue-

1261 2287 1317 2314 11n
1332 2287 1481 2314 lnnocentii
1508 2286 1538 2313 Xl
1555 2291 1640 2313 const.
1667 2286 1708 2313 ed.
1732 2293 1895 2321 nocpxxxw,
1917 2287 1960 2314 die

1224 2331 1258 2358 22
1276 2332 1378 2367 aprilis,
1400 2331 1493 2366 pontis.
1509 2340 1536 2363 x,
1553 2332 1709 2358 confirmata
1729 2331 1778 2357 fuit
1799 2332 1899 2358 erectio
1915 2331 1960 2358 bo-

1223 2375 1469 2412 spitiivenientium
1482 2375 1515 2402 ad
1530 2375 1626 2408 iidem,
1644 2379 1670 2401 et
1685 2375 1711 2401 in
1727 2374 1807 2401 huius
1823 2375 1959 2403 Pontificis

1223 2424 1309 2448 const.
1330 2421 1374 2447 ed.
1391 2422 1523 2453 Mncxcui,
1545 2419 1588 2446 die
1612 2419 1646 2446 28
1665 2419 1782 2454 augusti,
1800 2419 1894 2454 pontif.
1917 2426 1957 2454 ιιι,

1222 2465 1374 2493 extenditur
1389 2464 1522 2499 quoddam
1540 2463 1709 2499 privilegium
1722 2463 1861 2499 hospitalis
1881 2472 1957 2491 men-

1222 2511 1342 2537 dicorum
1363 2510 1396 2537 de
1416 2509 1499 2536 Urbe.

1257 2554 1317 2581 210
1335 2554 1413 2589 epist.
1431 2561 1440 2580 1
1462 2554 1494 2580 ad
1517 2553 1635 2581 Timotb.
1659 2561 1701 2590 lv,
1726 2554 1741 2582 8
1765 2554 1861 2589 legitur
1880 2554 1954 2582 iuxta

1222 2599 1286 2627 edit.
1305 2599 1381 2635 vulg.
1397 2602 1423 2626 el
1438 2607 1486 2635 pro
1505 2602 1533 2627 u!
1549 2599 1586 2635 (a.
1602 2600 1650 2634 τ.).

1976 212 2026 240 An.
2047 212 2076 240 C.
2090 213 2161 241 1693
