2254 3225
202 231 250 255 An.
268 229 294 254 C.
318 229 384 255 1096

241 1187 269 1206 De
286 1187 387 1211 magistro

205 1216 330 1232 nuntiorum
367 1214 387 1233 ot

205 1240 308 1265 prust-ssu
315 1245 356 1260 uni.

431 220 494 253 7:3⁶2

397 278 473 311 ritas
505 283 535 310 et
555 279 735 312 necessitas
758 277 888 322 exigit¹‚
913 279 1039 322 possint
1064 279 1127 312 dis-

396 332 549 373 pensari,
581 331 665 364 sicut
695 332 813 372 etiam,
846 332 900 374 qui
933 331 1126 365 lectionibus

397 389 428 416 et
460 384 671 417 concionibus
707 396 769 417 uon
801 389 1021 428 occupantur,
1048 384 1128 416 itaut

396 437 530 470 omnino
548 443 691 470 servetur
716 437 870 481 quidquid
897 438 979 469 circa
996 437 1059 469 hoc
1083 446 1128 467 sa-

396 499 468 523 crae
484 491 729 523 constitutiones
743 489 890 522 Urbanae
906 489 1128 532 praescribunt

396 542 430 575 in
455 554 526 586 cap.
554 554 589 576 111
615 545 757 585 regulae,
782 542 829 575 tit.
858 552 879 575 1.
906 542 942 574 Et
967 541 1041 584 quia
1066 551 1127 573 ma-

397 606 461 638 gno
476 596 572 628 animi
587 596 686 628 nostri
704 605 851 627 moerore
870 594 1026 627 orationis
1044 604 1129 626 men·

397 649 469 682 talis
506 660 542 681 ae
577 648 728 681 examinis
761 647 978 680 conscientiae
1011 646 1130 680 exerci-

397 701 476 733 tium
503 711 567 733 non
593 700 660 732 sieri
687 700 717 732 in
743 700 852 742 aliquo
877 704 1036 732 conventu
1062 709 1130 732 cer-

397 754 500 787 tiores
525 764 650 793 sumus,
677 754 824 786 volumus
850 758 881 786 et
910 753 1129 796 praecipimus

395 812 432 840 ut
453 807 596 851 quotidie
619 811 694 850 post
719 806 903 838 Matutinum
929 811 960 839 et
984 800 1131 849 Comple-

396 860 515 893 torium
534 860 565 892 in
587 860 697 899 choro,
716 859 771 891 ubi
797 870 908 892 omnes
938 860 1032 892 etiam
1056 859 1129 892 laici

397 913 458 945 nisi
481 912 656 956 aliquando
675 912 818 953 legitime
837 912 955 944 suerint
972 912 1128 955 impediti,

397 965 562 1008 praedicta
588 964 739 997 exercitia
756 964 912 997 orationis
926 965 1076 997 mentalis
1094 976 1131 997 ae

398 1018 555 1051 examinis
586 1017 804 1050 conscientiae
839 1019 1063 1060 persolvantur
1091 1018 1130 1051 ad

399 1071 532 1103 sormam
552 1070 818 1103 constitutionum
837 1070 868 1102 in
888 1081 958 1114 cap.
978 1081 1012 1104 111
1038 1082 1132 1114 regu-

398 1124 458 1164 lae,
485 1123 534 1156 tit.
560 1134 609 1157 xx.

442 1187 478 1210 11.
516 1176 593 1209 Cum
631 1187 665 1209 ex
701 1176 899 1209 novitiorum
934 1177 1018 1209 bona
1055 1178 1132 1210 edu-

398 1229 524 1262 catione
561 1229 674 1272 optimi
711 1230 864 1272 sperandi
895 1230 958 1262 sint
991 1230 1129 1270 fruetus,

397 1283 616 1327 praecipimus
659 1282 813 1315 ministris
855 1283 1130 1326 provincialibus,

397 1335 603 1378 guardianis,
639 1335 775 1378 aliisque
809 1336 1051 1378 superioribus,
1090 1339 1153 1369 ne}

396 1389 455 1421 sub
499 1389 613 1432 quovis
657 1394 828 1432 praetextu
868 1389 1032 1429 audeant,
1073 1390 1130 1422 sub

396 1444 503 1486 poena
527 1442 719 1485 privationis
754 1441 848 1474 officii
882 1453 918 1474 ac
950 1448 1129 1486 perpetuae

396 1495 612 1528 inhabilitatis
639 1495 675 1527 ad
704 1494 773 1537 ipsa
798 1500 830 1527 et
858 1495 919 1527 alia
949 1495 1130 1528 cuiuscum-

397 1559 458 1592 que
484 1548 613 1592 generis
638 1548 708 1591 ipso
730 1549 813 1581 t'acto
831 1548 1032 1589 incurrenda,
1058 1560 1131 1592 pro·
1151 1541 1152 1556 ³

395 1612 533 1645 ponere,
560 1611 750 1645 promovere
784 1606 838 1634 aut
871 1601 992 1644 eligere
1023 1606 1127 1645 magi-

396 1660 480 1688 stros
507 1655 701 1688 novitiorum
727 1655 765 1687 ad
791 1655 922 1698 aliquod
941 1666 1058 1688 munus
1075 1666 1129 1688 seu
1150 1663 1152 1680 ³

395 1708 547 1747 officium,
569 1708 655 1751 quod
680 1708 767 1750 ipsos
794 1708 955 1751 impedire
987 1709 1090 1752 possit
1114 1721 1130 1742 a
1151 1711 1152 1715 ’

397 1763 474 1794 cura
499 1766 530 1794 et
554 1761 684 1793 assiduo
709 1760 866 1803 regimine
892 1771 1021 1794 suorum
1047 1762 1153 1801 novi-5

397 1814 524 1853 tiorum,
537 1824 596 1846 nec
608 1814 702 1847 etiam
718 1814 756 1846 ad
772 1813 1030 1856 guardianatmn,
1043 1825 1131 1857 prae-

397 1974 539 2015 regulae,
568 1973 614 2006 tit.
641 1972 810 2015 xv.thue
828 1973 972 2015 magistri
999 1974 1133 2007 novitio-

397 2037 468 2058 rum
486 2025 688 2059 convenienti
714 2036 772 2068 pro
792 2025 858 2058 suis
882 2026 1048 2059 laboribus
1065 2038 1131 2060 non

399 2085 529 2112 careant
546 2079 701 2122 praemio,
720 2079 901 2120 statuimus,
923 2080 1021 2122 quod,
1044 2085 1132 2123 post-

400 2143 495 2175 quam
521 2141 578 2174 per
603 2142 703 2164 annos
729 2131 899 2164 duodecim
924 2133 1133 2166 laudabiliter

399 2195 489 2218 suum
514 2195 630 2217 munus
655 2186 866 2228 expleverint,
884 2187 909 2219 si
927 2186 992 2219 sint
1016 2187 1130 2220 fratres

399 2248 467 2270 non
491 2238 648 2280 graduali,
667 2243 707 2277 et,
733 2243 767 2270 ut
791 2240 886 2281 vulgo
913 2239 1039 2280 dicitur,
1059 2241 1131 2274 sim-

400 2290 523 2334 plices,
549 2300 660 2322 omnes
694 2290 774 2323 alios
807 2297 915 2334 patres
951 2298 982 2325 et
1015 2293 1131 2327 fratres

400 2353 465 2376 non
484 2343 655 2385 magistros
669 2342 700 2374 in
722 2346 811 2376 saera
830 2345 992 2391 theologia
1012 2346 1131 2390 ubique

399 2396 605 2440 praecedant,
625 2400 656 2428 et
672 2396 755 2428 ultra
780 2396 842 2428 hoe
867 2407 979 2430 vocem
1001 2410 1130 2443 quoque

400 2449 532 2482 activam
554 2449 693 2481 habeant
713 2448 745 2480 in
764 2449 979 2483 electionibus
1006 2453 1130 2494 provin-

400 2502 530 2535 cialium
548 2501 579 2534 in
599 2501 749 2545 capitulis
768 2502 851 2534 sicut
868 2503 1021 2545 magistri,
1042 2511 1076 2537 ut
1094 2516 1130 2538 ex

400 2554 634 2588 constitutione
654 2560 689 2587 ut
713 2565 817 2597 supra,
840 2560 870 2587 et
894 2561 1049 2589 vocentur
1073 2558 1132 2590 dis-

435 2620 445 2645 1
469 2617 540 2645 Edit.
562 2616 640 2643 lllain.
664 2616 728 2652 legit
747 2616 826 2651 eaeiyi
842 2618 880 2652 (R.
898 2618 945 2648 Τ.).

963 229 1149 255 ’ΒῸΕΕΑΗῘΠΜ
1172 228 1325 254 ROMANUM

1170 278 1249 311 creti
1276 275 1436 320 perpetui,
1454 275 1541 307 iuxta
1561 274 1692 308 decreta
1717 273 1898 308 definitoris

1169 329 1330 372 generalis
1356 340 1373 361 a
1396 328 1510 362 Sancta
1537 328 1619 362 Sede
1650 328 1840 372 approbata.
1866 325 1898 359 Si

1168 394 1243 416 vero
1261 383 1335 415 dicti
1360 382 1507 425 magistri
1531 382 1727 416 novitiorum
1743 381 1807 415 sint
1823 390 1901 424 quo-

1170 446 1232 478 que
1257 436 1400 478 magistri
1418 437 1449 469 in
1475 438 1563 469 sacra
1587 436 1760 479 theologia,
1779 439 1811 468 et
1829 437 1902 477 post

1170 498 1271 521 annes
1296 488 1465 521 duodecim
1485 499 1543 531 per
1567 489 1711 522 lauream
1735 486 1902 529 magistra-

1169 542 1234 574 lem
1250 541 1455 584 praedictum
1470 542 1610 575 officium
1629 540 1835 574 laudabiliter
1851 549 1904 572 ex-

1171 594 1330 626 ercuerint
1348 621 1355 635 ‚
1381 600 1488 638 patres
1519 593 1704 638 provinciae
1734 597 1766 626 et
1790 591 1904 625 defini-

1171 651 1259 679 tores
1284 647 1434 689 perpetui
1453 658 1524 679 curn
1543 647 1694 680 omnibus
1711 643 1902 689 privilegiis,

1171 699 1288 742 quibus
1313 700 1464 732 fruuntur
1481 700 1554 734 alii¹
1579 705 1687 744 patres
1708 698 1903 744 provinciae,

1172 753 1388 794 instituantur,
1401 760 1436 786 ut
1454 765 1490 787 ex
1505 753 1737 787 constitutione
1751 757 1786 785 ut
1799 760 1905 795 supra.

1172 806 1301 849 Ipsique
1333 807 1477 849 magistri
1509 806 1703 845 novitiorum
1734 808 1907 839 teneantur

1173 859 1356 892 ministrum
1378 861 1564 903 generalem
1589 860 1735 904 quolibet
1758 856 1906 891 semestri

1174 912 1212 944 de
1238 922 1373 945 suorum
1399 912 1590 946 novitiorum
1615 913 1762 956 prosectu
1778 939 1785 953 ‚
1806 921 1842 944 ac
1866 910 1906 944 de

1173 965 1222 1005 iis,
1242 976 1324 1008 quac
1339 966 1376 999 ad
1395 966 1585 999 novitiatum
1603 966 1776 1010 pertinent,
1790 964 1908 998 certio-

1174 1028 1242 1050 rem
1266 1018 1382 1060 sacere,
1410 1024 1445 1051 ut
1472 1030 1509 1052 ex
1538 1019 1705 1052 constitut.
1724 1019 1757 1051 in
1786 1029 1856 1061 cap.
1884 1026 1907 1050 ιι

1174 1073 1314 1114 regulae,
1334 1072 1381 1104 tit.
1401 1082 1450 1105 xv.
1477 1071 1568 1110 Quod
1593 1072 1647 1105 id²
1671 1071 1908 1106 observandum

1175 1130 1222 1158 est
1246 1125 1284 1158 de
1310 1124 1470 1166 magistris
1497 1125 1631 1158 secundi
1650 1124 1826 1165 seminarii,
1849 1134 1907 1157 seu

1174 1177 1409 1219 professorum,
1427 1177 1480 1220 qui
1496 1188 1625 1221 semper
1641 1177 1739 1210 clausi
1757 1178 1816 1210 sub
1834 1178 1909 1209 cura

1175 1229 1312 1262 alicuius
1349 1230 1571 1272 procuratoris
1602 1230 1641 1263 ad
1668 1231 1730 1263 hoc
1765 1229 1908 1273 deputati

1174 1292 1305 1315 manere
1332 1283 1462 1324 debent,
1488 1288 1522 1315 ut
1547 1283 1793 1317 constitutiones
1817 1293 1910 1327 prae-

1175 1336 1333 1368 scribunt.

1219 1398 1267 1421 111.
1295 1389 1341 1421 Ad
1368 1389 1546 1422 tollendum
1569 1389 1747 1432 quemlibet
1771 1389 1907 1421 abusum

1175 1447 1206 1474 et
1230 1441 1476 1485 partialitatem,
1502 1453 1538 1475 ac
1571 1442 1665 1475 etiam
1703 1453 1743 1475 ne
1771 1451 1911 1475 conven-

1175 1500 1244 1536 tus,
1276 1495 1307 1527 in
1339 1496 1455 1538 quibus
1487 1501 1562 1528 sunt
1593 1495 1787 1536 novitiatus,
1812 1495 1908 1528 nimis

1174 1554 1355 1591 graventur,
1373 1549 1601 1592 praecipimus,
1621 1549 1708 1582 iuxta
1729 1549 1811 1582 sacri
1833 1548 1911 1582 Con-

1174 1602 1238 1636 cilii
1277 1602 1456 1635 Tridentini
1496 1604 1648 1643 decreta,
1683 1603 1769 1645 quod
1806 1602 1907 1646 quili-

1173 1654 1228 1687 bet
1261 1655 1420 1694 novitius,
1451 1655 1518 1688 sive
1553 1655 1621 1688 eius
1656 1655 1909 1698 consanguinei,

1174 1708 1294 1751 aliquid
1321 1709 1517 1741 conveniens
1547 1709 1634 1741 iuxta
1665 1710 1810 1742 locorum
1835 1719 1911 1741 con-

1174 1761 1380 1793 suetudinem
1415 1767 1489 1793 ante
1521 1761 1690 1803 religionis
1726 1761 1910 1803 ingressum

1151 1846 1152 1856 ,
1174 1814 1372 1854 conventui,
1398 1814 1429 1846 in
1456 1824 1520 1857 quo
1550 1825 1670 1848 annum
1706 1814 1910 1857 probationis

397 1867 490 1910 cipue
515 1867 547 1898 in
574 1866 788 1899 conventibus
813 1866 866 1899 ubi
893 1867 983 1899 multi
1017 1868 1130 1901 fratres
1151 1877 1152 1890 ³

396 1924 589 1959 morantur,
616 1925 653 1952 ut
686 1930 721 1952 ex
757 1919 922 1952 constitut.
950 1920 980 1951 in
1007 1931 1076 1963 cap.
1108 1932 1153 1956 11¹y

1176 1867 1279 1899 facere
1312 1867 1429 1907 debet,
1456 1878 1516 1910 pro
1542 1867 1706 1900 alimentis
1732 1868 1852 1907 solvat,
1878 1871 1911 1899 et

1173 1920 1257 1952 ultra
1279 1920 1342 1952 hoc
1363 1920 1600 1953 lectisternium
1621 1926 1651 1953 et
1671 1920 1780 1953 omnia
1803 1929 1911 1952 neces-

1174 1973 1258 2006 saria
1281 1973 1431 2005 utensilia
1455 1984 1514 2016 pro
1540 1984 1597 2006 suo
1622 1984 1683 2006 usu
1709 1974 1848 2013 deserat,
1877 1977 1909 2005 et

1174 2036 1250 2058 casu
1284 2026 1370 2069 quod
1407 2026 1448 2058 ob
1487 2032 1713 2070 paupertatem
1747 2037 1806 2059 nec
1838 2025 1908 2069 ipse

1174 2090 1234 2112 nec
1259 2079 1327 2112 eius
1352 2080 1586 2122 consanguinei
1613 2080 1737 2113 solvere
1762 2084 1907 2123 possent,

1175 2132 1199 2164 si
1219 2136 1305 2164 esset
1330 2132 1400 2164 talis
1426 2131 1543 2164 indolis
1567 2138 1599 2165 et
1617 2132 1772 2165 scientiae
1792 2137 1827 2164 ut
1843 2142 1909 2164 ma-

1176 2196 1273 2228 gnum
1292 2185 1407 2228 religio
1426 2185 1579 2218 habitura
1595 2186 1679 2218 soret
1696 2184 1838 2218 laturus³
1855 2185 1909 2217 ho-

1175 2248 1308 2278 norem,
1338 2237 1385 2270 vel
1410 2243 1587 2270 conventus
1613 2237 1737 2270 nativus
1766 2238 1815 2270 vel
1841 2242 1908 2269 tota

1174 2290 1342 2334 provincia
1373 2290 1481 2323 onmia
1512 2291 1660 2323 solvant:
1688 2300 1768 2333 quae
1800 2289 1908 2322 omnia

1174 2344 1399 2387 praecipiunt⁴
1417 2343 1448 2375 in
1467 2348 1570 2376 const.
1591 2343 1623 2375 in
1642 2353 1712 2386 cap.
1732 2352 1754 2375 11
1774 2343 1906 2385 regulae

1176 2397 1224 2429 tit.
1250 2407 1327 2430 xur:
1354 2407 1413 2429 nee
1429 2397 1523 2430 aliter
1548 2408 1565 2429 a
1589 2395 1748 2429 ministris
1775 2395 1908 2439 provin-

1210 2488 1219 2512 1
1245 2486 1314 2512 Edit.
1337 2486 1415 2513 Maiu.
1437 2485 1500 2521 legit
1520 2486 1589 2513 aliis
1608 2488 1648 2520 (R.
1670 2485 1720 2519 T.).

1208 2531 1224 2557 2
1246 2530 1343 2557 Forsan
1365 2530 1441 2556 idem
1461 2536 1496 2561 (R.
1514 2531 1560 2561 Τ.).

1209 2575 1224 2600 3
1236 2575 1291 2601 Vox
1304 2576 1416 2602 laturus
1432 2578 1538 2609 praeter
1552 2582 1608 2601 rem
1620 2582 1678 2601 esse
1694 2574 1800 2602 videtur
1810 2576 1906 2612 (nm).

1210 2620 1226 2645 4
1247 2619 1336 2647 Potius
1356 2621 1414 2655 lege
1430 2620 1656 2655 praecipiuntur
1675 2621 1711 2656 (R.
1728 2622 1776 2655 τ.).

1905 224 1957 252 An.
1976 224 2007 252 C.
2023 224 2091 252 1696

1946 1404 1976 1427 Do
1992 1404 2097 1438 novitii&
