2227 3225
127 227 175 254 An.
192 228 219 253 C.
247 227 311 253 two

154 761 266 782 Confirmat
289 763 309 781 ut

128 795 147 809 nn
163 789 256 809 rutra-ica.

907 226 1091 249 Arrxwrwn
1121 226 1172 247 rin
1200 226 1245 247 pr.

320 277 503 310 continetur
528 277 559 308 in
585 276 685 319 ipsius
716 275 835 308 't'rbani
865 274 1079 316 praeduci-ss

319 330 401 363 soris
433 330 548 362 litteris
584 330 724 371 desuper
755 328 786 360 in
814 328 926 360 eadem
958 327 1057 358 fornia

321 382 429 414 Brevis
460 381 633 424 expeditis,
661 380 797 419 tenoris,
822 379 876 421 qni
903 378 1056 421 sequitur,

319 435 492 468 videlic-etz
523 447 536 465 α
563 435 710 467 Utinmrs
733 433 792 465 Pr.
820 432 900 471 Vin,
926 432 964 463 ad
986 442 1059 473 per—

320 493 450 524 petuam
470 487 514 520 rei
537 487 738 519 memoriani.
760 485 866 523 illicis,
890 484 978 516 etc.¹.
1001 483 1057 515 Da-

323 545 387 572 tum
414 540 552 579 Romae,
578 539 664 582 apud
693 538 723 571 S.
751 538 900 575 Petrum,
925 536 983 567 sub
1005 546 1059 567 an—

321 594 402 625 nulo
421 592 608 631 piscatoris,
635 591 687 624 die
704 601 780 624 xvin
807 589 885 622 iunii
907 598 1057 627 itincxtiv,

322 644 532 688 pontificatus
558 644 661 677 nostri
687 654 772 676 anno
797 653 861 676 xxi.

640 696 679 728 M.
708 697 744 728 A.
772 695 958 728 Mfflrxtnus
982 705 1012 726 n.

366 751 381 794 ξ,
405 750 436 782 2.
456 750 532 783 Cum
553 754 668 785 autem„
686 749 769 780 sicut
791 748 930 780 dilectus
955 746 1060 778 alius2

323 804 504 837 bernardus
515 803 672 845 Iosephus
686 813 702 834 a
712 801 781 834 lesu
794 801 890 833 Maria
904 801 1000 833 frater
1013 810 1060 832 ex-

322 867 433 900 presse
451 857 618 899 professus
630 854 758 887 Ordinis
780 854 938 886 Minornm
957 853 1058 885 sancti

323 909 481 942 Francisei
509 909 547 941 de
572 907 780 940 Obscrvautia
803 907 1059 939 Rel'orinatornm

323 967 596 1005 nuncupatorum,
633 971 668 993 ac
693 959 848 992 carissimi
874 959 905 992 in
934 959 1059 992 Christo

323 1015 381 1049 filii
403 1016 505 1049 nostri
526 1014 630 1048 Caroli
650 1013 876 1057 Hispaniarum
906 1013 991 1055 regis
1011 1023 1060 1045 ca-

325 1069 438 1102 tholici
464 1067 690 1106 concionator,
712 1077 773 1100 nec
797 1076 863 1099 non
889 1066 1061 1098 tribunalis

327 1127 459 1155 sanctae
497 1120 720 1164 inquisitionis
764 1119 984 1162 qualificator,
1025 1130 1061 1152 ac

326 1173 565 1208 commissarius
587 1179 618 1205 et
638 1177 831 1216 procurator
849 1172 1008 1214 generalis
1029 1171 1061 1203 in

327 1228 470 1260 Romana
502 1226 592 1258 Curia
619 1225 714 1258 totius
750 1224 889 1257 familiae
918 1224 1060 1257 eiusdem

326 1280 585 1316 Terraesanctae,
605 1278 697 1310 nobis
719 1287 823 1320 nuper
843 1277 959 1320 exponi
978 1277 1060 1315 fecit,

325 1332 358 1364 in
385 1331 517 1364 diversis
543 1330 710 1367 christiani
729 1330 816 1362 orbis
836 1330 979 1372 partibus
997 1331 1062 1373 ple-

325 1384 421 1427 rique
449 1394 501 1416 res
527 1388 559 1416 et
590 1383 676 1415 bona
701 1383 740 1415 ad
772 1383 843 1415 loca
875 1383 1061 1415 huiusmodi

325 1436 507 1480 spectantia
543 1446 609 1468 non
645 1435 715 1467 sine
757 1436 843 1477 gravi
883 1435 1062 1468 animarum

325 1499 456 1521 suarum
482 1488 626 1531 pernicie
645 1498 680 1520 ac
701 1488 891 1521 eorumdem
917 1489 1062 1521 locorum

326 1543 443 1575 damno
480 1551 639 1584 occupare
675 1541 806 1574 minime
844 1541 989 1581 timeant,
1029 1553 1064 1574 ac

325 1595 464 1638 proinde
500 1595 569 1637 ipse
596 1594 780 1627 Bernartius
806 1594 974 1637 Iosephus,
1000 1606 1063 1638 qno

325 1648 490 1692 praefatae
514 1647 634 1680 Urbani
653 1648 912 1690 praedecessoris
939 1649 1063 1682 litterae

326 1701 465 1734 exactius
503 1701 542 1733 de
579 1704 687 1733 cetero
725 1701 953 1740 observentur,
992 1702 1063 1735 illas

325 1764 385 1797 per
402 1764 461 1786 nos
478 1753 660 1786 confirmari
679 1759 709 1786 et
724 1753 867 1786 innovari
889 1755 1064 1796 plurimum

327 1806 511 1839 desideret:
548 1816 622 1845 nos,
648 1806 710 1848 piis
737 1805 879 1838 eiusdem
910 1806 1063 1839 Bernardi

326 1859 457 1901 Iosephi
482 1858 564 1891 votis
589 1859 650 1891 hac
676 1859 707 1890 in
735 1869 777 1898 re,
812 1864 967 1901 qnantum
993 1870 1065 1892 cnm

326 1912 462 1945 Domino
506 1922 688 1954 possumus,
725 1912 866 1953 benigne
903 1923 1062 1951 annuere,

327 1965 495 2007 ipsumque
522 1964 720 1996 Bernardnm
745 1964 918 2006 Ioseptunn
944 1965 1066 2007 specia-

327 2017 411 2050 libus
444 2017 604 2049 l'avoribus
631 2022 661 2048 et
686 2017 796 2058 gratiis
827 2017 981 2059 prosequi
1013 2028 1066 2050 vo-

328 2071 444 2109 lentes
470 2074 501 2102 et
527 2080 543 2102 a
569 2069 736 2112 quibusvis
763 2071 1066 2103 excommunicatio-

328 2123 387 2163 nis,
413 2122 637 2165 suspensionis
664 2128 695 2155 et
721 2123 894 2162 interdicti,
928 2124 1065 2167 aliisque

328 2175 558 2209 ecclesiasticis
577 2176 757 2215 sententiis,
775 2177 918 2209 censuris
942 2182 972 2209 et
993 2188 1066 2219 poe-

327 2229 388 2268 nis,
414 2239 432 2261 a
456 2229 524 2261 iure
548 2229 598 2261 vel
620 2229 658 2260 ab
677 2228 822 2268 homine,
844 2230 953 2272 quavis
979 2240 1067 2262 occa-

329 2282 420 2315 sione
444 2283 493 2315 vel
519 2284 614 2315 eausa
639 2282 721 2321 latis,
747 2283 772 2314 si
798 2282 912 2325 quibus
931 2294 1066 2326 quomo-

329 2335 455 2368 dolibet
479 2335 651 2367 innodatus
677 2335 804 2375 exstitit,
843 2335 880 2368 ad
919 2334 1065 2368 etl'ectuin

329 2387 552 2431 praesentium
591 2388 755 2420 dumtaxat
797 2389 1065 2431 consequendum

330 2441 444 2474 harum
480 2440 562 2473 serie
588 2441 793 2473 absolventes
826 2447 857 2473 et
885 2441 1066 2478 absolutum

330 2493 398 2526 sore
418 2498 600 2533 censentes,
619 2493 908 2537 supplicationibus
926 2494 994 2526 eius
1010 2504 1066 2527 no-

368 2565 377 2590 1
402 2563 512 2599 Reliqua
527 2563 588 2590 vide
604 2572 651 2591 suo
668 2565 726 2591 loco
743 2568 808 2591 tom.
825 2571 867 2598 xv,
886 2572 944 2599 pag.
963 2564 1024 2592 3⁶20.

364 2609 380 2635 2
396 2608 508 2635 Videtur
522 2608 664 2644 legendum
678 2609 757 2644 silius
772 2617 820 2644 pro
836 2609 911 2636 alius
925 2610 964 2644 (n.
980 2610 1028 2644 T.).

417 2662 496 2695 Bull.
519 2663 601 2690 Rom.
619 2677 651 2682 —
669 2663 727 2689 Vol.
746 2663 804 2691 XX.
949 2663 984 2691 20

1740 216 1799 248 t'cl

1101 273 1185 304 tuine
1225 273 1318 304 nubis
1355 285 1453 315 snper
1491 274 1552 305 linc
1579 275 1744 306 humiliter
1771 285 1840 316 por-

1102 325 1196 357 rectis
1212 325 1369 364 inclinati‚
1384 326 1601 368 praeinsertas
1618 327 1734 359 Urbani
1748 338 1840 369 prae-

1101 379 1280 410 decessoris
1305 378 1440 417 litteraS,
1469 379 1641 421 omniaque
1660 385 1691 411 ct.
1716 380 1841 421 singula

1850 226 1883 251 &n
1913 226 1940 251 C.
1966 226 2033 250 1⁴20ss

1102 431 1130 462 in
1159 430 1204 463 eis
1222 436 1383 468 contenta,
1403 431 1487 463 ‹tit—ta
1505 433 1706 469 anctoritate,
1728 438 1840 465 tenore

1102 484 1331 526 praesentium,
1347 485 1563 527 approbamus
1574 490 1603 517 et
1614 484 1840 517 confirmanius

1102 547 1136 568 ac
1163 537 1363 573 innovamus,
1390 537 1520 579 illisque
1547 537 1743 570 inviolabilis
1764 548 1841 581 apo-

1102 589 1235 622 stolicae
1262 589 1420 621 tirinitatis
1446 591 1547 622 robur
1569 590 1749 622 adiicimus.

1146 642 1160 683 ξ
1185 642 1215 675 3.
1244 642 1461 674 Decernentes
1487 643 1610 686 pariter
1635 644 1722 686 ipsas
1747 654 1842 686 prae-

1103 701 1210 728 sentes
1243 695 1366 727 litteras
1401 706 1530 738 semper
1562 696 1685 736 firmas,
1721 697 1842 730 validas

1103 753 1133 780 et
1170 747 1315 780 efficaces
1358 747 1495 780 existere
1533 753 1563 780 et
1596 749 1675 787 sore,
1703 759 1842 792 suosque

1102 801 1265 844 plenarios
1291 806 1320 833 et
1346 800 1490 843 integros
1516 801 1647 834 effectus
1677 802 1784 834 sortiri
1812 807 1843 835 et

1102 853 1261 893 obtinere,
1296 864 1331 886 ac
1368 854 1443 893 illis,
1480 855 1518 887 ad
1555 865 1635 897 qnos
1662 860 1787 898 spectat
1812 861 1844 888 et

1103 918 1161 950 pro
1197 913 1345 950 tempore
1371 907 1642 950 (piandocnmque
1672 908 1842 950 spectabit,

1103 961 1133 992 in
1171 960 1319 993 omnibus
1358 966 1389 993 et
1424 970 1483 1003 per
1513 961 1620 993 onmia
1652 961 1843 1003 plenissime

1103 1013 1279 1056 suttingari,
1299 1018 1330 1046 et
1354 1014 1392 1046 ab
1418 1013 1480 1046 illis
1506 1014 1687 1056 respective
1710 1014 1845 1048 inviola-

1102 1066 1212 1099 biliter
1238 1073 1269 1099 et
1294 1066 1486 1100 inconcusse
1514 1067 1696 1105 observari,
1730 1068 1843 1110 sicque

1103 1121 1135 1152 in
1163 1120 1350 1161 praemissis
1376 1130 1432 1162 pei·
1466 1131 1685 1163 quoscumque
1722 1120 1843 1153 iudices

1104 1173 1285 1206 ordinarios
1310 1178 1340 1205 et
1365 1173 1539 1215 delegatos,
1561 1173 1657 1206 etiam
1676 1183 1843 1206 causarum

1104 1226 1213 1269 palatii
1247 1225 1415 1267 apostolici
1442 1226 1623 1265 auditores,
1648 1226 1785 1259 iudicari
1813 1233 1844 1259 et

1105 1278 1232 1311 deliniri
1259 1278 1394 1317 debere,
1422 1289 1456 1311 ac
1481 1278 1605 1311 irritum
1632 1285 1663 1311 et
1692 1279 1787 1312 inane
1816 1280 1844 1312 si

1105 1341 1196 1363 secus
1222 1340 1318 1372 snper
1344 1331 1393 1362 his
1419 1342 1435 1363 a
1461 1341 1633 1374 quoquam,
1653 1332 1765 1374 quavis
1791 1343 1845 1363 au-

1105 1383 1273 1422 ctoritate,
1301 1383 1442 1415 scienter
1465 1384 1513 1415 vel
1540 1384 1748 1426 ignoranter,
1770 1395 1846 1417 con-

1107 1436 1215 1478 tigerit
1240 1436 1404 1468 attentari.

1150 1488 1164 1530 g
1189 1488 1221 1520 4.
1248 1488 1316 1520 Non
1337 1488 1539 1520 obstantibus
1558 1488 1843 1522 constitutionibus
1882 1498 2040 1519 Contrariorum

1107 1546 1136 1574 et
1163 1540 1419 1574 ordinationibus
1449 1541 1659 1584 apostolicis,
1686 1552 1747 1573 nec
1780 1525 1975 1574 nond-eroga'w'

1107 1594 1258 1627 omnibus
1285 1599 1316 1627 et
1336 1594 1474 1636 singulis
1496 1594 1570 1633 illis,
1599 1605 1678 1637 quae
1705 1595 1735 1626 in
1755 1606 1847 1637 prae-

1108 1647 1235 1680 insertis
1272 1647 1391 1680 Urbani
1430 1648 1688 1689 praedecessoris
1729 1648 1846 1680 litteris

1107 1711 1258 1733 concessa
1285 1705 1357 1732 snut
1391 1710 1453 1732 non
1488 1700 1619 1732 obstare
1661 1700 1844 1743 ceterisque

1107 1754 1277 1787 contrariis
1304 1755 1565 1797 quibuscumque

1151 1807 1165 1849 ξ
1201 1806 1229 1839 5.
1263 1807 1417 1840 Volumus
1452 1813 1559 1838 autem
1590 1812 1624 1838 ut
1658 1808 1845 1840 earumdem

1107 1861 1327 1903 praesentium
1348 1860 1528 1892 litterarum
1547 1860 1768 1902 transumptis,
1788 1870 1847 1891 seu

1107 1913 1273 1955 exemplis,
1289 1913 1384 1945 etiarn
1404 1913 1586 1955 impressisv
1603 1923 1696 1945 manu
1712 1913 1847 1945 alicuius

1108 1966 1227 2000 notarii
1245 1966 1366 2008 publici
1385 1965 1585 2008 snbsffliptis,
1606 1972 1637 1998 ct
1654 1965 1761 2006 sigillo
1780 1976 1850 2008 per-

1107 2029 1207 2051 sonae
1225 2019 1257 2050 in
1279 2018 1500 2051 ecclesiastica
1525 2019 1681 2061 dignitate
1700 2018 1849 2051 constitu-

1108 2078 1157 2104 tae
1179 2071 1322 2110 munins,
1343 2072 1456 2104 eadem
1476 2077 1611 2113 prorsus
1630 2071 1708 2103 fides
1735 2077 1796 2103 tarn
1817 2072 1848 2103 In

1107 2124 1228 2156 indicio
1245 2134 1342 2166 quam
1357 2130 1446 2156 extra
1465 2123 1544 2156 illud
1568 2123 1740 2162 habeatnr,
1762 2133 1845 2165 qnae

1108 2177 1285 2209 baberetur
1310 2176 1390 2218 ipsis
1416 2175 1645 2218 praesentibus
1679 2176 1706 2208 si
1741 2176 1848 2208 soient

1108 2228 1273 2262 exhibitae
1288 2229 1338 2261 vel
1353 2233 1514 2261 ostensae.

1151 2282 1264 2314 Datum
1289 2281 1428 2319 Romae,
1447 2280 1532 2323 apud
1550 2280 1580 2313 S.
1601 2280 1731 2313 Mariam
1750 2281 1848 2314 Maio-

1108 2345 1186 2374 rem,
1204 2334 1262 2366 sub
1279 2335 1398 2366 annulo
1418 2334 1596 2372 Piscatoris,
1613 2333 1663 2366 die
1683 2345 1699 2366 x
1718 2345 1848 2366 novem-

1108 2387 1173 2419 bris
1190 2396 1308 2425 nncxc,
1326 2385 1532 2429 pontificatus
1550 2386 1654 2418 nostri
1673 2397 1759 2419 anno
1777 2397 1810 2419 n.

1879 655 1996 677 Clausulas.

1909 1815 1971 1836 Fides
1986 1818 2044 1839 tran-

1857 1847 1878 1862 si·
1885 1845 1996 1868 mptorum.

1143 2449 1201 2476 Dat.
1222 2449 1266 2475 die
1283 2448 1314 2475 10
1331 2448 1488 2475 novembris
1510 2448 1587 2482 1690,
1610 2448 1705 2483 pontif.
1726 2456 1797 2476 anno
1817 2454 1843 2476 ιι.
