2227 3225
143 217 184 240 xu.
201 214 228 241 Γ..
254 214 316 241 1691

915 214 1124 238 INNOCENTH'S

327 267 433 295 tamen
459 263 483 294 si
509 262 655 305 alioquin
681 262 734 294 illa
760 272 823 294 non
850 262 1004 304 gaudeat,
1030 267 1064 293 ut.

325 316 364 348 de
389 316 537 348 omnibus
562 314 827 354 delinitionilms,
863 314 1001 348 decretis
1034 321 1065 347 et

325 368 539 401 electionibus
565 367 661 401 sidem
688 367 793 400 saciat.

369 431 404 455 11.
431 421 548 454 Omnes
586 421 693 464 itaque
725 421 882 465 praedicti
913 426 989 454 sunt
1027 431 1063 453 ex

326 475 441 519 quibus
454 475 660 519 componitur
673 474 893 517 definitorium
904 475 1064 517 generale,

326 534 359 561 et
381 538 491 562 vocem
529 534 591 561 tam
616 528 783 562 electivum
823 538 918 570 quam
943 527 1066 560 decisi-

326 592 398 615 vam
424 582 546 615 habent
576 582 609 615 in
647 582 797 615 omnibus
834 582 904 614 eius
939 580 1064 613 actibus

327 641 356 667 et
384 635 533 674 statutis;
560 635 667 668 locum
692 640 798 667 autem
828 638 860 667 et
895 633 1065 672 ordinem,

328 697 425 730 quem
451 687 497 720 eis
523 688 740 730 designamus,
765 686 860 720 etiarn
890 691 978 719 extra
1011 685 1067 718 de-

326 739 504 773 finitorium
529 741 561 773 iu
587 740 710 773 actibus
734 739 825 783 pleni
850 738 984 781 capituli
1016 738 1065 770 vel

328 793 597 826 conventualibus
622 798 654 826 et
679 791 864 826 domesticis
893 792 1067 825 observare

329 846 556 889 praecipimus.

374 908 419 932 m.
447 898 547 931 lluius
577 903 683 931 autem
708 896 883 931 definitorii
908 901 1066 940 potestas,

328 960 400 984 cum
417 951 458 983 sit
482 961 633 994 suprema
652 956 684 983 et
699 950 794 984 altior
809 950 842 982 in
860 949 988 988 Ordine,
1004 949 1068 982 vim

329 1004 448 1037 habeat
472 1003 686 1046 legislativam
708 1008 771 1036 tam
793 1002 945 1036 directive
973 1012 1068 1045 quam

330 1067 426 1100 quam
451 1057 594 1089 coactive
618 1067 717 1100 super
737 1066 851 1090 omnes
872 1055 940 1088 eius
956 1056 1069 1088 fratres

331 1115 363 1143 et
386 1111 560 1153 praelatos,
576 1109 655 1142 itaut
672 1110 711 1143 ab
726 1109 794 1143 eius
811 1108 1069 1142 correctionibus
1090 1142 1091 1146 ,

331 1168 364 1196 et
387 1165 522 1196 censura
546 1164 653 1196 nullus
678 1162 809 1206 penitus
835 1162 876 1195 sit
895 1162 1067 1202 immunis,

330 1215 418 1248 unde
444 1216 476 1247 in
502 1215 654 1248 omnibus
680 1220 711 1249 et
735 1215 882 1258 singulis,
902 1224 985 1258 quae
1010 1224 1070 1257 pro

333 1273 401 1301 toto
426 1272 537 1301 nostro
553 1268 671 1301 Ordine
692 1268 811 1301 fuerint
830 1267 1067 1306 constituenda,

331 1321 486 1353 mutanda
510 1321 560 1353 vel
587 1320 806 1360 diminuenda,
825 1320 998 1359 laudanda,
1017 1329 1071 1362 ap-

331 1373 517 1416 probanda,
544 1372 740 1405 declaranda
772 1377 803 1405 et
827 1371 1068 1411 confirmanda,

331 1436 391 1459 nec
416 1436 482 1458 non
507 1425 671 1469 punienda
695 1430 748 1458 aut
772 1425 979 1464 moderanda,
1006 1425 1071 1457 dis-

331 1480 496 1522 pensanda
522 1479 570 1511 vel
595 1478 806 1521 indulgenda,
831 1478 876 1511 ita
896 1488 930 1511 se
952 1478 1071 1511 habeat

332 1531 552 1565 definitorium
577 1531 791 1574 praedictum,
818 1536 853 1564 ut
876 1531 932 1564 illa
962 1530 1072 1564 omnia

333 1585 474 1624 ordinet,
500 1584 676 1617 constituat
700 1584 750 1617 rel
775 1584 937 1624 destituat,
956 1589 1070 1624 mutet,

333 1639 441 1678 addat,
466 1648 523 1671 seu
547 1638 682 1678 minuat,
708 1638 827 1678 laudet,
852 1638 1012 1681 approbet
1042 1642 1073 1670 et

334 1690 514 1730 confirmet,
541 1691 664 1734 puniat,
685 1701 744 1723 seu
762 1691 857 1724 etiam
873 1691 1071 1731 moderetur,

335 1745 505 1787 dispenset
518 1745 567 1776 rel
584 1743 758 1786 indulgeat,
775 1749 807 1776 et
823 1743 958 1777 tirmiter
978 1754 1074 1787 quae-

335 1806 474 1840 cumque
499 1796 664 1835 decernat,
686 1796 725 1828 iis
747 1801 851 1829 tamen
873 1797 1015 1840 exceptis
1034 1797 1073 1830 de

335 1849 453 1894 quihus
477 1849 725 1882 constitutiones
757 1849 921 1882 extiterint
945 1860 962 1881 a
990 1849 1073 1883 Sede

336 1901 524 1945 Apostolica
549 1901 771 1942 confirmatae,
798 1911 876 1944 quas
901 1902 1071 1936 nihilomi-

335 1967 396 1989 nus
421 1956 586 1989 declarare
611 1955 754 1997 poterit,
784 1961 815 1988 et
839 1955 993 1999 quicquid
1017 1967 1075 1999 per

336 2010 422 2043 hane
446 2008 736 2051 congregationem
773 2018 830 2041 seu
856 2008 1074 2042 definitorium

336 2062 432 2095 suerit
445 2061 643 2104 generaliter
657 2060 878 2101 constitutum,
890 2062 1073 2094 ordinatum

335 2120 368 2149 et
391 2115 589 2149 declaratum
613 2114 777 2153 universe,
804 2115 836 2147 in
860 2117 927 2147 toto
963 2120 1074 2148 nostro

335 2167 455 2201 Ordine
481 2167 679 2206 observetur,
702 2171 733 2199 et
757 2166 892 2210 insuper
915 2167 977 2199 vim
993 2177 1072 2200 con-

336 2220 511 2254 stitutionis
539 2220 666 2258 habeat,
690 2220 715 2252 si
741 2230 800 2262 per
830 2220 891 2253 tria
922 2220 1076 2253 continua

335 2273 477 2317 capitula
501 2272 664 2315 generalia
688 2277 854 2305 statuatur.

383 2336 427 2360 lv.
454 2325 597 2359 Tandem
622 2336 709 2365 vero,
735 2331 769 2358 ut
793 2335 874 2368 quae
898 2325 931 2357 in
957 2324 1098 2358 defini-¹

337 2378 421 2413 torio
446 2384 523 2412 sunt
554 2379 680 2421 agenda
712 2383 743 2411 et
770 2378 977 2412 decernenda
1011 2377 1098 2411 Deo³

339 2441 468 2475 semper
481 2431 613 2474 auspice
629 2430 715 2470 fiant,
735 2431 915 2469 statuimus,
933 2435 977 2471 ut,
997 2441 1077 2473 quo-

340 2485 400 2518 ties
423 2484 611 2518 habendum
625 2484 676 2524 sit,
694 2489 767 2517 ante
784 2483 893 2516 omnia
910 2483 1077 2516 invocetur

343 2537 445 2579 gratia
469 2536 606 2579 Spiritus
631 2536 760 2577 Sancti,
787 2541 818 2569 et
843 2536 968 2569 dicatur
995 2535 1078 2568 anti-

341 2589 452 2632 phona
482 2588 570 2628 Veni,
597 2589 710 2621 Sancte
734 2588 894 2632 Spirilus‘,
913 2598 984 2620 cuin
1016 2589 1076 2621 alia
1097 2599 1098 2606 ¹

1743 206 1801 238 aa!

1107 263 1145 294 de
1171 262 1263 294 beata
1289 261 1385 294 Maria
1409 261 1561 303 Virgine,
1587 266 1622 294 ut
1647 263 1746 295 moris
1776 269 1842 302 est,

1107 324 1177 346 cum
1203 313 1348 346 versibus
1374 319 1405 346 et
1435 314 1634 346 orationibus
1666 317 1841 348 consuetis,

1151 378 1172 400 1.
1190 366 1369 399 Constituto
1383 366 1565 399 (1011111101-11Ἰ
1578 368 1844 410 generali‚priina

1149 216 1191 238 Xll
1216 215 1263 237 PP.

1085 446 1087 458 2
1107 419 1232 457 electio,
1259 429 1342 462 quae
1367 419 1406 452 ab
1422 419 1478 452 illo
1493 420 1676 458 assumitur,
1693 425 1742 453 est
1759 420 1843 453 circa

1853 215 1900 240 An.
1923 216 1940 240 l]
1971 216 2030 242 tsssst

1887 380 1951 400 (laria
1972 382 2003 402 ΙΧ.

1880 406 1909 425 111·
1926 408 1943 427 ιΙ
1960 412 2035 431 ‹lomi-e,

1854 432 1922 452 ossiciu
1939 438 1957 452 vi
1977 438 2036 459 [tuh--

1803 474 1809 479 ,
1854 461 1907 478 stato
1928 461 2035 485 utiiusquo

1106 472 1243 505 vicarios
1268 473 1437 515 generales
1462 473 1636 513 Indiarum,
1658 473 1740 506 haee
1758 484 1844 506 emm

1107 524 1292 557 celebratur
1316 535 1375 567 per
1399 524 1549 567 suffragia
1585 531 1710 558 secreta
1744 536 1842 569 prae-

1108 577 1185 609 dicti
1212 576 1413 617 definitorii,
1448 589 1543 622 quam
1577 584 1685 611 tamen
1722 579 1846 622 poterit

1108 629 1273 672 assignare
1295 631 1463 674 magistro,
1483 637 1513 664 et
1534 632 1564 664 in
1585 632 1676 666 illum
1701 643 1735 665 se
1761 643 1847 665 com-

1108 683 1306 726 promittere,
1325 690 1360 716 ut
1384 684 1469 717 intra
1485 686 1534 718 vol
1553 691 1642 719 extra
1659 687 1844 729 capitulum,

1109 741 1142 768 et
1166 737 1291 780 quoties
1316 738 1437 771 vacatio
1463 738 1647 781 contingat,
1664 741 1846 783 praedictos

1108 789 1244 822 vicarios
1269 790 1424 831 nominet,
1451 797 1482 824 et
1507 798 1540 825 ut
1565 792 1660 826 etiam
1685 804 1702 826 a
1727 793 1844 826 desini-

1110 842 1194 876 torio
1218 843 1266 875 vel
1293 854 1309 876 a
1335 854 1367 876 se
1386 845 1579 886 nominatos,
1599 856 1636 879 ex
1652 846 1735 878 iusta
1752 849 1847 880 causa

1109 894 1246 938 iureque
1271 901 1409 936 servato,
1430 897 1595 931 destituat.
1623 898 1742 932 Eorum
1765 899 1848 942 regi-

1109 947 1204 980 minis
1230 954 1349 981 metam
1375 950 1634 993 quinquennium
1653 963 1721 985 esse
1739 953 1848 985 statui-

1109 1010 1190 1040 mus,
1216 999 1288 1040 nisi,
1303 1001 1344 1034 oh
1361 1011 1483 1035 moram
1501 1006 1707 1044 successoris,
1725 1010 1761 1037 ut
1776 1015 1849 1049 pro-

1110 1058 1243 1096 rogetur
1259 1064 1391 1087 necesse
1406 1055 1454 1095 sit,
1469 1061 1503 1088 ut
1516 1057 1686 1090 ordinatur
1699 1058 1846 1091 inferius.

1154 1117 1191 1140 11.
1206 1105 1512 1152 Quomodocumque
1530 1115 1636 1144 autem
1655 1110 1709 1143 siat
1722 1112 1847 1151 electio,

1112 1169 1243 1202 semper
1266 1160 1363 1193 debet
1387 1171 1456 1195 esse
1492 1164 1628 1206 praefati
1665 1164 1775 1197 vicarii
1811 1175 1847 1197 ex

1112 1212 1269 1246 Castellae
1294 1214 1533 1258 Vandaliaeque
1558 1217 1752 1259 provinciis,
1774 1227 1850 1261 qua-

1113 1276 1182 1299 rum
1215 1267 1339 1299 scilicet
1369 1277 1433 1300 non
1470 1268 1642 1311 adoptione
1682 1269 1737 1302 sed
1774 1272 1850 1302 vera

1113 1319 1312 1361 professione
1348 1319 1414 1352 sint
1447 1319 1518 1360 filii,
1556 1321 1678 1354 etiamsi
1715 1322 1849 1355 alterius

1113 1371 1252 1403 nationis
1278 1372 1435 1404 existant.
1461 1372 1579 1405 Eorum
1609 1373 1739 1416 quidem
1768 1385 1849 1407 unus

1113 1424 1261 1466 eligatur,
1285 1430 1321 1456 ut
1343 1424 1451 1457 visitet
1476 1430 1507 1457 et
1532 1431 1683 1458 exerceat
1711 1431 1851 1469 potesta-

1114 1480 1175 1510 tem
1195 1477 1256 1509 sibi
1275 1477 1422 1510 traditam
1440 1478 1473 1510 in
1490 1478 1645 1511 Peruanis
1660 1479 1849 1522 provinciis;

1113 1530 1196 1562 alter
1219 1540 1296 1563 vero
1321 1531 1353 1563 in
1378 1530 1426 1570 iis,
1451 1541 1531 1574 quas
1562 1531 1647 1565 Ordo
1684 1532 1781 1565 habet
1817 1533 1850 1565 in

1113 1581 1199 1615 Nora
1222 1582 1378 1626 Hispania
1403 1591 1434 1617 et
1458 1583 1654 1624 Gnatemaia,
1676 1596 1749 1618 eum
1767 1585 1850 1618 insu-

1113 1636 1153 1670 lis
1180 1642 1212 1670 et
1236 1637 1315 1670 locis
1340 1637 1387 1672 illi
1412 1638 1635 1671 adiacentibus
1662 1643 1693 1671 et
1716 1639 1825 1671 unitis.

1158 1700 1206 1723 111.
1232 1689 1323 1729 Quod
1348 1695 1454 1724 tamen
1479 1690 1521 1723 ita
1539 1691 1641 1731 saciat,
1659 1696 1694 1723 ut
1715 1696 1851 1734 uterque

1115 1743 1251 1776 vicarius
1277 1753 1336 1786 per
1358 1744 1443 1777 vices
1467 1755 1540 1777 suas
1565 1745 1706 1787 eligatur
1726 1746 1850 1778 alterne

1116 1807 1151 1829 ex
1170 1797 1320 1840 praefatis
1341 1796 1498 1830 Castellae
1515 1797 1754 1841 Vandaliaeque
1775 1809 1850 1842 pro-

1116 1850 1238 1890 vinciis,
1264 1849 1307 1883 ita
1330 1850 1491 1890 videlieet,
1515 1856 1558 1891 ut,
1584 1850 1609 1883 si
1634 1851 1771 1884 vicarius
1791 1863 1848 1894 ge—

1115 1904 1234 1937 neralis
1258 1903 1421 1936 Peruanus
1447 1903 1487 1936 sit
1507 1905 1608 1937 semel
1628 1914 1664 1936 ex
1685 1905 1852 1948 provincia

1116 1955 1285 1995 Castellae,
1304 1955 1336 1988 in
1361 1956 1509 1999 sequenti
1529 1956 1595 1989 vice
1612 1957 1697 1989 idem
1715 1957 1851 1991 vicarius

1117 2009 1278 2051 generalis
1317 2009 1487 2051 eligendus
1529 2009 1572 2041 sit
1612 2019 1648 2041 ex
1689 2011 1852 2052 provincia

1117 2061 1300 2100 Vandaliae,
1315 2067 1347 2094 et
1371 2062 1460 2094 nullo
1481 2061 1576 2094 modo
1595 2061 1657 2094 duo
1677 2063 1781 2095 vIcarii
1804 2074 1853 2105 ge-

1117 2116 1244 2147 nerales
1275 2113 1411 2147 Peruani
1449 2119 1503 2146 aut
1536 2115 1642 2148 Novae
1679 2115 1852 2159 Hispaniae

1118 2167 1177 2200 sibi
1203 2167 1386 2200 immediate
1412 2178 1447 2200 ex
1471 2168 1584 2201 eadem
1601 2168 1767 2212 provincia
1783 2180 1854 2202 sue-

1118 2220 1244 2254 cedant.

1162 2282 1203 2306 1v.
1230 2271 1471 2316 Quamprimum
1497 2283 1576 2316 ergo
1609 2274 1646 2307 ad
1675 2275 1855 2318 quamlibet

1118 2335 1247 2357 suarum
1272 2325 1509 2367 provinciarum
1535 2327 1671 2370 quisque
1697 2327 1736 2359 de
1762 2338 1854 2370 prae-

1119 2377 1212 2410 dictis
1235 2377 1363 2410 vicariis
1388 2378 1566 2420 perveniat,
1593 2379 1624 2411 in
1646 2381 1791 2423 qualibet
1806 2391 1855 2413 ea-

1119 2440 1188 2462 rum
1214 2430 1308 2463 domo
1332 2430 1454 2474 polerit
1478 2431 1643 2474 publit'are
1665 2433 1787 2465 litteras
1804 2433 1853 2465 sui

1118 2483 1271 2523 muneris,
1297 2494 1432 2526 quarum
1457 2483 1574 2517 virtute
1599 2484 1713 2518 fratres
1729 2496 1853 2525 omnes,

1119 2535 1238 2578 quibus
1262 2535 1442 2569 notificatae
1467 2536 1602 2577 suerint,
1629 2537 1719 2570 illum
1755 2538 1854 2570 susci-

1117 2598 1195 2631 pere
1222 2594 1251 2621 et
1272 2595 1432 2632 tamquam
1452 2590 1599 2633 legitimo
1617 2592 1760 2633 praelatu
1780 2592 1856 2625 obe-

1856 491 1862 503 1
1870 491 1927 504 {farn
1949 493 2036 508 ΕΓῦΙὟ-Ι-

1856 512 1880 531 lis
1896 512 2009 534 lndmrum.
