2254 3225
248 221 296 247 An.
312 220 340 246 6.
363 221 429 247 1091
475 213 538 247 598

441 333 499 356 seu
518 324 739 366 existentibus,
757 337 792 358 ac
811 326 984 369 erigendis,
1002 328 1177 360 reforman-

442 376 490 409 dis
523 388 579 410 seu
604 378 720 412 suturis
753 384 784 412 et
816 380 1064 422 quomodolibet
1094 391 1177 412 nun-

441 431 566 474 cupatis
587 442 644 464 3611
664 431 892 476 nuncupandis
906 432 1088 471 Ordinibus,
1108 433 1177 465 reli-

441 484 602 525 gionibus,
628 485 933 527 congregationilms
955 485 1003 517 vel
1023 484 1177 517 reforma-

443 536 597 576 tionibus,
616 542 680 569 tam
704 537 847 569 virorum
873 547 968 579 quam
991 537 1175 577 mulierum,

441 600 538 622 curae
574 594 798 632 protectorum
833 589 980 628 Ordinis,
1013 589 1105 621 cuius
1128 589 1175 622 illi

441 652 498 674 seu
523 642 599 674 illae
624 642 775 681 existunt,
802 642 1000 683 generaliter
1026 642 1177 674 commis-

441 705 551 727 sorum
577 706 634 728 seu
659 695 926 735 commissarum,
951 695 1173 734 observanda,

442 748 639 781 attendenda
674 759 711 780 ac
749 748 954 780 omnimodae
995 748 1175 781 executioni

442 800 666 833 demandanda
684 811 754 833 esse
773 806 804 833 61
825 801 904 839 sore,
925 806 1022 839 motu,
1042 801 1176 834 scientia

442 859 474 886 61
497 854 666 896 potestatis
690 853 895 896 plenitudine
924 854 1057 896 paribus
1074 881 1081 893 ,
1116 855 1177 886 hac

440 905 473 938 in
486 911 684 949 perpetuum
701 906 836 938 valitura
850 906 1096 945 constitutione,
1110 917 1176 939 san-

441 959 542 991 cimus
560 964 592 991 et
617 959 820 992 mandamus.
838 959 875 991 Et
892 959 1116 999 nihilominus,
1135 971 1175 992 ne

440 1011 624 1044 huiusmodi
649 1016 853 1054 protectores
879 1012 912 1043 in
936 1012 1099 1055 aliquibus
1119 1023 1177 1045 ne-

440 1063 554 1106 gociiS,
581 1063 687 1096 causis
712 1074 769 1096 seu
795 1065 905 1103 rebus,
933 1075 1015 1107 quae
1046 1065 1176 1098 univer-

439 1126 508 1148 sum
523 1115 675 1149 Ordinem
690 1127 747 1149 seu
760 1121 859 1149 totum
874 1127 992 1160 corpus
1008 1117 1174 1159 religionis

438 1179 505 1201 non
530 1175 749 1209 concernunt,
775 1180 810 1202 ex
838 1180 1041 1213 quacumque
1067 1173 1176 1210 causa,

439 1222 633 1262 occasione,
669 1222 761 1255 titulo
794 1233 849 1255 3611
882 1228 1072 1265 praetextu,
1104 1234 1175 1256 sese

440 1285 571 1318 quoquo
588 1275 684 1307 modo
698 1274 920 1308 intromittant
936 1287 992 1308 seu
1014 1276 1174 1318 ingerant,

440 1329 538 1360 etiam
559 1333 674 1361 tenore
700 1329 921 1371 praesentium
946 1330 1075 1371 penitus
1100 1340 1176 1372 pro-

440 1381 589 1413 hibemus
606 1407 613 1420 ,
640 1380 810 1413 statuimus
839 1386 932 1424 atque
958 1381 1173 1415 decernimus.

1015 224 1193 249 numanum
1216 224 1370 249 noutNt'M

441 281 477 302 ac
501 271 805 315 quomodocumque
831 273 967 314 erectis,
996 273 1198 307 ret'orniatisl

1219 273 1379 316 aliquibus
1405 274 1560 306 hactenus
1586 274 1734 316 cognita,
1761 274 1952 313 examinata,

1218 337 1273 358 seu
1300 327 1441 360 iudicata
1466 328 1596 366 suerint,
1623 330 1670 360 vel
1697 328 1859 369 cognosci,
1880 337 1952 360 exa-

1218 379 1332 412 minari
1369 390 1425 412 seu
1462 379 1598 412 iudicari
1631 381 1777 423 potuisse
1811 381 1860 413 vel
1897 380 1952 413 de-

1217 431 1325 464 buisse
1358 433 1625 475 dignoscerentur
1659 443 1714 465 seu
1750 433 1949 476 praetende-

1218 490 1349 517 rentur:
1376 491 1560 528 propterea,
1578 491 1613 517 ut
1637 486 1760 525 modus,
1782 487 1892 526 forma,
1919 491 1952 519 et

1218 538 1298 570 ordo
1324 537 1356 569 in
1381 537 1534 579 praefatis
1566 538 1764 570 confirmatis
1788 544 1821 570 et
1844 544 1952 571 exten-

1218 589 1259 622 sis
1284 600 1320 622 ac
1344 590 1572 633 praesentibus
1596 591 1717 623 nostris
1742 591 1857 623 litteris
1875 601 1953 624 con-

1218 642 1318 675 stituti
1354 653 1444 674 suum
1477 643 1657 685 plenarium
1684 649 1715 676 et
1750 644 1952 677 consimilem

1219 696 1313 728 etiam
1334 696 1367 728 in
1389 697 1448 728 bac
1473 702 1565 738 parte
1591 697 1768 729 sortiantur
1792 696 1950 738 effectum,

1218 749 1369 782 omnibus
1395 754 1423 781 et
1450 748 1584 790 singulis
1620 749 1771 791 praefatis
1794 749 1949 790 indultis,

1218 802 1408 845 privilegiis,
1425 802 1723 841 constitutionibus,
1743 803 1876 844 regum,
1893 808 1953 834 sta-

1219 855 1304 895 tutis,
1324 855 1503 894 ordinibus,
1530 855 1814 894 declarationibus,
1842 855 1954 888 decre-

1219 908 1270 948 tis,
1291 909 1404 940 usibus
1429 913 1461 941 ct
1486 908 1778 940 consuetudinibus
1799 909 1952 951 (quorum

1219 961 1361 993 omnium
1386 966 1418 992 et
1443 960 1644 1002 singulorum
1671 966 1800 993 tenores
1816 987 1823 1000 ,
1857 972 1893 992 ac
1925 961 1952 992 si

1219 1013 1257 1046 de
1281 1014 1381 1046 verbo
1399 1013 1436 1045 ad
1459 1013 1590 1045 verbum
1616 1013 1729 1045 inserti
1754 1017 1875 1052 essent,
1893 1024 1952 1056 pro

1217 1066 1314 1108 plene
1333 1072 1363 1098 et
1381 1066 1578 1098 sufficienter
1593 1066 1756 1108 expressis
1777 1066 1950 1109 babemus)

1217 1119 1407 1161 plenissime
1425 1124 1456 1151 et
1476 1118 1683 1161 amplissime,
1701 1123 1799 1157 motu,
1816 1118 1952 1151 scientia

1218 1177 1249 1204 et
1273 1172 1443 1214 potestatis
1468 1171 1672 1213 plenitudine
1704 1171 1873 1210 similibus,
1899 1172 1953 1204 de-

1218 1235 1379 1267 rogamus,
1398 1229 1429 1257 61
1450 1225 1640 1266 derogatum
1665 1235 1734 1257 esse
1757 1225 1903 1257 volumus
1921 1231 1953 1257 et

1219 1279 1420 1317 mandamus,
1438 1277 1502 1310 illis
1520 1274 1598 1310 alias
1616 1277 1648 1309 in
1667 1288 1725 1310 suo
1744 1280 1860 1310 robore
1878 1288 1953 1320 per-

1218 1331 1396 1370 mansuris;
1417 1342 1462 1369 ac,
1489 1340 1726 1373 quamcumque
1751 1330 1951 1369 instantiam,

1218 1384 1282 1417 sive
1312 1384 1444 1425 gradum
1466 1383 1699 1426 cuiuscumque
1725 1383 1952 1426 appellationis

1960 225 2009 255 An.
2025 226 2053 253 C.
2074 228 2139 255 troi

261 1448 373 1468 nummus
383 1453 430 1473 pro-

247 1476 350 1494 les-turum
365 1475 430 1494 sacul-

484 1434 499 1476 §
525 1433 554 1466 7.
582 1433 674 1473 Hinc,
700 1444 770 1466 cum
789 1434 931 1475 (retento
956 1435 1173 1476 praefatarum

246 1496 458 1532 1,,ιιι.ιιε,Ἶ.-;.111..11
475 1486 568 1519 nobis
592 1485 853 1519 confirmatarum
875 1491 905 1519 et
929 1487 967 1519 ad
988 1498 1101 1520 omncs
1121 1488 1177 1520 Or-

247 1528 353 1577 23:123?
399 1534 534 1573 ¹?tssidines
564 1540 733 1581 regulares
771 1544 978 1572 extensarum
1012 1551 1047 1572 ac
1076 1551 1172 1583 prae-

1218 1437 1266 1469 vcl
1298 1437 1451 1472 recursus
1479 1446 1585 1468 coram
1621 1436 1863 1478 protectoribus
1895 1446 1952 1468 seu

1218 1489 1256 1521 ad
1283 1494 1486 1531 protectores
1511 1488 1697 1520 huiusmodi
1723 1494 1925 1521 removentes
1943 1516 1950 1528 ,

1219 1543 1378 1581 tollentes,
1408 1552 1465 1573 3611
1490 1547 1688 1580 recusantes,
1717 1552 1951 1584 quamcumque

265 1605 413 1630 appi-nauvias

247 1631 330 1657 gradir-

247 1580 324 1599 dm'm
359 1585 580 1625 num‘'ssentium
605 1597 786 1624 nostrarum
812 1592 992 1625 litterarum
1018 1593 1174 1637 themate)

441 1656 622 1688 congruere
648 1651 679 1679 et
709 1646 741 1678 in
773 1646 1038 1688 consequentiam
1062 1646 1175 1679 venire

440 1699 597 1738 videatur,
616 1704 651 1730 ut
666 1699 834 1732 memorati
853 1704 1055 1741 protectores
1081 1700 1174 1733 etiam

439 1762 457 1784 a
485 1751 671 1794 cognitione
701 1757 732 1785 et
756 1751 945 1785 delinitione
979 1764 1148 1785 causarum
1165 1781 1172 1794 ,

438 1815 496 1838 seu
510 1805 625 1845 litium,
643 1806 692 1838 vel
710 1804 915 1847 negotiorum
934 1806 1037 1838 dictos
1055 1808 1176 1849 regula-

439 1869 500 1898 res,
519 1859 570 1891 vel
595 1868 707 1891 eorum
731 1858 829 1897 bona,
846 1858 926 1898 iura,
953 1859 1080 1899 domos,
1098 1860 1176 1893 alia-

439 1921 502 1954 que
526 1916 562 1943 ut
578 1911 762 1954 praefertur
781 1911 1021 1953 particulariter
1048 1923 1176 1945 concer-

438 1965 596 2005 nentium,
613 1964 736 2007 pariter
753 1975 808 1997 seu
833 1965 934 2007 magis
956 1966 1173 2007 abstinerent,

438 2018 507 2050 vice
528 2022 636 2050 autem
653 2019 743 2050 versa
757 2028 874 2050 causae
901 2023 933 2049 et
950 2018 1034 2057 lites,
1052 2018 1175 2052 instan-

439 2070 513 2111 tiae,
541 2069 719 2113 petitiones
743 2070 792 2102 rel
818 2070 949 2112 negotia
978 2070 1172 2111 huiusmodi,

440 2124 507 2157 sive
533 2134 568 2156 ex
594 2123 750 2164 indultis,
771 2123 949 2166 privilegiis
982 2130 1036 2157 aut
1060 2125 1175 2158 consti-

440 2175 622 2209 tutionibus
648 2176 851 2219 apostolicis,
882 2176 948 2209 sive
975 2188 1011 2209 cx
1037 2179 1171 2220 regulis,

440 2231 489 2262 vel
517 2229 653 2269 statutis,
679 2239 735 2261 seu
760 2229 1018 2263 ordinationibus
1051 2231 1175 2274 aliquo-

440 2293 511 2315 rum
540 2281 707 2321 Ordinum,
738 2282 803 2314 sire
832 2292 868 2314 cx
899 2282 1173 2317 declarationibus

440 2337 491 2369 vel
507 2335 646 2369 decretis
665 2335 767 2368 dictae
786 2336 818 2368 S.
841 2335 877 2367 r..
898 2336 932 2368 E.
960 2337 1174 2370 cardinalium

441 2389 601 2432 aliquibus
627 2388 940 2430 Congregationilms
972 2391 1174 2432 praeposito-

440 2452 528 2482 rum,
561 2441 627 2473 sive
653 2451 689 2473 ex
714 2450 775 2472 usu
802 2441 850 2472 vel
876 2451 1076 2485 (puteumque
1101 2454 1175 2476 con-

440 2494 621 2534 suetudine,
639 2493 672 2525 in
690 2493 796 2536 aliqua
821 2493 980 2534 instantia,
1002 2506 1055 2528 3611
1075 2497 1174 2537 gradu

442 2547 674 2589 cuiuscumque
700 2546 928 2588 appellationis
945 2547 992 2579 vel
1014 2550 1174 2588 recursus,

442 2612 459 2634 a
484 2600 668 2633 memoratis
704 2599 944 2641 protectoribus
979 2610 1033 2632 scu
1066 2611 1174 2633 eorum

1218 1595 1403 1627 instantiam
1429 1600 1526 1636 prout
1558 1595 1596 1627 de
1628 1594 1699 1626 iure
1732 1600 1764 1626 et
1787 1595 1873 1627 iuxta
1898 1594 1953 1627 Or-

1219 1647 1301 1680 dinis
1319 1646 1464 1679 instituta
1482 1647 1706 1689 relinquimus
1725 1652 1756 1679 et
1776 1647 1953 1680 cuiuscum-

1218 1711 1280 1743 que
1305 1699 1532 1743 appellationis
1550 1710 1605 1731 seu
1631 1701 1783 1731 recursus
1802 1701 1950 1741 gradum,

1218 1763 1313 1795 quem
1339 1752 1474 1794 singulis
1511 1752 1729 1784 cardinalibus
1761 1753 1952 1795 protectori-

1218 1807 1277 1838 bus
1304 1810 1418 1837 tenore
1443 1804 1658 1847 praesentium
1686 1806 1817 1838 omnino
1842 1810 1874 1838 et
1897 1806 1952 1838 ab·

1218 1859 1322 1891 solute
1349 1857 1534 1898 adimimus,
1557 1858 1634 1900 ipsis
1660 1859 1878 1892 cardinalibus
1903 1859 1952 1892 in·

1217 1912 1313 1945 simul
1336 1916 1443 1944 tamen
1468 1911 1500 1943 in
1527 1911 1786 1954 Congregatione
1811 1912 1951 1955 negotiis

1218 1971 1250 1998 et
1275 1965 1569 1998 consultationibus
1595 1965 1820 2008 episcoporum
1847 1972 1878 1998 et
1901 1977 1952 1999 re-

1218 2018 1377 2061 gularium
1403 2017 1587 2060 praeposita
1612 2018 1880 2052 convenientibus
1900 2030 1952 2052 ea-

1217 2071 1361 2104 rumdcm
1377 2076 1489 2102 tenore
1508 2070 1727 2113 praesentium
1743 2070 1951 2112 restituimus,

1218 2125 1448 2165 concedimus,
1474 2124 1644 2157 tribuimus
1671 2130 1703 2157 et
1725 2124 1949 2167 impartimur,

1217 2190 1271 2211 seu
1297 2177 1403 2211 verius
1429 2183 1602 2220 utriunque
1629 2189 1685 2210 3611
1711 2178 1870 2222 duplicem
1896 2190 1952 2222 ap-

1216 2230 1400 2274 pellationis
1414 2230 1555 2271 gradum,
1575 2231 1627 2273 qui
1643 2242 1739 2274 super
1763 2232 1948 2274 praemissis

1216 2285 1305 2329 prius
1331 2284 1370 2316 ad
1395 2283 1575 2316 cardinales
1600 2289 1803 2326 protectores
1826 2286 1951 2328 praesa-

1217 2344 1273 2378 tos,
1293 2342 1325 2370 ct
1348 2336 1528 2369 successive
1548 2337 1598 2368 vel
1623 2337 1807 2379 1630611116,
1833 2338 1950 2371 omisso

1216 2391 1336 2431 medio,
1364 2390 1401 2421 ad
1426 2394 1635 2421 memoratam
1660 2389 1950 2432 Congregationem

1217 2442 1481 2481 devolvebantur,
1498 2441 1530 2473 in
1556 2441 1665 2473 eadem
1691 2442 1949 2485 Congregatione

1217 2495 1465 2535 consolidamus,
1484 2494 1686 2527 annectimus
1708 2500 1738 2527 et
1756 2496 1896 2536 unimus,
1919 2501 1950 2531 et

1216 2549 1254 2581 ad
1279 2559 1377 2581 unum
1403 2548 1596 2589 cogniticnis
1630 2558 1686 2581 seu
1722 2550 1949 2592 appellationis

1218 2601 1349 2644 gradum
1374 2600 1568 2633 reducimus.

1874 2685 1887 2698 *Q
