2227 3225
131 189 178 215 An.
200 187 228 215 C.
247 188 308 215 ¹00¹

901 186 1106 209 lxx-uitsx'stt's
1133 188 1175 210 xtl
1201 189 1247 211 FP.

324 237 376 280 qui
407 241 512 270 autem
543 236 737 277 interesse¹,
761 235 856 276 alibi,
883 234 1026 279 quotidie
1047 261 1054 275 ‚

324 290 420 322 etiam
446 290 507 322 iter
525 294 669 332 agentes,
687 289 785 322 bisin
804 290 855 322 die
873 289 1058 321 mentaliter

324 348 437 383 orent;
464 347 495 375 et
520 342 604 375 lianc
629 342 865 374 institutionem
885 342 1059 374 observent

324 407 384 439 pro
409 396 565 440 temporis
590 395 835 439 opportunitate
854 399 885 427 et
901 396 985 433 loco,
1009 404 1059 426 se-

324 460 396 481 cum
433 449 512 482 illud
545 448 731 481 Davidicum
769 448 990 480 conserentes:
1018 447 1058 479 In

325 503 415 534 omni
447 503 512 535 loco
534 501 770 535 dominacionis
795 501 881 542 eim,
908 499 1057 541 benedic,

325 556 439 588 anima
465 566 546 596 mea,
571 555 719 588 Domino.

371 619 392 642 1.
419 608 647 642 Inclinationes
673 607 808 640 dicimus
834 617 870 640 ea
894 606 1061 640 sensibilia

328 662 440 704 signa,
467 662 583 706 quibus
615 661 725 699 Deum,
752 662 802 693 vel
829 660 896 693 eius
921 667 1059 698 sanctos,

329 722 382 748 aut
406 720 526 755 sancta,
553 725 607 746 seu
634 714 730 746 etiam
758 713 907 746 homines
929 718 1063 755 proper

329 769 426 800 Deum
451 777 639 800 reveremur
671 772 703 799 et
733 766 883 799 colimus.
916 764 1062 807 Quinque

329 821 360 853 in
386 819 504 854 Ordine
539 825 651 852 nostro
677 819 857 852 secundum
889 828 997 850 rerum
1034 823 1064 850 et

329 873 467 906 lionoris
493 873 711 905 diversitatem
745 871 957 914 exponiniuS‚
985 881 1063 913 quas
1089 868 1091 880 '⁸

330 926 457 970 capitis,
469 926 506 958 ad
518 936 633 968 genua,
652 925 859 968 profundam,
874 923 1066 966 genuflexio-

330 991 417 1019 nem,
444 984 475 1012 et
499 978 749 1022 prostrationem
782 977 996 1021 appellamus.
1021 975 1068 1007 ln-

331 1033 541 1066 clinationem
568 1032 682 1075 capitis
701 1031 799 1064 sacris
821 1030 994 1073 praecipue
1016 1039 1066 1062 no-

332 1086 473 1119 minibus
497 1085 565 1118 lesu
592 1084 714 1118 domini
745 1083 847 1116 nostri
881 1088 911 1116 et
949 1082 1068 1115 beatis-

332 1141 431 1173 simae
448 1139 587 1181 Yirginis
602 1138 718 1171 Mariae
738 1148 807 1170 cuin
827 1139 944 1180 magna
961 1136 1068 1169 cordis

333 1192 518 1226 humilitate
559 1192 714 1224 debemus
752 1190 965 1233 impendere,
1005 1195 1068 1221 tum

334 1246 429 1279 etiam
455 1245 642 1278 nominibus
669 1250 866 1283 sanctorum,
895 1243 933 1276 de
952 1242 1068 1286 quibus

333 1299 365 1331 in
403 1299 454 1331 die
485 1296 621 1342 proprio
658 1302 709 1329 aut
745 1296 780 1328 sit
815 1295 970 1328 memoria
1017 1301 1066 1327 aut

333 1352 494 1390 officium,
531 1350 647 1394 capitis
683 1349 926 1383 inclinationem
962 1348 1070 1381 reddi-

334 1416 419 1445 mus,
439 1405 525 1437 idem
552 1404 686 1436 facimus
705 1408 737 1436 et
761 1404 793 1435 in
818 1404 937 1447 hymno
958 1402 1069 1435 Gloria

333 1459 367 1490 iu
394 1457 525 1490 excelsis
557 1457 620 1490 Deo
657 1457 695 1489 ad
722 1467 778 1490 eos
803 1466 914 1489 versus
944 1455 1072 1488 Adora—

334 1522 406 1543 πως
432 1515 470 1551 te,
492 1510 625 1544 Gratias
649 1510 778 1553 aqimus
798 1509 864 1548 tibi,
885 1514 916 1542 et
940 1509 1071 1551 Suscipe

334 1564 591 1607 deprecationem
617 1567 759 1596 nostram
770 1575 782 1603 ,·
810 1562 841 1594 in
866 1563 1013 1605 symbolo
1032 1563 1068 1595 ad

334 1617 430 1649 verba
469 1616 576 1649 Simul
601 1615 778 1654 adoratecr,·
808 1616 848 1648 ad
887 1615 1071 1648 Hmniliule

335 1671 442 1712 cupita
465 1673 569 1701 vestra
594 1674 625 1702 et
650 1669 832 1701 orationem
858 1673 1069 1711 sequentem,

335 1724 372 1756 :ul
392 1722 654 1756 benedictionem
672 1722 849 1754 sacerdotis
867 1721 899 1754 in
920 1722 983 1755 fine
1000 1722 1071 1754 mis-

335 1786 398 1815 sae,
416 1780 447 1808 et
471 1785 541 1807 cum
564 1775 873 1818 pacem,incensum
898 1780 930 1807 et
954 1785 1070 1818 aquarn

336 1828 540 1861 benedictam
566 1828 781 1870 suscipimus3
809 1827 962 1870 praelatis
995 1827 1070 1860 item

336 1881 587 1920 transeuntibus,
601 1881 651 1913 vel
670 1891 740 1912 cum
761 1881 798 1912 ad
818 1890 874 1913 eos
888 1880 1071 1912 accedimus

335 1940 390 1966 a'it
407 1934 598 1974 recedimus,
620 1933 725 1976 capita
743 1939 929 1966 reverenter
942 1933 1071 1966 subiici-

335 1998 426 2028 m·1s;
454 1987 585 2020 tandem
611 1997 682 2019 cum
709 1986 741 2019 in
766 1986 939 2019 refectorio
964 1987 1071 2030 aliqua

335 2040 429 2073 nobis
447 2051 507 2083 per
524 2040 763 2073 hebdomadam
783 2039 970 2073 obedientia
995 2040 1070 2072 sul)-

335 2093 491 2136 iungitur,
516 2099 613 2137 caput
636 2093 713 2126 licet
737 2099 888 2136 opertum
921 2093 1071 2126 similiter

334 2145 540 2180 inclinamus.

379 2210 414 2233 11.
449 2199 573 2243 Corpus
602 2209 705 2243 usque
731 2199 771 2232 ad
797 2209 902 2242 genua
937 2198 1071 2232 dimitti-

334 2263 418 2291 mus,
445 2252 574 2296 quoties
610 2252 746 2285 chorum
782 2252 987 2295 ingredimur
1021 2254 1069 2286 vel

336 2305 531 2347 egredimur,
564 2305 710 2338 conversi
746 2305 786 2337 ad
824 2305 938 2337 fratres
973 2307 1068 2345 vultu,

336 2357 425 2401 quasi
458 2368 517 2401 per
549 2357 752 2391 salutationis
785 2357 942 2397 officium3
970 2358 1009 2390 ad
1039 2369 1071 2390 0-

335 2420 425 2443 mnes
440 2410 539 2443 horas
557 2410 652 2443 officii
670 2410 760 2454 parvi
778 2410 983 2443 beatissimae
1002 2411 1071 2443 Vir-

336 2463 419 2505 ginis
444 2463 572 2504 Mariae,
606 2473 679 2496 curn
710 2463 778 2496 eius
804 2463 983 2496 orationem
1016 2474 1071 2496 an-

336 2516 472 2559 gelicam
496 2516 734 2559 praemittimus
769 2527 830 2560 pro
867 2516 1014 2559 singulis,
1041 2523 1072 2550 et

373 2578 384 2605 1
406 2577 507 2606 Forsan
527 2578 602 2606 deest
622 2587 676 2606 non
693 2582 831 2614 poterunt
850 2582 890 2614 (n.
908 2579 956 2615 T.).

1729 181 1791 214 230

1100 235 1138 267 ad
1171 245 1224 267 eas
1256 236 1419 269 orationes
1453 238 1569 280 quibus
1595 237 1751 271 finiuntur
1786 241 1834 273 vel

1101 287 1133 318 stt
1159 289 1420 322 commemoratio
1448 289 1479 321 in
1514 290 1610 323 missa
1643 298 1696 323 aut
1720 292 1833 328 ollii-io,

1101 351 1229 373 necnon
1254 342 1349 374 etiam
1375 343 1501 385 quoties
1526 345 1702 376 occurrerit
1722 345 1836 377 Gloria

1100 394 1198 426 Patri
1221 394 1369 429 similiter
1394 396 1624 429 ineliimliimur
1649 397 1704 439 (in
1731 399 1834 430 ellici.)

1102 451 1209 479 autem
1234 448 1346 481 maiori
1372 449 1531 492 excipitur
1556 449 1695 492 primum
1723 451 1836 483 Gloria

1102 499 1208 540 Patri,
1233 500 1265 532 in
1292 512 1354 544 quo
1380 513 1438 544 pro
1475 501 1613 545 singulis
1644 503 1735 536 horis
1766 514 1837 546 pro-

1103 552 1200 584 sunda
1214 553 1334 586 utimur
1354 554 1590 595 inclinatione),
1611 556 1641 588 in
1664 557 1838 598 postremis

1104 605 1296 648 hymnorum
1318 607 1472 646 versibus,
1496 614 1525 640 et
1551 609 1587 642 ad
1614 609 1688 641 illos
1713 609 1761 642 Sil
1784 619 1839 640 uo-

1105 668 1174 689 meu
1190 658 1324 691 Domini
1338 660 1547 700 benedictum,
1563 667 1592 693 et
1606 661 1840 694 Bructlicmius

1105 712 1237 744 Patrem
1252 717 1280 745 el
1293 713 1431 753 Filium,
1450 719 1519 753 ele„
1534 714 1692 757 simulque
1711 715 1748 746 ad
1769 725 1840 747 eam

1087 765 1314 807 -praesationis
1348 767 1524 799 clausulam
1561 767 1681 799 Bcolae
1704 767 1840 804 Mariae,

1106 822 1133 849 el
1158 822 1185 850 te
1206 818 1241 850 in
1258 820 1467 858 veneratione,
1490 824 1560 860 ele,
1582 830 1709 852 necnon
1731 820 1762 852 111
1781 820 1844 852 Pii-

1107 873 1156 903 ma
1181 883 1254 904 cum
1271 873 1406 905 dicimus
1429 873 1547 906 Sancta
1567 873 1677 906 Maria
1690 877 1718 905 et
1735 883 1844 905 omnes

1106 925 1230 965 suncti,
1269 930 1337 965 etc„
1371 925 1429 958 liac
1453 926 1524 969 ipsa
1559 926 1708 969 corporis
1745 926 1844 959 delle-

1107 978 1203 1010 xione
1241 979 1463 1019 curvabinuir,
1501 990 1598 1022 quam
1638 979 1733 1012 etiam
1770 990 1843 1012 cum

1109 1031 1259 1063 sedemus
1284 1031 1354 1064 sine
1380 1033 1542 1066 erectione
1568 1033 1810 1066 committimus.

1152 1094 1198 1117 111.
1229 1084 1389 1118 Prot'unde
1421 1085 1552 1128 quidem
1585 1086 1781 1118 inclinamur
1807 1086 1846 1119 ad

1110 1137 1277 1170 orationes
1314 1138 1509 1171 dominicam
1541 1145 1572 1171 et
1601 1139 1780 1181 angelicam
1817 1143 1847 1173 ct

1110 1191 1229 1230 Credo,
1255 1202 1334 1234 quas
1367 1191 1502 1234 singulis
1539 1192 1718 1235 respective
1758 1193 1847 1225 horis

1110 1245 1347 1288 praemittimus
1372 1245 1403 1277 in
1430 1245 1559 1278 silentio
1575 1272 1583 1285 ,
1611 1251 1643 1278 et
1667 1245 1782 1288 quibus
1803 1246 1849 1279 os-

1111 1297 1217 1330 [icium
1256 1303 1287 1330 ct
1318 1298 1566 1341 completorium
1604 1304 1752 1341 tempore
1777 1310 1849 1341 pas-

1112 1350 1197 1382 chali
1217 1350 1395 1392 diebusque
1419 1350 1588 1383 dominicis
1605 1351 1847 1390 concludimus,

1112 1404 1223 1436 eadem
1256 1403 1467 1436 inclinatione
1498 1404 1698 1437 devolvimur
1722 1405 1759 1437 ad
1787 1406 1851 1447 pri-

1112 1467 1197 1489 mum
1224 1456 1338 1489 Gloria
1363 1457 1461 1489 Patri
1485 1456 1516 1488 in
1543 1456 1649 1490 officio
1674 1457 1797 1496 maiori,
1817 1464 1852 1491 ut

1113 1510 1342 1553 praediximus,
1358 1515 1389 1542 et
1402 1520 1513 1542 omnes
1532 1510 1600 1543 eius
1614 1510 1768 1543 horarum
1782 1521 1854 1544 ora-
1883 1540 1889 1546 ,

1114 1563 1228 1605 tiones⁷
1254 1568 1286 1596 et
1310 1563 1445 1606 primam
1459 1564 1623 1596 dumtaxat
1642 1563 1675 1596 in
1695 1564 1852 1606 vesperis,

1114 1623 1145 1650 et
1169 1616 1275 1650 osticio
1307 1617 1425 1649 missae
1451 1617 1489 1649 ad
1515 1617 1683 1649 collectam
1717 1627 1776 1658 pro
1802 1614 1854 1648 Ec-

1114 1669 1222 1711 clesia,
1251 1674 1283 1702 et
1308 1680 1402 1714 quam
1423 1671 1585 1712 praelatus
1616 1668 1769 1702 indixerit
1794 1680 1853 1712 pro

1114 1723 1311 1756 necessitate
1341 1722 1516 1762 communi,
1536 1722 1575 1755 ad
1601 1732 1713 1755 omnes
1738 1733 1853 1765 preces

1115 1782 1145 1809 et
1179 1777 1438 1816 consessionem,
1466 1776 1542 1809 dum
1578 1786 1630 1809 eas
1656 1786 1722 1808 11011
1752 1786 1854 1818 genu-

1114 1830 1186 1862 flexi
1212 1829 1397 1869 recitamus,
1425 1835 1456 1862 ct
1481 1829 1511 1861 in
1534 1828 1707 1862 refectorio
1726 1829 1765 1862 ad
1783 1840 1858 1862 ora-

1115 1883 1235 1915 tionem
1261 1883 1459 1922 Reti-ieme,
1484 1887 1540 1915 etc.

1158 1946 1201 1968 1v.
1222 1935 1485 1968 Genussexionem
1504 1940 1608 1968 autem
1627 1945 1692 1968 11110
1709 1936 1759 1968 vel
1776 1935 1854 1968 bino

1115 1999 1199 2032 genu
1224 1989 1257 2021 in
1283 1989 1495 2032 sequentibus
1522 1999 1727 2021 exercemus:
1749 1989 1854 2032 primo

1115 2043 1153 2074 ad
1181 2042 1363 2084 ingressum
1400 2043 1450 2075 vel
1475 2052 1663 2083 regressum
1700 2052 1717 2074 a
1743 2042 1854 2081 choro,

1114 2106 1185 2128 cum
1212 2094 1451 2127 sanctissimum
1476 2099 1713 2126 sacramentum
1739 2095 1856 2127 adora-

1115 2159 1198 2189 mus,
1227 2148 1265 2180 ad
1292 2158 1405 2190 preces
1432 2152 1464 2180 et
1489 2147 1652 2180 orationes
1683 2147 1799 2180 missae
1826 2153 1857 2180 ct

1114 2201 1210 2234 officii
1247 2206 1392 2244 tempore
1418 2200 1583 2232 Adventus
1614 2203 1645 2233 et
1671 2199 1857 2242 Quadringe-

1114 2255 1225 2293 shnae,
1256 2254 1398 2292 Quatuor
1421 2252 1636 2295 Temporibus
1664 2258 1695 2285 et
1718 2253 1852 2295 Vigiliis,

1113 2318 1215 2350 usque
1248 2308 1284 2339 ad
1312 2306 1548 2339 Bencdscamus
1582 2305 1735 2345 Domino,
1763 2317 1857 2349 prae-

1115 2367 1260 2403 terquam
1287 2359 1319 2391 in
1346 2359 1460 2391 diebus
1487 2368 1568 2400 quos
1599 2357 1722 2401 excipit
1747 2369 1857 2391 caere-

1114 2412 1252 2445 moniale
1280 2416 1440 2450 nostrum,
1465 2410 1505 2442 ad
1538 2420 1651 2452 preces
1684 2415 1715 2442 et
1741 2411 1857 2443 oratio-

1114 2476 1171 2498 nes
1197 2465 1294 2497 officii
1321 2464 1562 2503 defunctorum,
1583 2463 1621 2495 ad
1641 2472 1752 2495 versus
1774 2464 1858 2496 Tan-

1116 2524 1183 2551 tum
1209 2528 1293 2561 erqo,
1316 2516 1342 2550 Ο
1366 2517 1524 2548 salutaris
1550 2515 1674 2555 hostia,
1702 2515 1726 2546 si
1753 2526 1858 2548 sacra-

1116 2576 1259 2604 mentum
1284 2570 1353 2603 sine
1377 2568 1537 2602 velamine
1563 2572 1684 2611 pateat,
1712 2568 1760 2599 vel
1782 2578 1858 2611 pro-

1839 190 1886 216 An.
1906 190 1934 216 C.
1961 190 2020 218 teat
