2254 3225
229 263 276 289 An.
293 262 320 289 c.
346 263 406 290 thtt
457 255 520 288 91ss

421 312 484 346 tius
509 307 741 356 praedecessor
765 306 939 347 nonnullas
964 314 1154 348 declaratio-

421 377 479 400 nes
504 367 542 400 ad
568 368 714 410 regulam
744 368 891 401 eiusdem
927 368 958 401 S.
989 368 1153 401 Benedicti

420 429 456 452 ac
481 419 726 453 constitutiones
749 420 851 453 dictae
876 420 1152 464 Congregationis‚

420 471 453 504 in
479 472 594 515 quibus
619 472 650 505 id
676 473 783 516 ipsum
808 473 894 506 inter
914 479 1023 507 cetera
1048 475 1154 507 decre-

420 531 488 558 tum
510 526 622 565 suerat,
645 527 824 569 apostolica
837 527 1024 560 auctoritate
1039 526 1154 560 confir-

419 579 516 611 mavit
531 582 563 612 et
578 579 781 622 approbavit,
798 579 910 622 prout¹
926 579 957 612 in
975 579 1078 622 ipsius
1104 579 1153 612 In·

420 631 563 663 nocentii
586 631 844 674 praedecessoris
862 632 1105 665 litterisitidem
1119 632 1151 664 in

419 683 522 716 forma
536 684 645 716 Brevis
664 684 716 716 die
731 694 794 717 xxii
808 685 990 717 novembris
1007 694 1152 718 noccxxx

419 736 560 779 desuper
577 737 745 776 emanatis,
767 747 905 780 quarum
926 743 956 769 et
971 738 1152 780 praedicta-

419 799 489 820 rum
526 789 669 821 eiusdem
704 789 884 822 innocentii
923 791 1152 832 praedecesso-

418 841 461 874 ris
484 841 664 874 litterarum
690 847 819 875 tenores
841 843 1070 886 praesentibus
1090 854 1151 886 pro

418 895 515 936 plene
541 899 573 927 et
596 894 794 927 sufficienter
818 896 980 938 expressis
1006 901 1037 928 et
1053 896 1153 928 inser-

420 947 458 979 tis
483 947 596 980 haberi
621 948 777 987 volumus,
796 948 929 980 uberius
954 948 1149 982 continetur.

462 1001 477 1043 ξ
501 1000 531 1032 Ξ.
559 1000 634 1033 Cum
662 1005 779 1040 autem,
802 1001 884 1033 sicut
908 1000 1042 1034 dilectus
1067 1001 1150 1034 filius

419 1058 609 1095 procurator
633 1053 795 1094 generalis
823 1054 987 1095 praefatae
1012 1053 1153 1096 Congre-

419 1105 557 1146 gationis
578 1105 776 1138 Cassinensis
796 1106 890 1138 nobis
912 1117 1016 1148 nuper
1034 1107 1151 1149 exponi

419 1157 505 1195 fecit,
526 1157 699 1199 capitulum
719 1159 871 1199 generale
891 1158 994 1191 dictae
1015 1158 1153 1201 Congre-

419 1209 557 1251 gationis
574 1209 760 1248 novissime,
778 1220 893 1252 nempe
907 1221 1017 1243 mense
1038 1211 1150 1254 aprilis

417 1271 534 1302 nncxc,
548 1262 698 1295 Perusiae
712 1263 921 1302 celebratum,
933 1269 1059 1306 tempus
1075 1265 1152 1307 hye-

418 1315 499 1347 male
524 1324 584 1358 pro
609 1315 714 1347 dietae
740 1315 953 1349 intermediae
988 1318 1150 1359 praefatae

417 1368 636 1401 celebratione
649 1368 878 1409 visitatoribus,
899 1370 952 1413 qui
970 1371 1073 1403 eidem
1089 1371 1152 1404 die-

419 1426 469 1454 tae
505 1420 664 1454 interesse
684 1449 691 1461 ,
718 1432 778 1454 nec
809 1433 872 1455 non
910 1423 1078 1456 abbatibus
1115 1435 1151 1457 ac

418 1474 588 1508 monachis
613 1474 666 1518 qui
693 1475 732 1507 ab
756 1486 819 1508 uno
844 1476 882 1508 ad
909 1476 996 1509 alind
1025 1488 1152 1510 monas-

417 1525 535 1559 terinm
561 1531 638 1559 tunc
664 1528 818 1570 temporis
844 1529 1072 1571 transmigrare
1098 1530 1151 1564 de-

416 1579 509 1619 bent,
551 1580 645 1613 valde
684 1580 925 1614 incommodum
960 1583 1149 1624 adverterit,

417 1633 562 1675 adeoque
588 1632 673 1666 dicto
686 1635 888 1676 procuratori
903 1636 1045 1677 generali
1063 1647 1152 1670 man-

417 1685 572 1725 daven-av,
592 1691 627 1718 ut
647 1687 685 1719 ab
707 1687 767 1720 hac
783 1687 896 1721 Sancta
917 1688 1000 1722 Sede
1019 1690 1150 1722 decerni

417 1743 551 1777 curaret,
579 1739 665 1780 quod
691 1738 722 1771 in
748 1745 911 1782 posterum
933 1741 1018 1773 dieta
1041 1752 1152 1784 supra-

418 1789 501 1822 dicta
526 1790 651 1823 duobus
675 1791 768 1824 annis
793 1797 866 1835 post
899 1793 1151 1827 celebrationem

417 1842 545 1884 capituli
559 1844 729 1884 generalis,
751 1855 867 1887 nempe
883 1846 975 1878 tertia
990 1847 1151 1880 dominica

415 1900 490 1936 post
502 1894 623 1927 Pascha
634 1895 892 1929 Resurrectionis
907 1898 1084 1931 dominicae
1102 1910 1151 1932 ce-

415 1947 533 1979 lebrari
548 1953 670 1990 posset:
685 1948 778 1981 nobis
795 1953 969 1992 propterea
986 1951 1069 1983 idem
1082 1962 1151 1994 pro-

417 2006 543 2033 curator
559 2002 720 2043 generalis
739 2003 905 2036 humiliter
921 2005 1096 2047 supplicari
1113 2005 1153 2038 se-

416 2054 459 2086 cit
485 2059 519 2086 ut
547 2055 580 2087 in
615 2055 800 2098 praemissis
835 2062 1017 2100 opportune
1046 2059 1152 2101 provi-

417 2105 493 2139 dere
508 2112 538 2139 et
555 2112 590 2139 ut
609 2107 691 2140 infra
711 2108 878 2151 indulgere
897 2109 935 2142 de
952 2109 1150 2153 benignitate

417 2160 594 2202 apostolica
619 2160 841 2203 dignaremur.

225 2215 408 2262 dis-'Css'in'usikpitiffss
462 2212 476 2254 ξ,
501 2212 531 2244 3.
554 2213 616 2245 Nos
632 2213 741 2255 igitur,
759 2215 933 2257 specialem
958 2216 1019 2258 ipsi
1037 2227 1152 2259 procn-

226 2265 517 2315 fflw¹„⁰„‚g¹,⁰⁰''b²¹¹1'3101'5
543 2266 686 2307 generali
713 2267 848 2309 gratiam
865 2268 971 2301 facere
995 2270 1149 2309 volentes,

419 2326 555 2360 cunique
577 2328 594 2350 a
615 2319 777 2361 quibusvis
793 2321 1148 2362 excommunicationis,

417 2370 638 2412 suspensionis
664 2375 693 2404 et
725 2372 898 2412 interdicti,
935 2374 1070 2417 aliisque
1102 2386 1151 2408 ec-

419 2421 602 2454 clesiasticis
628 2425 808 2464 sententiis,
834 2427 980 2459 censuris
1011 2432 1043 2460 et
1072 2438 1151 2470 poe-

419 2472 478 2513 nis,
497 2484 513 2505 a
531 2474 598 2507 iure
624 2477 673 2508 rcl
698 2477 737 2508 ab
763 2478 903 2517 homine,
922 2479 1033 2520 quavis
1058 2490 1150 2512 occa-

419 2525 510 2557 sione
535 2528 583 2559 vel
608 2531 704 2560 causa
722 2530 801 2569 latis,
828 2530 855 2562 si
877 2531 991 2573 quibus
1017 2542 1151 2575 quomo-

261 1007 327 1027 Cama
346 1008 407 1028 huius

227 1034 391 1055 Constitutionr.

455 2596 465 2622 1
490 2595 587 2623 Vocem
606 2601 690 2631 prou!
710 2607 757 2625 nos
772 2599 897 2626 addimus
912 2601 951 2635 (R.
967 2600 1017 2636 ¹12).

453 2639 468 2665 2
489 2638 582 2675 Aptius
601 2640 658 2676 lege
678 2643 857 2672 mundaverit
876 2646 913 2678 (R.
930 2644 980 2680 T.)-

994 247 1169 290 nutu-niun
1195 267 1347 289 Ronmrn

1939 271 1986 297 An.
2003 271 2031 298 C.
2056 272 2117 300 ¹09¹

1198 314 1320 347 dolibet
1348 314 1522 347 innodatus
1556 315 1678 355 existit,
1711 315 1749 348 ad
1782 316 1930 351 effectum

1196 367 1416 410 praesentium
1449 368 1611 400 dumtaxat
1652 371 1927 412 consequendum,

1197 420 1312 451 harum
1340 419 1422 452 serie
1451 420 1655 453 absolventes
1681 425 1712 454 et
1744 422 1929 456 absolutum

1196 472 1266 505 sore
1303 477 1485 513 censentes,
1528 473 1822 516 supplicationibus
1859 477 1928 509 eins

1195 524 1326 558 nomine
1351 526 1444 559 nobis
1469 536 1566 569 super
1591 527 1653 560 hoc
1672 527 1839 562 humiliter
1858 540 1929 573 por-

1194 579 1289 611 rectis
1314 578 1468 618 inclinati,
1495 584 1531 611 ut
1562 580 1601 612 de
1632 584 1740 614 cetero
1772 581 1858 615 dieta
1884 583 1930 615 in-

1196 631 1353 664 termedia
1381 632 1546 674 praefatae
1572 632 1842 676 Congregationis
1854 635 1929 669 Cas-

1194 684 1329 717 sinensis
1356 685 1481 717 duobus
1506 686 1598 718 annis
1629 691 1703 729 post
1735 687 1930 722 celebratio-

1195 747 1269 770 nem
1312 738 1546 781 cninscumque
1576 739 1708 782 capituli
1742 741 1930 783 generalis,

1194 800 1310 833 nempe
1337 790 1428 822 tertia
1453 791 1612 823 dominica
1632 796 1706 834 post
1726 792 1848 825 Pascha
1870 794 1930 827 Re-

1193 842 1401 875 surrectionis
1426 843 1617 883 dominicae,
1642 855 1659 876 a
1683 845 1829 887 proxime
1853 857 1930 878 ven-

1195 900 1264 928 turo
1298 906 1381 928 anno
1418 906 1551 929 Mocxcn
1597 897 1797 940 incipiendo,
1832 904 1929 941 atque

1194 949 1237 980 ita
1260 948 1427 991 perpetuis
1460 949 1573 981 suturis
1599 950 1798 993 temporibus
1825 952 1928 984 conti-

1194 1001 1341 1039 nuando,
1367 1006 1398 1033 et
1422 1011 1486 1033 non
1512 1002 1620 1041 aliter,
1647 1003 1761 1035 baberi
1788 1004 1924 1044 debeat,

1194 1053 1383 1085 auctoritate
1410 1053 1600 1095 apostolica,
1628 1059 1742 1087 tenore
1774 1066 1929 1099 praesen-

1197 1106 1285 1144 tium,
1308 1105 1475 1137 statuimus
1497 1111 1527 1138 et
1546 1107 1745 1140 ordinamus,

1237 1158 1252 1200 g
1276 1157 1307 1189 4.
1337 1157 1553 1190 Decernentes
1579 1159 1708 1191 easdem
1738 1166 1927 1202 praesentes
1965 1173 2085 1195 Clausulas.

1193 1210 1315 1247 Etteras
1341 1215 1372 1242 et
1396 1210 1427 1241 in
1453 1210 1499 1242 eis
1525 1215 1677 1243 contenta
1705 1222 1928 1256 quaecumque

1193 1272 1320 1304 semper
1337 1262 1442 1301 tii-nia,
1464 1262 1569 1294 valida
1586 1268 1617 1295 et
1633 1262 1774 1296 efficacia
1791 1265 1928 1299 existere

1194 1320 1225 1348 et
1250 1315 1327 1353 sore,
1362 1325 1499 1357 suosque
1531 1315 1696 1357 plenarios
1720 1321 1753 1348 et
1782 1317 1928 1360 integros

1193 1367 1322 1400 effectus
1337 1367 1443 1399 sortiri
1462 1372 1493 1399 et
1510 1367 1668 1407 obtinere,
1684 1379 1720 1401 ac
1733 1370 1782 1401 ab¹
1797 1369 1873 1410 illis,
1888 1372 1927 1403 ad

1193 1431 1274 1464 quos
1305 1426 1430 1463 spectat
1462 1426 1494 1454 et
1524 1431 1585 1464 pro
1611 1426 1759 1464 tempore
1785 1425 1928 1466 quando-

1193 1484 1329 1517 cumque
1360 1474 1528 1517 spectabit,
1561 1475 1794 1509 inviolabiliter
1821 1477 1927 1509 obser-

1193 1527 1268 1567 vari,
1291 1527 1402 1570 sicque
1417 1527 1448 1559 in
1469 1527 1657 1570 praemissis
1673 1538 1734 1571 per
1752 1539 1927 1572 quoscum-

1193 1580 1386 1623 queiudices
1399 1580 1583 1612 ordinarios
1601 1581 1819 1623 etdelegatOS,
1832 1583 1928 1615 etiam

1193 1643 1362 1666 causarum
1396 1632 1507 1675 palatii
1543 1633 1713 1674 apostolici
1749 1634 1927 1676 auditores,

1193 1686 1328 1719 iudicari
1360 1691 1392 1718 et
1420 1685 1548 1718 definiri
1581 1686 1715 1727 debere,
1741 1697 1778 1719 ac
1802 1687 1929 1720 irritum

1194 1746 1226 1773 et
1249 1740 1344 1773 inane
1369 1739 1395 1772 si
1416 1750 1511 1772 secus
1528 1740 1693 1782 superbis
1710 1751 1727 1772 a
1750 1751 1926 1784 quoquam,

1194 1793 1304 1836 quavis
1329 1792 1529 1831 auctoritate,
1547 1792 1688 1825 scienter
1712 1793 1762 1825 vel
1783 1792 1930 1835 ignoran-

1193 1852 1253 1884 ter,
1273 1845 1449 1887 eontigerit
1473 1845 1638 1877 attentari.

1237 1898 1251 1940 ξ
1276 1897 1307 1929 5.
1337 1897 1405 1929 Non
1431 1897 1638 1929 obstantibus
1658 1897 1811 1940 praefatis
1835 1898 2118 1953 luno-deontrariorum

1194 1950 1291 1984 centii
1327 1950 1587 1992 praedecessoris
1622 1950 1756 1990 litteris,
1790 1950 1926 1994 aliisque
1952 1936 2052 1958 ”rmum

1194 2003 1480 2036 constitutionibus
1512 2007 1544 2035 et
1562 2003 1828 2036 ordinationibus
1853 2015 1928 2047 apo-

1193 2057 1325 2096 stolicis,
1345 2066 1484 2095 necnon,
1504 2061 1663 2099 quatenus
1679 2067 1760 2099 opus
1786 2057 1834 2097 sit,
1849 2057 1927 2090 Con-

1194 2109 1391 2152 gregationis
1406 2113 1435 2141 et
1449 2108 1575 2141 Ordinis
1587 2109 1814 2151 praefatorum,
1830 2111 1926 2143 etiam

1192 2163 1382 2201 iuramento,
1409 2160 1656 2194 confirmatione
1670 2162 1861 2204 apostolica,
1878 2164 1926 2196 vel

1193 2215 1304 2258 quavis
1317 2213 1468 2247 firmitate
1484 2213 1544 2246 alia
1559 2214 1734 2254 roboratis,
1753 2216 1881 2247 statutis
1896 2221 1927 2248 et

1192 2266 1496 2306 consuetudinibus,
1515 2266 1697 2309 privilegiis
1718 2277 1864 2310 quoque,
1878 2268 1927 2300 in-

1193 2321 1291 2353 dultis
1305 2324 1336 2353 et
1349 2319 1465 2352 litteris
1478 2319 1666 2362 apostolicis
1680 2319 1713 2351 in
1727 2321 1925 2353 contrarium

1191 2373 1443 2416 praemissorum
1474 2371 1721 2415 quomodolibet
1748 2374 1925 2413 concessis,

1192 2425 1390 2458 confirmatis
1415 2429 1447 2457 et
1470 2424 1648 2464 innovatis,
1676 2424 1794 2466 quibus
1827 2425 1927 2458 omni-

1191 2479 1251 2510 bus
1281 2483 1313 2510 et
1342 2477 1490 2519 singulis,
1524 2477 1655 2509 illorum
1679 2482 1811 2510 tenores
1834 2488 1928 2521 prae-

1191 2531 1338 2563 sentibus
1373 2540 1433 2573 pro
1470 2531 1566 2572 plene
1591 2535 1623 2562 et
1647 2530 1847 2564 sufficienter
1877 2542 1927 2564 ex-

1191 2583 1312 2627 pressis
1339 2593 1375 2616 ae
1393 2583 1432 2616 de
1458 2583 1555 2616 verbo
1577 2583 1615 2616 ad
1635 2583 1767 2616 verbum
1791 2584 1925 2619 insertis

1228 2645 1240 2671 1
1256 2645 1406 2680 Praeposit.
1424 2645 1459 2671 ab
1475 2652 1523 2671 nos
1538 2644 1661 2672 addimus
1674 2646 1711 2681 (a.
1722 2646 1771 2681 T.).
