2227 3225
127 249 175 273 An.
197 246 225 273 C.
245 247 310 274 1⁶97

319 295 362 327 ris
398 293 482 338 quo*
517 294 762 337 suppleverint,
799 303 959 336 expensas
991 292 1057 324 sive.

319 347 472 380 alimenta
494 346 633 388 collegio
653 346 825 378 restituere
845 356 909 377 non
928 350 1059 377 tenean-
1078 341 1079 358 ³

318 404 378 439 tur,
406 399 531 432 etiamsi
568 398 727 431 beneficia
762 397 972 435 obtinuerint,
1001 397 1057 429 sed

317 451 644 495 proportionabiliter
669 461 728 494 pro
754 451 905 484 mercede
936 450 1057 483 laboris

318 505 363 537 eis
388 505 595 538 condonetur
619 505 792 538 restitutio.

363 568 406 592 1v.
435 557 524 596 Quod
547 558 571 590 si
591 558 666 591 dicti
685 558 872 600 collegialcs
892 557 933 590 ob
951 557 1059 589 huius-

319 612 407 645 modi
434 612 649 645 assistentiam
684 612 817 644 cuilibet
849 611 943 644 alteri
976 610 1059 643 obli-

320 665 443 708 gationi
469 666 531 698 sint
556 666 713 705 adstricti,
738 666 951 709 imposterum
977 664 1059 697 libe-

320 718 380 750 rati
408 723 440 751 et
465 718 605 761 exempti
632 719 764 751 omuino
791 723 989 750 remaneant.
1078 727 1079 742 t

149 781 309 807 lini-errpffcne
365 781 394 803 v.
418 771 505 804 Idem
525 771 696 814 episcopus
717 776 837 811 orator,
854 769 1057 803 inhaerendo

126 808 477 871 1'332.'.'.'1¹.'Ilii.‘2'2.‡}'e¹;ierectioni
513 835 574 868 per
609 825 727 857 dietum
767 826 1057 868 praedecessorem

127 863 191 882 ’Μ’
321 877 399 910 alias
425 877 538 918 sactae,
558 878 671 910 statuit
689 878 824 910 sormam
842 877 873 910 in
893 878 975 910 dicta
994 877 1059 909 sun-

321 930 450 963 datione
477 935 642 971 statutam,
662 941 788 964 necnon
807 930 1057 964 constitutiones

320 984 360 1016 ab
386 985 501 1017 eodem
520 985 774 1027 praedecessore
801 990 976 1024 emanatas,
995 990 1057 1016 tam

320 1037 471 1070 videlicet
495 1038 580 1070 circa
598 1038 819 1081 receptionem
838 1038 1057 1080 collegialium

321 1090 486 1123 seminarii
513 1090 544 1123 S.
572 1091 682 1131 Petri,
714 1091 767 1134 qui
800 1102 901 1134 usque
933 1091 970 1124 ad
1004 1091 1059 1123 tri-

322 1143 411 1186 ginta
431 1143 561 1176 circiter
582 1143 791 1187 recipiantur,
819 1144 941 1187 quique
967 1155 1059 1187 prae-

321 1196 416 1240 cipue
442 1207 602 1240 pauperes
627 1196 683 1230 tilii
709 1197 953 1240 patrimoniales
978 1198 1058 1241 legi-

322 1249 390 1282 timi
417 1256 447 1282 et
469 1251 645 1290 naturales,
672 1261 707 1282 ac
732 1250 867 1283 oriunde
904 1261 1057 1283 novarum

321 1302 559 1346 Hispaniarum,
580 1308 610 1335 et
627 1304 815 1347 praedictae
842 1303 1010 1343 dioecesis,
1033 1303 1057 1335 si

321 1355 474 1396 existant,
491 1356 539 1388 sin
562 1356 676 1397 minus,
698 1356 834 1389 aliarum
849 1355 1060 1390 vicariorum‘z

322 1407 518 1441 dioecesum.

364 1472 408 1495 v1.
434 1461 520 1495 Idem
544 1462 781 1505 praedecessor
807 1463 885 1496 alias
922 1463 1058 1503 statuit,

322 1515 409 1557 quod
436 1515 562 1548 nobiles
588 1520 619 1548 et
643 1515 758 1548 divites
791 1526 853 1548 non
881 1517 1060 1549 excludan-

322 1574 383 1609 tur,
399 1569 576 1602 dummodo
591 1569 717 1602 solvant
732 1575 861 1602 centum
879 1570 989 1613 viginti
1009 1581 1061 1613 pa·

323 1627 408 1654 tacas
433 1627 583 1655 monetae
604 1622 733 1655 illarum
758 1623 895 1666 partium
914 1623 1060 1666 quolibet

322 1686 418 1716 anno,
439 1681 470 1709 et
505 1676 537 1708 in
575 1676 620 1709 eis
657 1682 852 1709 concurrant
889 1676 1061 1720 qualitates

324 1729 459 1762 relatae.

368 1793 424 1816 vn.
446 1781 537 1820 Quod
556 1783 673 1816 ceteris
692 1783 918 1826 praeferantur
936 1783 989 1816 lilii
1009 1794 1062 1817 eo-

326 1846 397 1868 rum
421 1835 476 1879 qui
502 1835 631 1868 servitia
656 1836 723 1878 regi
749 1837 828 1868 alias
854 1836 1084 1869 exhilmerinr

326 1899 381 1922 seu
408 1889 595 1922 exhibeant.

370 1952 440 1976 vm.
459 1941 548 1980 Quod
576 1941 778 1984 collogiales,
799 1942 853 1985 qui
881 1942 1064 1985 ingredien-
1084 1974 1085 1980 ,

328 2002 378 2029 tur
417 1995 449 2028 in
487 1995 698 2041 seminarium
728 1995 759 2028 S.
795 1995 901 2034 Petri,
935 1995 999 2028 sint
1032 1996 1086 2039 in,

326 2055 431 2082 aetate
458 2049 629 2082 duodecim
652 2059 821 2088 annorum,
840 2048 986 2092 inibique
1018 2059 1064 2082 re·
1084 2068 1086 2078 .

325 2109 476 2136 maneant
504 2113 604 2146 usque
635 2103 674 2135 ad
704 2103 863 2135 decimum
890 2102 1086 2145 septimum}

327 2167 383 2190 seu
401 2156 562 2189 decimum
580 2162 730 2189 octavum
748 2166 877 2197 annum,
892 2161 923 2189 et
941 2155 1065 2188 discant
1084 2194 1086 2203 Α

327 2209 568 2252 grammaticam
587 2216 618 2242 et
636 2209 844 2242 rhetoricam.
1084 2209 1086 2258 l

135 2269 317 2318 =.-¹-·¹1‘3n⁶1².i¹‚2³³z⁶a⁰1il
372 2274 413 2296 ix.
441 2262 530 2301 Quod
560 2262 675 2296 exinde
707 2267 872 2295 transeant
900 2262 937 2294 ad
967 2260 1086 2299 colle-3

136 2311 274 2343 “itanum-<s
329 2317 416 2359 gium
437 2316 468 2348 S.
502 2315 653 2356 loannis,
689 2315 801 2358 ibique
833 2321 984 2348 maneant
1010 2315 1087 2361 dog

329 2379 390 2402 nec
403 2368 646 2412 philosophiam
667 2379 702 2402 ac
729 2378 839 2401 sacros
864 2378 1005 2400 canones
1023 2367 1065 2399 di·

331 2421 480 2455 dicerint.
1085 2426 1087 2464 ,ἵ

152 2479 320 2501 mvnda-‘⁶20¹-
374 2484 405 2507 x.
423 2473 511 2512 Quod
541 2473 658 2507 abinde
687 2479 854 2507 transeant
882 2473 920 2506 ad
938 2473 1087 2517 praedi-J

368 2555 378 2580 1
402 2553 498 2580 Vocem
518 2562 573 2589 quo
593 2562 642 2581 nos
662 2553 786 2580 addimus
807 2554 845 2585 (a.
862 2554 910 2586 τ.).
1085 2531 1088 2574 i

367 2597 382 2622 2
403 2596 504 2624 Forsan
533 2598 722 2630 viciniorum;
750 2602 872 2624 ceteium
903 2591 1088 2632 praecedens',

332 2640 447 2676 syntaxis
467 2640 596 2669 defectiva
616 2642 722 2670 videtur
740 2642 781 2677 (a.
798 2641 846 2676 τ.).
1086 2632 1089 2675 ἶ

147 1953 175 1973 tic
191 1959 261 1974 cvrum
273 1955 315 1974 stu·

133 1981 181 2001 dns.

898 243 1108 268 INNOCENTIL'S
1133 243 1177 267 XII
1202 243 1248 267 PP-

1734 232 1798 265 805
1844 243 1891 267 Αη.
1913 242 1941 268 c.
1960 242 2024 269 «ατη

1099 297 1183 323 etum
1197 290 1412 333 collegimus.
1429 291 1530 331 Pauli,
1543 296 1577 322 ut
1593 291 1715 334 praxim
1733 302 1833 323 saera-
1845 303 1981 327 logialinmsa

1098 349 1281 376 mentorum
1309 349 1339 376 et
1365 354 1470 376 rerum
1497 354 1578 387 quae
1605 344 1643 376 ad
1663 331 1914 387 perfectio-''³¹¹¹''

1099 407 1172 429 nem
1198 397 1310 440 optimi
1336 397 1547 430 ecclesiastici
1574 397 1702 429 eorum¹
1726 408 1836 429 ncces-

1099 450 1185 483 saria
1213 449 1358 483 discant³
1390 450 1428 482 ad
1460 449 1608 482 effectum
1631 454 1666 482 ut
1694 450 1835 493 perfecte

1099 503 1207 536 idonei
1227 504 1265 536 ad
1283 503 1443 536 beneficia
1461 509 1493 536 et
1507 503 1611 536 officia
1630 508 1738 535 curata
1754 509 1837 535 cete-

1100 567 1199 600 raque
1225 556 1335 589 munia
1361 556 1582 589 ecclesiastica
1601 556 1752 589 obeunda
1771 566 1839 588 eva-

1100 609 1193 650 dant,
1227 610 1347 654 quique
1380 610 1534 643 assistere
1568 609 1708 643 debeant
1739 609 1836 642 certis

1101 664 1300 706 temporibus
1319 664 1458 696 servitiis
1483 663 1642 697 ecclesiae
1669 663 1838 696 cathedra-

1099 716 1156 750 lis³
1180 727 1215 749 ac
1241 717 1359 750 divinis
1379 717 1492 750 officiis
1510 717 1680 750 interesse.

1142 779 1184 802 xi.
1212 769 1304 808 Quod
1329 770 1355 802 si
1382 770 1570 813 collegiales
1596 769 1658 802 divi
1676 769 1766 802 Pauli
1789 779 1838 801 sa·
1868 777 2032 823 <Pi'1..¹is.i.{i.¹.is].''⁵

1099 822 1256 855 cerdotali
1285 823 1471 856 charactere
1501 822 1616 856 initiati
1649 823 1779 863 suerint,
1807 820 2000 854 etuncu'rauii.

1099 875 1251 908 assistant
1276 876 1453 909 moralibus
1471 875 1683 909 conserentiis
1701 875 1836 918 aliisque

1100 929 1261 962 exercitiis
1287 929 1525 970 ecclesiasticis,
1545 928 1590 962 eis
1616 929 1655 962 ad
1682 928 1837 962 maiorem

1100 982 1310 1025 splendorem
1329 988 1360 1015 et
1376 987 1606 1025 augumentum
1625 993 1641 1015 a
1660 982 1746 1015 dicto
1773 982 1838 1014 col-

1101 1035 1184 1078 legio
1204 1035 1505 1068 subministrabitur
1530 1036 1609 1069 illud
1641 1035 1725 1079 quod
1754 1035 1839 1067 sussi-

1101 1089 1188 1121 ciens
1213 1089 1275 1122 erit
1307 1089 1402 1122 etiam
1429 1089 1468 1122 ad
1495 1089 1743 1132 graduationem
1769 1089 1840 1121 bar-

1100 1143 1301 1175 calaureatus
1326 1142 1358 1175 in
1382 1142 1514 1182 artibus,
1540 1147 1572 1175 et
1595 1142 1626 1174 in
1653 1142 1768 1175 maiori
1795 1141 1839 1174 sa-

1101 1197 1217 1228 cultate
1255 1196 1287 1228 in
1324 1196 1439 1228 eodem
1473 1195 1615 1239 collegio
1651 1200 1839 1228 remaneant

1103 1253 1263 1291 tamquam
1303 1248 1452 1291 hospites
1493 1259 1581 1281 more
1622 1248 1838 1291 collegiorum

1101 1301 1285 1344 Hispaniae,
1310 1301 1511 1344 obligatione
1531 1301 1594 1341 tali,
1613 1306 1655 1341 ut,
1675 1301 1700 1334 si
1728 1307 1838 1345 postea

1102 1355 1248 1387 redditus
1275 1354 1516 1387 ecclesiasticos
1547 1359 1577 1387 et
1602 1353 1761 1387 beneficia
1790 1365 1836 1387 ee-

1102 1407 1279 1440 clesiastica
1305 1407 1517 1448 obtinuerint,
1539 1413 1569 1440 et
1597 1407 1768 1440 commode
1790 1418 1839 1439 re-

1101 1461 1233 1493 stituere
1259 1466 1414 1504 poterunt
1438 1460 1469 1492 id
1495 1461 1580 1504 quod
1607 1461 1664 1494 illo
1683 1461 1839 1504 temporis

1102 1514 1207 1558 spatio
1227 1513 1477 1557 dispenderunt,
1494 1515 1533 1547 ab
1552 1514 1630 1557 ipsis
1655 1515 1696 1547 sit
1721 1515 1840 1547 sacien-

1103 1567 1201 1608 dmn,
1228 1573 1260 1600 et
1284 1567 1397 1600 eodem
1416 1567 1514 1600 modo
1540 1572 1712 1601 teneantur
1737 1579 1840 1601 sacer*

1103 1621 1193 1654 dotes
1232 1621 1389 1664 praedicti
1431 1621 1470 1654 ad
1511 1621 1670 1655 rationem
1711 1627 1838 1655 centum

1103 1674 1337 1718 quinquaginta
1372 1680 1555 1718 patararum
1596 1686 1656 1718 pro
1697 1675 1841 1719 quolibet

1104 1737 1199 1767 anno,
1224 1727 1312 1770 qnod
1341 1737 1405 1759 non
1437 1728 1542 1760 solum
1561 1739 1597 1760 ex
1617 1727 1727 1760 debito
1758 1738 1837 1760 con—

1105 1780 1269 1819 scientiae,
1295 1780 1400 1823 posita
1435 1779 1586 1813 beneficii
1622 1781 1841 1821 assecutione,

1105 1844 1214 1865 rerum
1244 1833 1338 1866 etiam
1368 1839 1400 1866 et
1427 1833 1580 1873 iustitiae,
1606 1844 1666 1877 qua
1689 1835 1839 1877 compelli

1106 1886 1246 1929 possint,
1285 1886 1459 1919 restituere
1497 1891 1670 1919 teneantur
1702 1887 1842 1929 collegio

1106 1948 1264 1981 expensas
1300 1938 1338 1972 ad
1372 1939 1533 1972 rationem
1566 1944 1703 1972 taxatam
1730 1949 1746 1972 a
1773 1939 1843 1972 sun⁶

1107 1991 1234 2024 datore.

1149 2054 1192 2077 xii
1219 2049 1251 2077 et
1274 2045 1400 2078 ultimo.
1422 2044 1510 2083 Quod
1531 2056 1566 2078 ex
1586 2045 1700 2078 eadem
1725 2043 1884 2079 biblio-ne
1899 2054 2038 2076 bitinniam.

1107 2097 1201 2130 theca
1226 2098 1373 2141 superius
1399 2099 1501 2130 relata
1525 2109 1584 2141 per
1613 2099 1844 2142 praedecesso-

1986 303 2027 325 ticli

1084 2163 1085 2166 ¹
1108 2162 1175 2184 rem
1193 2151 1394 2194 praedictum
1419 2152 1618 2185 sufficienter
1642 2152 1733 2186 libris
1758 2153 1844 2186 aliis-

1107 2215 1167 2248 que
1195 2205 1384 2238 necessariis
1410 2206 1529 2238 referta
1551 2216 1586 2238 ac
1604 2206 1737 2247 munita,
1756 2206 1842 2239 idem

1107 2259 1344 2302 praedecessor
1366 2259 1544 2301 prohibuit,
1570 2270 1610 2292 ne
1633 2260 1706 2292 libri
1733 2260 1843 2292 liuius-

1085 2347 1086 2350 ,
1107 2312 1194 2345 modi
1221 2312 1331 2355 quavis
1356 2312 1395 2345 de
1421 2315 1517 2345 causa
1541 2313 1589 2346 vel
1607 2318 1776 2356 praetextu
1803 2313 1842 2345 ab

1108 2368 1143 2399 ea
1168 2366 1333 2399 ullatenus
1359 2366 1580 2399 extrahantur.

1150 2419 1165 2462 ἓ
1190 2418 1219 2451 2.
1249 2418 1325 2452 Cum
1350 2424 1469 2459 autem,
1500 2419 1581 2451 sicut
1607 2420 1720 2453 eadem
1745 2430 1843 2463 expo—

1821 2472 1828 2478 ,
1853 2453 1967 2473 relaturum

1107 2471 1181 2504 sitio
1203 2471 1430 2514 subiungebat,
1448 2471 1551 2505 dictus
1569 2472 1758 2506 Emmanuel
1776 2482 1954 2515 ep1-‹u·-·=u···.

1902 2425 2036 2446 Confirmatio

1995 2454 2036 2472 sta-

1145 2553 1154 2578 1
1177 2551 1330 2586 Legendum
1350 2554 1417 2578 sunl
1438 2559 1485 2585 pro
1506 2558 1604 2578 eorum
1622 2552 1662 2584 (n.
1677 2552 1726 2585 τ.).

1142 2595 1156 2621 ’2
1174 2595 1291 2621 Verbum
1307 2595 1418 2622 discant
1434 2595 1555 2622 addimus
1573 2596 1614 2629 (a.
1631 2601 1678 2626 ’τ.).

1142 2638 1159 2666 3
1178 2638 1247 2666 Edit.
1269 2639 1350 2666 Main,
1367 2639 1429 2674 legit
1445 2639 1604 2667 cathedrali
1625 2640 1662 2674 (R.
1675 2639 1722 2674 T.).
