2254 3225
465 263 529 298 956
1016 272 1191 298 BULLAMUM
1217 272 1368 298 Romanu

1182 379 1205 412 D

419 486 571 530 Dapiferis
598 486 771 529 privilegia,
799 486 1014 528 exemptiones
1040 491 1068 517 et
1094 485 1213 518 indulta
1251 487 1423 527 nonnulla,
1450 486 1730 529 praedecessorum
1769 486 1957 520 Pontificum

510 539 647 580 vestigiis
673 539 850 577 inhaerenS,
876 537 1019 570 concedit
1044 538 1218 570 Alexander
1241 539 1316 579 VIII,
1343 539 1363 572 5
1387 539 1418 579 b3
1446 539 1517 571 item
1544 539 1692 582 dapiferis
1709 540 1810 572 ultimi
1836 540 1959 573 concla-

508 594 563 633 vis,
590 593 728 636 ipsorum
756 592 941 624 Pontificum
968 591 1111 633 exempla
1135 596 1304 634 sequutus,
1329 601 1439 624 eorum
1465 591 1648 624 nominibus
1673 594 1736 625 una
1760 603 1831 625 cum
1857 592 1959 625 cardi-

506 646 636 685 nalium,
654 645 767 688 quibus
783 645 1007 684 inserviebant,
1022 645 1138 684 relatisy
1152 644 1318 687 privilegia
1335 649 1363 678 et
1382 645 1500 677 indulta
1514 645 1667 679 concessit
1679 645 1878 679 Innocentius
1893 646 1959 688 XII,

509 698 572 732 168
598 699 626 730 b.

419 752 502 784 Datis
521 753 644 795 (super)
670 757 700 784 et
725 751 888 795 promissis
915 762 973 794 pro
999 751 1115 783 iustitia
1156 752 1201 783 rel
1239 751 1339 794 gratia
1376 752 1458 795 apud
1488 752 1600 786 Sedem
1632 752 1846 796 Apostolicam
1880 752 1961 785 obti-

506 805 607 837 nenda
632 805 886 838 constitutionem
912 804 1078 837 Alexandri
1105 804 1167 843 Vll,
1193 815 1264 837 cum
1290 805 1464 839 adiectione
1493 815 1666 849 poenarum
1693 811 1721 838 et
1748 805 1959 849 quorumdam

508 858 737 899 mandatorum,
764 858 972 897 contii-mavit,
997 858 1154 891 innovavit
1179 864 1209 891 et
1233 859 1370 891 extendit
1394 859 1595 892 Innocentius
1622 859 1688 899 XII,
1714 859 1776 892 917
1795 860 1811 892 b
1832 865 1861 892 et
1885 870 1960 903 seq.;

508 912 580 945 vide
605 912 756 946 Cui-iales.

419 965 593 998 Declaratio
618 965 693 998 cleri
719 964 869 997 Gallicani
902 964 975 997 anni
1009 975 1185 999 iiuchxxtt
1219 976 1315 1009 supra
1345 972 1495 1010 potestate
1526 967 1755 1008 ecetesiastica,
1788 969 1856 1000 vide
1880 967 1962 1001 Cleri

508 1017 667 1051 Gallicani.

420 1070 585 1104 Decretum
613 1071 872 1113 Congregationis
897 1070 1047 1111 Concilii‚
1073 1083 1136 1115 quo
1161 1073 1344 1106 conceditur
1369 1073 1493 1106 vicariis
1519 1072 1719 1116 generalibus
1743 1073 1868 1107 Ordinis
1893 1073 1964 1106 Bea-

510 1130 556 1156 tae
582 1124 695 1156 Mariae
720 1124 758 1156 de
784 1124 925 1157 Mercede
951 1124 1177 1169 redemptionis
1201 1127 1396 1169 captivorum
1424 1127 1454 1159 in
1479 1126 1575 1160 Indiis
1599 1127 1728 1160 facultas
1753 1127 1895 1160 eiiciendi
1916 1128 1963 1160 in-

510 1177 633 1220 quietos
658 1183 687 1210 et
712 1177 953 1220 incorrigibiles,
979 1178 1043 1211 570
1069 1191 1089 1212 α
1114 1184 1144 1211 et
1171 1180 1204 1219 b3
1230 1180 1356 1212 decreta
1373 1180 1525 1213 nonnulla
1544 1179 1683 1213 eiusdem
1703 1179 1964 1228 Congregationis

511 1237 574 1263 tum
601 1232 740 1274 antiqua,
760 1236 824 1263 tum
843 1231 995 1264 moderna
1016 1242 1112 1275 super
1133 1233 1345 1266 celebratione
1370 1233 1550 1273 missarum,
1575 1234 1638 1265 una
1663 1243 1734 1266 eum
1761 1233 1886 1265 illorum
1912 1229 1965 1266 de-

509 1285 689 1324 claratione,
714 1285 946 1328 approbatione
981 1291 1011 1318 et
1046 1286 1247 1319 innovatione
1272 1286 1411 1319 eiusdem
1430 1286 1702 1329 Congregationis,
1725 1292 1875 1326 recenset,
1893 1296 1965 1319 con-

508 1339 615 1371 firmat
650 1344 680 1370 et
715 1338 842 1371 innovat
866 1339 1066 1372 Innocentius
1090 1339 1153 1380 XII,
1179 1339 1243 1372 806
1272 1340 1288 1371 b
1320 1346 1351 1373 et
1381 1351 1460 1384 seq.;
1485 1340 1647 1373 decretum
1677 1340 1762 1372 aliud
1787 1339 1966 1382 (longi-ega-

509 1392 603 1425 tionis
627 1391 815 1434 praedictae,
829 1402 925 1435 super
948 1392 1142 1435 obligatione
1167 1394 1380 1436 parochorum
1405 1393 1583 1437 applicandi
1609 1393 1797 1426 sacrificium
1823 1403 1882 1436 pro
1907 1404 1964 1436 po-

510 1446 585 1489 pulo
610 1445 640 1477 in
665 1444 775 1478 diebus
801 1445 928 1485 festivis,
948 1446 1080 1479 affertur
1100 1452 1131 1479 et
1148 1448 1356 1480 confirmatur
1373 1447 1412 1480 ab
1430 1447 1552 1488 eodem,
1578 1446 1641 1481 873
1666 1459 1686 1480 α.
1712 1453 1741 1479 et
1761 1448 1787 1480 b.

422 1499 587 1533 Decretum
608 1497 868 1540 Congregationis
892 1498 1116 1542 episcoporum
1142 1506 1172 1532 et
1196 1501 1400 1543 regularium,
1421 1501 1601 1544 approbans
1625 1501 1708 1533 aliud
1734 1501 1895 1534 decretum
1914 1511 1965 1534 ca-

510 1552 599 1595 pituli
624 1551 780 1593 generatis
805 1552 936 1583 fratrum
962 1552 1229 1586 Discalceatorum
1255 1554 1286 1587 S.
1306 1555 1473 1596 Augustini
1498 1555 1756 1596 Congregationis
1778 1554 1883 1587 Italiae
1907 1565 1965 1598 pro

509 1605 720 1638 celebratione
752 1604 879 1647 capituli
912 1605 1115 1647 provincialis
1148 1608 1281 1640 fratrum
1317 1609 1458 1641 eiusdem
1491 1608 1750 1650 Congregationis
1782 1608 1964 1652 provinciae

508 1659 704 1700 Germaniae,
730 1659 863 1692 habetur
883 1659 1104 1692 confirmatum
1129 1660 1214 1703 apud
1239 1660 1455 1693 Innocentium
1482 1661 1546 1701 XII,
1572 1660 1634 1693 447
1661 1671 1679 1693 ιι
1705 1664 1734 1693 et
1758 1661 1792 1699 b;
1818 1660 1961 1702 Congre-

509 1712 643 1755 gationis
659 1712 799 1744 eiusdem
825 1712 1008 1754 approbans
1028 1712 1184 1755 quaedam
1209 1717 1322 1747 statuta
1347 1724 1405 1756 pro
1424 1714 1524 1745 tribus
1541 1714 1704 1746 coenobiis
1724 1713 1965 1746 RecollectioniS

510 1765 691 1809 provinciae
708 1765 738 1798 S.
762 1765 920 1797 Michaelis
946 1765 975 1797 in
1001 1766 1126 1799 Baetica
1144 1766 1240 1799 Tertii
1258 1766 1383 1799 Ordinis
1401 1767 1430 1799 S.
1449 1766 1605 1799 Francisci
1633 1767 1727 1800 refert
1751 1773 1779 1799 et
1800 1766 1966 1799 confirmat

511 1819 604 1860 idem,
624 1818 687 1851 543
706 1829 726 1851 α
748 1824 778 1851 et
802 1819 835 1858 ὃς
861 1818 1123 1861 Congregationis
1147 1820 1327 1863 praedictae
1352 1820 1389 1853 de
1415 1820 1586 1853 lectoribus
1605 1820 1832 1853 monachorum
1854 1820 1968 1853 eremi-

510 1878 613 1905 tarum
635 1872 663 1904 S.
686 1872 868 1915 Hieronymi
893 1872 1099 1906 Lombardiae
1123 1879 1194 1916 post
1231 1873 1398 1906 duodecim
1432 1884 1531 1906 annos
1556 1873 1594 1906 ad
1630 1873 1788 1917 prioratus
1825 1874 1966 1906 titulares

512 1925 735 1970 promovendis
760 1931 841 1958 extat
866 1926 1088 1959 confirmatum
1115 1927 1199 1970 apud
1226 1927 1384 1966 eumdem,
1413 1926 1477 1959 613
1503 1939 1521 1960 α
1549 1933 1578 1959 et
1602 1938 1681 1971 seq.;
1707 1927 1968 1970 Congregationis

514 1980 673 2023 praefatae
693 1989 789 2022 super
813 1979 1026 2021 assignatione
1051 1980 1186 2012 familiae
1213 1981 1244 2013 in
1269 1980 1422 2013 coenobio
1440 1980 1652 2013 Montissancti
1670 1980 1910 2014 Carmelitarum
1930 1980 1969 2014 de

514 2033 595 2067 Urbe
619 2038 649 2065 et
673 2032 712 2065 de
736 2032 850 2065 tabella
876 2033 1137 2067 versiculatorum
1152 2034 1250 2066 refert
1263 2039 1292 2067 et
1313 2034 1488 2074 confirmat,
1508 2033 1572 2066 744
1592 2045 1611 2066 α
1637 2039 1666 2067 et
1691 2044 1768 2078 seq.;
1787 2033 1968 2077 Congrega-

512 2087 605 2119 tionis
630 2086 769 2118 eiusdem
789 2086 963 2128 decretum,
978 2087 1062 2119 circa
1078 2087 1319 2130 abrogationem
1344 2087 1553 2120 discretorum
1571 2086 1832 2129 Congregationis
1848 2087 1970 2120 Doctri-

513 2150 571 2172 nae
597 2140 791 2172 Christianae
816 2140 847 2172 in
871 2140 990 2181 Gallia,
1021 2141 1157 2173 habetur
1182 2140 1406 2174 confirmatum
1432 2140 1516 2183 apud
1541 2140 1698 2180 eumdem,
1720 2140 1784 2174 780
1807 2140 1824 2173 b
1844 2145 1873 2173 et
1892 2151 1969 2184 seq.;

514 2193 598 2226 aliud
623 2193 883 2236 Congregationis
908 2194 1096 2237 praedictae,
1120 2206 1183 2239 quo
1209 2195 1387 2228 declaratur
1413 2195 1442 2227 in
1467 2194 1690 2227 constitutione
1715 2194 1880 2227 Alexandri
1907 2193 1969 2234 VII,

514 2246 552 2278 de
577 2246 751 2289 privilegiis
776 2247 1010 2289 provinciarum
1029 2248 1186 2281 MInorum
1217 2248 1461 2281 reformatorum
1488 2248 1518 2280 in
1536 2248 1686 2291 Hispania
1712 2253 1741 2280 et
1761 2247 1855 2280 Indiis
1879 2247 1969 2280 Occi-

515 2299 702 2340 dentalibus,
728 2300 955 2343 comprehendi
979 2301 1176 2344 provinciam
1207 2301 1379 2334 Arrabidae
1404 2301 1434 2333 in
1460 2301 1628 2341 Lusitania,
1646 2306 1729 2334 extat
1748 2300 1970 2334 confirmatum

515 2352 596 2396 apud
622 2352 778 2393 eumdem,
805 2352 869 2386 784
893 2364 912 2386 α
939 2358 969 2386 et
991 2364 1074 2398 seq‚;
1100 2354 1364 2397 Congregationis
1390 2355 1545 2398 praefatae
1565 2355 1604 2388 de
1621 2354 1797 2388 interventu
1814 2353 1969 2397 generalis

515 2406 754 2450 provincialium
779 2411 809 2438 et
834 2412 993 2440 rectorum
1020 2418 1092 2440 cnm
1117 2407 1264 2441 discretis
1289 2408 1319 2440 in
1344 2408 1490 2451 capitulis
1514 2408 1758 2452 provincialibus
1782 2407 1967 2451 Congrega-

514 2461 608 2493 tionis
634 2460 799 2493 Doctrinae
819 2459 1013 2494 Christianae
1038 2462 1068 2494 in
1089 2462 1198 2502 Gallia,
1220 2462 1316 2495 refert
1337 2467 1367 2495 et
1384 2463 1561 2503 confirmat,
1578 2462 1641 2496 828
1658 2463 1675 2494 b
1698 2473 1782 2506 seq.;
1807 2462 1971 2495 decretum

517 2514 601 2546 aliud
626 2513 767 2546 eiusdem
792 2513 1054 2556 Congregationis
1079 2526 1139 2558 pro
1164 2515 1375 2558 exequutione
1400 2516 1529 2549 alterius
1553 2516 1669 2548 decreti
1695 2521 1724 2548 et
1740 2515 1972 2549 constitutionis

518 2567 687 2600 Clementis
711 2567 748 2608 X,
773 2567 856 2600 circa
880 2568 1096 2600 alternativam
1121 2569 1299 2602 officiorum
1325 2569 1356 2602 in
1374 2570 1536 2613 provincia
1565 2569 1748 2603 Cantabriae
1768 2569 1892 2603 Ordinis
1917 2569 1972 2602 Mi-

517 2630 630 2654 norum
648 2621 685 2653 de
702 2620 917 2661 Observantia‚
939 2621 1071 2654 habetur
1088 2623 1311 2655 confirmatum
1337 2623 1422 2666 apud
1444 2623 1600 2661 eumdem,
1618 2621 1680 2656 847
1699 2633 1719 2655 a
1736 2628 1766 2656 et
1790 2633 1871 2666 seq.;
1890 2623 1972 2656 eius-

519 2675 589 2708 dem
615 2675 734 2718 pariter
758 2674 1020 2719 Congregationis
1043 2676 1074 2709 in
1108 2680 1202 2711 causa
1236 2677 1381 2711 Lusitana
1410 2687 1469 2721 pro
1501 2677 1710 2721 exequutione
1734 2675 1971 2712 Constitutionis
