2254 3225
258 246 303 272 ᾹΠ.
321 247 349 274 (ἶ,
376 247 439 273 tuit-2

294 731 427 752 confirmatio

244 757 306 778 relati
321 758 409 780 decreti.

253 2109 373 2132 etausutae,

485 237 548 271 412

1020 251 1198 277 BELLiimmt
1224 252 1378 277 ROMANUM

445 301 508 329 tum
535 297 727 331 donatorum
744 299 875 334 insimul
895 305 926 334 ct
949 311 1177 334 conversorum
1221 301 1355 334 iudicari
1382 302 1421 335 ed
1447 301 1573 336 definiri
1599 303 1732 345 debere,
1760 315 1796 338 ac
1827 304 1956 340 irritum.

442 349 475 381 in
502 351 648 384 ecclesiis
679 357 711 385 et
740 353 942 393 refectoriis,
963 355 1072 388 itidem
1103 365 1174 387 ser-

442 403 562 436 vandas
584 414 653 437 esse
675 405 925 439 constitutiones
953 407 1098 448 Ordinis,
1130 407 1175 440 Ad

441 454 511 496 5⁸¹⁰,
527 457 743 500 spatiamenta
762 460 1001 493 monachorum
1013 471 1079 494 non
1094 471 1176 493 com-

440 514 551 552 petere
565 511 748 545 conversis:
770 523 963 558 causamque
976 514 1173 557 praedictam

439 572 506 596 non
527 573 598 597 esse
615 565 754 609 amplius
771 568 1028 611 proponendam.
1044 567 1171 605 Romae,

438 626 509 649 xxix
528 618 633 650 martii
659 629 776 652 itincxc.
803 620 837 653 G.
865 622 953 654 card.
981 620 1170 655 CAnPiezizrs.

438 669 476 701 A.
503 670 686 704 AL'rovirts
710 673 905 706 secretarius
932 686 962 706 ι».

481 722 496 766 ἕ
521 722 552 755 92.
569 723 646 756 Cum
665 729 781 765 autem,
801 726 884 759 sicut
902 727 1006 760 dictus
1021 736 1172 771 procura-

438 780 487 809 tor
511 777 674 820 generalis
691 778 785 813 nobis
811 790 917 824 nuper
942 782 1059 825 exponi
1085 782 1169 822 tecit,

436 829 505 873 ipse
531 831 698 865 decretum
724 832 927 875 huiusmodi,
951 845 1016 878 quo
1047 835 1169 868 firmius

434 883 592 918 subsistat
616 890 649 917 et
671 890 815 918 servetur
841 888 992 928 exactius,
1014 892 1169 932 apostoli-

433 945 489 969 cae
515 936 769 971 confirmationis
794 944 923 972 nostrae
949 942 1168 983 patrocinium

432 990 625 1026 communiri
636 991 813 1034 plurimum
830 992 1006 1026 desideret:
1017 1004 1087 1034 nos,
1101 1006 1168 1039 spe-

431 1042 547 1077 cialem
572 1043 633 1087 ipsi
650 1046 853 1087 procuratori
873 1047 1016 1089 generali
1032 1050 1166 1091 gratiam

429 1096 534 1130 facere
559 1098 716 1138 volentes,
737 1109 875 1142 eumque
895 1111 911 1132 a
929 1100 1094 1143 quibusvis
1117 1114 1168 1135 ex-

429 1149 739 1191 communicationis,
764 1153 987 1194 suspensionis
1013 1160 1044 1187 et
1068 1155 1167 1188 inter-

429 1202 514 1242 dicti,
552 1203 689 1246 aliisque
726 1205 954 1239 ecclesiasticis
986 1208 1165 1249 sententiis,

428 1256 574 1289 censuris
595 1261 626 1289 et
651 1257 779 1299 poenis,
807 1268 824 1290 a
848 1258 918 1291 iure
937 1260 985 1292 vel
1005 1260 1044 1293 ab
1063 1261 1166 1294 homi-

426 1319 479 1350 ne,
500 1310 613 1353 quavis
640 1311 809 1344 occasione
835 1312 884 1344 vel
910 1315 1004 1346 causa
1028 1314 1115 1354 latis,
1138 1315 1163 1347 si

426 1362 545 1405 quibus
567 1363 820 1405 quomodolibet
844 1364 1018 1398 innodatus
1046 1366 1162 1407 existit,

425 1416 464 1448 ad
490 1414 638 1448 eil'ectuni
664 1416 886 1458 praesentium
905 1418 1069 1451 dumtaxat
1093 1431 1164 1460 cpu-

424 1469 639 1512 sequendum,
666 1469 782 1501 harum
800 1471 884 1503 serie
903 1471 1109 1508 absolventes
1132 1478 1164 1506 ct

424 1522 612 1554 absolutum
639 1521 708 1554 sore
734 1528 917 1564 censentes,
952 1526 1162 1568 supplicatio-

423 1574 520 1607 nibus
546 1573 612 1607 eius
638 1574 769 1607 nomine
790 1575 884 1608 nobis
911 1587 1009 1620 super
1026 1577 1089 1610 hoc
1106 1578 1162 1610 hu-

423 1627 543 1661 militer
581 1627 741 1671 porrectis
780 1627 949 1670 inclinati,
993 1629 1160 1664 decretum

422 1681 672 1726 praeinsertum,
698 1691 734 1715 ac
752 1681 861 1715 omnia
878 1687 910 1715 et
926 1683 1055 1726 singula
1072 1685 1104 1716 in
1122 1695 1159 1718 eo

422 1740 574 1769 contenta
599 1740 631 1768 et
647 1744 809 1778 expressa,
828 1736 1018 1770 anctoritate
1036 1744 1160 1781 aposto-

420 1787 492 1828 lica,
507 1793 619 1821 tenore
644 1788 876 1831 praesentium,
892 1790 1109 1832 approbamus
1128 1796 1158 1824 et

421 1840 660 1880 confirmamus,
671 1840 801 1883 illisque
819 1841 1014 1875 inviolabilis
1029 1849 1158 1886 aposto-

419 1894 502 1927 licae
520 1893 678 1928 firmitatis
711 1895 813 1928 robur
844 1894 1024 1935 adiicimus,
1058 1907 1093 1929 ac
1117 1907 1154 1930 o-

419 1954 510 1979 mnes
534 1951 566 1979 et
590 1946 735 1989 singulos
752 1946 831 1979 iuris
849 1952 880 1979 et
897 1947 972 1981 sacti
999 1949 1156 1990 desectus,

419 1998 445 2032 si
471 1999 524 2042 qui
550 2000 691 2042 desuper
709 1999 958 2042 quomodolibet
974 2000 1158 2035 intervene-

420 2052 495 2093 rint,
513 2053 714 2096 supplemus.

463 2106 478 2149 ἓ
502 2106 534 2140 3.
561 2106 791 2149 Decernc'ntes‚
813 2107 943 2141 easdem
968 2114 1155 2152 praesentes

418 2159 542 2193 litteras
567 2169 698 2202 semper
723 2159 839 2200 firmas,
873 2160 994 2194 validas
1028 2166 1059 2194 et
1091 2162 1157 2194 effl-

419 2223 510 2246 caces
525 2212 663 2245 existere
684 2217 716 2245 et
735 2212 813 2253 sore,
832 2218 973 2256 suosque
990 2214 1155 2256 plenarios

418 2272 451 2300 et
474 2267 617 2310 integros
642 2264 772 2299 effectus
802 2265 911 2298 sortiri
937 2271 969 2299 et
993 2267 1153 2308 obtinere,

418 2331 454 2354 ac
474 2320 548 2360 illis,
565 2319 604 2354 ad
630 2329 710 2362 quos
737 2323 862 2362 spectat
880 2324 911 2352 et
927 2329 986 2362 pro
1008 2325 1154 2364 tempore

1221 359 1252 387 et
1276 355 1371 388 inane
1390 355 1416 388 si
1434 366 1527 388 secus
1553 368 1651 400 super
1671 358 1721 391 liis
1742 369 1759 391 a
1779 369 1952 401 quoquam,

1219 407 1331 450 quavis
1357 409 1557 446 auctoritate.
1582 410 1724 444 scienter
1739 412 1789 445 vel
1807 412 1954 454 ignoran-

1218 464 1275 500 ter,
1302 462 1474 504 contigerit
1498 463 1661 496 attentari.

1260 513 1275 557 ἓ
1298 513 1331 547 4.
1354 514 1423 548 Non
1442 515 1647 549 obstantibus
1668 517 1952 553 constitutionibus

1217 570 1248 598 et
1286 567 1543 603 ordinationibus
1585 569 1785 611 apostolicis,
1809 581 1950 613 necnon,

1216 624 1375 662 quatenus
1401 631 1483 664 opus
1509 621 1559 662 sit,
1588 622 1665 655 dicti
1691 622 1830 663 Ordinis,
1855 625 1952 659 etiarn

1215 672 1406 713 iuramento,
1426 674 1673 708 confirmatione
1695 677 1879 719 apostolica,
1902 680 1951 712 vel

1215 726 1326 768 quavis
1351 726 1503 760 firmitate
1534 727 1595 761 alia
1627 728 1798 770 roboratis,
1824 731 1950 764 statutis

1213 784 1244 812 et
1268 781 1571 822 consuctudinibus,
1599 781 1779 825 privilegiis
1805 792 1948 828 quoque,

1212 832 1343 866 indultis
1369 839 1400 866 et
1425 834 1540 867 litteris
1566 835 1753 878 apostolicis
1771 835 1802 868 in
1821 842 1948 870 contra-

1211 885 1293 918 rium
1324 887 1577 930 praemissorum
1605 888 1853 931 quomodolibet
1878 900 1948 924 eon-

1212 939 1312 972 cessis
1337 939 1532 973 confirmatis
1565 945 1596 973 et
1620 941 1799 983 innovatis,
1829 943 1946 986 quibus

1211 992 1360 1027 omnibus
1389 998 1421 1025 et
1455 993 1610 1036 singulis,
1650 994 1780 1029 illorum
1816 1001 1946 1030 tenores

1209 1045 1435 1087 praesentibus
1469 1056 1527 1088 pro
1559 1047 1657 1089 plene
1687 1052 1720 1080 et
1750 1048 1947 1083 sufficienter

1210 1098 1368 1140 expressis
1390 1108 1425 1130 ac
1445 1099 1483 1132 ad
1509 1099 1642 1132 verbum
1667 1100 1800 1134 insertis
1827 1102 1946 1136 liaben-

1209 1156 1265 1189 tes,
1285 1151 1348 1184 illis
1377 1151 1454 1185 alias
1478 1152 1511 1184 in
1535 1163 1593 1185 suo
1618 1153 1737 1187 robore
1755 1164 1944 1197 permansu-

1209 1203 1261 1242 ris,
1280 1204 1318 1236 ad
1345 1204 1597 1247 praemissorum
1618 1204 1776 1247 effectum,
1796 1207 1856 1240 hac
1874 1207 1942 1241 vice

1208 1256 1392 1297 dumtaxat,
1418 1257 1604 1300 specialiter
1635 1263 1667 1290 et
1701 1268 1851 1301 expresse
1887 1261 1943 1294 de-

1206 1318 1377 1351 rogamus,
1407 1310 1590 1353 ceterisque
1616 1311 1786 1345 contrariis
1811 1313 1943 1356 quihus-

1207 1372 1355 1405 cumque.

1249 1415 1263 1458 ἓ
1299 1415 1329 1448 5.
1364 1416 1518 1449 volumus
1549 1422 1656 1450 autem
1687 1422 1723 1450 ut
1754 1419 1940 1452 earumdem

1203 1468 1424 1511 praesentium
1448 1469 1629 1502 litterarum
1647 1471 1865 1514 transumptis,
1884 1481 1941 1504 seu

1204 1521 1370 1564 exemplis,
1395 1522 1491 1555 etiam
1515 1523 1691 1566 impressis,
1719 1533 1817 1555 manu
1841 1524 1942 1556 alicu-

1202 1575 1250 1608 ius
1274 1576 1392 1609 notarii
1419 1576 1541 1619 publici
1559 1576 1761 1619 subscriptis,
1784 1582 1815 1609 et
1831 1577 1940 1620 sigillo

1202 1638 1359 1672 personae
1383 1628 1415 1661 in
1441 1628 1659 1662 ecclesiastica
1685 1629 1841 1672 dignitate
1867 1639 1941 1663 con-

1200 1682 1329 1714 stitutae
1364 1681 1517 1722 munitis,
1543 1682 1654 1715 eadem
1693 1691 1829 1725 prorsus
1859 1682 1940 1717 fides

1200 1734 1320 1777 ubique
1345 1735 1492 1767 locorum
1526 1739 1588 1767 tam
1621 1734 1653 1766 in
1683 1734 1804 1768 iudicio
1840 1743 1939 1778 quam

1200 1792 1289 1820 extra
1319 1787 1399 1821 illud
1427 1786 1606 1827 habeatur,
1642 1797 1724 1830 quae
1749 1787 1827 1831 ipsis
1848 1796 1939 1831 prae-

1199 1840 1348 1875 sentibus
1374 1841 1555 1874 haberetur
1589 1840 1615 1873 si
1640 1840 1749 1874 forent
1772 1841 1938 1875 exhibitae

1200 1895 1249 1927 vel
1276 1899 1442 1927 ostensae.

1242 1948 1354 1981 Datum
1372 1948 1501 1988 Romae,
1524 1948 1609 1991 apud
1634 1947 1665 1981 S.
1700 1947 1841 1988 Petrum,
1877 1947 1936 1981 sub

1198 2003 1320 2035 annulo
1333 2001 1516 2041 piscatoris,
1539 2002 1590 2035 die
1608 2013 1639 2035 xi
1655 2002 1766 2045 aprilis
1783 2011 1932 2043 iincxcu,

1198 2054 1407 2098 pontificatus
1425 2053 1525 2087 nostri
1544 2064 1628 2087 anno
1647 2065 1669 2087 1.

1234 2114 1294 2142 Dat.
1313 2114 1358 2142 die
1379 2116 1406 2142 tt
1430 2115 1524 2151 aprilis
1543 2114 1621 2150 1692,
1639 2115 1738 2150 pontif.
1757 2123 1827 2144 anno
1843 2120 1862 2143 1.

1518 2279 1598 2312 xxi.

417 2373 688 2417 quandocumque
724 2372 896 2414 spectabit,
935 2371 968 2404 in
1005 2374 1155 2406 omnibus
1199 2367 1583 2412 Confirmamurdecreta
1597 2366 1932 2402 circoeallemativam

417 2432 449 2459 et
463 2436 522 2470 per
543 2425 652 2459 omnia
668 2425 854 2468 plenissime
873 2424 1049 2468 suffragari,
1067 2432 1099 2458 et
1115 2427 1153 2459 ab

418 2479 464 2513 eis
495 2479 675 2523 respective
707 2478 939 2511 inviolabiliter
963 2478 1150 2520 observari,

417 2533 525 2577 sicque
549 2532 582 2565 in
615 2531 803 2575 praemissis
839 2541 898 2574 per
931 2539 1153 2575 quoscumque

416 2585 540 2620 iudices
572 2585 756 2621 ordinarios
789 2589 820 2617 et
845 2585 1021 2627 delegatos,
1056 2585 1153 2617 ctiam

1240 2425 1325 2456 inter
1363 2424 1481 2466 fratres
1516 2422 1657 2454 Minores
1691 2421 1722 2454 S.
1760 2421 1931 2455 Francisci

1239 2477 1275 2511 dc
1301 2476 1507 2510 observantie
1530 2475 1720 2519 reformatos
1740 2475 1929 2519 provinciae

1239 2530 1271 2563 S.
1298 2528 1456 2563 Ne'colaz'fi

1232 2602 1242 2627 1
1270 2600 1365 2628 Extant
1386 2600 1453 2627 aliae
1477 2599 1650 2626 alternativae
1680 2598 1707 2625 in
1726 2598 1876 2627 Innocentii
1895 2598 1928 2625 XI

417 2649 584 2676 causarum
620 2638 730 2683 palatii
770 2638 938 2682 apostolici
977 2637 1152 2679 auditores,
1196 2649 1280 2672 const.
1302 2645 1346 2672 ed.
1367 2649 1545 2679 tttnchxxvnt,
1565 2643 1608 2671 die
1628 2643 1643 2672 3
1662 2643 1739 2677 iunii,
1763 2643 1853 2678 ponus
1879 2649 1925 2677 xii,

1959 257 2007 286 Αη.
2029 258 2058 286 C.
2080 259 2147 286 1692

1987 529 2143 554 Contrariorum

1963 557 2078 583 derogatio.

1991 1427 2051 1447 Fato,
2078 1430 2134 1450 tran-

1951 1454 2084 1479 simplorum.
