2227 3225
145 253 192 277 An.
214 250 242 278 C.
262 252 328 277 {Gi-'2

333 310 369 333 ac
395 299 516 338 decori,
542 298 719 330 commodis
745 302 775 329 et
808 295 996 335 indigentiis
1020 296 1090 327 re-i

333 352 478 395 spective
503 351 714 384 ecclesiarum
740 355 771 383 et
797 349 976 381 antistitum
1002 348 1065 380 hu-
1088 376 1090 387 ,

332 404 483 443 iusmodi‚
507 404 707 446 istorumque
732 403 764 435 in
791 401 942 434 extremis
967 406 998 434 et
1022 398 1090 433 sie

335 458 374 490 de
410 459 534 490 summa
570 467 677 489 rerum
716 456 890 499 agentium,
929 460 1070 486 tremen-

335 511 476 554 dumque
496 510 548 543 nei
576 510 729 542 iudicium
747 520 815 542 mox
836 508 1068 548 subiturormu,

335 570 487 607 quantum
515 563 583 595 tit-ri
610 568 726 607 potest,
744 562 842 605 quieti
865 567 896 594 et
916 560 1071 603 tranquil-

335 617 416 651 litati
458 617 488 650 in
526 617 587 649 hac
625 622 717 659 parte
753 615 943 647 consulere:
980 619 1069 647 motu

335 671 478 714 proprio,
506 681 542 703 ex
568 672 655 702 certa
674 669 806 701 scientia
823 674 854 700 et
873 669 1000 700 matura
1017 667 1071 699 de-

334 723 527 756 liberatione
565 723 706 761 nostris‚
734 722 839 764 deque
870 721 1070 764 apostolicae

335 777 503 820 potestatis
528 776 741 819 plenitudine,
770 776 807 806 ab
834 775 921 807 omni
944 780 973 806 et
991 785 1044 816 <3¹¹⁴
1060 792 1072 796 -

335 840 473 872 eumque
499 829 589 867 inre,
616 828 701 871 quod
734 828 771 860 ad
798 827 963 860 Camerani
989 827 1072 869 Apo-

335 883 480 916 stolicam
505 893 542 915 ex
574 881 800 924 antiquissima
835 879 1071 913 consuetudine

335 942 366 970 et
387 935 672 970 constitutionibus
699 934 887 978 apostolicis
912 934 1071 966 hactenns

335 995 500 1033 spectasse
527 988 739 1031 dignoscitur,
766 986 982 1031 percipiendi,
1008 986 1073 1019 exi-

337 1043 454 1086 gendi,
493 1041 635 1074 habendi
661 1047 692 1075 et
728 1040 925 1085 assequendi
958 1051 1072 1073 omnes

336 1102 368 1130 et
392 1096 533 1137 singulas
560 1105 783 1139 quascumque
807 1094 972 1138 pecunias,
1005 1104 1072 1133 res,

336 1149 478 1189 effectus,
500 1149 578 1188 iura,
596 1148 804 1187 semovenda,
824 1152 855 1180 et
871 1148 956 1180 bona
977 1147 1072 1179 etiam

335 1202 471 1242 stabilia,
490 1202 720 1244 cuiuscumque
737 1200 984 1245 pretii‚valoris,
1002 1211 1074 1243 spe-

336 1255 409 1295 ciei,
437 1255 601 1298 qualitatis
627 1254 779 1294 existant,
799 1264 857 1297 per
875 1258 1072 1286 memoratos

336 1308 611 1351 archiepiscopos,
647 1307 818 1350 episcopos
855 1312 887 1339 et
910 1307 1074 1350 praelatos

336 1360 507 1393 inferiores
532 1360 607 1393 dicti
634 1360 737 1402 regni,
765 1359 862 1392 etiam
888 1370 923 1392 ex
949 1359 1075 1391 Ordini-

334 1414 393 1446 bus
419 1413 625 1456 regularibus
661 1417 853 1455 assumptos.
880 1423 916 1444 ex
942 1412 1076 1444 redditi-

335 1467 407 1506 bus,
446 1466 602 1498 fructibus
638 1471 670 1498 et
694 1465 903 1508 proventibus
944 1476 1073 1497 suarum

336 1519 546 1552 ecclesiarum
586 1518 894 1562 quomodocumque
934 1529 1006 1551 vcre
1044 1524 1075 1551 et

336 1572 470 1615 proprie
506 1571 683 1615 acquisita,
717 1571 824 1615 spolia
864 1576 1072 1614 nuncupata,

336 1636 463 1659 necnon
501 1625 622 1657 fructus
659 1626 821 1657 naturales
847 1634 864 1656 a
889 1625 958 1657 solo
982 1635 1075 1667 sepa-

335 1685 423 1713 ratos
449 1684 481 1712 et
505 1678 616 1711 civiles
648 1682 793 1721 tempore
825 1678 936 1710 mortis
962 1688 1076 1721 peree-

337 1739 420 1777 ptos,
458 1742 514 1765 seu
551 1735 680 1764 exactos
707 1741 744 1763 ex
769 1730 948 1763 redditibus
982 1741 1077 1774 prae-

339 1786 477 1818 fatarum
514 1783 752 1823 ecelesiarum,
778 1788 809 1815 et
835 1783 931 1816 etiam
965 1784 1077 1817 incon-

338 1843 484 1880 sumptos
524 1841 555 1869 et
592 1836 829 1876 incommixtos‚
870 1847 934 1869 non
970 1842 1076 1869 tamen

339 1891 519 1935 pendentes
542 1900 599 1922 seu
618 1890 795 1930 inexaetos,
814 1890 963 1933 specialis
992 1891 1076 1924 dono

339 1943 461 1987 gratiae
479 1942 647 1986 perpetuis
673 1942 789 1975 suturis
808 1943 1010 1986 temporibus
1033 1944 1078 1977 di-

339 2003 406 2030 ctos
431 1995 710 2039 archiepiscopos,
729 1995 902 2039 episcopos
928 2002 959 2029 et
983 2007 1078 2039 prae.-

340 2052 423 2083 latos
448 2049 623 2082 inferiores
653 2049 747 2091 regni
773 2049 908 2091 praefati
945 2049 1077 2083 omnino

340 2102 511 2135 eximimus
537 2107 569 2134 et
592 2101 780 2141 liberamus,
807 2112 843 2134 ac
863 2107 1029 2144 exemptos
1048 2107 1079 2135 et

339 2156 497 2189 liberatos
522 2164 601 2194 esse,
628 2154 697 2187 sore
724 2159 754 2186 et
779 2154 906 2186 censeri
930 2156 1078 2188 volumus

341 2214 372 2240 et
392 2208 593 2240 mandamus⁴
611 2207 655 2238 Ad
672 2205 816 2239 ellectum
832 2212 947 2246 tamen,
968 2212 997 2239 et
1014 2219 1078 2241 non

342 2261 430 2301 alias,
446 2260 550 2299 aliter,
569 2269 630 2292 nec
647 2259 710 2292 alio
725 2260 835 2298 modo,
851 2265 886 2291 ut
902 2261 1078 2302 praemissa

342 2315 450 2348 omnia
474 2319 506 2346 et
530 2313 660 2356 singula
684 2313 723 2346 ad
745 2313 902 2356 praefatas
920 2319 1079 2357 metropo-

341 2368 458 2401 litanas
483 2366 626 2410 aliasque
648 2367 855 2399 cathedrales
878 2372 910 2399 et
928 2368 1078 2411 reliquas,

343 2421 459 2465 quibus
484 2420 651 2453 memorati
688 2420 926 2464 archiepiscopi
958 2427 986 2453 et
1014 2421 1081 2464 epi-

343 2473 436 2517 scopi
462 2484 517 2506 seu
536 2473 672 2516 praelati
698 2473 933 2516 praesederint,
952 2473 1080 2517 illisque

343 2536 410 2558 non
434 2525 666 2568 indigentibus,
691 2525 729 2558 ad
755 2525 961 2568 parochiales
977 2527 1082 2559 eccle-

345 2580 408 2613 sias
420 2589 530 2612 eorum
541 2579 693 2621 regimini
708 2580 907 2619 commissas,
924 2585 1081 2622 spectare,

346 2642 382 2666 ac
407 2631 445 2664 ad
472 2631 656 2664 earumdem
682 2631 823 2665 savorem
849 2637 879 2665 et
905 2632 935 2664 in
962 2633 1084 2666 beneti-

917 246 1124 271 txxocrxru's
1152 247 1193 269 vu
1221 248 1266 269 rr.
1741 238 1799 269 {2⁴31
1853 247 1901 272 tn.
1923 246 1949 271 ιῖ.
1972 247 2034 273 'nat

1110 295 1192 326 cium
1225 305 1281 326 seu
1306 294 1477 326 utilitatem
1503 294 1639 330 cedere,
1665 295 1842 337 applicari,

1110 347 1265 387 converti,
1290 357 1345 379 scu
1371 357 1460 382 010⁰
1455 357 1499 379 ιιι
1526 347 1678 379 ditheiut

1154 400 1223 443 §3
1258 401 1297 433 1³1
1300 399 1411 432 tesius
1447 404 1553 432 tamen
1587 399 1843 443 archiepiscopis
1883 413 1909 431 iz.
1906 413 2038 439 ,μιριιμὼ

1112 458 1143 485 ct
1167 453 1332 496 epis10pis
1367 457 1397 485 et
1429 452 1591 495 praelatis
1617 457 1652 484 ut
1683 445 1888 494 congriiosiii¹
1888 440 1933 536 .’“Ἠιι
1944 472 1947 475 -
2000 441 2039 480 '¹⁸¹⁵-

1111 515 1188 536 usns
1193 503 1458 547 ,applicationes
1481 509 1512 536 et
1529 503 1738 545 eiooationcs
1756 514 1847 545 prac-
1859 525 1878 549 ‘J
1871 493 1918 537 ⁰:1¹

1112 557 1283 590 missorum
1320 557 1352 589 in
1388 557 1582 589 luneticiuni
1614 562 1645 589 et
1674 552 1876 590 utilitatemU

1114 610 1298 644 huiusmodi
1336 611 1565 651 ecclesiarum,
1601 610 1632 642 in
1671 621 1753 653 quos
1791 620 1847 642 seu

1114 674 1192 706 quas
1217 664 1328 696 eadem
1349 664 1531 707 praemissa
1558 663 1761 706 applicanda,
1783 673 1852 696 ero-

1114 717 1219 758 ganda
1243 727 1298 749 sen
1325 717 1516 759 exponenda
1542 727 1613 749 esse
1639 716 1849 756 censuerint,

1115 770 1286 811 designare
1310 770 1450 808 valeant,
1481 769 1709 812 permittimus,
1744 769 1852 802 indul-

1115 833 1226 865 gemus
1254 828 1284 855 et
1310 828 1529 865 opportunam
1555 823 1742 856 facultatem
1764 823 1853 855 desu-

1115 885 1173 918 per
1193 875 1402 907 conrcijlimus
1437 880 1469 907 et
1493 874 1708 918 impartimur,
1741 885 1777 908 ac
1803 885 1856 907 su-

1114 938 1171 971 per
1195 927 1382 971 praemissis
1403 927 1555 960 omnibus
1577 927 1672 960 etiam
1691 927 1855 960 conscien—

1116 985 1190 1014 tiam
1226 981 1443 1024 praesatorum
1476 980 1796 1024 archiepiscoporum
1822 985 1855 1013 et

1114 1036 1331 1078 praelatorum
1356 1044 1539 1067 oneramus.
1562 1033 1650 1072 Quod
1675 1034 1699 1066 si
1729 1033 1855 1066 archie-

1115 1089 1254 1132 piscopi,
1282 1087 1428 1131 episcopi
1462 1093 1492 1120 et
1521 1087 1661 1131 praelati
1694 1088 1854 1131 praedicti

1116 1143 1154 1175 ad
1181 1142 1365 1174 huiusmodi
1385 1141 1644 1185 designationem
1669 1152 1726 1174 seu
1752 1141 1857 1184 dispo-

1116 1195 1267 1228 sitionem
1304 1195 1458 1235 devenire
1494 1195 1678 1234 noluerint,
1712 1195 1762 1227 vel
1799 1204 1856 1226 ne-

1117 1249 1300 1292 quiverint,
1325 1248 1432 1280 adhue
1471 1248 1650 1291 praemissa
1684 1247 1792 1280 omnia
1825 1252 1857 1279 et

1117 1301 1243 1344 singula
1269 1302 1306 1333 ad
1341 1301 1438 1333 diuus
1464 1302 1626 1341 ecclesias,
1652 1306 1687 1332 ut
1711 1301 1856 1343 praeser-

1118 1360 1187 1393 tur,
1214 1354 1364 1386 similiter
1389 1359 1547 1396 spectare,
1574 1359 1605 1386 et
1631 1354 1669 1386 ad
1696 1354 1856 1393 savorem,

1117 1418 1172 1439 seu
1197 1405 1401 1446 beneficium,
1420 1416 1524 1445 usum,
1543 1406 1714 1439 utilitatem
1736 1417 1858 1439 earum·

1118 1462 1189 1493 dem
1216 1460 1436 1499 ecclesiarum,
1463 1461 1615 1503 prudenti
1641 1459 1858 1504 archiepisco·

1117 1525 1244 1558 porum,
1260 1515 1492 1557 episcoporum
1511 1520 1543 1546 et
1560 1515 1779 1557 praelatorum
1799 1514 1858 1546 hu-

1118 1567 1254 1600 iusmodi
1280 1577 1504 1599 successorum
1531 1566 1677 1606 arbitrio,
1696 1577 1767 1599 cum
1789 1577 1859 1599 suo-

1119 1633 1189 1654 rum
1221 1622 1439 1665 capitolorum
1470 1621 1604 1653 scientia
1634 1625 1666 1653 et
1693 1621 1857 1659 consilio,

1119 1675 1357 1715 convertenda,
1396 1675 1591 1717 applicanda
1628 1679 1659 1707 et
1695 1675 1859 1716 eroganda

1120 1739 1190 1761 esse
1217 1734 1248 1761 et
1268 1728 1336 1761 sore
1362 1728 1495 1761 omnino
1526 1728 1673 1760 volumus
1707 1732 1739 1760 et
1770 1738 1859 1760 man-

1120 1782 1242 1815 damus.

1163 1835 1233 1879 §li
1261 1835 1307 1868 Ad
1334 1836 1414 1868 haec
1451 1834 1599 1878 cipitulis
1629 1839 1660 1867 et
1697 1833 1859 1866 cinonicis
1892 1842 1929 1864 ιι
1954 1842 2023 1868 μιιι
2014 1842 2053 1863 ιιι-ε

1121 1890 1278 1923 dictaiuin
1318 1889 1422 1921 eccles
1411 1888 1528 1921 iatum
1567 1893 1598 1920 et
1633 1887 1703 1920 aliis
1729 1887 1858 1930 quibus-
1870 1870 1958 1916 gaiit
1955 1896 1974 1914 ιι
1976 1875 2053 1920 ἔἰιιῖἷι

1121 1953 1258 1985 cumque
1290 1942 1436 1974 inhibent
1440 1952 1489 1981 us,
1515 1952 1555 1973 ne
1581 1952 1628 1973 xiv
1635 1946 1707 1973 cun
1713 1952 1736 1979 s,
1764 1923 1985 1973 etiir111*=1e1¹¹⁰¹
1989 1928 2032 1942 ¹⁰¹⁰

1122 2000 1339 2038 aceraotintes,
1367 1994 1454 2027 etin
1487 1994 1639 2027 extiemis
1670 1994 1860 2026 constituas

1122 2049 1403 2091 archiepiscopos,
1435 2047 1609 2090 episcopos
1641 2052 1673 2080 et
1698 2049 1861 2090 praelatos

1122 2101 1284 2145 praefatos
1309 2101 1491 2140 commodo,
1518 2111 1576 2132 usu
1603 2105 1634 2133 et
1651 2101 1861 2143 possessione

1122 2154 1264 2188 omnium
1300 2154 1556 2197 praemissorum
1592 2155 1640 2186 vel
1677 2154 1861 2197 aliquorum

1123 2219 1157 2241 ex*
1184 2207 1247 2240 illis
1273 2206 1330 2238 sub
1355 2205 1635 2249 sequestrationis,
1653 2206 1862 2239 assecuratio-

1122 2262 1171 2294 nis
1197 2262 1246 2293 vel
1272 2260 1335 2293 alio
1359 2264 1530 2303 praetextu
1556 2259 1682 2302 privare
1709 2269 1767 2291 seu
1786 2260 1860 2292 illos

1123 2315 1252 2357 illisque
1278 2313 1492 2346 inservientes
1517 2323 1648 2355 quoquo
1674 2313 1769 2346 modo
1790 2323 1862 2356 per-

1124 2367 1254 2400 turbare
1279 2376 1334 2398 seu
1359 2366 1531 2399 molestare
1549 2371 1778 2408 praesumant:
1805 2366 1860 2398 sed

1124 2422 1289 2453 dumtaxat
1305 2424 1475 2462 postquam
1493 2419 1591 2451 iidem
1609 2418 1860 2462 archiepiscopi,

1125 2474 1270 2518 episcopi
1304 2478 1335 2506 et
1366 2473 1501 2517 praelati
1540 2473 1662 2506 suerint
1685 2473 1767 2506 viam
1791 2473 1862 2505 uni-

1125 2538 1236 2560 versae
1260 2527 1366 2560 carnis
1391 2526 1538 2569 ingressi,
1565 2526 1750 2559 memoratis
1775 2526 1862 2568 capi-

1126 2580 1201 2613 tulis
1240 2590 1417 2623 eorumque
1458 2579 1586 2611 vicariis
1628 2578 1861 2622 capitularibus

1126 2633 1306 2677 respective
1350 2632 1603 2676 praemissorum
1643 2630 1860 2664 inventarium

1912 551 1969 565 dium
