2227 3225
883 252 977 277 INDEX
1005 251 1133 276 tumtum
1140 252 1202 276 RUM

286 306 439 340 LXXXIV.
458 305 663 349 Assignantur
677 304 788 349 puellis
806 304 934 349 hospitii
949 316 1022 349 pau-

372 370 484 404 perum
510 358 717 391 invalidorum
744 357 782 390 de
809 357 889 391 Urbe
916 358 1022 401 viginti

373 411 512 445 subsidia
535 411 650 444 dotalia
668 422 703 443 ex
729 411 1024 444 archicont‘raterni-

374 469 434 497 tate
458 465 716 500 Annunciationis
741 465 772 498 B.
799 465 835 498 M.
862 465 905 507 V„
928 464 1000 498 666.

286 519 424 552 LXXXV.
449 520 660 553 Contirmatur
685 520 871 553 Constitutio
889 520 1026 553 Clemen-

374 572 412 604 tis
439 573 521 613 VIII,
547 584 607 616 qua
641 573 837 607 interdicitur
863 573 1025 606 monachis

373 626 630 669 Congregationis
645 627 798 670 regularis
812 628 960 662 Castellae
975 627 1027 661 Or-

374 680 455 713 dinis
480 682 694 714 Cisterciensis
723 683 751 714 iu
785 692 882 724 regno
909 682 1023 714 Portu-

374 734 484 776 galliae
502 734 672 778 appellatio
692 735 729 767 ad
754 741 877 768 exteros
899 734 1026 773 iudices,
1053 761 1055 772 ,

375 794 405 820 et
430 788 639 822 manifestatio
663 789 862 831 negotiorum
887 788 1026 831 Congre-

374 841 520 882 gationis,
546 840 620 874 608.

286 892 439 926 Lxxxw.
463 893 673 928 Confirmatur
698 894 857 928 decretum
884 895 1025 938 Congre-

374 946 508 989 gationis
532 947 754 991 episcoporum
773 953 803 980 et
828 948 1025 991 regularium

374 999 412 1032 de
437 999 608 1033 lectoribus
633 1001 861 1034 monachorum
887 1001 1029 1034 eremita—

376 1063 446 1085 rum
478 1053 576 1086 saneti
608 1054 791 1098 Hieronymi
822 1054 1029 1088 Lombardiae

376 1112 446 1150 post
471 1106 638 1140 duodecim
668 1118 766 1140 annos
797 1107 835 1139 ad
869 1107 1028 1151 prioratus

376 1159 518 1192 titulares
543 1161 780 1204 promovendis,
806 1160 880 1193 612.

288 1213 452 1246 LXXXVII.
480 1214 695 1247 Extenduntur
719 1215 811 1247 binae
836 1215 1029 1248 constitutio

376 1277 431 1299 nes
460 1266 496 1299 de
522 1267 711 1310 abrogandis
732 1267 875 1300 discretis
899 1278 957 1312 pro
982 1278 1029 1300 ca-

375 1320 483 1364 pitulis
525 1321 658 1353 fratrum
695 1321 965 1365 capuccinorum,
991 1321 1028 1354 ad

376 1374 452 1407 alias
465 1374 643 1418 provincias
658 1375 843 1418 Aragoniae,
861 1375 1029 1415 Valentiae,

377 1426 584 1469 Catalauniae‚
609 1428 772 1462 Sardiniae
800 1435 830 1462 et
854 1428 1030 1469 Maioriwe,

379 1480 451 1513 614.

287 1533 474 1567 LXXXVIII.
517 1534 669 1567 Statuitur
710 1540 743 1567 ut
778 1538 966 1578 procurator
1001 1541 1031 1567 et

378 1588 615 1621 commissarius
639 1588 803 1631 generales
828 1588 960 1622 fratrum
981 1588 1031 1622 Mi-

378 1652 491 1674 norum
525 1642 562 1675 de
591 1642 794 1675 observantia
819 1643 976 1685 eligantur
1001 1643 1031 1675 in

379 1695 519 1739 capitulo
540 1695 678 1738 generali
697 1695 734 1729 de
751 1696 899 1729 sexennio
917 1696 949 1728 in
967 1707 1032 1729 sex-

379 1748 517 1790 ennium,
543 1748 616 1782 617.

289 1800 452 1835 LXXXIX.
479 1801 633 1835 Statuitur
659 1808 691 1835 ut
716 1807 905 1846 procurator
930 1813 1029 1845 gene-

380 1855 454 1888 ralis
479 1855 612 1888 fratrum
638 1856 792 1889 Minorum
815 1856 913 1889 sancti
940 1856 1033 1889 Fran-

380 1909 454 1943 cisci
480 1909 518 1943 de
542 1909 749 1943 Observantia
783 1916 812 1943 et
838 1910 1033 1944 Reformato-

380 1973 451 1995 rum
484 1963 619 2006 eligatur
653 1963 682 1996 in
710 1963 850 2007 capitulo
875 1963 1032 2006 generali,

379 2020 409 2048 et
425 2015 463 2049 de
487 2016 637 2050 sexennio
663 2016 692 2048 in
718 2016 914 2056 sexennium,
937 2016 1010 2048 619.

294 2067 350 2102 XC.
375 2067 563 2101 Conceditur
595 2069 730 2101 alumnis
754 2069 936 2113 provinciae
961 2070 1033 2102 novi

381 2123 470 2166 regni
480 2123 680 2157 Granatensis
692 2124 817 2158 Ordinis
830 2124 1034 2157 eremitarum

381 2176 410 2211 S.
425 2177 589 2220 Augustini
607 2178 638 2210 in
663 2178 757 2211 Indiis
783 2178 1035 2212 Occidentalibus

381 2230 511 2263 facultas
540 2231 730 2275 suscipiendi
765 2232 882 2274 gradus
912 2231 1035 2265 schola-

381 2285 476 2318 sticos
502 2285 532 2318 in
562 2295 673 2319 eorum
699 2285 834 2329 collegio
859 2286 887 2318 S.
915 2286 1034 2319 Nieolai

382 2338 515 2372 civitatis
540 2339 569 2373 S.
596 2339 693 2382 Fidei,
720 2339 793 2372 622.

391 2392 529 2436 Erigitur
550 2393 701 2437 oppidum
719 2394 886 2435 Alesiense,
907 2394 1037 2427 Nemau·
1061 2387 1063 2446 i

383 2446 482 2480 sensis
494 2446 657 2487 dioecesis,
676 2447 705 2479 in
724 2447 892 2487 civitatem,
907 2447 1036 2491 eiusque
1061 2448 1063 2489 ᾗ

383 2500 513 2533 ecclesia
543 2500 571 2535 S.
598 2501 721 2534 Ioannis
753 2500 908 2545 Baptistae
934 2501 964 2533 in
990 2512 1038 2533 ca·
1062 2492 1063 2526 ἶ

385 2552 568 2595 thedralem‚
594 2554 667 2588 62ῖ3
1062 2555 1063 2565 ’

296 2604 381 2640 XCII.
408 2606 619 2642 Confirmatur
636 2607 805 2642 concordia
826 2608 906 2640 inter
925 2607 1038 2640 fratres

385 2660 564 2704 provinciae
586 2661 615 2694 S.
638 2661 742 2695 laeobi
761 2661 790 2694 in
816 2660 964 2705 Hispania
982 2660 1038 2693 Or·

294 2390 364 2424 XCI.

1709 239 1773 273 989

1164 305 1245 337 dinis
1271 304 1424 337 Minoi-um
1459 304 1556 338 sancti
1592 303 1748 337 Francisci
1780 303 1817 336 de

1164 357 1368 391 Observantia
1395 367 1491 401 super
1515 356 1668 390 divisione
1694 357 1819 401 provin-

1165 412 1230 444 ciae
1255 415 1283 445 ct
1308 410 1495 452 officiorum,
1523 409 1596 443 6:31.

1078 465 1173 499 XCIII.
1188 465 1375 499 Conceditur
1390 464 1582 508 indulgentia
1595 463 1734 507 plenaria
1752 474 1819 507 per-

1166 523 1258 563 petua
1284 519 1313 552 in
1338 518 1472 551 articulo
1499 517 1609 551 mortis
1634 517 1771 559 aegrotis
1791 517 1819 548 iu

1168 573 1316 616 hospitali
1348 571 1454 615 oppidi
1486 571 1524 604 dc
1561 571 1590 604 S.
1614 569 1712 605 Cloud
1740 570 1820 603 Pari-

1167 626 1279 659 siensis
1304 625 1467 665 dioecesis,
1494 624 1567 657 (548.

1080 679 1176 713 XCIV.
1190 679 1377 713 Conceditur
1391 679 1583 721 indulgentia
1600 677 1739 722 plenaria
1753 688 1819 721 per-

1170 738 1261 776 petua
1288 733 1316 764 iu
1341 732 1474 765 articulo
1501 732 1610 764 mortis
1635 731 1771 773 aegrotis
1790 730 1821 762 in

1168 785 1407 829 arcliiliospitali
1440 784 1468 817 S.
1500 784 1634 828 Spiritus
1671 784 1700 815 in
1730 783 1821 816 Saxia

1168 838 1206 871 de
1232 838 1325 878 Urbe,
1347 838 1420 871 648.

1083 892 1162 926 XCV.
1188 892 1380 925 Conceditur
1411 891 1540 924 saeultas
1574 890 1723 924 recitandi
1754 890 1822 923 osti-

1169 946 1252 979 cium
1287 950 1313 978 et
1349 945 1526 978 cclebramli
1555 945 1679 977 missam
1713 943 1821 977 beatae

1170 1000 1302 1032 loannae
1328 999 1477 1043 Alphonsi
1506 999 1526 1031 V
1553 998 1652 1039 tiliae,
1677 998 1822 1031 monialis

1170 1052 1294 1086 Ordinis
1319 1054 1347 1086 S.
1374 1052 1547 1094 Domifflci,
1574 1052 1603 1084 in
1633 1057 1697 1085 toto
1724 1062 1821 1094 regno

1169 1106 1379 1149 Portugalliae
1412 1112 1439 1139 et
1474 1106 1558 1139 dicto
1589 1105 1704 1139 Ordine
1729 1105 1766 1137 ab
1791 1115 1822 1137 o-

1170 1160 1295 1193 muibus
1319 1159 1484 1205 utriusque
1510 1170 1613 1199 sexus,
1638 1158 1711 1191 640.

1082 1213 1177 1248 XCVI.
1198 1213 1431 1248 Conssrmantur
1448 1214 1685 1247 constitutiones
1703 1223 1760 1256 pro
1778 1223 1823 1245 ar-

1170 1267 1477 1300 chiconsraternitate
1502 1267 1531 1300 S.
1551 1266 1732 1311 Hieronymi
1750 1265 1822 1299 Cha-

1170 1321 1270 1354 ritatis
1295 1320 1333 1353 de
1359 1321 1451 1360 Urbe,
1477 1320 1550 1353 650.

1082 1373 1192 1407 XCVII.
1208 1373 1412 1406 Declarantur
1427 1379 1455 1406 et
1474 1373 1734 1417 praescribuntur
1751 1382 1824 1405 non·

1170 1427 1254 1459 nulla
1287 1427 1372 1460 circa
1404 1426 1617 1459 ordinationes
1647 1425 1823 1459 alienorum

1171 1480 1382 1520 subditorum,
1408 1479 1482 1512 662.

1083 1533 1203 1567 XCVIII.
1247 1533 1400 1567 Statuitur
1442 1538 1474 1565 ut
1510 1533 1613 1565 nullus
1654 1533 1825 1566 monachus

1172 1587 1200 1621 S.
1228 1586 1408 1631 Hieronymi
1435 1586 1643 1619 Lombardiae
1668 1586 1740 1629 eligi
1758 1596 1826 1630 pos-

1172 1641 1211 1673 sit
1236 1640 1266 1673 in
1291 1640 1488 1684 superiorem
1509 1643 1578 1674 ante
1597 1649 1713 1672 annum
1735 1640 1825 1683 trige-

1172 1694 1422 1733 simumsextum,
1448 1692 1522 1726 667.

1085 1747 1181 1781 XCIX.
1208 1747 1442 1782 Confirmantur
1471 1746 1685 1790 indulgentiae
1715 1757 1826 1791 perpe-

1174 1806 1243 1834 tuae
1279 1800 1317 1833 ab
1352 1800 1534 1834 Innocentio
1570 1800 1609 1833 XI
1635 1810 1823 1841 concessae,

1174 1861 1204 1889 et
1238 1855 1317 1888 aliae
1354 1854 1571 1887 conceduntur
1603 1854 1825 1888 comitantibus

1174 1909 1223 1942 SS.
1250 1909 1487 1942 Sacramentum
1515 1918 1573 1952 pro
1599 1907 1720 1941 Viatico
1744 1907 1825 1940 dela-

1175 1968 1250 2002 tum,
1277 1960 1350 1994 668.

1086 2016 1115 2048 C.
1141 2016 1293 2049 Statuitur
1318 2021 1348 2048 ut
1369 2015 1425 2048 soli
1445 2021 1673 2059 exprocurator
1697 2025 1825 2059 genera-

1175 2070 1211 2102 lis
1236 2075 1265 2101 et
1290 2069 1423 2102 lectores
1449 2069 1627 2111 theologiae
1653 2068 1825 2102 monacho-

1177 2133 1245 2155 rum
1272 2122 1300 2155 S.
1327 2122 1508 2166 Hieronymi
1531 2121 1738 2155 Lombardiae
1755 2121 1827 2165 eligi

1175 2176 1294 2220 possint
1320 2176 1349 2209 iu
1375 2176 1499 2220 priores
1525 2176 1676 2217 titulares,
1702 2175 1775 2210 669.

1087 2230 1130 2264 CI.
1156 2230 1308 2264 Statuitur
1329 2235 1362 2263 ut
1379 2230 1519 2263 canonici
1539 2230 1700 2272 regulares
1716 2229 1745 2263 S.
1767 2228 1828 2262 Sat-

1177 2284 1314 2326 vatoris,
1353 2283 1488 2323 Ordinis,
1509 2283 1605 2317 sancti
1642 2282 1828 2326 Augustini,

1177 2337 1351 2370 executioni
1371 2337 1518 2369 mandent
1536 2336 1774 2370 constitutiones
1791 2335 1828 2368 de

1178 2390 1378 2434 regularibus
1403 2390 1552 2434 professis
1578 2390 1615 2422 ad
1641 2399 1750 2423 eorum
1778 2389 1829 2421 tia«

1178 2444 1277 2477 bitum
1303 2454 1364 2478 non
1391 2443 1589 2487 recipiendis⁷
1615 2442 1688 2475 671.

1185 2497 1403 2531 Commutatur
1439 2497 1506 2529 dies
1539 2496 1764 2530 benedictionis
1801 2502 1827 2529 et

1178 2551 1383 2585 absolutionis
1408 2550 1564 2593 generalis
1588 2561 1605 2582 a
1629 2550 1786 2584 Clemente
1805 2551 1829 2583 X

1179 2605 1364 2638 confirmata
1390 2615 1448 2649 pro
1466 2604 1581 2638 Ordine
1600 2604 1630 2637 B.
1645 2603 1682 2637 M.
1699 2603 1737 2636 de
1754 2603 1829 2636 Mer-

1178 2659 1252 2692 cede
1278 2658 1503 2703 redemptionis
1529 2658 1735 2702 captivorum,
1754 2656 1826 2691 67⁶2.

1089 2498 1147 2532 CII.
