2227 3225
112 239 161 266 An.
183 238 212 265 C.
230 237 299 265 1696

156 827 291 848 Confirmatio

107 854 169 876 relati
185 854 273 876 decreti.

82 2140 87 2145 ¹
131 2146 251 2171 clausulae.

880 233 954 258 1NNo
960 233 1089 257 CENTIUS
1113 233 1159 257 ΧΠ
1183 234 1230 258 FP.

1708 229 1772 263 757
1819 238 1867 265 Αη.
1884 239 1912 266 c.
1933 239 2001 266 109ss

303 285 439 319 concedi
469 295 563 328 posse
593 283 735 323 censuit,
769 283 794 315 si
827 282 1034 314 sanctissimo
1080 283 1190 324 palatii
1216 282 1384 325 apostolici
1411 283 1591 324 auditores,
1618 285 1754 318 iudicari
1780 292 1812 320 et

304 339 433 372 domino
458 343 568 370 nostro
593 336 771 380 placuerit:
792 335 843 368 die
861 345 938 368 xr111
955 334 1034 367 iunii
1078 333 1204 366 definiri
1231 335 1372 374 debere,
1398 346 1433 368 ac
1458 336 1584 369 irritum
1610 342 1641 370 et
1666 339 1770 379 inane,
1785 339 1812 372 si

301 400 438 425 iuncxcv.
465 390 559 423 Facta
583 390 680 433 igitur
705 390 823 423 deinde
842 399 900 432 per
916 398 967 420 me
985 398 1035 420 sc-

301 443 474 477 cretarium
491 444 529 476 de
551 443 726 486 praedictis
749 441 954 476 sanctissimo
977 441 1033 473 do-

300 496 387 529 mino
408 496 538 529 domino
559 501 672 529 nostro
689 495 857 535 relatione,
875 494 1034 528 Sanctitas

301 549 363 582 Sua
388 549 529 592 benigne
555 549 680 582 annuit.
709 549 765 582 Die
793 558 856 582 xxu
892 547 1035 581 eiusdem

301 603 423 636 mensis
440 608 471 636 et
488 603 562 636 anni
582 612 721 637 iincxcv.
746 621 791 626 ——
807 603 843 635 Α.
864 600 1036 634 cardinalis

302 655 401 690 Crno.
434 656 515 689 Loco
539 659 561 698 †
591 655 709 699 siqillz'.
736 674 780 679 —
808 654 842 688 B.
870 655 1035 688 lucinium

301 708 472 743 Sacrorum
496 709 626 743 Rituum
651 707 915 752 Congregationis
936 717 1037 740 scere-

301 762 400 795 tarius
426 775 456 795 n.

346 815 360 858 ἓ
385 815 416 847 ⁶2.
444 815 521 848 Cum
545 819 663 855 autem,
682 814 764 847 sicut
781 813 882 847 dictus
900 813 1038 846 Bernar-

302 868 360 902 dus
385 868 522 902 vicarius
542 873 574 901 et
591 873 783 912 procurator
804 866 964 910 generalis
980 873 1037 899 no-

300 921 350 955 bis
374 932 481 966 nuper
507 921 627 965 exponi
652 921 745 962 fecit,
771 920 839 964 ipse
871 920 1036 953 decretum

300 975 508 1015 huiusmodi,
531 984 595 1018 quo
620 974 741 1007 firmius
765 974 933 1013 subsistat,
959 983 1037 1016 apo-

300 1028 434 1061 stolicae
448 1027 702 1061 confirmationis
717 1032 844 1061 nostrae
859 1027 1036 1070 patrocinio

300 1080 493 1114 communiri
523 1091 729 1124 summopere
755 1080 935 1113 desideret:
965 1090 1036 1119 nos,

299 1134 404 1178 ipsum
419 1134 619 1167 Bernardum
635 1134 788 1167 vicarium
807 1138 838 1166 et
850 1138 1037 1177 procurato-

299 1197 368 1220 rem
395 1188 582 1229 generalem
607 1186 759 1230 specialis
785 1186 890 1219 favore
915 1187 1035 1229 gratiae

299 1240 455 1283 prosequi
471 1241 624 1280 volentes,
641 1246 671 1273 et
689 1251 706 1273 a
724 1240 891 1283 quibusvis
911 1251 1037 1274 excom-

299 1293 539 1333 municationis,
565 1293 792 1336 suspensionis
811 1298 841 1326 et
861 1293 1034 1333 interdicti,

299 1346 435 1389 aliisque
454 1346 684 1379 ecclesiasticis
697 1346 875 1385 sententiis,
894 1347 1037 1379 censuris

299 1404 332 1431 et
355 1399 479 1442 poenis,
505 1410 522 1431 a
546 1399 614 1432 iure
639 1400 689 1432 vel
706 1400 744 1431 ab
764 1399 907 1439 homine,
927 1400 1036 1443 quavis

299 1451 470 1484 occasione
495 1452 546 1484 vel
564 1453 660 1484 causa
678 1451 761 1491 latis,
779 1451 803 1484 si
825 1452 940 1494 quibus
959 1464 1037 1496 quo-

297 1504 480 1537 modolibet
500 1504 675 1538 innodatus
695 1504 810 1545 existit,
830 1505 868 1538 ad
886 1505 1036 1539 effectum

297 1557 522 1600 praesentium
552 1558 717 1591 dumtaxat
741 1559 1034 1601 consequendum,

297 1609 414 1642 harum
439 1610 523 1643 serie
549 1610 755 1644 absolventes
780 1616 812 1644 et
838 1611 1035 1645 absolutum¹

297 1662 368 1696 sore
386 1669 569 1704 censentes,
587 1664 877 1707 supplicationibus
895 1664 963 1698 eius
981 1676 1037 1698 no-

297 1715 385 1748 mine
410 1715 504 1748 nobis
529 1726 627 1759 super
652 1717 714 1749 hoc
738 1717 907 1750 humiliter
922 1728 1035 1761 porre-

298 1767 356 1801 ctis
388 1768 551 1809 inclinati,
576 1769 743 1802 decretum
779 1771 1032 1813 praeinsertum,

298 1821 489 1854 auctoritate
514 1823 711 1864 apostoliea,
739 1828 849 1857 tenore
874 1835 1031 1867 praesen-

298 1874 390 1915 tium,
410 1875 629 1918 approbamus
655 1881 687 1908 et
711 1875 947 1917 confirmamus,
973 1878 1035 1911 illi-

299 1939 361 1972 que
380 1928 575 1962 inviolabilis
593 1929 790 1972 apostolicae
809 1929 968 1963 firmitatis
984 1941 1035 1964 ro-

298 1980 358 2013 bur
390 1981 576 2014 adiicirnus:
603 1983 689 2014 salva
714 1987 820 2015 tamen
849 1993 978 2026 semper
1002 1983 1034 2016 in

297 2034 488 2076 praemissis
515 2035 707 2067 auctoritate
733 2042 929 2070 memoratae
955 2036 1035 2070 Con-

298 2086 498 2130 gregationis
519 2088 746 2121 cardinalium.

342 2140 357 2183 ς
376 2139 408 2173 3.
436 2140 668 2182 Decernentes,
688 2142 820 2175 easdem
844 2149 1034 2186 praesentes

297 2192 424 2226 litteras
450 2204 580 2238 semper
604 2193 733 2236 firmas,
759 2195 881 2228 validas
911 2201 943 2229 et
967 2196 1033 2230 esti·

299 2256 391 2280 caces
413 2246 549 2280 existere
567 2252 598 2280 et
615 2248 693 2288 sore,
709 2258 850 2292 suosque
869 2249 1033 2292 plenarios

299 2304 331 2332 et
354 2299 501 2342 integros
526 2299 658 2333 effectus
681 2301 791 2334 sortiri
817 2307 848 2334 et
874 2303 1033 2345 obtinere,

298 2363 335 2386 ac
358 2353 435 2394 illis,
455 2354 493 2386 ad
512 2364 591 2397 quos
616 2359 742 2397 spectat
766 2361 796 2388 et
813 2366 871 2399 pro
890 2361 1034 2400 tempore

299 2406 470 2450 spectabit,
487 2407 519 2439 in
543 2408 692 2441 omnibus
715 2413 747 2442 et
767 2419 825 2452 per
846 2410 953 2455 omnia
967 2411 1036 2454 ple-

298 2459 433 2493 nissime
459 2459 639 2503 suffragari,
665 2461 776 2504 sicque
803 2467 916 2496 etnon
942 2463 1036 2496 aliter

299 2512 333 2544 in
360 2513 548 2555 praemissis
582 2525 641 2557 per
666 2524 887 2559 quoscumque
912 2516 1034 2550 iudices

300 2565 485 2598 ordinarios
503 2571 535 2599 et
553 2567 733 2610 delegatos,
753 2569 850 2602 etiam
868 2579 1035 2603 causarum

338 2628 348 2653 1
372 2626 443 2654 Edit.
465 2628 547 2655 Main.
569 2629 633 2665 legit
652 2631 792 2660 absolutos
812 2634 849 2668 (R,
871 2633 920 2668 T.)-

1077 397 1168 420 secus
1194 398 1289 430 super
1314 389 1364 421 liis
1389 400 1406 421 a
1430 400 1602 433 quoquam,
1621 392 1731 433 quavis
1758 403 1813 425 au-

1078 440 1236 481 ctoritate,
1254 442 1395 475 scienter
1410 443 1459 475 vel
1484 442 1684 485 ignoranter,
1710 446 1812 478 conti-

1078 494 1162 536 gerit
1175 495 1338 528 attentari.
1354 495 1425 528 Non
1440 496 1646 529 obstantibus
1661 497 1813 530 constitu-

1079 547 1218 580 tionibus
1244 552 1275 580 et
1307 548 1568 582 ordinationibus
1600 549 1810 592 apostolicis,

1078 601 1257 644 ceterisque
1282 602 1452 635 contrariis
1478 603 1749 647 quibuscumque.

1122 654 1136 695 ξ
1171 653 1203 686 4.
1231 653 1387 687 Volumus
1422 660 1532 688 autem
1560 661 1595 688 ut
1627 656 1813 689 earumdem
1864 669 1927 690 fides
1952 671 2007 690 iran-

1078 707 1301 749 pracseutium
1321 708 1504 741 litterarum
1522 710 1742 752 transumptis,
1756 699 1961 743 se11⁸¹¹m¹³²⁰‘²¹m'

1077 760 1245 803 exemplis,
1262 761 1358 794 etiam
1376 762 1554 805 impressis,
1567 773 1664 795 manu
1681 762 1816 796 alicuius

1077 813 1197 846 notarii
1232 814 1357 857 publici
1392 815 1604 858 subscriptis,
1643 820 1675 848 et
1709 815 1816 858 sigillo

1076 876 1234 909 personae
1259 866 1291 899 in
1318 868 1540 901 ecclesiastica
1564 869 1721 911 dignitate
1743 879 1817 902 con-

1077 920 1208 953 stitutae
1244 920 1387 962 munitis,
1413 922 1526 955 eadem
1562 933 1697 966 prorsus
1733 921 1815 956 fides

1077 974 1197 1017 ubique
1222 974 1367 1007 locorum
1393 975 1571 1015 habeatur,
1598 986 1681 1019 quae
1712 976 1815 1008 habe-

1078 1031 1167 1059 retur
1191 1027 1271 1070 ipsis
1297 1029 1526 1071 praesentibus
1544 1028 1571 1062 si
1592 1029 1701 1062 forent
1725 1029 1817 1062 exhi-

1078 1080 1163 1113 bitae
1185 1082 1234 1114 vel
1260 1086 1425 1115 ostensae.

1121 1134 1235 1166 Datum
1260 1134 1392 1175 Romae,
1415 1135 1499 1178 apud
1521 1135 1551 1168 S.
1573 1135 1701 1169 Mariam
1719 1135 1817 1169 Maio-

1079 1197 1156 1227 rem,
1187 1187 1244 1220 sub
1273 1189 1394 1221 annulo
1415 1188 1600 1229 piscatoris,
1621 1189 1672 1223 die
1696 1200 1727 1223 vl
1748 1189 1816 1223 iulii

1078 1249 1231 1279 iuncxcvi,
1252 1241 1460 1283 pontificatus
1479 1242 1580 1275 nostri
1597 1252 1682 1275 anno
1707 1253 1738 1277 v.

1115 1301 1171 1329 Dat.
1188 1301 1231 1329 die
1249 1303 1263 1329 7
1283 1301 1343 1329 iulii
1364 1302 1443 1337 1696,
1464 1303 1561 1337 pontit.
1583 1311 1653 1332 anuo
1673 1310 1698 1331 v.

1375 1445 1519 1479 CXXXV.

1080 1522 1272 1557 Conceditur
1310 1525 1515 1559 studentibus
1547 1524 1817 1571 Conyreyationis

1121 1577 1154 1610 S.
1183 1577 1288 1610 Marci
1316 1578 1508 1621 provinciae
1532 1590 1687 1613 romanae
1714 1580 1818 1614 Ordi—

1121 1631 1173 1663 nis
1198 1631 1481 1672 Praedicatorum,
1506 1637 1542 1665 ul
1566 1634 1632 1676 ipsi
1651 1634 1685 1666 in
1706 1645 1818 1667 eorum

1121 1683 1255 1726 colleyio
1280 1685 1469 1718 eoearitinari
1493 1685 1624 1720 valeant
1645 1697 1705 1731 pro
1729 1687 1818 1720 lecto-

1121 1735 1230 1769 ratw.

1256 1818 1451 1846 Innocentius
1471 1820 1551 1854 Papa
1570 1820 1621 1847 xil
1634 1842 1641 1854 ,

1219 1864 1256 1891 ad
1276 1864 1410 1891 futuram
1430 1865 1476 1892 rei
1495 1866 1680 1893 memoriam.

1120 1932 1135 1976 ἓ
1160 1933 1333 1976 ¹1.Exponi
1360 1934 1453 1967 nobis
1478 1945 1582 1979 nuper
1606 1936 2010 1993 feceruntdi-cffffiffiffiqssgffi

1078 1986 1152 2018 lecti
1165 1985 1221 2019 tilii
1236 1987 1373 2019 vicarius
1388 1989 1550 2030 generalis
1566 1994 1597 2022 et
1610 1990 1725 2022 fratres
1739 1989 1815 2023 Con·
1827 2002 1965 2021 sumamma.

1078 2039 1277 2081 gi‘cgationis
1302 2039 1332 2072 S.
1360 2040 1455 2073 Marci
1488 2041 1674 2084 provinciae
1701 2043 1816 2076 Roma-

1078 2101 1139 2124 nae
1164 2091 1293 2124 Ordinis
1311 2092 1589 2134 Praedicatorum,
1613 2095 1715 2137 quod,
1741 2106 1814 2128 cum

1078 2144 1156 2177 alias
1175 2155 1246 2184 nos,
1267 2155 1326 2187 per
1343 2146 1498 2188 quasdam
1519 2152 1648 2180 nostras
1667 2147 1698 2180 in
1718 2147 1815 2182 simili

1079 2198 1182 2231 forma
1217 2198 1326 2231 Brevis
1358 2199 1485 2233 litteras
1521 2201 1571 2234 die
1606 2211 1644 2234 xx
1673 2202 1815 2235 octobris

1078 2261 1222 2286 MDcxcnI
1239 2252 1416 2296 expeditas,
1436 2259 1510 2288 tunc
1528 2260 1559 2288 et
1582 2266 1642 2299 pro
1669 2261 1814 2300 tempore

1107 2322 1133 2348 1.
1145 2321 1235 2349 Const.
1247 2323 1290 2350 ed.
1303 2331 1433 2358 iincxcui,
1446 2324 1489 2351 die
1499 2326 1533 2352 20
1544 2325 1672 2359 octobris,
1685 2330 1761 2362 pont.
1774 2334 1814 2361 ιιι,

1078 2373 1237 2393 concessum
1264 2367 1314 2394 fuit
1340 2369 1487 2404 praedictis
1506 2370 1682 2397 studentibus
1701 2370 1816 2399 facultas

1078 2411 1202 2438 studendi
1220 2412 1246 2438 in
1268 2413 1400 2441 coenobio
1420 2414 1447 2440 S.
1473 2414 1568 2449 Marci,
1585 2418 1611 2442 et
1625 2416 1730 2444 constit.
1748 2417 1812 2443 edit.

1078 2462 1196 2488 mcxcv,
1217 2456 1261 2483 die
1283 2457 1315 2483 14
1334 2457 1412 2491 iunii,
1432 2458 1576 2492 pontif.1V,
1597 2463 1687 2486 erecta
1706 2459 1756 2486 fuit
1770 2460 1813 2487 di-

1077 2504 1120 2526 cta
1139 2501 1327 2536 Congregatio.
1348 2503 1488 2530 Benedicti
1507 2511 1570 2530 vero
1590 2504 1647 2530 XllI
1667 2509 1750 2532 const.
1768 2505 1812 2533 ed.

1077 2551 1203 2578 mocxxvi,
1223 2545 1266 2572 die
1286 2546 1303 2572 8
1321 2546 1463 2581 februarii,
1484 2548 1578 2582 pontif.
1594 2554 1622 2583 11,
1639 2552 1679 2575 est
1693 2549 1725 2575 de
1736 2557 1813 2576 rece-

1078 2588 1168 2624 ptione
1187 2589 1379 2624 religiosorum
1399 2593 1618 2629 (¹,oiig1·egati01iis
1641 2592 1667 2621 S.
1686 2592 1768 2621 Marci
1786 2597 1813 2622 et

1078 2633 1106 2662 S.
1127 2634 1219 2663 Iacobi
1238 2635 1421 2664 Venetiarum.
