2254 3225
252 187 297 211 An.
315 184 341 210 C.
365 184 432 211 1692
477 175 541 207 410

446 231 531 265 idem
557 231 729 275 collegium
751 229 930 265 nobiliores
955 229 1081 264 illarum
1106 241 1180 273 par-

443 285 523 317 tium
544 285 675 318 iuvenes
696 284 878 318 studiorum
896 285 995 317 causa
1011 294 1044 317 se
1070 283 1178 317 confe-

444 342 537 378 rant,
563 338 747 381 degantque
767 337 800 370 in
822 347 860 371 eo
885 342 1012 370 centurn
1038 337 1178 380 plerum-

444 401 506 435 que
533 391 736 433 collegiales,
763 390 838 433 qui,
864 395 994 433 praeter
1016 390 1177 422 bonarum

442 444 623 478 litterarum
643 443 758 482 studia,
773 443 889 486 quibus
906 443 1025 476 ibidem
1045 453 1175 486 operam

443 502 571 536 navant,
589 496 770 529 cathedrali
795 495 951 529 ecclesiae
977 495 1096 528 Cusean
1122 495 1176 528 dc-

444 549 519 583 bitis
538 549 734 592 temporibus
751 548 938 588 inserviunt,
956 558 1086 581 necnon
1100 548 1176 581 inde

442 602 502 634 viri
521 602 619 634 sacris
638 601 856 641 missionibus,
875 611 969 633 curae
988 601 1177 641 animarum,

443 664 479 687 ac
498 654 628 687 servitio
646 653 808 686 Ecclesiae
826 654 919 686 valde
936 654 1031 687 utiles
1058 658 1090 686 et
1116 654 1178 685 fru-

443 707 546 740 ctuosi
569 706 770 750 prodierint;
793 706 824 739 id
841 717 918 740 vero
943 717 1043 739 unum
1070 706 1175 739 eidem

442 759 583 802 collegio
609 760 721 792 deesse
746 759 900 800 videatur,
921 760 1005 802 quod
1027 759 1096 791 eius
1114 760 1178 792 col-

442 812 577 855 legiales
603 812 792 855 supradicti,
820 823 875 845 seu
902 812 955 845 alii
979 812 1064 845 illius
1089 812 1177 844 scho—

442 866 538 905 lares,
564 864 718 897 studiosis
744 865 809 897 suis
835 865 1002 898 laboribus
1023 864 1176 907 peractis,

442 918 599 960 graduum
632 917 864 950 litterariorum
890 918 1069 960 praemium
1099 928 1175 950 con-

442 970 535 1012 sequi
552 974 732 1012 nequeunt,
753 980 791 1002 co
809 969 883 1013 quia
900 969 1093 1002 universitas
1112 974 1175 1002 stu-

442 1023 485 1055 dii
508 1023 669 1065 generalis
688 1023 819 1055 Limana
845 1023 1031 1066 quingentis
1047 1022 1175 1055 circiter

441 1075 636 1108 milliaribus
655 1086 671 1107 a
690 1075 773 1107 dicta
786 1075 913 1107 civitate
928 1075 1048 1107 Cuscan
1065 1075 1172 1115 distat,

441 1138 501 1160 nec
522 1127 553 1159 in
575 1128 639 1160 alio
658 1127 798 1169 collegio
816 1127 847 1159 S.
867 1128 1022 1160 Bernardi
1040 1127 1172 1168 Cuscan,

441 1180 525 1222 quod
537 1191 554 1213 a
567 1180 693 1213 clericis
709 1180 912 1222 regularibus
923 1180 1092 1213 Societatis
1104 1181 1174 1213 Iesu

439 1233 573 1275 regitur,
596 1238 627 1265 et
652 1233 683 1265 in
708 1244 770 1276 quo
789 1233 954 1275 ceteroqui
973 1244 1105 1266 examen
1123 1244 1175 1266 eo-

440 1295 521 1324 rum,
540 1286 593 1328 qui
615 1286 751 1318 subinde
769 1286 808 1318 ad
827 1286 943 1328 gradus
962 1286 1175 1319 scholasticos

438 1347 497 1380 per
515 1340 702 1382 episcopum
722 1338 842 1371 Cusean
859 1339 1072 1381 promovendi
1090 1345 1172 1378 sunt,

440 1390 590 1431 hahetur,
605 1391 741 1424 examini
764 1391 948 1424 huiusmodi
966 1402 999 1424 se
1015 1392 1173 1424 subiicere

441 1444 556 1483 valent,
574 1450 710 1487 propter
735 1444 947 1477 differentiam
970 1445 1171 1485 scholarum,

440 1497 700 1539 quandoquidem
719 1497 907 1539 collegialcs
925 1497 1054 1539 collegii
1073 1497 1103 1530 S.
1117 1499 1173 1530 Λη-

440 1550 517 1582 tonii
543 1550 750 1590 huiusmodi,
774 1551 861 1593 quod
897 1551 976 1583 alius
1011 1550 1173 1594 antiquius

439 1603 564 1642 existit,
601 1608 632 1635 et
667 1604 890 1646 praerogativa
922 1604 1171 1646 praecedentiae

439 1666 540 1698 super
571 1656 742 1698 collegium
775 1656 805 1688 S.
836 1657 992 1689 Bernardi
1025 1657 1171 1699 supradi-

439 1714 523 1740 ctum
558 1709 692 1749 fruitur,
726 1720 743 1742 a
773 1710 937 1752 primaeva
970 1709 1170 1742 institutione

438 1761 469 1793 in
497 1772 607 1794 eorum
629 1762 732 1805 primo
751 1762 899 1804 ingressu
918 1763 955 1794 ad
974 1763 1170 1805 sequendam

438 1813 618 1846 doctrinam
650 1813 681 1845 S.
708 1814 850 1846 Thomae
877 1814 1044 1857 Aquinatis
1080 1814 1170 1847 iura—

438 1873 546 1899 mento
561 1878 593 1899 se
611 1867 825 1909 adstringunt,
840 1867 1167 1910 illiqueineumhunt:

437 1920 505 1962 ipse
523 1920 656 1952 Carolus
675 1930 729 1952 rex
752 1920 927 1962 plurimum
945 1921 1032 1964 eupit
1047 1922 1168 1954 eisdem

438 1972 673 2016 collegi-alihus,
695 1983 750 2005 seu
777 1973 848 2005 aliis
874 1973 1080 2007 scl‘iolaribus
1103 1976 1170 2008 col-

438 2026 513 2069 legii
540 2026 570 2058 S.
600 2025 730 2058 Antonii
762 2026 947 2059 huiusmodi
974 2038 990 2059 a
1017 2027 1109 2060 nobis
1127 2028 1170 2060 in-

439 2075 578 2122 dulgeri,
597 2085 640 2117 ut,
668 2079 823 2111 absolutis
845 2079 971 2119 studiis,
991 2085 1019 2113 et
1038 2081 1169 2123 praevio

438 2133 583 2166 examine
623 2142 681 2174 per
719 2132 957 2165 cathedraticos
993 2140 1168 2167 conventus

437 2186 467 2218 S.
506 2185 662 2218 Domiuiei
707 2185 811 2217 dictae
853 2185 989 2218 civitatis
1023 2186 1167 2219 Cuscuan

438 2238 566 2272 Ordinis
593 2238 724 2269 fratrum
749 2238 1024 2277 Praedicatorum,
1046 2243 1168 2272 attenta

438 2292 603 2325 doctrinae
629 2290 856 2330 consensione,
876 2291 1034 2331 fuvieudo,
1059 2293 1169 2325 bacca>

436 2346 612 2383 laureatus,
649 2343 890 2382 licentiaturae‚
928 2344 1105 2385 magisterii
1138 2351 1167 2378 et

437 2399 622 2431 doctoratus
641 2397 671 2428 in
688 2396 899 2440 philosophia
918 2403 948 2428 et.
966 2399 1053 2429 saera
1076 2399 1166 2430 theo-

436 2452 521 2493 logia
557 2450 673 2492 gradus
705 2460 721 2481 a
747 2460 806 2492 pro
837 2455 979 2492 tempore
1011 2451 1166 2483 existente

437 2505 590 2547 episeopo
609 2503 834 2542 Cas-manensi,
851 2502 1006 2536 ecclcsiae
1020 2514 1096 2536 vero
1114 2503 1166 2536 Cu-

435 2556 623 2590 seuauensis
643 2556 718 2590 sede
735 2556 911 2600 episcopali
932 2562 1072 2598 vacante,
1085 2567 1100 2589 a
1116 2568 1166 2590 ca-

1195 568 1200 619 l

1196 650 1198 671 t

1020 182 1197 206 mittamini
1223 181 1376 205 ROMANL'M

1219 229 1322 272 pitulo
1348 229 1435 263 illius
1462 229 1618 263 ecclesiae
1653 229 1684 262 in
1717 233 1877 263 conventu
1901 240 1952 263 su-

1218 282 1365 325 pradicto
1391 283 1555 326 suscipere
1582 283 1722 315 valeant.
1749 281 1848 316 Nobis
1876 293 1952 326 pro-

1220 339 1331 377 pterea
1366 335 1534 368 memorati
1565 334 1670 369 Caroli
1707 335 1793 378 regis
1819 335 1950 369 nornine

1220 387 1386 420 humiliter
1411 388 1629 431 supplicatum
1663 388 1722 420 fuit
1746 388 1832 420 utin
1858 398 1951 431 prae-

1218 439 1324 472 missis
1345 446 1531 483 opportune
1549 440 1723 483 providere
1752 445 1784 473 et
1808 444 1842 472 ut
1867 440 1952 474 infra

1217 492 1387 534 indulgere
1414 493 1453 525 de
1479 492 1681 535 benignitate
1707 492 1885 537 apostolica
1905 493 1947 527 di-

1217 555 1402 588 gnaremur.

1260 598 1275 640 ἓ
1300 597 1330 630 02.
1357 597 1422 631 Nos
1449 597 1559 640 igitur,
1581 598 1645 641 piis
1675 598 1819 631 eiusdem
1844 598 1948 633 Caroli

1217 650 1302 692 regis
1322 650 1404 683 votis
1421 651 1481 684 liae
1502 651 1534 683 in
1562 661 1607 689 re,
1628 656 1783 694 quantum
1801 662 1870 685 cum
1888 652 1950 685 Do—

1217 702 1304 735 mino
1330 713 1500 746 possumus
1520 730 1526 743 ‚
1561 703 1783 736 favorabiliter
1806 715 1950 738 annuere

1217 757 1375 795 volentes,
1393 756 1583 789 huiusmodi
1602 757 1952 800 supplicationibusin-

1217 809 1337 849 clinati,
1353 809 1392 842 de
1417 808 1653 842 venerabilium
1672 810 1807 842 fratrum
1825 815 1952 843 nostro-

1217 871 1286 894 rum
1324 860 1354 894 S.
1373 861 1409 894 R.
1432 861 1468 894 E.
1500 861 1714 895 cardinalium
1748 863 1891 905 negotiis
1920 869 1951 896 et

1217 914 1511 947 consultationibus
1537 915 1767 958 episcoporum
1800 921 1831 948 et
1856 926 1950 958 regu-

1217 968 1330 1000 larium
1347 968 1611 1011 praepositorum
1628 968 1776 1009 consilio,
1793 968 1949 1012 episcopo

1216 1020 1442 1061 Cuscuanensi,
1463 1020 1528 1053 sive
1554 1020 1624 1053 cius
1656 1021 1775 1054 vicario
1802 1022 1833 1053 in
1859 1021 1951 1065 spiri-

1217 1073 1356 1106 tualibus
1382 1073 1537 1116 generuli,
1572 1084 1643 1106 cum
1669 1083 1745 1107 vero
1777 1074 1948 1107 ecclesiam

1215 1125 1473 1159 Cuscuanensem
1495 1136 1609 1159 vacare
1627 1126 1812 1168 eontigerit,
1829 1126 1949 1160 vicario

1215 1179 1386 1222 capitulari
1401 1179 1557 1212 ccclesiae
1568 1179 1762 1219 huiusmodi,
1773 1179 1859 1212 illius
1874 1179 1949 1212 sede

1215 1233 1392 1276 episcopali
1411 1232 1704 1274 vacante,legiti1ne
1722 1232 1885 1275 deputato,
1905 1243 1950 1265 re·

1215 1285 1355 1328 spective
1370 1295 1428 1329 pro
1441 1290 1589 1328 tempore
1608 1285 1831 1325 existentibus,
1846 1286 1949 1319 donec

1215 1343 1243 1369 et
1263 1347 1431 1381 quousque
1452 1338 1580 1381 publica
1599 1338 1793 1370 universitas
1811 1339 1842 1370 in
1865 1338 1948 1371 dieta

1214 1391 1340 1424 civitate
1370 1391 1586 1423 Cuseuanensi
1624 1391 1784 1433 erigatur,
1812 1391 1884 1424 illos
1910 1403 1946 1424 ex

1214 1444 1435 1486 collegialibus
1456 1454 1512 1477 seu
1538 1443 1609 1476 aliis
1629 1444 1832 1477 scholaribus
1853 1445 1948 1477 colle-

1215 1497 1257 1538 gii
1288 1497 1318 1529 S.
1349 1497 1482 1529 Antonii
1512 1497 1704 1539 supradicti,
1731 1497 1797 1540 qui,
1815 1503 1946 1540 peracto

1215 1551 1394 1583 studiorum
1416 1550 1583 1589 curriculo,
1614 1561 1649 1582 ac
1676 1550 1807 1593 praevio
1830 1551 1948 1583 exami-

1214 1614 1253 1636 ne
1280 1614 1345 1636 non
1372 1603 1466 1636 modo
1489 1603 1528 1635 ab
1553 1603 1655 1646 ipsius
1680 1603 1809 1645 collegii
1834 1604 1865 1636 S.
1886 1604 1946 1635 An-

1215 1657 1308 1696 tonii,
1346 1658 1400 1689 sed
1439 1657 1534 1689 ctiam
1567 1656 1732 1689 memorati
1769 1661 1946 1689 conventus

1212 1710 1240 1742 S.
1266 1709 1423 1742 Dominiei
1449 1708 1677 1741 cathedraticis
1712 1709 1870 1749 faciendo,
1890 1709 1946 1741 ha-

1213 1762 1294 1794 biles
1319 1767 1350 1795 et
1374 1761 1481 1795 idonei
1513 1761 1636 1805 reperti
1668 1762 1801 1802 fuerint,
1826 1762 1946 1794 bacea-

1213 1818 1397 1855 laureatus,
1434 1815 1657 1849 licentiaturae
1683 1826 1718 1847 ac
1757 1815 1945 1849 doctoratus

1212 1875 1242 1902 et
1266 1868 1441 1911 magisterii
1476 1868 1509 1901 in
1543 1867 1758 1912 philosophia
1790 1874 1822 1901 et
1853 1871 1945 1902 sacra

1212 1922 1376 1964 theologia
1397 1921 1583 1954 huiusmodi
1609 1921 1737 1964 gradus,
1764 1923 1887 1954 servata
1904 1927 1946 1955 ta-

1211 1984 1283 2007 men
1310 1975 1341 2006 iu
1375 1974 1523 2006 omnibus
1558 1979 1586 2005 et
1613 1984 1672 2017 per
1704 1974 1811 2006 onmia
1843 1974 1944 2007 forma

1211 2027 1415 2059 dect-etcrum
1427 2026 1620 2058 Viennensis
1635 2031 1664 2058 (fl
1675 2025 1944 2060 TridentimCon-

1210 2080 1367 2118 ciliorum,
1388 2079 1504 2121 quibus
1525 2079 1555 2110 iu
1579 2078 1686 2121 aliquo
1703 2079 1857 2121 derogare
1877 2089 1941 2112 non

1211 2133 1416 2171 intendimus,
1431 2131 1619 2164 auctoritate
1638 2133 1746 2163 nostra
1763 2132 1942 2174 apostoliea

1210 2185 1301 2217 ccnfe
1309 2184 1396 2217 rendi
1413 2184 1603 2223 facultatem,
1615 2183 1726 2215 eadem
1740 2183 1940 2224 auctoritate,

1212 2243 1322 2270 tenore
1351 2236 1579 2279 praesentium,
1601 2235 1806 2268 concedimus
1832 2241 1863 2268 et
1887 2236 1941 2269 im-

1212 2291 1387 2333 partimur,
1406 2291 1509 2322 locum
1534 2300 1623 2327 vero,
1643 2289 1674 2320 in
1701 2299 1765 2332 quo
1784 2290 1941 2332 graduum

1212 2343 1396 2376 huiusmodi
1407 2342 1535 2375 collatio
1549 2342 1694 2373 facienda
1709 2342 1779 2381 crit,
1796 2341 1940 2385 episcopi

1210 2402 1237 2429 et
1265 2397 1373 2429 vivarii
1405 2395 1592 2439 capitularis
1609 2395 1829 2438 praefatorum
1856 2396 1942 2428 arbi-

1211 2450 1271 2481 trio
1298 2450 1473 2493 respective
1493 2448 1702 2481 remittimus:
1723 2449 1807 2480 salva
1833 2453 1939 2481 tamen

1209 2514 1337 2546 semper
1368 2503 1398 2534 in
1432 2501 1616 2545 praemissis
1641 2501 1834 2534 auctoritate
1860 2501 1938 2533 Con-

1209 2556 1405 2600 gregationis
1429 2560 1679 2588 memeratorutn
1712 2554 1938 2589 cardinalium.

1958 179 2009 206 An.
2030 178 2059 205 Γ..
2078 180 2144 206 tos:

2030 608 2142 630 Permiszio

1960 635 2078 662 praedicta.
