2227 3225
104 245 156 272 An.
173 244 201 271 C.
227 243 292 272 ¹599

148 1206 161 1225 Γ,
172 1206 282 1227 ιι.ΓιΓιη.”ιῐιο

98 1234 158 1254 ΓιἸ.ΛΙΙ
176 1234 265 1255 *luct'e'h

122 2488 239 2508 Clausulam

887 243 1097 268 lNNOCENTIUS
1123 244 1168 267 ΧΠ
1192 244 1240 267 Pr.

295 293 328 325 5⁰
349 305 355 325 ;
393 293 440 325 An
473 297 584 335 patres
623 292 740 325 Ianuae
778 292 906 335 possint
938 292 1034 325 etiam
1083 303 1119 324 ac
1136 293 1212 331 illis,
1234 293 1272 325 ad
1299 303 1380 335 quos
1401 298 1526 335 spectat.
1543 298 1573 326 et
1598 304 1656 336 pro
1678 298 1823 338 tempore

296 345 358 379 dici
378 351 485 388 patres
500 351 532 377 et
553 344 608 377 tilii
631 351 809 377 conventus
828 345 961 383 Albarii,
980 356 1036 377 seu
1084 346 1255 388 spectabit,
1291 346 1481 388 plenissime
1512 346 1704 389 sutl'ragari,
1731 354 1761 380 et
1786 349 1826 381 ab

294 398 404 441 potius
430 398 520 430 liceat
548 398 697 431 ministro
716 398 907 440 provinciali
927 399 1038 430 decer-

294 462 371 484 nere
396 456 429 483 ut
455 451 488 483 in
515 451 599 483 dicto
625 457 784 484 conventu
811 456 919 494 patres
945 457 975 483 et
1008 450 1038 482 ti-

295 504 328 536 lii
356 505 595 537 constituantur
614 504 700 538 iuxta
718 504 969 537 constitutiones
984 503 1038 536 Or-

295 557 396 590 dinis:
414 557 510 590 Sacra
529 558 745 600 Congrcgatio
765 558 1038 590 eminentissimo-

293 621 364 643 rum
392 616 423 643 ct
442 611 790 644 reveretulissimorum
809 611 840 643 S.
862 611 898 643 R.
919 611 953 643 E.
970 622 1038 643 car-

293 664 450 697 dinalium
477 665 616 706 negotiis
642 671 673 697 ct
691 665 983 697 consultationibus
1006 675 1037 697 e-

291 718 503 761 piscoporum
537 725 567 751 ct
593 719 791 757 regularium
831 718 1035 761 praeposita,

290 771 440 814 partibus
466 771 544 814 ipsIs
570 772 842 811 intromantibus,
870 772 1036 803 referente

292 824 551 857 eminentissimo
577 825 759 864 Pctrnccio,
781 824 957 856 censuitac
983 825 1037 856 de-

291 877 425 910 claravit
449 878 653 920 praedictum
690 883 884 910 conventum
911 877 1035 910 Albarii

291 941 362 963 esse
389 932 420 963 in
446 937 529 963 statu
556 938 735 964 conventus
763 931 905 964 formalis
931 936 961 963 et
982 930 1033 962 in-

291 984 523 1027 depeiidentis3
547 990 577 1017 et
603 985 634 1017 in
659 985 793 1028 reliquis
818 985 939 1017 servari
958 994 1035 1017 con-

292 1037 474 1071 stitutiones
496 1038 651 1072 Urbanas.
671 1039 803 1077 Romae,
828 1049 904 1072 xxm
930 1038 1036 1070 ianua-

291 1091 329 1123 rii
356 1101 508 1125 nocxfflx.
528 1111 571 1115 ——
589 1092 623 1125 G.
645 1093 818 1125 cardinalis
843 1092 1033 1125 CAEPINEUS.

292 1163 337 1168 —
360 1145 395 1178 Χῖ.
425 1146 702 1189 Areliiepiscopus
728 1147 943 1179 Athenarum.

338 1199 353 1242 ἓ
378 1198 408 1231 02.
427 1199 503 1232 Cum
523 1206 638 1239 autem,
656 1200 738 1232 sicut
759 1211 818 1243 pro
838 1206 930 1243 parte
953 1200 1036 1232 cius-

294 1251 367 1285 dem
386 1252 524 1285 ministri
550 1253 759 1296 provincialis
781 1253 875 1286 nobis
896 1253 1034 1286 subinde

293 1307 476 1349 expositum
491 1307 559 1345 suit,
576 1307 643 1350 ipsc
655 1308 821 1340 decretum
838 1307 1033 1347 huiusmodi,

293 1371 358 1404 quo
385 1360 506 1392 firmius
540 1360 693 1392 subsistat
724 1366 755 1393 et
787 1366 936 1393 servetur
961 1372 1035 1393 exa-

293 1413 387 1451 ctius,
406 1414 606 1457 apostolicae
623 1414 882 1446 confirmationis
905 1420 1033 1447 nostrae

291 1467 473 1510 patrocinio
510 1467 703 1500 communiri
736 1468 913 1511 plurimum
948 1468 1035 1501 desi-

293 1520 404 1553 deret:
428 1531 499 1560 nos,
516 1520 691 1563 specialem
710 1520 770 1564 ipsi
789 1520 940 1554 ministro
961 1531 1034 1564 pro-

290 1573 420 1606 vinciali
443 1573 576 1616 gratiam
595 1573 700 1606 facere
718 1575 874 1613 volentes,
891 1584 1032 1616 eumque

291 1638 309 1660 a
329 1627 495 1671 quibusvis
521 1627 880 1668 excommunicationis,
902 1639 1034 1671 suspen-

290 1680 394 1714 sionis
412 1686 443 1714 et
456 1681 631 1721 interdicti,
647 1681 785 1724 aliisque
804 1681 1033 1715 ecclesiasticis

291 1734 472 1774 sententiis,
493 1735 641 1768 censuris
662 1740 691 1767 et
715 1735 842 1778 poenis,
862 1746 878 1768 a
896 1735 965 1768 iure
984 1736 1033 1768 vel

290 1788 329 1820 ab
356 1788 501 1827 homine,
516 1788 625 1831 quavis
663 1788 834 1821 occasione
860 1789 908 1821 vel
940 1792 1035 1823 causa

289 1840 373 1880 latis,
399 1841 423 1873 si
450 1841 565 1885 quibus
591 1842 1033 1884 quomodolibetinnodatus

291 1895 413 1935 existit,
441 1896 479 1928 ad
511 1895 660 1929 effectum
685 1896 908 1939 praesentium
943 1897 1034 1930 dum-

290 1953 378 1981 taxat
398 1950 687 1992 consequendum,
716 1950 831 1982 haruin
858 1950 945 1983 serie
982 1952 1033 1984 ab·

290 2002 455 2035 solventes
481 2008 514 2036 et
538 2003 720 2036 absolutum
754 2003 822 2036 sore
847 2009 1030 2045 censentes,

290 2056 587 2099 supplicationibus
613 2057 681 2090 eius
706 2056 838 2090 nomine
866 2057 961 2090 nobis
981 2069 1032 2090 su-

288 2120 349 2153 per
381 2110 445 2143 hoc
469 2109 639 2143 humiliter
671 2110 831 2153 porrectis
859 2111 1028 2151 inclinati,

290 2163 456 2196 decretum
474 2164 725 2207 praeinsertum,
741 2164 933 2197 auctoritate
955 2175 1032 2208 apo-

289 2216 410 2256 stolica,
429 2222 543 2250 tenore
563 2217 797 2260 praesentium,
812 2218 1031 2261 approbamus

288 2274 320 2303 et
346 2270 588 2310 confirmamus,
608 2270 722 2314 illique
741 2271 937 2304 inviolabilis
955 2282 1032 2315 apo-

288 2324 422 2357 stolicae
436 2323 595 2357 firmitatis
610 2324 711 2357 robur
729 2324 922 2365 adiicimus3
942 2326 1030 2358 salva

289 2380 398 2410 tamen
423 2388 553 2420 semper
574 2377 604 2410 in
627 2378 815 2421 praemissis
841 2378 1028 2411 auctoritate

288 2436 484 2464 memoratae
502 2429 772 2474 Congregationis
798 2432 1025 2466 cardinalium.

333 2483 348 2526 ἓ
372 2483 404 2517 3.
424 2484 654 2526 Decernentes,
681 2485 814 2518 easdem
839 2491 1029 2528 praesentes

289 2536 414 2569 litteras
439 2548 567 2581 semper
592 2539 711 2579 tirmas,
735 2539 856 2571 validas
875 2545 907 2572 et
925 2540 1030 2572 effica-

290 2600 344 2622 ces
370 2589 509 2624 existere
536 2597 567 2625 et
592 2592 670 2632 sore,
696 2603 838 2635 suosque
863 2593 1029 2635 plenarios

1084 398 1147 430 illis
1173 398 1352 441 respective
1375 399 1608 432 inviolabiliter
1633 400 1799 433 observari
1818 428 1825 441 ,

1083 452 1195 494 sicque
1229 452 1261 484 in
1287 452 1476 495 praemissis
1510 463 1570 496 per
1604 464 1826 497 quoscumque

1083 505 1207 537 iudices
1233 505 1419 539 ordinarios
1454 512 1484 539 ct
1510 507 1698 548 delegatos,
1730 507 1826 539 ctiam

1083 569 1252 592 causarum
1278 560 1390 602 palatii
1427 559 1599 603 apostolici
1636 560 1827 599 auditores,

1084 611 1218 644 iudicari
1246 618 1276 645 et
1302 613 1429 645 deliniri
1449 613 1581 652 debere,
1599 624 1634 645 ac
1653 613 1777 645 irritum
1797 619 1828 645 et

1085 665 1192 705 inane,
1219 666 1245 698 si
1271 676 1364 697 secus
1389 677 1488 709 super
1514 666 1565 699 liis
1592 677 1608 699 a
1635 677 1800 710 quoquam
1817 693 1824 706 ,

1084 719 1194 761 quavis
1227 719 1443 758 aiu-toritate,
1474 719 1613 751 scienter
1653 720 1702 751 vel
1735 719 1827 762 igno-

1084 778 1210 811 ranter,
1238 773 1412 814 contigerit
1433 773 1595 805 attentari.

1126 826 1140 868 ἓ
1164 825 1196 858 4.
1224 825 1293 858 Non
1310 826 1514 858 obstantibus
1535 826 1823 859 constitutionibus

1083 885 1114 911 et
1135 879 1401 912 ordinationibus
1429 880 1629 923 apostolicis,
1653 891 1697 918 ac,
1717 886 1826 923 quate-

1082 943 1141 964 nns
1157 943 1238 975 opus
1260 932 1310 971 sit,
1331 932 1470 972 Ordinis,
1492 933 1678 976 provinciae
1701 939 1731 966 et
1751 944 1826 966 con-

1082 990 1234 1018 ventuum
1251 985 1502 1028 praedictorum,
1516 986 1611 1018 etiam
1627 985 1822 1025 iuramento,

1082 1038 1330 1072 confirmatione
1356 1040 1546 1082 apostolica,
1570 1040 1618 1072 vel
1645 1040 1757 1082 quavis
1775 1041 1825 1072 tir-

1081 1093 1191 1124 mitate
1224 1091 1287 1124 alia
1312 1092 1497 1131 roboratis,
1526 1093 1655 1125 statutis
1686 1098 1717 1125 et
1748 1103 1824 1125 con-

1080 1145 1309 1178 suetudinibus
1327 1172 1333 1185 ‚
1353 1145 1533 1189 privilegiis
1553 1156 1697 1189 quoque,
1722 1146 1826 1179 indul-

1082 1199 1120 1231 tis
1154 1205 1185 1232 et
1210 1199 1328 1232 litteris
1354 1200 1545 1242 apostolicis
1566 1200 1598 1232 in
1626 1201 1823 1233 contrarium

1080 1253 1335 1295 praemissorum
1361 1253 1613 1296 quomodolibet
1637 1254 1824 1293 concessis,

1080 1306 1281 1339 confirmatis
1308 1312 1338 1339 et
1370 1306 1550 1347 innovatis,
1578 1307 1696 1350 quibus
1721 1307 1825 1341 omni-

1079 1358 1139 1391 bus
1155 1365 1187 1392 et
1201 1359 1351 1402 singulis,
1374 1360 1504 1393 illorum
1524 1366 1654 1393 tenores
1671 1371 1825 1404 praesen-

1080 1412 1164 1445 tibus
1190 1423 1248 1455 pro
1275 1414 1370 1455 plene
1389 1419 1420 1445 et
1437 1413 1638 1446 sufficienter
1663 1414 1824 1457 expressis

1078 1476 1114 1498 ac
1145 1466 1184 1498 ad
1216 1466 1350 1498 verbum
1375 1465 1507 1499 insertis
1542 1466 1724 1506 babentes,
1756 1467 1823 1500 illis

1079 1519 1158 1551 alias
1173 1519 1205 1550 in
1219 1529 1275 1552 suo
1290 1519 1408 1552 robore
1424 1519 1658 1562 permansuris,
1674 1520 1712 1552 ad
1731 1531 1824 1563 prae-

1077 1572 1250 1605 missorum
1276 1572 1437 1612 effectum,
1465 1573 1527 1605 hac
1551 1573 1620 1605 vice
1646 1573 1820 1613 dumtaxat,

1078 1625 1265 1669 specialiter
1281 1631 1314 1659 et
1330 1636 1483 1669 expresse
1507 1627 1723 1670 derogamus3
1743 1633 1824 1660 cete-

1078 1679 1189 1723 risque
1216 1680 1390 1713 contrariis
1414 1680 1687 1724 quibuscumque.

1120 1733 1235 1766 Datum
1265 1733 1400 1773 Romae,
1431 1734 1517 1777 apud
1541 1733 1572 1766 S.
1593 1733 1735 1772 Petrum,
1761 1735 1821 1767 sub

1078 1789 1199 1821 annulo
1243 1787 1421 1820 piscatoris
1442 1814 1448 1827 ,
1485 1788 1537 1820 die
1577 1798 1622 1821 vu
1664 1788 1821 1821 februarii

1077 1850 1228 1879 uncxmx,
1249 1840 1458 1883 pontificatus
1480 1841 1584 1874 nostri
1607 1852 1693 1875 anno
1719 1851 1790 1875 v111.

1113 1902 1172 1929 Dat.
1195 1903 1240 1930 die
1260 1903 1275 1930 7
1295 1903 1425 1930 februarii
1449 1903 1525 1937 1699,
1547 1903 1647 1940 pontif.
1668 1912 1739 1931 anno
1759 1909 1817 1930 vm.

1363 2152 1530 2188 CLXXVII.

1075 2271 1264 2305 Danmatur
1296 2277 1324 2306 et
1351 2273 1546 2317 prohibetur
1571 2273 1674 2315 liber,
1701 2274 1755 2308 cui
1780 2275 1819 2307 ti-

1121 2326 1208 2359 tulus
1243 2326 1448 2370 Explication
1486 2328 1543 2361 des
1569 2328 1724 2362 maximes
1759 2329 1816 2362 des

1118 2379 1235 2421 Saints,
1264 2385 1320 2413 etc.
1343 2381 1488 2415 Parisiis
1508 2380 1700 2416 nncxcv11¹.

1108 2478 1121 2504 1
1140 2478 1179 2505 Ab
1197 2478 1352 2506 innocentio
1364 2478 1396 2506 Xl
1409 2479 1528 2507 damnati
1544 2479 1620 2506 fuere
1633 2478 1695 2506 libri
1709 2482 1737 2506 et
1749 2479 1817 2506 scri-

1074 2526 1117 2558 pta
1133 2522 1165 2549 de
1181 2522 1294 2550 Molinos
1314 2528 1399 2550 const.
1421 2524 1485 2551 edit.
1507 2530 1679 2556 moccxxxvn,
1694 2523 1739 2550 die
1762 2524 1792 2551 21
1808 2532 1814 2556 ;

1073 2571 1100 2594 et
1119 2575 1134 2594 a
1154 2568 1296 2595 Clemente
1316 2567 1349 2595 Xl
1368 2569 1476 2596 constit.
1499 2568 1564 2595 edit.
1585 2575 1696 2601 Meceni,
1718 2568 1762 2595 die
1786 2571 1815 2595 10

1073 2612 1213 2646 februarii,
1235 2612 1327 2648 pontif.
1350 2619 1390 2647 iu,
1411 2614 1576 2640 damnantur
1595 2612 1728 2648 quaedam
1748 2612 1813 2640 solia

289 2648 320 2677 et
345 2643 491 2686 integros
511 2644 643 2679 effectus
664 2646 772 2680 sortiri
802 2652 833 2679 et
862 2647 1026 2689 obtinere,
1071 2656 1177 2692 gallica.

1722 235 1786 269 869
1832 246 1881 273 An.
1899 246 1926 273 c.
1951 246 2017 274 1699

1904 840 2018 865 Dei-«mitio

1834 869 1997 892 contrariarum.
