2254 3225
189 244 238 266 An.
257 240 284 265 C.
311 238 374 265 1690

220 1196 248 1216 tn·
264 1196 283 1215 lo
299 1201 310 1215 o
323 1195 375 1215 cols·-

193 1223 295 1243 ludtwnts
318 1222 373 1247 capi·

194 1251 290 1269 tutorum.

420 230 437 259 ‹⁰-
450 232 457 260 '1
964 233 1040 255 iai-rr
1050 231 1137 253 11111111

382 288 459 320 tioni
487 288 618 320 totalem
644 284 738 318 liuius
771 283 816 317 rei
850 281 1113 316 terminationem

380 341 544 375 remittere
570 339 782 377 intendimus,
816 340 914 380 prout
949 330 1112 377 praesenti

382 394 512 426 decreto
551 391 755 425 remittimus.
793 389 967 422 llorttunur
1008 391 1112 416 tamen

382 453 414 479 rt
455 447 486 479 in
526 445 663 479 Domino
700 444 911 476 admonemus
944 447 1057 471 omnes
1083 440 1114 467 et

383 499 529 542 singulos
574 498 710 536 vocales,
755 495 793 528 ad
835 503 915 536 quos
953 486 1114 533 spectabit

382 553 468 584 <licto
494 551 635 595 capitulo
661 550 827 586 interesse,
852 550 896 585 ut,
922 544 1005 576 circa
1031 542 1113 574 hanc

383 604 641 648 designationem
677 601 737 634 loci
775 611 829 633 seu
866 601 1040 630 conventus
1083 597 1115 625 et

384 657 568 700 hospitalis,
603 656 634 688 id
660 658 806 691 statuant,
833 650 917 692 quod
943 658 1002 691 pro
1027 646 1114 678 bono

384 710 472 754 pacis
509 720 544 742 ac
579 706 746 750 religionis
784 704 919 736 utilitate
950 706 981 733 et
1012 699 1115 731 incre-

384 769 493 796 mento
520 761 693 805 expediens
715 768 784 791 esse
806 753 1007 792 censuerint;
1025 757 1056 784 et
1072 751 1116 783 in-

386 816 476 849 terim
499 826 557 858 pro
577 825 615 847 co
635 819 779 854 tempore
794 806 998 842 decurrendo
1014 814 1115 847 usque

385 870 423 903 ud
450 868 591 912 primum
628 864 803 908 capitulum
840 862 981 893 futurum
1019 867 1117 900 gene-

385 922 452 954 rale
477 919 675 962 iniungimus
700 916 780 959 patri
816 912 903 946 fratri
937 910 1046 944 loanni
1077 909 1115 941 de

385 973 545 1007 tlobaleda
565 971 722 1004 moderno
741 966 895 1011 generali,
914 969 948 996 ut
967 964 1036 1007 ipse
1054 963 1118 994 una

385 1037 456 1059 oum
483 1028 548 1058 tota
579 1026 636 1056 sua
665 1021 753 1055 curia
787 1020 932 1052 residere
968 1021 1118 1050 teneatur

385 1081 418 1112 in
443 1082 601 1111 conventu
628 1077 675 1108 vel
694 1073 846 1117 hospitali
871 1071 999 1111 Matriti,
1024 1074 1119 1113 prout

385 1133 428 1164 ibi
455 1131 598 1164 residere
624 1128 831 1160 mandamus:

430 1195 464 1217 11.
494 1197 505 1214 n
528 1183 615 1221 Item,
643 1181 729 1214 circa
754 1177 1006 1212 celebrationem
1033 1174 1119 1217 capi-

386 1237 527 1269 tulorum
552 1233 753 1277 generalium
780 1237 811 1264 ct
835 1229 1117 1267 inteianediorum,

385 1290 454 1334 pari
480 1294 591 1322 nostro
629 1291 787 1330 perpetuo
821 1284 957 1317 valituro
990 1282 1119 1315 decreto

385 1341 613 1386 praecipimus,
631 1340 662 1372 in
685 1340 826 1371 futurum
852 1335 1024 1369 servandas
1049 1344 1119 1366 csse

385 1395 631 1429 constitutiones
658 1391 787 1425 Ordinis
820 1390 853 1422 in
886 1389 983 1432 capit.
1011 1398 1063 1420 ΧΠ
1090 1392 1121 1420 et

384 1460 482 1488 xxxix,
496 1449 557 1481 hoc
582 1452 631 1480 est
655 1456 788 1489 semper
812 1449 843 1477 et
868 1444 900 1476 in
925 1447 1121 1486 perpetuum

386 1502 549 1545 praedicta
583 1500 727 1542 capitula
761 1496 959 1531 celebranda
992 1505 1061 1528 esse
1089 1494 1119 1526 in

384 1557 467 1595 loco,
485 1558 645 1586 conventu
664 1563 721 1584 seu
743 1549 896 1593 hospitali
918 1560 935 1581 a
955 1554 1047 1592 patre
1067 1559 1122 1590 ge—

386 1608 490 1641 nerali
515 1606 643 1640 Ordinis
679 1605 815 1647 eiusque
852 1601 1037 1636 definitorio
1063 1610 1122 1643 pro

385 1668 531 1704 tempore
563 1659 719 1692 existente
758 1656 980 1699 designando,
1011 1654 1121 1697 quavis

386 1716 509 1747 asserta
533 1710 768 1745 consuetudine
786 1709 818 1742 in
840 1707 1036 1741 contrarium
1056 1717 1121 1739 non

387 1767 545 1805 obstante,
560 1769 658 1808 prout
683 1763 780 1796 etiam
805 1762 838 1794 in
862 1760 1121 1803 Congregatione

388 1821 614 1863 episcoporum
640 1821 670 1851 et
694 1815 892 1860 regularium
913 1814 972 1847 sub
991 1814 1042 1846 die
1059 1824 1122 1846 xvn

387 1872 491 1906 martii
524 1881 703 1905 innchxxu(
735 1870 917 1902 resolutum
947 1866 1019 1899 suit.
1046 1867 1123 1898 Pro-

388 1926 539 1968 indeque,
556 1923 650 1956 modo
675 1921 861 1966 incipiendo
880 1932 897 1953 a
918 1920 1058 1963 capitulo
1077 1919 1124 1951 in-

388 1979 544 2012 termedio
568 1983 602 2009 ut
625 1977 706 2009 infra
731 1974 944 2013 celebrando,
969 1983 1124 2016 praesen-

388 2032 429 2064 tis
455 2030 576 2064 decreti
610 2035 742 2067 tenore,
768 2039 804 2061 ac
840 2027 956 2060 virtute
994 2032 1123 2059 sanctae

389 2083 605 2121 obedientiae,
629 2087 660 2115 et
685 2082 744 2114 sub
769 2080 883 2124 poenis
908 2079 1045 2112 inferius
1071 2089 1124 2111 ex-

389 2135 576 2179 primendis,
595 2133 795 2176 iniungimus
813 2137 845 2166 et
864 2132 1054 2164 mandamus
1080 2131 1124 2164 ei-

390 2190 462 2221 dem
487 2188 570 2231 patri
597 2186 685 2219 fratri
717 2186 829 2219 loanni
868 2185 906 2218 de
939 2184 1120 2224 Cabaleda‚

389 2248 423 2273 ut
444 2241 544 2279 (nulla
574 2239 682 2273 habita
707 2239 831 2271 ratione
856 2237 988 2270 alterins
1020 2237 1125 2269 cuius-

391 2304 527 2336 cumque
553 2292 795 2326 convocationis
822 2291 886 2324 sive
908 2302 925 2323 a
945 2301 978 2324 se
1000 2290 1067 2323 sive
1085 2290 1124 2323 ab

391 2347 472 2386 aliis,
488 2355 688 2389 quacumque
715 2344 919 2383 auctoritate,
946 2343 1125 2386 superiori-

392 2405 454 2432 tate
473 2406 504 2432 et
520 2399 746 2432 iurisdictione
761 2398 902 2438 munitis,
919 2398 1024 2431 forsan
1038 2408 1123 2429 anno

392 2453 536 2496 proxime
549 2453 659 2495 elapso
673 2452 785 2492 factae,
803 2462 882 2495 quas
892 2456 1052 2494 tamquam
1066 2460 1124 2493 pro

392 2516 456 2538 non
483 2505 574 2537 sactis
599 2505 713 2538 haberi
739 2509 769 2538 et
793 2505 913 2537 nullius
938 2503 1065 2536 roboris
1090 2513 1125 2535 ac

392 2559 548 2591 momenti
584 2569 652 2590 esse
684 2559 832 2591 volumus
869 2561 963 2600 atque
996 2557 1125 2589 manda-

393 2616 478 2654 mus)
497 2610 613 2650 statim,
633 2610 707 2643 visis
726 2610 963 2653 praesentibus,
990 2619 1023 2642 se
1050 2618 1126 2641 con-

1166 230 1191 251 51*
1210 229 1280 251 xlm}
1295 227 1315 248 'W

1156 277 1236 308 serat
1272 275 1310 307 ad
1348 277 1540 306 conventum
1577 283 1631 305 seu
1668 272 1890 316 hospitalem

1155 329 1316 361 civitatem
1355 327 1521 360 Cordubae
1538 354 1545 367 ,
1586 326 1695 369 ibique
1734 331 1891 359 convocet

1155 391 1267 413 omnes
1293 385 1325 413 et
1357 380 1503 421 singulos
1528 385 1646 422 patreS,
1671 390 1727 412 seu
1753 380 1889 419 fratres,

1155 445 1190 466 ex
1218 433 1334 476 quibus
1362 432 1583 465 definitorium
1612 432 1700 465 iuxta
1732 432 1890 465 constitu-

1156 486 1260 518 tiones
1285 485 1413 518 Ordinis
1437 484 1651 528 componitur,
1671 485 1710 518 ad
1739 485 1889 518 effectum

1154 543 1190 569 ut
1213 539 1252 571 ad
1279 543 1424 571 tenorem
1445 538 1602 571 dictarum
1627 538 1891 571 constitutionum

1155 590 1223 633 ipse
1243 596 1334 634 pater
1351 591 1511 634 generalis
1530 601 1601 623 cum
1625 602 1682 624 suo
1707 590 1891 624 definitorio

1155 654 1213 686 pro
1238 644 1459 677 celebratione
1497 644 1593 677 futuri
1626 644 1757 688 capituli
1793 643 1892 677 inter-

1157 697 1254 729 medii
1285 697 1482 730 determinet
1516 707 1572 730 seu
1607 697 1751 739 assignet
1787 697 1892 729 locum

1157 749 1247 782 illum
1286 750 1350 783 sive
1387 756 1582 783 conventum
1621 751 1670 783 vel
1711 749 1891 793 hospitale,

1158 804 1243 846 quod
1269 804 1369 846 magis
1394 804 1603 837 commodum
1621 831 1628 844 ‚
1653 803 1732 836 utile
1757 808 1813 836 aut
1837 814 1893 836 ne-

1158 855 1331 888 cessarium
1358 867 1417 899 pro
1444 858 1541 890 rebus
1567 856 1735 898 religionis
1760 855 1893 898 agendis

1158 913 1252 951 atque
1286 909 1540 942 determinandis
1571 910 1677 943 eidem
1708 908 1893 941 delinitorio

1159 960 1340 1002 videbitur;
1367 969 1528 1005 quatenus
1560 973 1645 1002 vero,
1663 963 1712 995 vel
1736 961 1893 1004 temporis

1159 1014 1317 1056 angustia,
1341 1016 1390 1047 vel
1416 1020 1523 1048 motus
1544 1015 1576 1047 in
1594 1015 1755 1057 religione
1778 1013 1892 1054 exorti,

1160 1070 1190 1099 et
1215 1067 1347 1100 dissidia
1371 1068 1410 1100 ad
1435 1077 1529 1101 aures
1552 1072 1678 1100 nostras
1702 1078 1773 1099 cnm
1799 1066 1896 1098 maxi-

1160 1118 1200 1151 mi
1227 1119 1323 1152 animi
1352 1120 1457 1153 nostri
1490 1119 1704 1152 admiratione
1730 1124 1896 1162 perventa,

1160 1183 1224 1205 non
1259 1173 1487 1216 permitterent
1527 1178 1562 1205 nt
1597 1172 1674 1204 dicti
1707 1171 1896 1204 convocatio

1162 1226 1336 1259 definitorii
1352 1226 1384 1259 in
1399 1231 1557 1260 conventu
1575 1227 1624 1259 vel
1650 1225 1805 1268 hospitali
1823 1224 1898 1257 Cor-

1162 1279 1298 1312 dubensi
1331 1285 1365 1312 ut
1399 1290 1496 1323 supra
1520 1279 1631 1322 peragi
1656 1283 1786 1322 posset,
1822 1283 1898 1309 tunc

1162 1331 1198 1363 ad
1218 1332 1291 1365 illos
1316 1343 1372 1365 seu
1387 1333 1443 1365 illa
1468 1332 1620 1371 sedanda,
1640 1336 1736 1374 prout
1756 1331 1850 1363 decet
1867 1334 1898 1362 et

1162 1394 1221 1416 nos
1248 1385 1381 1418 omnino
1420 1389 1608 1427 exoptamus
1644 1389 1740 1426 atque
1772 1382 1897 1426 praeci-

1163 1436 1350 1481 pimus,pro
1376 1437 1437 1469 hac
1464 1437 1529 1469 vice
1555 1436 1678 1469 dictum
1709 1434 1894 1479 proximum

1164 1489 1303 1522 futurum
1330 1490 1506 1532 capitulum
1544 1487 1775 1521 intermedium
1813 1488 1899 1520 cele-

1163 1543 1275 1575 bretur
1293 1543 1324 1574 in
1352 1547 1511 1575 conventu
1530 1552 1584 1574 scu
1612 1540 1765 1583 hospitali
1792 1540 1899 1573 Matri-

1164 1595 1261 1636 tensi,
1288 1602 1385 1639 prout
1410 1596 1462 1634 ibi,
1485 1606 1521 1627 ac
1546 1605 1608 1627 non
1635 1594 1722 1634 alibi,
1743 1593 1821 1626 illud
1846 1603 1898 1626 ce-

1165 1649 1285 1681 lebrari
1312 1649 1515 1681 mandamus
1542 1647 1582 1680 Ex
1611 1648 1671 1680 hac
1696 1652 1802 1679 tamen
1826 1656 1901 1689 pro-

1164 1701 1287 1735 visione
1321 1712 1385 1734 non
1423 1701 1619 1734 intendimus
1650 1699 1833 1733 auctoritati
1862 1709 1899 1732 ac

1164 1755 1318 1795 facultati,
1344 1755 1428 1787 dicto
1453 1754 1536 1798 patri
1562 1754 1707 1796 generali
1732 1758 1765 1785 et
1789 1751 1901 1785 defini-

1166 1809 1249 1842 torio
1264 1809 1472 1852 competenti,
1491 1818 1549 1840 nec
1580 1807 1612 1839 in
1634 1807 1766 1839 minimo
1792 1805 1900 1849 quoad

1167 1865 1228 1896 hoc
1253 1862 1469 1906 praeiudicari
1496 1862 1527 1894 in
1553 1866 1717 1904 posterum
1741 1870 1898 1903 unquam;

1166 1917 1222 1950 sed
1242 1928 1312 1951 eam
1330 1926 1459 1958 semper
1476 1915 1598 1947 salvam
1624 1918 1655 1946 et
1679 1913 1832 1946 intactam
1851 1922 1902 1945 re-

1167 1980 1309 2003 manere.
1336 1968 1367 2001 Si
1399 1978 1476 2000 vcro
1508 1966 1583 1999 dicti
1616 1965 1696 2006 loci,
1721 1969 1900 1998 conventus

1165 2023 1229 2056 sive
1250 2020 1423 2064 hospitalis
1442 2018 1669 2052 determinatio
1687 2018 1737 2050 vel
1754 2017 1901 2059 designa-

1167 2077 1211 2109 tio
1236 2074 1405 2109 commode
1431 2071 1499 2105 fieri
1520 2071 1633 2111 valeat,
1655 2070 1776 2113 pariter
1792 2070 1899 2102 eidem

1165 2130 1247 2174 patri
1279 2126 1423 2172 generali
1455 2123 1695 2168 praecipimuS,
1729 2128 1764 2155 ut
1798 2132 1898 2156 novas

1166 2184 1289 2217 litteras
1320 2177 1563 2214 convocatorias
1594 2186 1654 2219 pro
1679 2175 1899 2208 celebratione

1166 2236 1241 2270 dicti
1258 2233 1389 2278 capituli
1407 2230 1593 2264 intermedii
1607 2229 1706 2272 (quod
1721 2228 1779 2261 sub
1794 2228 1846 2261 die
1863 2237 1899 2261 111

1166 2289 1287 2323 mensis
1305 2287 1381 2320 maii
1407 2285 1554 2328 proxime
1580 2282 1678 2314 futuri
1705 2282 1736 2314 in
1761 2283 1834 2314 loco
1865 2286 1899 2314 ut

1166 2353 1264 2386 supra
1288 2338 1500 2381 designando,
1519 2337 1568 2368 vel
1593 2335 1625 2367 in
1650 2339 1813 2367 conventu
1831 2334 1898 2367 sive

1167 2393 1322 2439 hospitali
1369 2389 1544 2424 Matritensi
1584 2387 1711 2431 quoties
1751 2387 1899 2420 definito-

1165 2450 1247 2482 rium
1276 2449 1372 2490 prout
1399 2454 1495 2487 supra
1531 2440 1703 2475 convocari
1734 2446 1896 2483 nequeat,

1167 2502 1234 2534 fieri
1260 2497 1462 2540 mandamus)
1479 2495 1636 2538 expediat,
1656 2498 1687 2526 et
1705 2493 1764 2525 sub
1781 2493 1897 2536 poenis

1166 2554 1299 2588 arbitrio
1318 2551 1462 2584 eiusdem
1480 2547 1578 2591 patris
1603 2546 1762 2590 generalis
1787 2557 1899 2579 omnes

1167 2613 1199 2641 ct
1222 2606 1366 2648 singulos
1392 2602 1531 2642 vocales,
1550 2601 1604 2644 qui
1631 2600 1752 2632 debent
1776 2605 1807 2632 ct
1823 2610 1899 2642 pos-

1900 226 1948 251 An.
1961 225 1990 251 (Σ.
2015 226 2081 253 1090
