2227 3225
134 196 180 222 An.
203 196 232 223 C.
252 195 316 222 ¹094

156 1385 267 1406 Exonlium
291 1392 303 1406 a

120 1417 190 1432 causis
241 1413 302 1432 hum<

138 1445 282 1459 cunr-*sionis

119 1466 216 1491 pomum.

185 2230 297 2253 cunecssio

115 2258 233 2284 praedict-1.

897 193 1104 217 tNNOCENTtt's

327 242 528 285 dulgentiam
565 246 596 274 et
620 239 845 273 remissionem
880 241 1063 273 inisericor—

326 296 411 329 diter
444 295 478 327 in
502 293 641 327 Domino
673 293 893 326 concedimus.
919 293 954 326 In
987 304 1063 326 con-

327 348 458 381 trarium
477 346 669 380 facientibus
685 357 751 379 non
769 347 975 380 obstantibus
993 346 1062 390 qui-

324 402 538 444 buscumque.
565 400 806 434 Praesentibus'
822 399 994 444 perpetuis
1015 400 1062 432 t'u-

325 454 405 487 turis
431 454 631 498 temporibus
655 453 814 487 valituris.

364 507 480 548 Datum
504 508 636 549 Romae,
658 505 742 551 apud
767 507 798 540 S.
817 506 947 540 Mariam
966 506 1062 539 Maio-

321 572 409 603 rem,
436 561 496 595 sub
522 562 644 595 annulo
668 561 844 594 Piscatoris
862 588 870 602 ,
904 560 955 594 die
980 570 1060 594 xvm

321 615 447 659 augusti
472 625 625 657 Mncxelv,
644 614 865 659 pontificatus
878 611 982 648 nostri
1002 624 1060 647 an-

321 680 364 703 no
390 680 432 704 1v.

355 732 417 760 Dat.
433 732 477 760 die
494 733 524 761 18
540 732 646 768 augusti
664 731 746 769 1694,
768 730 865 767 pontif.
881 738 952 759 anno
968 737 1005 757 1v.

649 849 737 884 XCV.

320 922 514 957 Conceditur
547 921 687 966 facultas
722 920 886 954 recitandi
921 920 1058 963 officium

361 980 389 1009 ct
414 975 597 1009 celebrandi
620 975 750 1008 missam
777 975 885 1007 beatae
919 974 1060 1007 [oz-omae

361 1029 527 1073 Alphonsi
556 1028 583 1061 V
611 1028 712 1070 filiae,
740 1027 898 1060 nzonialt's
924 1026 1059 1060 Ordz'm's

360 1083 392 1116 S.
414 1082 590 1120 Domim'cz',
618 1082 654 1113 ‘in
681 1085 742 1113 tolo
766 1090 864 1123 ream
882 1080 1059 1121 I’orluslctl-

363 1135 427 1168 liae
459 1139 487 1168 et
519 1135 603 1168 dicto
630 1134 752 1168 Ordine
776 1133 814 1165 ab
843 1132 992 1165 camertibus
1017 1142 1058 1165 u—

363 1189 511 1233 triusque
534 1198 628 1221 serus
642 1186 662 1220 ¹.

491 1258 686 1286 Innocentius
706 1258 786 1291 Papa
805 1257 870 1289 XII,

433 1305 470 1332 ad
489 1307 668 1338 perpetuam
688 1303 734 1330 rei
754 1302 938 1330 memoriam.

358 1367 463 1410 Exigit
487 1366 649 1398 iniunctae
674 1365 770 1397 nobis
802 1364 957 1397 divinitus
983 1375 1054 1407 apo-

315 1421 450 1453 stolicae
486 1419 649 1452 servitutis
683 1417 779 1457 ratio,
816 1422 852 1449 ut
887 1428 1052 1451 sacrarum

315 1474 486 1516 virginum,
512 1473 544 1505 in
569 1472 666 1505 caelis
692 1482 763 1504 cum
788 1470 915 1504 Christo
941 1484 1052 1506 earum

313 1538 436 1570 sponso
461 1525 676 1569 regnantium,
703 1526 823 1558 cultum
857 1530 888 1557 et
919 1536 1054 1559 venera-

315 1581 436 1613 tionem
461 1580 494 1612 in
521 1579 615 1612 terris
641 1588 832 1621 promovere
851 1579 1050 1621 studeamus,

313 1635 397 1668 sicut
421 1634 475 1677 pia
499 1643 613 1675 regum
631 1632 890 1665 orthodoxorum
909 1635 1053 1676 praecla-

315 1688 357 1720 ris
382 1687 415 1719 in
429 1686 606 1720 Ecclesiam
621 1685 678 1718 Dei
703 1685 827 1718 meritis
849 1686 1052 1729 fulgentium,

313 1751 443 1774 necnon
468 1739 699 1782 religiosorum
723 1738 878 1782 propriae
915 1740 1052 1774 alienae-

314 1804 376 1838 que
412 1793 509 1827 saluti
548 1792 757 1825 laudabiliter
792 1792 1051 1827 incumbentium

313 1847 422 1880 studia
438 1846 613 1890 postulant,
630 1849 661 1877 ct
674 1855 744 1885 nos,
762 1845 908 1879 locorum
924 1851 955 1878 et
973 1852 1052 1880 tem-

311 1910 427 1944 porum
463 1897 675 1942 qualitatibus
713 1902 837 1930 mature
869 1900 1049 1942 perpensis,

312 1954 351 1987 ad
377 1952 611 1997 omnipotentis
637 1951 693 1984 Dei
719 1951 866 1994 gloriam,
884 1952 923 1985 ad
945 1952 1052 1986 Eccle-

311 2008 378 2040 siae
403 2007 502 2040 decus
528 2010 560 2039 et
584 2004 791 2048 praesidium,
825 2016 862 2038 ac
891 2006 930 2038 ad
955 2005 1050 2049 spiri-

311 2062 432 2094 tualem
471 2059 616 2092 fidelium
655 2057 914 2091 aedificationem
952 2064 1049 2103 atque

310 2113 572 2147 consolationem
597 2111 818 2155 conspicimus
850 2111 883 2144 in
912 2112 1048 2146 Domino

309 2167 484 2201 salubriter
509 2165 675 2209 expedire.

348 2221 367 2264 ,g
391 2220 424 2253 1.
451 2219 561 2263 Itaque
582 2217 744 2261 gloriosae
767 2218 881 2252 beatae
899 2213 1046 2261 loannae,

309 2274 414 2307 clarae
438 2271 618 2306 memoriae
639 2271 801 2315 Alphonsi
819 2272 843 2304 V
873 2273 949 2305 dum
973 2273 1049 2305 vixit

345 2338 358 2363 1
386 2335 565 2363 Confirmatus
594 2333 646 2361 fuit
671 2334 759 2361 cultus
786 2334 867 2361 liuius
895 2335 993 2363 Beatae
1020 2336 1047 2363 in

309 2384 396 2408 const.
412 2380 477 2407 edit.
494 2385 626 2412 nncxcm,
643 2378 686 2405 die
701 2379 718 2405 4
732 2378 837 2414 aprilis,
853 2380 948 2414 pontif.
965 2387 1001 2413 113
1022 2384 1049 2408 et

309 2426 342 2453 ab
362 2424 518 2452 Innocentio
537 2423 596 2451 XIII
624 2427 711 2451 const.
741 2424 807 2451 edit.
834 2431 984 2459 mnecxxtv,
1005 2426 1048 2454 die

310 2471 344 2498 15
362 2469 512 2504 februarii,
532 2468 629 2504 pontif.
649 2475 692 2502 111,
714 2468 801 2496 cultus
820 2469 853 2497 B.
870 2469 994 2497 Andreae
1015 2470 1047 2498 de

309 2514 478 2548 Comitibu53
508 2513 649 2541 Benedicti
674 2522 739 2541 vero
763 2513 821 2541 xlll
842 2515 949 2542 constit.
980 2515 1046 2543 edit.

308 2566 452 2593 unccxxvi,
472 2557 517 2585 die
534 2559 569 2591 ‚10
589 2558 752 2593 decembris,
774 2559 871 2595 pontif.
892 2566 931 2595 111,
953 2564 994 2588 est
1013 2561 1046 2589 de

308 2606 338 2633 B.
357 2606 459 2640 Agnete
479 2603 589 2630 Ordinis
608 2603 634 2630 S.
650 2603 797 2631 Dominici.

397 2658 476 2691 Bull.
497 2658 579 2686 Rom.
600 2674 634 2678 —
657 2658 716 2686 Vol.
736 2659 795 2686 XX.
941 2659 974 2687 82

1130 196 1174 218 ΧΠ
1198 198 1246 221 ΓΡ.

1106 243 1320 286 portugalliae
1347 252 1377 279 ct
1402 249 1626 290 Aigai-luorum
1656 257 1742 297 regis
1768 259 1841 290 illu-

1105 296 1178 329 stris
1202 302 1304 338 natae,
1331 301 1483 334 monialis
1508 314 1571 336 non
1596 308 1760 348 professae
1786 310 1841 342 Or-

1106 349 1189 382 dinis
1205 352 1305 385 saneti
1321 353 1487 396 Dominiei‚
1505 358 1621 391 merita
1638 359 1751 392 devota
1766 373 1841 395 eon-

1105 402 1305 438 sideratione
1320 405 1337 446 ¹,
1370 418 1550 451 magnaque
1571 409 1582 426 ⁹
1612 412 1767 446 carissimi
1808 415 1839 448 in

1104 455 1230 492 Christo
1251 459 1307 492 filii
1327 462 1430 503 nostri
1448 462 1533 495 Petri
1556 464 1773 508 Portugalliae
1792 467 1840 500 iti-

1104 510 1176 544 dem
1202 517 1234 546 et
1250 513 1479 556 Algarbiorum
1497 517 1584 559 regis
1602 519 1747 560 illustris,
1766 531 1841 554 nee-

1102 575 1168 598 non
1192 566 1377 600 carissimae
1397 568 1428 601 in
1449 568 1576 603 Christo
1600 571 1686 605 tiliae
1710 578 1839 606 nostrae

1102 619 1217 652 Mariae
1235 620 1376 663 Sophiae
1394 622 1527 665 reginae
1553 623 1622 658 eius
1642 626 1762 666 uxoris,
1779 638 1840 670 per

1103 672 1254 707 dilectum
1275 675 1376 707 tilium
1395 676 1605 710 Benedictum
1632 678 1670 711 de
1698 679 1839 713 Fonseca

1103 726 1247 759 eiusdem
1271 727 1357 760 Petri
1382 729 1469 771 regis
1495 731 1580 773 apud
1598 741 1656 764 nos
1675 736 1706 764 et
1722 732 1839 766 Sedem

1102 781 1320 822 Apostolicam
1346 781 1546 816 residentem
1560 783 1582 825 ³,
1609 795 1645 817 ac
1670 785 1766 818 etiam
1794 786 1840 819 di-

1101 834 1259 866 lectorum
1284 833 1425 867 filiorum
1451 836 1605 869 Antonini
1631 837 1750 879 Clocbe
1774 849 1840 872 ma-

1102 886 1191 929 gistri
1216 887 1380 929 generalis
1411 893 1443 921 et
1474 889 1623 922 Paulini⁴
1647 891 1838 924 Bernardini

1074 940 1210 978 ,fratris
1247 951 1396 984 expresse
1433 943 1575 984 professi
1608 944 1683 976 dicti
1709 944 1838 977 Ordinis

1101 994 1134 1026 in
1158 996 1247 1027 sacra
1273 995 1438 1038 theologia
1454 997 1612 1038 magistri,
1633 1008 1748 1030 causae
1765 999 1840 1031 bea-

1102 1048 1284 1081 tificationis
1320 1058 1375 1081 seu
1411 1050 1667 1083 canonizationis
1693 1050 1839 1084 eiusdem

1100 1103 1213 1135 beatae
1230 1101 1369 1134 Ioannae
1390 1103 1614 1145 postulatoris,
1635 1104 1766 1137 nomine
1781 1115 1839 1139 no-

1100 1155 1148 1188 bis
1172 1155 1514 1199 humiliterporrectis
1543 1158 1838 1200 supplicationibus

1099 1209 1310 1243 favorabilem
1335 1219 1502 1242 assensum
1519 1211 1678 1253 praebere
1704 1212 1838 1255 cupien-

1100 1270 1159 1303 tes,
1184 1263 1394 1305 ipsorumque
1426 1263 1581 1296 Antonini
1613 1261 1757 1306 magistri
1784 1276 1837 1308 gc-

1098 1317 1218 1349 neralis
1253 1321 1284 1348 et
1308 1315 1398 1348 Pauli
1425 1315 1604 1358 singulares
1636 1328 1793 1360 personas
1820 1330 1838 1352 a

1098 1369 1262 1414 quibusvis
1281 1370 1634 1409 excommunicationis,
1649 1372 1837 1414 suspensIo-

1098 1424 1146 1456 nis
1172 1428 1203 1456 et
1227 1421 1401 1461 interdicti,
1435 1422 1569 1465 aliisque
1608 1424 1835 1458 ecclesiasticis

1096 1476 1265 1509 sententiis
1284 1480 1316 1508 et
1339 1476 1499 1515 censuris,
1519 1487 1535 1508 a
1553 1476 1623 1509 iure
1646 1478 1694 1510 vel
1714 1478 1752 1509 ab
1778 1479 1836 1511 lio—

1096 1530 1190 1569 mine,
1217 1529 1327 1573 quavis
1352 1529 1524 1562 occasione
1551 1531 1599 1563 vel
1626 1534 1723 1564 eausa
1752 1532 1835 1571 latis,

1095 1584 1120 1617 si
1145 1583 1262 1627 quibus
1288 1583 1535 1626 quomodolibet
1572 1583 1744 1617 innodatae
1770 1585 1836 1618 exi-

1095 1643 1194 1678 stunt,
1210 1637 1249 1670 ad
1268 1636 1417 1669 ellectum
1430 1637 1652 1680 praesentium
1672 1639 1835 1672 dumtaxat

1095 1690 1375 1734 consequendum,
1403 1690 1519 1722 barum
1552 1690 1638 1723 serie
1663 1692 1835 1724 absolven-

1095 1749 1142 1777 tes
1170 1749 1202 1777 et
1226 1743 1388 1775 absolutas
1414 1742 1482 1775 sore
1508 1749 1691 1785 censentes,
1718 1745 1757 1777 de
1784 1756 1835 1778 ve-

1094 1797 1288 1831 nerabilium
1314 1796 1450 1828 fratrum
1476 1801 1665 1829 nostrorum
1690 1797 1721 1830 S.
1741 1797 1778 1830 R.
1797 1798 1831 1831 E.

1094 1851 1308 1884 cardinalium
1327 1849 1425 1882 sacris
1443 1849 1558 1882 ritibus
1572 1850 1834 1894 praepositorum

1094 1903 1239 1944 consilio,
1265 1908 1299 1935 ut
1324 1903 1356 1935 in
1381 1907 1549 1946 posterum
1581 1904 1728 1947 quolibet
1748 1915 1833 1939 anno

1094 1958 1145 1991 die
1161 1968 1205 1990 ΧΠ
1226 1957 1311 1997 maii,
1333 1957 1554 1990 anniversaria
1579 1957 1689 1990 obitus
1715 1969 1834 1992 memo-

1092 2015 1180 2043 ratae
1204 2010 1319 2042 beatae
1343 2009 1501 2049 Ioannae,
1526 2010 1630 2053 possit
1654 2011 1693 2044 de
1718 2011 1775 2044 illa
1799 2012 1832 2045 in

1093 2069 1161 2097 toto
1186 2073 1287 2106 regno
1312 2063 1531 2106 Portugalliae
1556 2064 1595 2096 ab
1617 2065 1766 2099 omnibus
1789 2077 1830 2098 u-

1092 2117 1238 2160 triusque
1263 2127 1359 2150 sexus
1385 2117 1663 2158 christifidelibus,
1683 2125 1746 2152 tarn
1767 2130 1834 2153 sae-

1092 2171 1255 2204 cularibus
1281 2180 1376 2213 quam
1400 2171 1616 2213 regularibus,
1639 2171 1693 2215 qui
1714 2173 1753 2205 ad
1772 2173 1832 2206 ho-

1091 2234 1143 2256 ras
1169 2223 1338 2256 canonicas
1358 2227 1520 2264 tenentur,
1549 2234 1676 2257 necnon
1701 2224 1735 2257 in
1759 2226 1832 2259 uni-

1091 2287 1184 2310 verso
1215 2276 1336 2310 Ordine
1361 2277 1507 2320 praefato
1532 2278 1661 2311 recitari
1687 2279 1829 2313 officium

1092 2333 1122 2364 et
1138 2329 1298 2362 celebrari
1315 2329 1413 2362 missa
1431 2330 1470 2363 de
1483 2330 1830 2375 CommuniVirginum

1092 2383 1150 2416 sub
1167 2383 1233 2416 ritu
1250 2383 1469 2427 semiduplici,
1488 2384 1577 2418 iuxta
1594 2385 1741 2420 rubricas
1759 2387 1829 2420 bre-

1126 2474 1137 2500 1
1160 2472 1241 2500 Deest
1259 2473 1416 2501 recolentes
1436 2477 1482 2501 aut
1501 2473 1588 2502 simile
1608 2475 1645 2511 (a.
1668 2475 1718 2512 12).

1124 2518 1140 2545 ⁶2
1161 2518 1251 2546 Potius
1270 2518 1328 2553 lege
1345 2522 1429 2554 atque
1448 2520 1486 2554 (R.
1503 2521 1551 2554 Τ.).

1124 2562 1139 2589 3
1159 2562 1272 2590 Videtur
1291 2563 1385 2591 deesse
1405 2567 1550 2592 oralorem
1572 2565 1608 2600 (a.
1625 2566 1676 2601 T.)-

1125 2606 1141 2633 4
1160 2606 1243 2635 Paulo
1263 2611 1323 2643 post
1342 2608 1440 2643 legitur
1458 2609 1549 2637 Pauli
1568 2611 1607 2645 (a.
1623 2609 1673 2645 T.)-

1739 200 1801 232 orta
1848 210 1895 238 An.
1918 212 1946 238 c.
1967 212 2032 241 ¹604
