2227 3225
121 216 158 243 An
186 215 215 243 C.
239 215 301 243 ¹69¹

903 213 1111 238 INNOCENTIUS
1135 213 1179 237 xll
1204 214 1252 237 ΓΡ.

314 263 481 308 provincia
500 263 672 303 sustineat,
698 263 847 296 consulto
873 268 904 296 et
928 262 1052 296 delibe-

314 322 384 351 rate
409 316 590 356 statuimus,
614 321 649 349 ut
672 316 840 360 praedicto
866 315 1051 349 definitorio

313 369 411 404 liceat
434 369 519 403 intra
543 369 721 413 capitulum
753 369 838 402 hanc
869 368 1052 402 facultatem

314 422 496 466 exponendi
528 433 586 456 seu
611 421 840 466 praesentandi
866 421 905 454 ad
931 420 1051 464 gradus

314 485 549 519 quemcumque
580 486 617 509 ex
655 474 845 518 approbatis
868 485 885 506 a
910 484 945 506 se
982 473 1052 517 ipso

315 528 472 571 magistro
507 528 653 571 generali
688 528 817 568 cedere,
848 532 884 560 ut
908 537 946 560 ex
971 526 1051 569 ipsis

314 586 406 615 extra
448 581 627 626 capitulum
669 580 868 625 provinciale
911 583 1054 623 exponat

315 644 414 677 quem
439 635 602 669 maluerit.
952 637 958 642 “

360 698 402 722 ix.
425 687 468 721 Ex
489 688 604 722 eodem
621 687 711 721 Pauli
727 688 750 720 V
768 688 913 727 decreto,
932 686 971 720 ad
988 697 1055 719 ma-

315 740 450 782 gistrum
467 741 666 784 generalem,
686 741 760 774 loco
779 745 811 773 et
835 740 905 773 vice
921 739 1054 782 capituli

315 793 488 836 generalis,
503 792 666 837 quoslibet
683 793 869 836 supradicto
888 793 985 826 modo
1003 803 1056 825 ex-

315 846 441 890 positos
455 846 493 879 ad
508 846 625 889 gradus
640 856 842 889 promovere,
858 846 1054 889 eosdemque

315 899 348 932 in
381 898 460 942 ipsis
480 897 669 931 confirmare
694 899 851 942 privative
880 898 1052 942 pertineat.

314 952 382 990 Qua
415 950 513 985 etiam
547 951 700 985 facultate
734 951 875 994 gaudere
910 952 1057 984 volumus

315 1004 460 1047 priorem
469 1003 704 1042 Barchinonae,
719 1009 774 1036 aut
787 1004 894 1043 alium,
909 1003 964 1047 qui
985 1009 1057 1035 tem-

315 1067 395 1100 pore
419 1056 596 1090 vacationis
621 1056 827 1099 magistrantis
854 1057 886 1089 in
904 1056 1057 1088 vicarium

317 1110 502 1152 generalem
528 1109 625 1142 totius
649 1108 779 1142 Ordinis
804 1108 1007 1142 successerit.

360 1173 391 1196 x.
417 1161 608 1195 Ordinamus
643 1162 792 1202 ulterius,
827 1167 861 1194 ut
893 1162 1058 1204 praedicta

316 1215 473 1258 requisita
495 1225 531 1247 ex
552 1219 645 1257 parte
669 1214 883 1257 promovendi
915 1214 953 1247 ad
979 1225 1057 1257 gra-

317 1267 377 1300 dus
401 1272 669 1310 praesentaturae
697 1268 746 1300 vel
767 1267 941 1309 magisterii
968 1267 1058 1299 iniui-

316 1329 368 1352 me
392 1319 539 1362 suppleri
565 1320 694 1352 valcant
718 1329 778 1362 per
803 1320 866 1352 alia
890 1320 1006 1352 merita
1027 1325 1058 1352 et

318 1370 471 1404 exercitia
505 1372 556 1404 vel
592 1371 750 1414 obsequia
781 1371 932 1414 religioni
970 1382 1059 1414 prae-

318 1423 404 1464 stita,
430 1423 573 1458 cuiusvis
610 1434 648 1456 ea
674 1424 841 1467 qualitatis
866 1424 1056 1465 extiterint,

318 1476 406 1520 quod
424 1477 452 1510 si
469 1477 541 1520 quis
558 1476 592 1509 in
613 1482 789 1520 posterum,
816 1477 970 1521 praefatis
991 1478 1059 1510 abs-

318 1540 380 1572 que
416 1529 583 1573 requisitis
619 1535 650 1563 et
685 1530 946 1569 conditionibus,
982 1533 1059 1564 tales

318 1583 436 1624 gradus
453 1583 647 1626 susceperit,
665 1593 720 1616 eos
738 1583 847 1616 irritos
873 1584 1058 1626 nulliusque

318 1635 448 1669 roboris
474 1636 691 1669 declaramus.

361 1698 403 1722 xi.
432 1688 495 1721 Nec
520 1688 656 1730 gradum
682 1688 763 1729 eius,
789 1689 842 1732 qui
870 1689 967 1722 etiam
1000 1699 1060 1733 per

317 1741 451 1784 longum
477 1746 602 1784 tempus
636 1752 653 1773 a
678 1742 846 1784 provincia
872 1742 1061 1775 discesserit

319 1795 397 1836 (uisi
423 1795 534 1827 forsan
559 1799 688 1826 maneat
712 1795 883 1838 adoptatus
910 1795 942 1827 iu
973 1796 1058 1839 alia),

318 1858 391 1881 mox
416 1847 508 1890 quasi
527 1852 694 1880 vacantem
712 1847 859 1891 cuiquam
877 1848 1058 1891 providere,

317 1901 370 1933 vel
396 1911 469 1933 eum
494 1900 610 1942 quovis
634 1901 732 1934 modo
750 1901 782 1933 in
800 1912 968 1934 numerum
990 1903 1061 1934 sub-

317 1963 448 1995 rogare.
474 1953 506 1986 Si
525 1953 595 1996 quis
615 1959 721 1986 tamen
739 1954 872 1995 gradum
890 1954 933 1986 ita
951 1965 1060 1988 susce-

316 2007 412 2050 perit,
428 2006 568 2038 nullitati
594 2011 626 2038 et
645 2006 816 2049 privationi
834 2007 921 2039 vocis
939 2007 1058 2040 activae

318 2064 350 2092 et
373 2059 519 2101 passivae
544 2058 635 2091 illum
660 2058 700 2091 de
726 2058 809 2091 facto
835 2058 1034 2092 subiicimus.

361 2122 417 2145 xii.
445 2111 578 2144 Praeter
604 2110 689 2144 dicta
713 2121 788 2144 vero
808 2112 978 2144 duodecim
999 2123 1059 2145 ma-

318 2165 454 2208 gisteria
478 2165 517 2198 de
542 2175 676 2197 numero
694 2169 726 2197 et
742 2166 872 2205 lectura,
892 2171 923 2197 et
943 2166 1057 2207 viginti

317 2223 459 2261 quatuor
483 2223 745 2261 praesentaturas
775 2218 870 2251 etiam
890 2219 928 2251 de
948 2229 1059 2252 nume-

317 2280 354 2304 ro
380 2276 412 2304 et
435 2271 603 2310 cathedra,
627 2271 706 2303 alias
724 2271 819 2303 etiam
836 2281 889 2303 sex
910 2282 1059 2314 praesen-

318 2328 438 2356 taturas
463 2333 523 2366 pro
547 2323 827 2366 praedicatoribus
845 2324 1056 2365 admittimus,

319 2386 399 2419 quas
423 2376 559 2409 dicimus
585 2377 624 2410 de
648 2376 787 2420 pulpito,
809 2378 848 2410 de
867 2377 985 2420 quibus
1011 2378 1059 2410 in-

319 2429 418 2462 ferius
442 2429 547 2472 capite
572 2429 611 2462 de
636 2429 913 2472 praedicatoribus
938 2436 988 2463 est
1011 2431 1058 2463 di-

320 2482 468 2515 cendum.
492 2482 587 2515 Extra
612 2483 777 2526 praefatos
803 2484 900 2517 etiam
925 2484 1056 2526 gradus,

1094 272 1231 294 munere
1270 260 1496 294 laborantibus
1536 262 1763 304 impertimur,
1803 263 1828 294 si

1094 316 1166 358 quis
1197 314 1332 358 gradum
1357 314 1498 358 aliquem
1523 324 1583 357 per
1613 315 1713 347 Breve
1737 314 1829 347 Sedis

1094 367 1302 410 Apostolicae
1328 367 1475 400 obtinere
1499 367 1649 407 volucrit,
1667 376 1831 409 nunquam

1094 420 1127 453 id
1157 420 1315 459 intendat,
1347 420 1409 453 nisi
1443 420 1482 453 de
1514 419 1645 452 licentia
1675 419 1833 461 magistri,

1095 484 1154 506 uec
1179 475 1217 506 ea
1243 474 1377 507 obtenta
1402 474 1536 516 gradum
1561 473 1687 516 assequi
1713 474 1831 512 valeat,

1095 526 1172 570 quin
1193 527 1282 570 prius
1308 527 1377 560 eius
1403 526 1545 559 narratio
1582 527 1614 559 in
1647 526 1834 560 definitorio

1095 579 1286 623 provinciali
1302 579 1510 619 examinetur,
1525 585 1558 613 et
1574 579 1696 613 ibidem
1710 579 1749 612 de
1764 579 1834 611 suh-

1096 632 1246 675 reptione
1261 637 1292 665 et
1305 632 1499 676 obreptione
1515 632 1609 666 fuerit
1626 633 1665 665 ab
1682 631 1836 665 omnibus

1096 685 1254 726 absoluta,
1275 686 1429 729 omnique
1453 684 1530 718 vitio
1555 696 1638 729 pura
1659 685 1832 718 iudicetur.

1139 747 1209 771 xiii.
1229 738 1352 771 Deinde
1370 748 1457 777 vero,
1478 743 1513 770 ut
1530 737 1602 781 quis
1627 738 1667 771 ad
1692 737 1837 770 collatio-

1098 801 1170 824 nem
1205 797 1237 824 et
1272 791 1555 824 confirmationem
1594 791 1835 834 praedictorum

1098 844 1256 886 graduum
1282 844 1320 877 de
1350 843 1452 887 gratia
1487 844 1676 887 perveniat,
1702 843 1837 876 firmiter

1099 896 1338 936 constituimus,
1360 902 1402 935 ut,
1430 896 1516 929 iuxta
1541 896 1740 940 praedictam
1764 896 1837 929 bul-

1100 951 1161 983 lam
1187 949 1368 982 Iunocentii
1394 949 1433 981 xl
1457 949 1586 992 saepius
1614 950 1759 988 relatam,
1780 959 1838 983 ne-

1100 1002 1240 1036 cessario
1266 1007 1298 1035 et
1319 1002 1551 1035 inviolabiliter
1569 1002 1780 1035 sufficientiae
1801 1002 1840 1035 il-

1102 1056 1161 1088 lius
1187 1056 1369 1098 rigorosum
1388 1060 1419 1087 et
1436 1054 1604 1096 praevium
1623 1054 1676 1087 fiat
1693 1064 1839 1094 examen,

1100 1108 1295 1152 exponendo
1330 1108 1456 1140 scilicet
1492 1118 1551 1150 per
1587 1117 1683 1139 unam
1724 1108 1839 1140 horam

1102 1166 1254 1204 punctum
1272 1160 1403 1203 aliquod
1428 1170 1485 1193 seu
1509 1159 1733 1204 quaestionem
1752 1160 1841 1193 theo-

1102 1214 1207 1256 logiae
1233 1213 1459 1253 scholasticae,
1481 1213 1612 1245 moralis
1637 1223 1693 1246 seu
1713 1213 1841 1256 exposi-

1102 1266 1183 1299 [ivae
1208 1271 1282 1299 ante
1301 1267 1398 1299 horas
1424 1265 1679 1308 vigintiquatuor
1695 1277 1713 1298 a
1730 1276 1762 1299 sc
1781 1276 1840 1309 pro

1101 1319 1194 1352 libito
1219 1320 1354 1352 electam
1380 1329 1417 1350 ex
1444 1318 1546 1351 tribus
1568 1319 1629 1351 sibi
1659 1324 1745 1352 sorte
1764 1329 1842 1362 pro-

1101 1372 1215 1415 positis
1241 1383 1277 1404 ex
1311 1371 1462 1413 Magistro
1495 1372 1752 1411 sententiarum,
1788 1377 1842 1404 aut

1101 1436 1137 1457 ex
1163 1425 1264 1457 sacris
1290 1424 1412 1463 bibliis,
1440 1428 1472 1455 et
1497 1433 1557 1466 por
1592 1424 1688 1457 aliam
1724 1424 1840 1456 horam

1102 1477 1257 1520 expositis
1294 1475 1492 1519 argumentis
1528 1476 1718 1509 satisfaciat.
1754 1476 1842 1516 Quae

1102 1530 1210 1563 omnia
1234 1529 1305 1562 fieri
1331 1530 1453 1562 debent
1477 1529 1668 1562 solemniter
1706 1529 1736 1562 in
1769 1539 1843 1562 con-

1102 1593 1194 1615 cursu
1232 1582 1363 1626 publico
1398 1592 1505 1615 coram
1542 1582 1745 1624 provinciali,
1787 1583 1841 1626 qui

1103 1636 1230 1676 deinde,
1249 1646 1320 1668 cum
1343 1635 1468 1667 duobus
1489 1636 1602 1668 saltem
1622 1635 1784 1678 magistris
1802 1636 1841 1667 de

1103 1700 1250 1728 numero,
1268 1694 1298 1721 et
1323 1688 1458 1721 totidem
1485 1688 1700 1730 praesentatis
1726 1688 1765 1720 de
1784 1698 1843 1720 nu-

1104 1753 1194 1775 mero
1219 1748 1251 1774 et
1285 1741 1463 1780 cathedra,
1497 1740 1535 1773 ad
1568 1740 1841 1784 approbationem

1103 1794 1312 1839 promovendi
1344 1804 1403 1837 per
1435 1798 1561 1826 secreta
1587 1792 1737 1836 sutfragia
1766 1804 1842 1837 pro-

1103 1849 1214 1888 cedat,
1238 1853 1270 1880 et
1302 1847 1388 1880 iuxta
1406 1856 1518 1879 eorum
1536 1846 1691 1879 maiorem
1714 1852 1840 1890 partem

1103 1902 1288 1934 admittatur
1312 1900 1360 1933 vel
1386 1899 1591 1942 reprobetur.

1144 1964 1207 1987 mv.
1234 1954 1295 1986 Eos
1321 1958 1428 1985 tamen
1453 1952 1493 1984 ab
1519 1952 1582 1985 hoc
1608 1952 1756 1986 examine
1789 1963 1842 1986 ex-

1102 2006 1238 2050 cipimus
1265 2006 1317 2049 qui
1345 2006 1406 2038 iam
1432 2005 1511 2038 alias
1537 2016 1573 2037 ex
1600 2004 1715 2037 merito
1741 2006 1843 2038 lectu-

1102 2069 1155 2092 rae
1182 2057 1300 2091 fuerint
1325 2057 1495 2101 approbati
1513 2067 1530 2089 a
1548 2056 1688 2099 capitulo
1714 2057 1840 2100 provin-

1101 2112 1173 2144 ciali
1200 2112 1238 2144 ad
1264 2110 1447 2154 praedictos
1471 2110 1606 2152 gradus,
1641 2110 1691 2142 vel
1727 2112 1841 2143 saltem

1102 2166 1163 2198 iam
1189 2164 1367 2208 praestitum
1386 2173 1519 2195 examen
1539 2162 1700 2195 subierint
1725 2162 1754 2194 in
1781 2174 1841 2206 pu-

1102 2218 1192 2251 blicis
1211 2216 1474 2260 oppositionibus
1500 2216 1539 2248 ad
1566 2216 1722 2249 lecturam
1748 2216 1843 2248 theo-

1100 2271 1216 2313 logiae,
1243 2275 1275 2303 et
1305 2269 1343 2302 ad
1380 2269 1468 2301 iliam
1506 2268 1630 2311 pariter
1666 2268 1841 2301 manserint

1100 2324 1285 2368 approbau.

1142 2388 1194 2410 xv.
1225 2376 1343 2409 Omnes
1380 2375 1524 2418 magistri
1562 2380 1594 2407 et
1629 2374 1839 2418 praesentati,

1101 2441 1180 2474 quos
1196 2430 1234 2462 de
1249 2439 1382 2462 numero
1399 2439 1453 2461 seu
1473 2429 1596 2461 lectura
1610 2428 1839 2470 praediximus,

1101 2493 1207 2516 vocem
1239 2482 1379 2514 habeant
1406 2481 1437 2513 in
1462 2480 1612 2513 omnibus
1649 2479 1773 2512 actibus
1809 2485 1841 2512 et

321 2544 400 2577 quos
433 2535 588 2568 fratribus
620 2546 656 2568 ex
679 2546 718 2569 eo
749 2535 834 2580 quo¹
861 2541 892 2569 et
916 2547 976 2580 pro
1001 2547 1058 2570 suo
1100 2535 1314 2568 electionibus
1339 2533 1475 2576 capituli
1501 2532 1713 2576 provincialis,
1740 2542 1836 2575 prae-

358 2598 369 2625 ¹
392 2595 482 2624 Potius
503 2598 561 2632 lege
581 2606 617 2624 ει
636 2606 727 2633 aequo
748 2601 784 2634 (a.
805 2604 853 2630 Τ.).

1101 2594 1248 2634 terquam
1283 2589 1316 2620 in
1348 2587 1416 2620 eius
1448 2586 1645 2626 definitorio,
1673 2585 1733 2617 nisi
1760 2585 1840 2618 alio-

1727 204 1789 237 ‘2310
1836 213 1884 240 Λη.
1907 213 1934 239 c.
1955 191 2038 240 ictu³
