2254 3225
225 196 278 224 An.
300 197 329 224 c.
350 197 418 224 1689
466 187 508 221 *to

418 246 564 289 probatis
582 257 600 280 a
616 247 762 280 locorum
780 245 957 280 Ordinariis
973 251 1046 279 ante
1064 256 1157 289 prae-

418 300 559 334 sentium
576 299 841 344 publicationem,
857 310 913 332 seu
926 299 1156 343 approbandis,

419 353 465 387 eis
495 354 528 386 in
564 353 628 387 alia
662 353 792 396 pietatis
825 363 924 396 opera
948 357 1157 391 commutare,

419 408 468 441 vel
487 407 520 440 in
537 406 622 440 aliud
637 406 819 450 proximum
838 411 964 449 tempus
978 414 1156 448 prorogare

419 461 532 504 possit,
552 471 652 503 eaque
677 459 854 502 iniungere,
881 469 963 502 quae
994 458 1056 501 ipsi
1082 468 1156 500 poe-

419 515 561 548 nitentes
587 514 713 547 efficere
744 518 910 556 poterunt,
930 511 1050 555 pariter
1083 520 1157 543 con-

419 567 564 601 cedimus
588 573 620 600 et
642 567 862 609 indulgemus.

237 630 282 661 ¹ma
301 629 408 650 confeesa-
462 620 525 664 53.
540 620 676 663 Insuper
695 619 847 652 omnibus
866 622 898 650 et
914 616 1050 659 singulis
1069 615 1156 648 cliri-

225 656 609 708 iiiffqssii'ssffl'r'i‘iuilstifidelihus
645 671 812 714 utriusque
848 680 954 708 sexus,
976 673 1040 701 tam
1064 668 1154 701 laicis

225 711 277 729 ‘m'
419 736 514 770 quam
540 724 775 763 ecclesiasticis,
801 722 1021 756 saecularibus
1048 727 1080 754 et
1104 732 1155 755 re-

420 779 600 822 gularibus,
628 776 767 810 cuiusvis
791 775 920 809 Ordinis
953 779 985 807 ct
1018 784 1154 816 congre-

420 832 561 875 gationis
586 836 618 864 et
642 829 791 869 instituti,
812 834 875 861 tam
901 828 934 860 in
952 827 1036 860 Urbe
1060 837 1156 871 prae-

419 887 483 919 fata
508 895 604 929 quam
628 888 715 917 extra
746 893 814 915 eam
846 880 966 924 ubique
995 883 1153 921 locorum,

419 944 455 971 ut
473 939 664 982 praefertur,
684 936 885 979 degentibus,
900 935 1064 969 licentiam
1082 945 1158 969 con-

419 993 563 1025 cedimus
588 996 619 1023 et
644 991 835 1028 facultatem,
858 994 892 1021 ut
917 989 978 1021 sibi
1004 989 1044 1022 ad
1069 989 1157 1023 hunc

420 1045 566 1079 effectum
602 1044 724 1086 eligere
760 1042 888 1086 possint
919 1051 1156 1085 quemcumque

418 1098 645 1142 presbyterum
670 1095 902 1129 confessarium
931 1100 994 1127 tam
1019 1096 1157 1128 saecula-

419 1161 488 1183 rem
518 1160 612 1192 quam
637 1148 777 1180 cuiusvis
802 1147 932 1181 Ordinis
959 1153 991 1180 et
1018 1148 1156 1181 instituti

418 1203 602 1245 regularem
628 1212 665 1234 ex
690 1201 889 1244 approbatis,
919 1206 954 1233 ut
978 1202 1158 1244 praemitti-

418 1261 478 1295 tur,
508 1266 525 1287 a
556 1256 703 1287 locorum
734 1253 923 1294 Ordinariis,
953 1254 1007 1296 qui
1036 1264 1092 1287 eos
1117 1255 1156 1287 ab

418 1306 771 1347 excommunicationis,
795 1307 1020 1350 suspensionis
1038 1312 1071 1340 et
1085 1308 1156 1341 aliis

417 1360 645 1394 ecclesiasticis
676 1359 848 1392 sententiis
883 1364 916 1392 et
950 1360 1113 1399 censuris,
1141 1371 1157 1393 a

417 1414 486 1446 iure
511 1415 561 1446 vel
587 1413 626 1445 ab
652 1413 802 1452 homine,
828 1412 939 1455 quavis
965 1414 1061 1446 causa
1085 1414 1156 1446 latis

417 1477 473 1500 seu
498 1467 639 1505 inflictis,
664 1476 796 1499 necnon
820 1466 859 1498 ab
877 1466 1027 1498 omnibus
1043 1475 1158 1510 pecca-

418 1521 479 1560 tis,
506 1519 714 1559 excessibus,
740 1518 930 1552 criminibus
965 1524 996 1552 et
1031 1519 1157 1552 delictis

418 1572 622 1616 quantumvis
636 1571 786 1614 gravibus
802 1576 833 1604 et
846 1571 1043 1611 enormibus,
1063 1572 1158 1605 etiam

417 1627 564 1660 locorum
592 1623 788 1664 Ordinarfis,
819 1624 885 1657 sive
910 1625 1005 1657 nobis
1029 1630 1061 1658 et
1084 1625 1158 1658 Sedi

417 1678 635 1721 Apostolicae‚
662 1677 758 1710 etiam
776 1676 809 1709 iu
830 1677 944 1710 litteris
962 1678 1013 1710 die
1031 1677 1158 1712 Coenae

417 1731 544 1764 Domini
577 1730 641 1773 legi
675 1729 778 1762 solitis
810 1730 983 1770 contentis,
1016 1736 1048 1764 et
1080 1731 1157 1764 alias

418 1794 477 1827 per
492 1793 710 1827 quascumque
727 1788 856 1816 nostras
874 1788 926 1816 aut
940 1783 1158 1817 Romanorum

419 1836 613 1870 Pontificum
648 1836 938 1879 praedecessorum
971 1842 1157 1870 nostrorum

419 1889 680 1929 constitutiones,
698 1900 833 1932 quarum
852 1894 982 1923 tenores
1004 1900 1159 1933 praesen-

420 1943 506 1977 tibus
524 1942 638 1976 haberi
656 1943 803 1975 volumus
819 1953 878 1985 pro
894 1943 1066 1986 expressis,
1083 1954 1158 1987 quo-

420 1996 657 2039 modocumque
668 1995 851 2035 reservatis,
867 1995 900 2028 in
914 1996 982 2028 foro
994 1997 1159 2030 conscien-

420 2048 482 2082 tiae
497 2055 527 2082 et
542 2049 601 2081 hac
620 2048 688 2081 viee
711 2053 835 2081 tantum
855 2049 1021 2082 absolvere
1035 2054 1067 2082 et
1082 2050 1159 2083 libe-

419 2113 491 2136 rare
506 2103 642 2141 valeant,
654 2107 685 2134 et
698 2102 833 2145 insuper
846 2108 920 2135 vota
934 2112 1157 2146 quaecumque

421 2155 609 2199 (religionis
635 2161 665 2188 et
689 2155 846 2188 castitatis
866 2156 1029 2199 exceptis)
1047 2157 1080 2189 in
1097 2157 1158 2190 alia

420 2209 475 2252 pia
499 2214 530 2242 et
554 2208 706 2242 salutaria
735 2220 837 2252 opera
869 2215 1079 2250 commutare,
1112 2211 1159 2242 in-

422 2261 529 2294 iuncta
554 2267 661 2295 tamen
686 2262 732 2295 eis
763 2267 796 2294 et
828 2273 942 2295 eorum
966 2263 1101 2295 cuilibet
1125 2264 1157 2295 iu

421 2315 615 2358 supradietis
636 2315 785 2348 omnibus
804 2315 932 2348 casibus
954 2314 1159 2359 poenitentia

421 2368 562 2408 salutari,
578 2368 715 2411 aliaque¹
737 2368 883 2402 eiusdem
902 2368 1091 2402 confessarii
1110 2379 1159 2401 ar-

422 2420 520 2453 bitrio
545 2420 767 2463 iniungendis.

466 2473 481 2516 g
504 2473 536 2505 4.
563 2473 762 2516 Quapropter
787 2479 898 2508 tenore
923 2475 1158 2518 praesentium,

423 2525 455 2558 in
480 2526 595 2558 virtute
621 2532 747 2560 sanctae
772 2528 988 2569 obedientiae,
1015 2528 1158 2561 districte

459 2589 470 2617 t
491 2588 583 2625 Aptius
603 2588 662 2625 lege
682 2590 805 2626 aliisque
825 2591 864 2626 (a.
885 2591 935 2627 τ.).

283 2480 412 2506 ria-cipitur

229 2506 353 2532 publicatio-

1002 197 1179 221 BULLARIUM
1204 197 1356 221 ROMANUM

1944 199 1993 227 An.
2015 199 2042 227 C.
2062 200 2127 228 1689

1200 245 1419 289 praecipimus
1446 248 1544 288 atque
1568 245 1758 280 mandamus
1784 247 1933 281 omnihus

1201 304 1233 332 et
1249 299 1505 342 quibuscumque
1521 299 1763 333 venerabilibus
1781 300 1934 334 fratribus

1200 351 1405 395 patriarchis,
1430 351 1693 395 archiepiscopis,
1719 353 1880 398 episcopis
1905 359 1937 388 et

1201 403 1272 438 aliis
1299 404 1511 438 ecclesiarum
1545 405 1723 448 praelatis,
1750 411 1781 440 et
1806 407 1924 450 quibus

1200 469 1335 501 cumque
1360 457 1537 491 Ordinariis
1558 459 1715 500 locorum,
1740 460 1936 504 ubicumque

1200 513 1421 552 existentibus,
1446 522 1624 554 eorumque
1657 512 1787 546 vicariis
1812 518 1845 546 et
1869 514 1938 546 offi-

1199 567 1343 606 cialibus,
1367 567 1426 606 vel,
1452 565 1490 598 iis
1525 565 1759 605 deficientibus,
1785 566 1850 599 illis
1882 567 1937 609 qui

1198 631 1306 653 curam
1321 619 1498 652 animarum
1516 624 1675 659 exercent,
1693 622 1738 658 ut,
1755 629 1826 652 cum
1845 630 1939 663 prae-

1198 673 1335 706 sentium
1350 672 1531 706 litterarum
1544 676 1745 716 transumpta
1767 678 1822 705 aut
1835 683 1938 706 exem-

1199 729 1251 771 pla
1272 727 1368 760 etiam
1397 727 1556 769 impressa
1583 727 1777 770 acceperint,
1804 727 1860 760 illa
1877 732 1938 760 sta-

1200 781 1255 815 tim
1281 780 1402 823 absque
1422 780 1487 812 ulla
1511 782 1609 818 mora,
1641 780 1862 812 retardatione
1886 781 1937 813 vel

1199 833 1432 877 impedimento
1457 843 1516 876 per
1533 843 1606 865 suas
1624 832 1780 866 ecclesias
1799 838 1830 866 et
1847 833 1938 866 dioe-

1200 897 1301 927 ceses,
1323 885 1520 929 provincias,
1547 885 1702 925 civitates,
1728 885 1859 928 oppida,
1876 890 1939 918 ter-

1200 951 1251 973 ras
1269 945 1300 973 et
1316 941 1389 973 loca
1405 939 1574 982 publicent
1590 943 1621 971 et
1635 938 1794 981 publicari
1809 938 1936 978 faciant,

1200 994 1437 1036 ecclesiamque
1473 1002 1531 1025 seu
1571 991 1724 1024 ecclesias
1763 991 1938 1024 visitandas

1201 1046 1383 1089 designent.

1245 1101 1258 1143 ς
1283 1100 1314 1132 5.
1334 1099 1403 1132 Non
1428 1098 1626 1132 intendimus
1647 1103 1752 1132 autem
1771 1109 1829 1142 per
1845 1110 1939 1143 prae-

1201 1158 1308 1186 sentes
1346 1162 1444 1195 super
1478 1151 1587 1195 aliqua
1611 1151 1864 1194 irregularitate,
1884 1163 1939 1195 pu·

1200 1207 1286 1239 blica
1309 1206 1358 1238 vel
1384 1206 1523 1245 occulta,
1550 1206 1635 1244 nota,
1655 1204 1793 1246 defectu,
1812 1205 1940 1249 incapa-

1201 1260 1295 1292 citate
1314 1269 1370 1291 seu
1387 1258 1592 1291 inhabilitate
1612 1267 1742 1300 quoque
1756 1259 1852 1291 modo
1869 1269 1941 1292 con-

1202 1314 1301 1345 tracta
1319 1312 1517 1354 dispensare,
1530 1311 1581 1343 vel
1600 1309 1740 1353 aliquam
1754 1310 1940 1344 facultatem

1201 1365 1341 1397 tribuere
1366 1362 1584 1406 dispensandi,
1607 1372 1665 1395 seu
1689 1363 1883 1396 habilitandi
1910 1369 1942 1396 et

1201 1418 1233 1450 in
1258 1417 1432 1460 pristinum
1457 1420 1574 1448 statum
1600 1415 1818 1455 restituendi,
1844 1416 1940 1449 etiam

1201 1471 1233 1503 in
1260 1471 1330 1502 foro
1362 1468 1592 1507 conscientiae,
1619 1478 1725 1510 neque
1751 1468 1847 1500 etiarn
1874 1479 1942 1501 eas-

1202 1524 1275 1556 dem
1297 1527 1484 1566 praesentes
1505 1522 1554 1560 iis,
1572 1521 1624 1563 qui
1644 1520 1679 1553 a¹
1696 1521 1792 1553 nobis
1810 1526 1841 1553 et
1858 1522 1943 1564 Apo-

1202 1577 1313 1609 stolica
1338 1576 1431 1614 Sede,
1458 1576 1507 1607 vel
1533 1575 1572 1607 ab
1591 1574 1702 1617 aliquo
1720 1576 1865 1618 praelato
1884 1586 1940 1607 seu

1201 1629 1308 1662 iudice
1327 1627 1550 1661 ecclesiastico
1576 1627 1857 1666 excommunicati,
1876 1638 1942 1660 sus-

1202 1681 1304 1725 pensi,
1330 1680 1504 1720 interdicti,
1524 1691 1580 1713 seu
1598 1680 1678 1713 alias
1703 1680 1736 1712 in
1760 1680 1940 1713 sententias

1203 1739 1234 1767 et
1258 1744 1410 1766 censuras
1436 1733 1588 1766 incidisse
1615 1732 1768 1765 declarati
1797 1734 1846 1766 vel
1882 1743 1941 1776 pu-

1201 1788 1286 1821 blice
1311 1787 1497 1820 denunciati
1522 1786 1654 1826 suerint,
1673 1786 1733 1818 nisi
1760 1786 1843 1818 intra
1862 1790 1941 1818 tem-

1202 1851 1262 1883 pus
1296 1840 1455 1873 dictarum
1492 1839 1626 1871 duarum
1663 1838 1941 1871 hebdomadarum

1202 1893 1426 1932 satisfecerint,
1451 1898 1507 1925 aut
1530 1902 1602 1924 cum
1625 1891 1773 1935 partibus
1807 1901 1942 1924 concor-

1203 1946 1357 1987 daverint,
1376 1946 1445 1979 ullo
1463 1945 1559 1978 modo
1577 1943 1744 1987 suffragari
1766 1954 1862 1988 posse
1887 1949 1942 1977 aut

1202 2000 1335 2033 debere.

1245 2054 1258 2096 ἓ
1283 2053 1312 2085 5.
1338 2052 1408 2085 Non
1427 2051 1630 2085 obstantibus
1649 2050 1940 2084 constitutionibus
1975 2059 2134 2082 Contrariorum

1202 2112 1235 2139 et
1269 2104 1529 2138 ordinationibus
1558 2103 1762 2146 apostolicis,
1790 2087 2068 2146 praese1·-d⁸‘⁰³³¹¹⁰'

1202 2160 1258 2192 tim
1277 2158 1392 2201 quibus
1414 2157 1548 2189 facultas
1575 2156 1774 2194 absolvendi,
1795 2156 1825 2188 in
1844 2156 1941 2189 certis

1202 2217 1276 2244 tunc
1301 2209 1463 2253 expressis
1488 2208 1624 2247 casibus,
1641 2209 1685 2240 ita
1704 2209 1847 2242 Romano
1862 2209 1943 2242 Pon·

1202 2264 1278 2297 tifici
1303 2274 1363 2307 pro
1389 2267 1536 2304 tempore
1569 2260 1717 2293 existenti
1747 2267 1940 2302 reservatur,

1200 2323 1234 2349 ut
1258 2327 1318 2349 nec
1338 2316 1432 2349 etiam
1457 2314 1578 2347 similes
1610 2314 1658 2346 vel
1685 2313 1860 2347 dissimiles
1885 2314 1942 2347 in-

1202 2369 1440 2412 dulgentiarum
1465 2372 1496 2400 et
1525 2367 1713 2399 facultatum
1750 2367 1940 2400 huiusmodi

1202 2422 1444 2461 concessioneS,
1463 2421 1524 2453 nisi
1543 2421 1581 2453 de
1603 2420 1666 2452 illis
1685 2430 1837 2463 expressa
1854 2430 1943 2453 men—

1203 2477 1247 2508 tio
1273 2481 1328 2508 aut
1352 2473 1501 2518 specialis
1519 2473 1684 2515 derogatio
1701 2472 1765 2511 fiat,
1790 2473 1942 2515 cuiquam

1201 2527 1369 2571 suflragari
1394 2533 1522 2571 queant,
1541 2536 1669 2559 necnon
1694 2527 1806 2569 regula
1828 2528 1941 2559 nostra

1238 2592 1250 2618 1
1271 2589 1421 2627 Praeposit.
1443 2597 1460 2618 a
1480 2597 1528 2616 nos
1548 2588 1671 2617 addimus
1691 2588 1729 2624 (R.
1751 2588 1802 2624 Ty).

2002 1107 2031 1127 De
2045 1107 2131 1137 casibus

1949 1136 2069 1156 reservatis.
