2254 3225
278 250 325 275 An.
342 248 371 276 C.
394 249 455 276 mot

282 2442 382 2462 tualibus.

509 239 574 273 392

468 308 543 330 neni
569 309 681 331 earum
706 297 791 331 Ordo
810 301 921 330 noster
945 297 1075 330 minime
1103 303 1204 329 tenea-

468 356 529 391 tur,
548 351 573 383 si
603 352 687 385 furto
704 352 754 384 vel
776 351 927 385 incendio
944 357 998 384 aut
1018 351 1126 394 quavis
1144 350 1205 383 alia

467 404 594 438 ratione
621 405 717 438 simili
743 404 842 448 periri
868 404 1052 446 contigerit.

512 467 569 490 vn.
595 457 749 497 Tandem,
768 457 792 489 si
812 455 1031 499 depositarius
1055 455 1170 498 aliquis
1188 465 1205 487 a

470 521 529 543 suo
555 510 709 543 exercitio
735 514 767 542 et
792 519 923 542 munere
956 508 998 540 sit
1028 508 1206 551 quomodo-

471 562 552 595 libet
577 562 750 605 impeditus
782 567 847 594 tam
871 572 930 605 per
953 561 1083 593 brevem
1109 570 1205 602 quam

471 615 656 647 diuturnam
682 625 829 654 moram,
857 615 976 647 clavem
1010 612 1149 655 depositi
1175 617 1205 644 et

471 666 657 699 exercitium
682 666 826 698 muneris
859 665 952 699 alteri
984 664 1074 698 fratri
1100 663 1206 697 consi-

472 724 559 760 gnet,
586 719 635 752 cui
662 730 696 751 se
717 719 849 751 credere
874 728 968 761 posse
994 718 1203 760 cognoverit,

470 773 591 815 illeque
605 782 733 805 omnem
753 772 821 804 eius
840 776 1034 815 potestatem
1050 771 1208 811 olitiuaeat,

471 825 573 867 sitque
599 825 762 857 subiectus
784 824 933 857 omnibus
959 823 1146 868 praedictis,
1166 823 1207 855 si-

471 883 526 910 cut
551 877 769 920 depositarius
798 877 877 919 ipse.

515 941 584 963 vni.
611 929 770 968 Quoniam
789 935 893 963 autem
912 930 1078 973 potissimo
1096 931 1134 962 ad
1154 930 1208 962 dc-

471 982 644 1025 positarios
661 983 775 1016 attinet
788 983 949 1015 bonorum
964 987 1142 1015 conventus
1157 983 1209 1014 lia-

472 1037 548 1068 bere
565 1044 749 1078 expressam
764 1035 920 1074 notitiam,
933 1046 966 1067 ar
980 1035 1082 1068 libros
1096 1044 1207 1068 eorum

471 1087 629 1130 dirigere,
657 1088 689 1119 in
710 1087 840 1130 illisque
857 1087 1034 1130 scripturas
1056 1092 1087 1120 et
1108 1097 1207 1121 novos

472 1141 729 1184 hypothecarum
747 1140 897 1173 dominos
915 1150 1137 1183 ceusuumque
1156 1151 1209 1174 no-

472 1198 540 1226 tare
555 1193 728 1231 debitores,
743 1192 788 1225 et¹
807 1192 846 1225 de
861 1192 984 1225 cunctis
1003 1197 1144 1226 exactam
1164 1204 1210 1226 ra·

475 1246 596 1278 tionem
623 1245 744 1279 habere
771 1250 801 1278 et
829 1245 966 1278 reddere
990 1246 1209 1286 valeant,una

473 1309 544 1330 cum
570 1299 834 1332 commendatore
859 1298 891 1331 in
909 1298 1066 1342 capitulo:
1089 1298 1209 1332 idcirco

474 1351 653 1391 statuimus,
670 1355 706 1382 ut
722 1361 806 1383 unus
824 1361 937 1384 eorum
955 1351 1060 1394 quiex
1079 1351 1209 1391 iudicio,

474 1404 610 1446 praelati
636 1404 710 1446 plus
735 1404 776 1436 sit
801 1404 940 1446 diligens
966 1409 996 1437 et
1021 1405 1160 1437 disertus
1177 1405 1209 1438 in

475 1457 620 1489 custodia
638 1462 669 1489 et
681 1456 797 1500 peritia
814 1458 1058 1500 scripturarum,
1072 1457 1210 1491 officium

475 1509 647 1542 archivarii
673 1515 831 1549 exerceat,
850 1515 881 1542 et
898 1510 942 1542 ita
959 1511 1078 1543 habeat
1095 1516 1210 1544 cuncta

474 1562 690 1595 instrumenta
716 1562 889 1605 disposita,
911 1563 1058 1596 ordinata
1084 1567 1114 1597 ct
1144 1575 1211 1597 ser-

473 1620 556 1655 vata,
576 1619 622 1655 ut,
644 1619 798 1658 quantum
817 1615 859 1648 sit
882 1615 1049 1659 possibile,
1069 1616 1209 1659 disperdi

474 1677 541 1700 non
573 1668 723 1700 valeant:
751 1668 870 1700 habeat
902 1668 987 1712 apud
1022 1679 1054 1701 se
1089 1670 1210 1702 clavem

475 1731 606 1763 semper
637 1721 788 1761 archivii,
813 1732 831 1754 a
856 1733 919 1765 quo
944 1723 1068 1755 nullum
1093 1723 1211 1755 instru-

475 1779 618 1807 mentum
634 1774 758 1807 extrahi
773 1776 950 1818 permittat,
964 1776 1026 1808 nisi
1042 1786 1099 1819 per
1111 1777 1209 1809 breve

476 1832 615 1870 tempus,
635 1828 815 1871 relictaque
829 1829 985 1861 memoria
1003 1829 1209 1866 extrahentis,

476 1881 514 1912 ad
540 1891 638 1923 quem
669 1880 765 1913 finem
798 1886 829 1913 et
860 1882 923 1925 quo
952 1883 1075 1915 deserat
1105 1882 1209 1916 illud:

475 1938 565 1965 curet
588 1933 713 1976 pariter
736 1938 770 1965 ut
794 1934 884 1966 locus
902 1934 942 1966 sit
966 1940 1057 1977 aptus
1076 1940 1106 1967 et
1124 1946 1211 1968 mun-

476 1985 533 2018 dus
558 1996 576 2018 a
600 1986 741 2028 pulvere,
769 1986 875 2027 tineis,
901 1987 1062 2020 vermibus
1088 1994 1119 2021 et
1143 1999 1211 2021 mu-

474 2038 582 2077 ribus,
606 2039 691 2072 unde
717 2040 894 2083 scripturas
919 2041 1049 2084 saepius
1076 2043 1209 2075 lacerari

475 2091 652 2134 contingit3
679 2102 716 2125 ae
741 2092 835 2125 nimis
860 2093 1016 2136 antiquas,
1036 2099 1209 2137 antequam

473 2144 604 2186 penitus
629 2145 767 2185 abeant,
799 2146 908 2178 denuo
933 2157 949 2178 a
975 2146 1040 2178 suis
1067 2147 1211 2189 origina-

474 2196 559 2229 libus
586 2197 752 2237 extrahat,
771 2198 820 2230 vel
846 2198 925 2231 illud
953 2199 1096 2231 medium
1123 2200 1211 2232 adlii-

474 2249 567 2289 beat,
594 2260 657 2293 quo
683 2251 722 2282 ad
749 2250 844 2283 tidem
870 2251 1034 2294 publicam
1060 2258 1211 2285 maneant

474 2313 602 2345 semper
625 2313 697 2335 cum
724 2303 857 2335 viribus.

316 2362 383 2402 circs
399 2361 440 2398 31.Δ
519 2365 541 2388 1.
568 2355 602 2387 In
628 2355 776 2398 quolibet
800 2361 970 2396 conventu,
992 2367 1051 2400 pro
1070 2357 1135 2389 suis
1154 2357 1211 2390 bo-

283 2394 525 2440 ..ff.1,.1st0‘.‘-'r'2i¹i—ssssnis
551 2407 782 2450 temporalibus
808 2408 951 2449 agendis,
972 2419 1056 2441 unus
1074 2412 1122 2442 vel
1141 2410 1211 2452 Plu-

476 2471 526 2493 res
551 2467 782 2504 procuratores
813 2461 976 2503 eligantur
1011 2461 1098 2494 iuxta
1130 2473 1210 2505 pon-

477 2513 536 2545 dus
555 2518 586 2547 et
606 2513 848 2547 multitudinem
873 2524 980 2546 rerum
998 2515 1206 2557 agendarum.
1229 2509 1231 2512 ’

512 2626 524 2657 ἰ
547 2628 639 2654 Potius
657 2628 716 2663 lege
733 2630 763 2655 ut
784 2628 822 2662 (n.
838 2627 887 2662 r).

1035 247 1213 274 nrtmnti'tl
1238 247 1393 272 noMANt'M

1249 297 1339 328 lllum
1365 300 1471 327 autem
1486 295 1536 328 vel
1561 295 1756 338 cospoterit
1774 295 1981 328 commenda·

1248 352 1299 380 tor
1323 347 1503 389 designare,
1522 348 1576 390 qui
1597 348 1698 390 magis
1724 349 1762 381 ad
1787 354 1888 381 arteni
1919 348 1980 380 sori

1248 400 1383 443 eiusque
1411 401 1573 433 tractanda
1598 401 1730 443 negotia
1753 401 1817 433 sint
1841 400 1978 440 habiles,

1248 453 1287 485 de
1312 462 1469 486 consensu
1496 453 1629 496 capituli
1660 453 1907 492 conventualis,
1940 454 1980 486 ad

1249 505 1335 548 quod
1361 506 1517 548 privative
1535 506 1677 549 pertinet
1692 516 1752 549 per
1770 505 1920 548 suffragia
1936 506 1981 538 vi-

1247 568 1303 591 vae
1320 558 1407 591 vocis
1429 559 1616 591 huiusmodi
1641 564 1869 602 procuratores
1894 558 1983 591 insti-

1249 616 1350 651 tuere,
1369 621 1440 644 cum
1461 612 1528 644 iure
1547 617 1578 644 et
1601 612 1752 644 facultate
1779 611 1857 655 ipsis
1878 612 1918 644 ab
1943 622 1981 644 eo

1249 664 1459 697 concedenda
1484 674 1542 707 pro
1573 665 1688 698 libito:
1720 664 1747 697 si
1778 665 1861 697 vires
1885 665 1982 697 unius

1249 717 1354 750 fratris
1385 717 1523 760 ponderi
1557 717 1737 757 sufficiant,
1765 718 1854 751 nullo
1883 719 1981 752 modo

1249 771 1493 804 commendator
1517 776 1747 813 procui—:iteres
1771 771 1982 814 multiplicet,

1250 833 1355 867 neque
1384 829 1551 867 praetextu
1584 825 1823 867 procurationis
1850 825 1982 858 fratrem

1250 876 1391 919 aIIquem
1429 877 1547 909 audeat
1586 878 1756 910 sublevare
1799 878 1838 910 ab
1877 878 1983 911 ostieio

1250 929 1342 962 chori
1361 935 1393 962 et
1411 930 1531 969 altaris,
1549 930 1686 974 aliisque
1706 936 1884 964 conventus
1907 941 1983 963 one-

1250 982 1359 1023 ribus;
1391 983 1472 1025 quo¹
1503 983 1530 1015 si
1559 993 1653 1015 secus
1682 983 1746 1024 siat,
1775 984 1984 1027 provincialis

1251 1036 1307 1066 sua
1331 1040 1490 1077 potestate
1517 1037 1678 1068 coerceat.

1295 1096 1330 1120 11.
1358 1087 1406 1119 Ab
1431 1086 1553 1120 eisdem
1585 1088 1850 1122 commendatore
1877 1093 1909 1121 ct
1935 1099 1987 1122 ca-

1251 1139 1368 1182 pitulo,
1395 1140 1575 1183 eodemque
1592 1141 1665 1180 ritu,
1688 1141 1895 1174 constituitur
1914 1152 1988 1185 pro-

1252 1197 1382 1225 curator
1407 1193 1632 1226 conventualis
1665 1194 1921 1237 redemptionis,
1946 1196 1987 1228 ad

1252 1255 1347 1288 quem
1373 1246 1515 1288 pertinet
1545 1245 1653 1278 omnia
1680 1247 1877 1289 captivorum
1902 1248 1987 1281 bona

1251 1298 1336 1332 intra
1355 1298 1509 1331 terminos
1535 1299 1581 1331 sui
1607 1304 1797 1340 conventus,
1816 1301 1866 1333 vel
1887 1301 1989 1334 unde-

1253 1361 1379 1394 quaque
1398 1351 1437 1384 ad
1456 1360 1529 1384 eum
1543 1352 1734 1394 spectantia,
1753 1352 1891 1386 sollicite
1911 1364 1988 1396 pro-

1253 1415 1366 1437 curare
1387 1409 1418 1438 et
1442 1405 1583 1447 exigere.
1604 1405 1803 1448 Cuicumque
1821 1412 1927 1438 autem
1949 1417 1986 1439 ex

1253 1457 1345 1490 dictis
1364 1458 1630 1500 procuratoribus
1652 1458 1900 1491 instrumentum
1916 1469 1988 1502 pro-

1252 1509 1427 1542 curationis
1460 1510 1682 1542 autlientieum
1719 1511 1899 1554 respective
1934 1511 1988 1543 tri-

1252 1562 1370 1595 buatur
1393 1573 1410 1595 a
1435 1568 1612 1602 conventu,
1637 1574 1710 1595 cum
1747 1566 1783 1596 ea
1816 1564 1986 1604 facultate,

1253 1627 1333 1660 quae
1359 1626 1417 1659 pro
1443 1616 1686 1658 opportunitate
1719 1617 1785 1649 risa
1813 1617 1912 1650 fuerit
1935 1628 1989 1651 ex-

1252 1669 1376 1712 pedire.
1403 1669 1470 1702 Illis
1489 1679 1564 1701 vero
1584 1669 1676 1701 enixe
1701 1670 1909 1713 pracipimus,
1928 1671 1987 1703 sub

1253 1724 1357 1765 poena
1383 1721 1540 1764 gravioris
1566 1723 1692 1765 eulpae,
1715 1724 1855 1755 utnulla
1878 1734 1912 1756 se
1938 1734 1988 1756 ra-

1254 1775 1338 1807 tione
1366 1775 1550 1807 distendant
1574 1775 1606 1807 in
1632 1774 1770 1807 aliorum
1789 1776 1919 1818 negotia
1935 1787 1989 1809 ex-

1253 1833 1300 1859 tra
1325 1828 1476 1861 Ordinem
1502 1829 1720 1870 procuranda.
1749 1827 1838 1867 Quod
1869 1829 1894 1862 si
1925 1830 1988 1862 alia

1254 1881 1365 1913 domus
1389 1886 1498 1913 nostra
1523 1880 1590 1913 eius
1614 1882 1845 1924 procuratione
1864 1883 1988 1925 specia-

1253 1934 1327 1966 liter
1352 1934 1513 1976 indigeat,
1539 1945 1607 1966 caui
1635 1945 1799 1978 nunquam
1825 1940 1984 1976 assumat,

1253 1988 1314 2019 nisi
1342 1988 1379 2019 de
1405 1987 1536 2019 licentia
1561 1987 1787 2030 provincialis,
1817 1989 1856 2020 ab
1882 1999 1987 2031 eoque

1252 2045 1345 2071 autea
1371 2040 1539 2082 perpensis
1565 2049 1639 2072 suae
1665 2039 1838 2082 primariae
1864 2041 1988 2083 obliga-

1254 2092 1350 2124 tionis
1376 2092 1542 2130 oneribus,
1559 2102 1599 2124 ne
1619 2097 1707 2123 extra
1725 2092 1812 2124 illam
1833 2092 1928 2124 nimis
1947 2094 1986 2126 ad

1253 2146 1315 2177 :xlia
1340 2145 1504 2187 dispersus
1534 2154 1610 2177 suae
1643 2144 1850 2178 obedientiae
1876 2150 1907 2177 ct
1931 2145 1987 2178 do-

1253 2198 1318 2230 mui
1345 2208 1408 2229 non
1435 2197 1581 2230 sulliciat.

1297 2261 1343 2284 111.
1373 2250 1603 2283 Procuratores
1629 2255 1744 2291 autem,
1767 2251 1842 2284 duni
1871 2252 1987 2292 suerint

1253 2303 1284 2335 in
1310 2303 1426 2336 actuali
1446 2303 1599 2335 exercitio
1618 2303 1664 2335 sui
1683 2304 1834 2343 muneris,
1855 2314 1919 2336 non
1942 2310 1987 2337 te-
2006 2324 2010 2328 -

1254 2361 1391 2389 neautur
1417 2356 1520 2389 officie
1547 2356 1769 2388 hebdomadae
1795 2357 1986 2396 autumaris,

1253 2415 1284 2441 et
1309 2420 1403 2440 uuam
1430 2419 1490 2452 pro
1515 2419 1550 2441 se
1577 2408 1717 2448 missam,
1732 2415 1860 2451 praeter
1877 2419 1894 2441 a
1912 2420 1986 2442 con-

1253 2462 1419 2494 stitutione
1445 2461 1640 2503 assignatam
1673 2461 1832 2493 universis
1856 2462 1985 2505 presby-

1254 2514 1338 2551 teris,
1357 2513 1522 2546 celebrare
1542 2519 1696 2556 poterunt
1721 2514 1751 2546 in
1778 2514 1914 2557 singulis
1937 2524 1983 2546 se-

1253 2566 1414 2610 plinianis.

1290 2629 1300 2654 1
1324 2627 1416 2663 Aptius
1436 2627 1494 2662 lege
1514 2627 1590 2662 quod
1611 2631 1645 2658 (Β.
1667 2627 1718 2662 Τ.).

1985 245 2035 275 An.
2057 247 2085 276 C.
2104 247 2167 275 :coi
