2254 3225
212 211 264 237 An.
286 210 314 237 c.
333 208 400 236 ¹690
445 199 509 232 150

977 202 1153 227 nt'Lmntt'it
1179 200 1330 224 nosrtNt'M

401 257 434 289 in
460 267 556 300 supra
580 255 750 289 enunciato
776 255 906 287 decreto
942 252 1035 284 nobis
1061 261 1134 282 con-
1176 248 1350 279 tentionem
1381 245 1559 283 destinata,
1590 246 1766 288 applicata,
1798 246 1907 278 incor-

403 319 532 349 cessae,
557 309 713 347 volentes,
737 318 797 350 pro
823 307 934 338 nostra
958 304 990 335 in
1017 303 1132 333 dictum

403 361 556 394 Ordinem
581 360 794 403 protectione,
819 357 951 400 speciali
979 354 1079 397 [ῥιπαὶ-ξι
1104 358 1134 384 ct

404 414 511 446 favore
536 423 609 446 eum
634 412 804 455 prosequi,
832 410 907 442 visis
939 404 1133 440 authenticis

404 466 608 499 documentis
644 465 736 498 nobis
761 462 922 500 exhibitis,
947 471 984 492 ac
1008 468 1067 501 per
1090 457 1134 488 vi-

403 528 508 551 suram
532 518 617 551 veris
642 517 779 560 repertis
804 514 951 551 narratis,
976 516 1051 553 post
1070 519 1134 540 ma-

405 576 509 603 turam
531 571 578 603 rci
597 570 840 608 discussionem,
857 564 1045 599 auctoritate
1062 573 1135 604 apo-

404 624 536 664 stolica,
576 634 639 666 qua
674 621 835 664 fungimur
870 619 901 650 in
939 618 1000 649 bac
1023 619 1132 657 parte,

405 677 512 710 omnia
544 682 575 709 et
598 676 724 717 singula
754 677 824 705 acta
849 676 879 703 et
902 669 1079 711 scripturas
1104 671 1135 698 et

403 729 618 761 instrumenta
635 725 855 761 donationum,
879 719 1134 757 concessionum,

403 782 561 814 unionum
586 786 617 813 et
639 776 938 820 incorporationum
969 771 1134 815 praedicto

405 835 541 875 collegio
563 838 593 865 et
608 829 807 864 universitati
826 840 842 861 a
856 831 1016 860 conventu
1031 824 1061 856 S.
1078 824 1135 855 Pe-

406 887 444 918 tri
478 884 621 928 Martyris
654 882 787 915 civitatis
819 878 980 917 Quitensis
1006 875 1059 909 et'
1086 886 1136 908 ca-

405 938 507 980 pitulo
546 934 736 979 provinciali
767 932 912 965 eiusdem
951 927 1135 971 provinciae

405 1001 441 1021 ac
466 988 610 1031 generali
637 987 733 1019 totius
758 983 887 1017 Ordinis
919 981 1134 1022 fratribusque

405 1040 657 1083 particularibus
671 1038 703 1070 in
717 1036 888 1069 utilitatem
906 1032 1064 1076 praedicti
1076 1033 1136 1064 col-

406 1093 480 1134 legii
495 1098 526 1125 et
538 1092 624 1124 illius
640 1089 861 1122 fundationem
875 1087 1027 1119 saetarum
1043 1090 1074 1117 ct
1087 1095 1137 1127 ap-

406 1145 605 1187 plicatarum,
623 1154 641 1175 a
658 1143 709 1174 die
726 1152 803 1174 xvin
827 1139 953 1182 augusti
977 1148 1135 1172 MDCLxxiu

405 1207 507 1239 usque
542 1197 581 1228 ad
606 1199 812 1238 praesentem
839 1193 934 1231 diem,
971 1201 1043 1224 cum
1069 1190 1135 1222 suis

406 1249 559 1282 clausulis
584 1251 614 1281 et
631 1246 870 1280 conditionibus
894 1254 975 1287 quae
996 1243 1027 1275 in
1049 1242 1136 1283 actis⁷

407 1300 574 1343 scripturis
593 1305 624 1333 et.
640 1295 1056 1331 instrumentishuiusmodi
1068 1305 1138 1327 con-

407 1353 558 1391 tinentur,
584 1361 719 1394 quorum
757 1355 887 1382 tenores
911 1347 1024 1380 haberi
1049 1348 1139 1379 volu-

407 1415 476 1436 mus
501 1404 553 1435 hic
583 1413 641 1445 pro
674 1401 845 1444 expressis,
870 1400 1085 1443 approbamus
1110 1405 1141 1431 et

408 1456 645 1494 confirmamus,
668 1455 840 1487 laudamus
873 1464 908 1486 ac
938 1453 1064 1485 roboris
1088 1452 1140 1484 sir-

408 1509 515 1541 mitate
540 1507 708 1546 munimus,
735 1506 861 1539 etiamsi
886 1505 918 1537 in
943 1505 1008 1537 illis
1033 1515 1140 1537 serva-

409 1567 459 1594 tae
483 1571 547 1593 non
585 1559 706 1592 suerint
740 1558 959 1591 solemnitates
991 1567 1008 1589 a
1041 1557 1139 1589 sacris

410 1613 586 1646 canonibus
610 1617 642 1644 et
665 1610 792 1643 Ordinis
816 1610 918 1653 ipsius
938 1609 1142 1642 constitutio-

410 1666 506 1698 nibus
525 1664 753 1703 demandatae3
769 1662 931 1705 quoniam,
946 1662 985 1694 ad
1004 1662 1140 1694 validum

411 1717 596 1750 earumdem
633 1716 797 1755 effectum,
823 1714 1009 1747 auctoritate
1033 1725 1141 1746 sacrae

411 1768 696 1811 Congregationiffi
725 1768 756 1800 in
782 1767 828 1799 eis
850 1767 1085 1809 dispensamus,
1112 1772 1143 1799 et

414 1828 476 1855 tam
512 1822 665 1854 fratribus
697 1820 773 1853 dicti
801 1826 977 1852 conventus
1001 1819 1032 1852 S.
1060 1819 1141 1852 Petri

413 1875 567 1918 Martyris,
585 1875 718 1917 eiusque
736 1879 767 1906 et
787 1873 972 1917 provinciae
994 1872 1144 1915 praelatis

415 1934 446 1961 et
469 1927 691 1970 superioribus
716 1925 940 1969 praesentibus
965 1930 995 1957 et
1020 1925 1145 1965 suturis⁷

416 1991 509 2024 quam
535 1979 696 2023 quibusvis
721 1978 790 2011 aliis
821 1977 969 2021 personis
995 1977 1144 2010 adversus

417 2033 487 2065 illas
505 2031 636 2065 omnino
658 2032 835 2064 reclamare
852 2030 1080 2072 prohibc1nus3
1099 2040 1147 2062 ra-

419 2091 529 2128 tasque
565 2085 723 2118 habentes
759 2093 870 2116 omnes
911 2083 1056 2116 licentias
1091 2093 1149 2125 per

419 2137 603 2180 superiores
640 2136 768 2169 Ordinis
808 2141 839 2168 et
876 2135 1016 2178 capitula
1053 2145 1150 2177 supra

420 2190 588 2223 enunciata
624 2189 656 2221 in
687 2189 823 2231 gratiam
848 2188 992 2220 eiusdem
1023 2187 1149 2229 collegii

422 2242 511 2274 datas
537 2247 629 2284 atque
647 2251 828 2280 concessas,
849 2241 936 2272 bona
953 2239 1063 2272 omnia
1088 2244 1149 2271 tam

421 2294 551 2327 mobilia
584 2305 678 2337 quam
715 2293 892 2326 immobilia
928 2292 1077 2336 superius
1102 2302 1153 2324 ex-

423 2357 543 2390 pressa,
569 2351 730 2388 tamquam
754 2347 838 2378 bona
856 2345 941 2377 dicto
959 2344 1097 2386 collegio
1115 2344 1152 2376 ad

424 2398 510 2430 illius
526 2398 752 2436 fundationem,
769 2398 1009 2430 moderatorum
1029 2401 1155 2428 susten-

385 2466 387 2468 >
427 2450 588 2489 tationem,
614 2451 831 2492 professorum
854 2449 1039 2490 theologiae
1065 2453 1096 2481 et
1119 2459 1154 2480 u-

1174 305 1306 342 porata‚
1343 298 1447 336 unita,
1485 297 1636 330 attributa
1669 303 1700 331 et
1735 298 1906 341 acquisita,

1175 351 1328 390 alienari,
1365 350 1500 382 distrahi
1537 355 1569 383 et
1604 351 1748 393 separari
1788 361 1904 394 posse,

1174 402 1378 435 alienationis
1418 402 1515 435 etiam
1553 404 1710 436 vocabulo
1750 403 1906 436 latissime

1175 461 1314 498 sumpto,
1340 465 1545 502 quocumque
1570 461 1747 498 praetextu,
1773 455 1908 488 interdi-

1175 507 1285 547 cimus,
1300 509 1360 540 sub
1374 508 1489 551 poenis
1502 514 1613 541 contra
1629 509 1806 541 alienantes
1822 509 1908 542 bona

1175 560 1336 593 Ecclesiae
1361 571 1377 592 a
1402 561 1501 593 sacris
1520 561 1698 593 canonibus
1716 567 1748 594 et
1764 562 1839 594 dicti
1856 561 1908 594 Or-

1176 613 1259 645 dinis
1276 614 1558 647 constitutionibus
1580 614 1709 646 indictis
1731 620 1762 647 et
1777 614 1908 647 commi-

1176 665 1269 697 natis.
1289 665 1552 712 Quibuscumque
1570 666 1602 698 in
1623 666 1822 699 contrarium
1841 676 1907 699 non

1177 718 1391 751 obstantibus.
1424 720 1536 752 Datum
1566 730 1602 751 ex
1628 719 1762 752 aedibus
1791 720 1908 752 nostris

1178 771 1237 802 hac
1263 771 1313 802 die
1338 781 1387 804 xlx
1408 771 1513 803 martii
1531 781 1747 805 MDCLxxxvut.
1766 771 1907 804 Palutius

1177 822 1349 856 cardinalis
1369 833 1411 855 DE
1429 824 1578 856 ALTERus
1594 828 1757 866 protector
1781 836 1812 856 n.
1832 823 1909 856 Cum

1177 880 1295 914 autem,
1323 875 1406 907 sicut
1423 875 1527 907 dictus
1543 875 1684 917 ignatius
1710 876 1799 918 prior
1815 876 1909 909 nobis

1178 937 1281 970 nuper
1306 927 1421 970 exponi
1455 927 1538 967 secit,
1565 928 1636 970 ipse
1662 928 1830 961 decretum
1855 929 1910 961 hu-

1178 980 1326 1017 iusmodi,
1362 990 1426 1022 quo
1461 980 1583 1013 firmius
1607 981 1762 1014 subsistat
1787 987 1819 1014 et
1843 991 1911 1014 ser-

1177 1038 1267 1065 vetur
1291 1032 1441 1071 exactius,
1467 1033 1664 1075 apostolicae
1696 1033 1912 1066 confirmatio-

1178 1084 1228 1116 nis
1252 1090 1380 1117 nostrae
1404 1085 1586 1127 patrocinio
1611 1085 1803 1117 communiri
1829 1095 1913 1117 surn-

1177 1147 1309 1179 mopere
1334 1137 1518 1169 desideret:
1538 1147 1607 1177 nos⁷
1626 1136 1730 1179 ipsum
1755 1137 1911 1179 lgnatium

1179 1193 1422 1232 procuratorem
1457 1190 1652 1232 specialibus
1687 1190 1852 1223 favoribus
1882 1194 1915 1222 et

1180 1242 1290 1284 gratiis
1314 1242 1465 1284 prosequi
1490 1243 1646 1281 volenteS,
1667 1246 1697 1275 et
1714 1253 1731 1275 a
1749 1243 1912 1285 quibusvis

1180 1294 1529 1334 excommunicationis,
1567 1295 1788 1338 suspensionis
1813 1301 1845 1328 et
1868 1296 1915 1327 in-

1181 1347 1317 1385 terdicti,
1331 1347 1467 1390 aliisque
1490 1347 1716 1380 ecclesiasticis
1734 1348 1913 1387 sententiis,

1182 1399 1324 1433 censuris
1349 1404 1381 1432 et
1404 1399 1530 1442 poenis,
1558 1410 1574 1432 a
1599 1399 1668 1432 iure
1703 1400 1751 1432 vel
1778 1400 1818 1432 ab
1855 1400 1915 1432 ho-

1182 1453 1279 1491 mine,
1305 1452 1416 1494 quavis
1442 1451 1611 1484 occasione
1636 1453 1687 1485 vel
1713 1455 1806 1485 causa
1831 1453 1915 1492 latis,

1183 1505 1206 1537 si
1233 1504 1348 1547 quibus
1373 1503 1621 1546 quomodolibet
1644 1504 1818 1536 innodatus
1854 1504 1916 1536 exi-

1183 1557 1247 1596 stit,
1273 1557 1310 1588 ad
1337 1555 1485 1588 effectum
1509 1556 1727 1598 praesentium
1754 1556 1916 1592 dumtaxat

1184 1608 1460 1652 consequendum,
1477 1608 1592 1640 harum
1609 1609 1693 1641 serie
1711 1609 1914 1641 absolventes

1184 1669 1214 1695 et
1239 1662 1421 1694 absolutum
1447 1661 1514 1693 fore
1539 1666 1716 1699 censentes,
1753 1661 1916 1703 supplica-

1185 1715 1326 1748 tionibus
1353 1714 1420 1747 eius
1444 1714 1573 1746 nomine
1605 1714 1699 1746 nobis
1733 1724 1831 1756 super
1855 1714 1916 1746 hoc

1185 1768 1351 1800 humiliter
1374 1766 1536 1809 porrectis
1562 1766 1716 1805 inclinati,
1737 1766 1918 1808 praeinser-

1186 1827 1250 1853 tum
1277 1819 1352 1852 dicti
1377 1818 1492 1851 Palutii
1517 1818 1689 1850 cardinalis
1724 1818 1917 1860 protectoris

1186 1875 1364 1912 decretum,
1399 1871 1573 1913 omniaque
1609 1876 1640 1903 ct
1664 1871 1790 1912 singula
1822 1870 1853 1903 in
1879 1880 1917 1904 eo

1188 1929 1348 1964 contenta,
1374 1923 1567 1956 auctoritate
1592 1925 1704 1955 nostra
1727 1923 1918 1966 apostolica,

1189 1985 1299 2012 tenore
1323 1976 1551 2020 praesentium⁷
1570 1975 1796 2008 confirmamus
1816 1981 1848 2009 et
1867 1987 1920 2019 ap-

1189 2031 1379 2075 probamus,
1413 2027 1525 2070 illique
1558 2028 1755 2060 inviolabilis
1791 2034 1919 2071 aposto-

1190 2085 1269 2117 licae
1284 2080 1440 2114 firmitatis
1454 2081 1551 2112 robur
1564 2079 1742 2119 adiicimus,
1759 2090 1795 2112 ac
1808 2090 1920 2113 omnes

1192 2142 1223 2170 et
1245 2134 1390 2176 singulos
1414 2133 1490 2165 iuris
1515 2136 1545 2165 et
1562 2132 1635 2164 sacti
1653 2132 1803 2171 desectus,
1821 2133 1845 2164 si
1865 2133 1919 2175 qui

1193 2189 1333 2229 desuper
1376 2183 1624 2227 quomodolibet
1665 2183 1920 2225 intervenerint,

1194 2239 1393 2282 supplemus.
1423 2236 1639 2268 Decernentes
1672 2235 1802 2268 easdem
1830 2246 1923 2278 prae-

1195 2296 1303 2323 sentes
1319 2289 1442 2322 litteras
1459 2287 1576 2327 sirmas,
1588 2288 1711 2320 validas
1729 2293 1762 2320 et
1776 2287 1923 2320 efficaces

1195 2343 1333 2376 existere
1345 2346 1376 2373 et
1389 2341 1467 2379 sore,
1479 2351 1620 2382 suosque
1632 2339 1795 2383 plenarios
1804 2346 1835 2373 et
1847 2341 1924 2373 inte-

1195 2404 1270 2438 gros
1286 2393 1416 2426 effectus
1434 2392 1541 2425 sortiri
1559 2397 1590 2424 et
1606 2393 1769 2432 obtinere,
1788 2402 1824 2424 ac
1840 2393 1924 2426 dicto

1195 2446 1332 2489 collegio
1356 2446 1388 2477 in
1413 2445 1562 2477 omnibus
1587 2450 1619 2477 et
1645 2455 1704 2488 per
1726 2445 1833 2477 onmia
1857 2446 1925 2487 ple-

427 2501 570 2543 triusque
606 2501 682 2533 iuris
718 2502 1011 2534 cathedraticorum
1044 2509 1154 2532 manu-
1197 2499 1327 2532 nissime
1348 2496 1534 2539 suffragari,
1559 2497 1718 2540 sic-quein
1737 2497 1925 2540 praemissis

447 2563 475 2605 ΔΑ1
497 2561 567 2588 Edit.
589 2562 670 2589 Mein.
692 2562 772 2590 habet
791 2562 820 2589 S.
843 2571 890 2598 pro
910 2565 935 2589 el
955 2562 992 2596 (tt.
1010 2561 1059 2596 T.).

1198 2561 1256 2594 per
1280 2560 1498 2594 quoscumque
1530 2549 1652 2582 iudices
1678 2549 1860 2582 ordinarios
1895 2554 1927 2583 et

1913 197 1931 224 A
1937 206 1963 226 n.
1984 198 2012 225 C.
2029 199 2097 226 1090
