2254 3225
219 225 267 252 Αιι.
286 224 314 251 c.
339 225 407 253 1690
453 215 494 248 ⁶26

218 526 223 530 .
272 500 401 521 Permittitur

218 533 268 551 mei-i
294 528 401 552 pluralitas

218 554 375 574 bendictorum.

246 1664 367 1683 humantur
390 1668 401 1682 a

219 1696 240 1708 ri*
256 1691 339 1710 itti-nun,
366 1690 401 1709 du-

220 1720 278 1734 rante
295 1716 400 1736 faiiiiltaii-

220 1744 270 1762 iaie.

411 275 562 307 facultate
587 272 742 312 suffultos,
769 271 848 305 alias
873 280 969 313 quam
994 273 1028 300 ut
1055 277 1148 310 prae-

411 328 525 369 fertur,
544 326 674 360 valeatis
691 324 860 363 coarctari,
880 321 1032 366 quamdiu
1050 319 1148 352 servi-

411 382 464 415 tiis
488 381 607 414 nostris
632 379 813 413 institeritis
838 378 1012 414 dumtaxat,
1038 372 1148 406 eximi-

412 447 484 469 mus
510 441 542 469 et
565 436 755 468 liberamus.

456 490 471 532 ξ
496 489 527 522 5.
556 489 601 521 Ad
627 488 710 520 haec
733 485 897 519 vobiscum
924 487 954 514 et
979 490 1050 513 cum
1072 489 1148 521 quo·

412 543 492 576 libet
504 547 646 575 vestrum
659 539 849 582 respective,
861 536 908 568 ut¹
924 542 1147 577 quaecumque

413 598 477 630 duo
502 594 671 629 dissimilia
696 593 746 625 vel
764 589 922 633 simplicia
946 586 1065 619 similia
1089 585 1148 617 sub

412 649 548 691 singulis
592 647 694 679 tribus
738 644 829 677 tectis
873 648 1148 684 quarumcumque

413 703 509 735 trium
534 699 779 736 cathedralium,
813 695 909 728 etiam
934 691 1149 734 metropolita—

413 766 536 794 narum,
563 759 617 786 aut
633 752 767 784 aliarum
789 748 885 781 etiam
902 745 1147 787 collegiatarum

414 808 622 842 ewtesiarum
648 802 873 840 consistentia,
899 798 1024 832 etiamsi
1049 808 1146 829 unum

414 873 449 894 ex
477 861 540 893 illis
566 858 715 892 omnibus
733 866 803 888 cum
821 855 907 891 cura,
927 857 981 883 alit
999 850 1147 892 dignitas,

414 915 508 947 etiam
534 912 634 945 maior
663 915 695 943 et
719 906 919 952 principaliS,
939 903 1147 937 canonicatus

414 973 440 999 et
466 965 663 1010 praebenda,
690 964 889 1005 personatus,
910 956 1147 990 administratio

411 1021 461 1052 vel
494 1018 633 1051 officium
670 1014 778 1051 fuerit,
804 1017 833 1045 et
870 1011 910 1043 ad
947 1009 1147 1052 dignitatem,

412 1075 630 1115 personatum,
656 1065 967 1100 administrationem
998 1063 1047 1094 vel
1080 1061 1148 1094 offi—

413 1125 496 1157 cium
524 1120 707 1155 huiusmodi
745 1116 950 1151 consueverit
984 1114 1055 1158 quis
1091 1125 1148 1157 per

413 1177 604 1211 electionem
622 1173 748 1212 assumi,
769 1172 863 1214 eique
889 1180 965 1202 cura
990 1168 1085 1201 etiam
1106 1167 1147 1199 iu-

412 1228 640 1264 risdictionalis
659 1225 827 1259 immineat
845 1224 1034 1262 animarum,
1053 1221 1077 1254 si
1096 1221 1148 1254 ali-

412 1283 461 1315 cui
481 1288 624 1315 vestrum
645 1280 722 1312 alias
746 1277 900 1310 canonice
933 1275 1147 1314 conferantur,

412 1342 465 1369 aut
490 1336 627 1379 quisque
654 1338 795 1365 vestrum
821 1331 970 1373 eligatur,
996 1338 1149 1372 praescn-

413 1396 498 1423 tetur
517 1394 571 1422 aut
591 1388 669 1420 alias
693 1390 876 1419 assumatur
894 1384 932 1416 ad
952 1383 1019 1421 illa,
1046 1387 1079 1414 et
1102 1381 1150 1413 in-

411 1444 559 1475 stituatur
579 1442 609 1473 in
636 1441 696 1480 eis,
721 1439 882 1481 recipere,
907 1442 951 1475 et,
977 1436 1149 1469 dummodo

412 1498 467 1531 illa
485 1496 591 1530 onmia
614 1496 692 1537 (uno
711 1492 860 1535 excepto>
879 1490 1086 1534 personalem
1104 1499 1152 1521 re-

413 1550 583 1584 sidentiam
602 1558 667 1581 non
686 1546 862 1589 requirant,
880 1544 1022 1583 insimul,
1042 1543 1148 1586 quoad

412 1602 564 1640 vixeritis,
590 1601 755 1639 retinere3

457 1658 471 1699 ξ
489 1656 519 1688 r».
542 1655 672 1687 Necnon
691 1653 797 1693 etiam,
817 1650 970 1694 quamdiu
989 1648 1083 1682 nobis
1108 1649 1151 1681 in-

413 1708 586 1743 servieritis
612 1711 744 1744 tantum,
764 1705 795 1737 in
815 1702 982 1736 beneticiis
1000 1701 1151 1734 ecclesia-

412 1763 510 1801 sticis,
536 1761 630 1794 etiam
657 1758 778 1792 curatis
809 1759 898 1799 (non
925 1762 1031 1788 tamen
1056 1765 1150 1798 paro-

413 1816 585 1854 chialibus,
620 1823 680 1845 nec
711 1811 833 1845 curatis
866 1810 940 1842 cura
972 1807 1148 1840 animarum

412 1866 725 1912 parochianorum),
750 1874 809 1907 per
840 1873 895 1896 vos
920 1872 979 1904 pro
1005 1866 1149 1903 tempore

412 1921 589 1964 respective
615 1918 767 1956 obtentis,
795 1916 891 1950 ctiam
918 1916 957 1948 de
982 1914 1060 1954 iure,
1089 1920 1150 1946 sta-

413 1981 494 2013 tuto,
519 1972 706 2006 fundatione
731 1972 778 2003 vel
800 1968 968 2013 privilegio
994 1979 1150 2011 persona-

414 2030 476 2062 lem
510 2026 716 2060 residentiam
749 2023 1001 2066 requirentilnis,
1026 2022 1149 2054 etiamsi

415 2082 587 2124 dignitates
626 2080 658 2111 in
698 2076 844 2111 eeclesiis
884 2075 1147 2115 cathedralibus,

416 2136 509 2167 etiam
536 2131 805 2175 metropolitanis,
830 2134 904 2172 post
928 2127 1148 2171 pontificalem

416 2188 569 2226 maiores,
594 2191 626 2218 et
650 2183 828 2226 collegiatis
862 2180 1008 2214 ecclesiis
1038 2181 1149 2213 huius-

415 2241 501 2274 modi
537 2239 735 2284 principales
770 2236 898 2275 snei-int,
934 2234 1150 2278 personaliter

415 2294 556 2327 residere
582 2303 645 2325 non
671 2289 856 2329 teneamini,
887 2298 947 2321 nec
980 2298 1038 2330 per
1063 2287 1150 2319 loco—

415 2358 485 2380 rum
510 2345 702 2383 Ordinarios,
722 2349 776 2376 aut
800 2341 1010 2375 ecclesiarum
1025 2350 1150 2373 earnm-

415 2402 487 2433 dem
510 2399 660 2442 capitula,
683 2408 737 2430 seu
760 2395 889 2439 quosvis
906 2394 997 2433 alios,
1014 2393 1053 2426 ad
1072 2393 1150 2425 resi-

416 2454 556 2487 dendum
583 2450 710 2484 interim
737 2450 768 2482 in
794 2449 857 2483 illis
877 2448 976 2480 invite
997 2446 1149 2488 compelli

416 2506 555 2550 possitis,
581 2514 755 2546 omnesque
789 2508 821 2535 et
852 2502 998 2544 singulos
1030 2499 1151 2533 nihilo-

415 2560 521 2592 minus
546 2565 724 2591 vestrorum
743 2556 977 2589 beneficiorum
1002 2554 1150 2587 obtento-

454 2623 463 2649 l
488 2620 552 2647 Male
573 2619 615 2647 ed.
630 2619 708 2646 Main.
726 2619 790 2655 logii
807 2621 831 2645 et
849 2626 896 2654 pro
916 2620 944 2645 nl
960 2617 996 2652 (n.
1013 2616 1062 2651 τ.).

995 219 1126 243 Bt'LLARt
1133 218 1171 241 UM
1198 216 1349 239 ROMANUM

1933 210 1985 236 An.
2003 208 2030 236 C.
2053 209 2121 236 1an

1191 275 1261 296 rum
1286 264 1420 301 fruetus,
1446 260 1590 294 redditus
1609 264 1641 292 et
1657 264 1842 302 proventus,
1869 260 1927 292 du-

1190 322 1280 350 rante
1305 315 1434 348 servitio
1460 314 1636 357 praedicto,
1653 325 1725 347 cum
1744 317 1781 348 ea
1798 315 1928 358 integri-

1191 375 1254 402 tate
1281 367 1587 411 (distributionibus
1613 368 1810 411 quotidianis
1836 369 1930 401 dum-

1192 428 1277 456 taxat
1302 421 1464 464 exceptis)
1497 432 1570 454 cum
1596 433 1659 464 qua
1682 422 1757 455 illos
1782 422 1928 465 percipe-

1190 477 1285 515 retis,
1310 475 1336 507 si
1361 475 1393 507 in
1424 474 1547 507 eisdem
1574 474 1719 508 ecclesiis
1750 475 1816 507 sive
1846 475 1927 508 locis

1191 527 1406 571 personaliter
1434 527 1633 567 resideretis,
1657 527 1839 570 percipere,
1865 527 1929 559 exi-

1191 592 1266 624 gere
1292 586 1324 613 et
1347 581 1476 620 levare;

1234 634 1248 676 ᾖ
1275 634 1304 666 7.
1332 634 1376 666 Ac
1406 633 1547 673 interim,
1572 634 1621 667 vel
1647 633 1866 677 postmodum,
1900 633 1926 666 si
1951 646 2061 676 incute„
2090 651 2121 666 re-

1190 688 1367 729 volueritis,
1393 688 1424 720 in
1457 688 1602 721 Romana
1635 687 1729 721 Curia
1757 688 1806 720 vel
1840 674 2047 720 ext=·a1⁶.'0¹}'¹'.f'‹‘l‡‹a
2066 674 2122 729 {1221}

1191 752 1268 781 eam,
1291 752 1308 773 a
1324 752 1536 784 quocumque,
1556 751 1652 784 quem
1671 740 1861 781 malueritis,
1880 729 2026 773 cit-Ei'xi'via‘ii
2040 733 2084 747 ⁵⁰¹⁰
2099 726 2122 746 '¹'

1192 793 1312 827 tholico
1338 793 1480 827 antistite
1506 794 1641 837 gratiam
1673 799 1705 826 et
1730 794 1929 827 communio-

1190 858 1263 880 nem
1289 847 1434 881 eiusdem
1461 847 1548 880 sedis
1573 848 1728 886 habente,
1747 858 1844 890 quem
1870 847 1928 880 du-

1191 900 1299 933 xeritis
1325 900 1529 943 eligendum,
1557 900 1596 933 ad
1623 911 1735 933 omnes
1761 900 1856 932 etiam
1882 911 1929 933 sa-

1189 964 1261 987 cros
1286 959 1318 987 et
1341 955 1584 997 presbyteratus
1609 953 1741 986 ordines
1763 953 1926 996 aliquibus

1191 1007 1291 1040 tribus
1314 1006 1486 1040 dominicis
1507 1008 1557 1039 vel
1576 1006 1646 1039 aliis
1669 1006 1789 1040 festivis
1815 1006 1928 1039 diebus

1191 1061 1287 1092 etiam
1306 1065 1396 1092 extra
1415 1064 1563 1102 tempora
1581 1070 1598 1092 a
1618 1059 1688 1092 iure
1707 1065 1836 1099 statuta,
1855 1070 1927 1102 pro-

1190 1113 1252 1157 prii
1282 1113 1443 1146 Ordinarii
1468 1118 1520 1144 aut
1546 1112 1685 1145 cuiusvis
1718 1113 1852 1145 alterius
1884 1113 1925 1145 li-

1190 1167 1296 1200 centia
1313 1167 1457 1208 desuper
1474 1165 1604 1198 minime
1623 1165 1790 1209 requisita,
1807 1166 1831 1198 si
1851 1166 1927 1198 alias

1190 1221 1227 1253 ad
1254 1221 1285 1252 id
1311 1219 1421 1252 idonei
1449 1220 1569 1262 reperti
1592 1219 1731 1259 fueritis,
1749 1230 1848 1262 super
1864 1230 1928 1262 quo

1191 1279 1344 1306 antistitis
1374 1272 1606 1305 conscientiam
1640 1283 1831 1311 oneramus,
1856 1282 1931 1315 pro-

1191 1327 1311 1359 moveri
1337 1331 1367 1358 et
1388 1326 1529 1369 promoti
1554 1326 1588 1358 in
1613 1325 1677 1358 illis
1705 1325 1801 1358 etiarn
1827 1324 1858 1357 in
1884 1325 1930 1357 al-

1193 1380 1269 1413 taris
1293 1379 1474 1412 ministerio
1500 1379 1707 1418 ministrare3

1236 1433 1250 1476 g
1275 1432 1305 1465 8.
1329 1432 1393 1465 Nec
1418 1443 1492 1471 non,
1519 1431 1644 1465 etiarnsi
1667 1432 1848 1474 presbyteri
1867 1431 1930 1464 fue·
1961 1439 2012 1460 1101„
2023 1438 2123 1459 namon-n

1192 1486 1276 1527 ritis,
1304 1498 1339 1519 ae
1364 1486 1539 1528 dignitates
1562 1491 1593 1518 et
1617 1485 1724 1518 officia
1749 1466 2124 1518 obtinueri-{lsd'ifiiiiss'lhffssi

1195 1540 1244 1579 tis,
1268 1541 1356 1581 leges
1379 1545 1409 1572 et
1435 1539 1504 1571 iura
1529 1538 1644 1577 civilia,
1671 1538 1766 1571 etiam
1788 1519 2018 1581 publice’tuena.

1194 1592 1224 1625 in
1250 1592 1371 1625 scholis
1397 1597 1428 1624 et
1453 1591 1716 1624 universitatibus
1751 1590 1929 1623 studiorum

1195 1645 1398 1687 generalium
1417 1645 1456 1677 ad
1481 1643 1739 1687 quinquennium
1758 1644 1930 1682 dumtaxat,

1195 1698 1369 1731 dummodo
1386 1697 1583 1739 trigesimum
1598 1696 1711 1729 aetatis
1726 1707 1845 1728 annum
1864 1705 1930 1728 non

1195 1750 1409 1791 excesseritis,
1436 1749 1556 1788 audire,
1585 1748 1658 1781 etsi
1677 1749 1803 1781 habiles
1820 1753 1851 1780 et
1868 1748 1931 1780 suf-

1195 1805 1338 1837 ficientes
1356 1803 1478 1846 reperti
1497 1802 1634 1842 fueritis,
1651 1802 1747 1834 etiam
1764 1802 1803 1834 ad
1821 1801 1931 1834 docto-

1195 1865 1280 1891 ratus
1298 1858 1433 1901 gradum
1451 1857 1483 1889 in
1502 1855 1687 1889 huiusmodi
1706 1855 1856 1888 facultate
1876 1865 1931 1888 vos

1194 1911 1376 1956 promoveri
1413 1911 1538 1949 facere,
1573 1909 1643 1941 iura
1669 1908 1763 1941 etiam
1801 1908 1931 1951 publice

1194 1967 1320 2004 docere,
1358 1969 1454 2006 atque
1480 1962 1604 2001 iudicis,
1631 1961 1775 1994 advocati
1802 1966 1832 1994 et
1856 1972 1932 2003 pro—

1194 2018 1352 2053 curatoris
1375 2017 1526 2056 offieium,
1552 2015 1585 2047 in
1610 2014 1713 2047 causis
1735 2014 1926 2047 ecclesiasti-

1193 2074 1237 2105 cis
1264 2078 1295 2105 et
1319 2070 1467 2103 civilibus
1493 2073 1627 2107 tantum,
1649 2076 1801 2099 exercere
1828 2066 1930 2099 libere

1193 2132 1224 2159 et
1249 2126 1335 2159 licite
1361 2121 1490 2167 possitis
1516 2125 1547 2154 et
1571 2120 1715 2159 valeatis,
1738 2119 1931 2152 auctoritate

1193 2184 1224 2213 et
1250 2185 1364 2211 tenore
1389 2174 1576 2219 praedictis,
1601 2173 1640 2205 de
1670 2171 1820 2215 specialis
1842 2172 1929 2205 dono

1192 2231 1311 2274 gratiae
1337 2229 1574 2272 dispensamus.

1236 2284 1250 2327 g
1274 2283 1305 2316 9.
1333 2282 1440 2315 Liceat
1464 2288 1593 2323 quoque
1619 2278 1718 2317 vobis,
1746 2282 1777 2310 et
1798 2278 2123 2329 ουίΙίϋειΠουῇηρξιῃᾝρςοςξῖ

1193 2342 1341 2375 vestrum,
1352 2335 1492 2377 aliquem
1507 2332 1659 2365 idoneum
1672 2337 1701 2364 et
1712 2332 1928 2375 approbatum
1940 2325 2123 2388 {iff'ias-iii'iassu*

1193 2392 1232 2424 ab
1252 2388 1421 2424 Ordinario
1457 2387 1669 2425 saecularem,
1705 2386 1756 2418 vel
1792 2384 1930 2418 cuiusvis
2094 2378 2099 2383 ¹

1193 2443 1321 2477 Ordinis
1350 2441 1549 2484 regularem,
1577 2438 1609 2470 in
1635 2443 1773 2470 vestrum
1806 2437 1929 2479 eligere

1194 2498 1424 2534 confessorem,
1441 2493 1507 2537 qui,
1520 2492 1581 2525 vita
1599 2492 1771 2524 cuiuslibet
1788 2497 1929 2524 vestrum

1194 2550 1324 2589 comite,
1345 2558 1398 2581 vos
1425 2552 1456 2580 et
1473 2545 1649 2589 quemlibet
1666 2549 1807 2577 vestrum
1827 2554 1843 2576 a
1861 2544 1931 2587 riui-

1194 2603 1302 2635 busvis
1327 2599 1678 2639 excotiinuinicati01iiS‚
1701 2597 1929 2642 suspensionis
