2227 3225
138 227 185 252 An.
202 225 231 252 C.
253 225 321 253 ¹092

156 2401 186 2422 De
201 2401 303 2421 studenti-

119 2427 157 2447 bus
208 2427 304 2453 philoso-

118 2455 190 2480 pluas.

913 223 1120 247 tNNstCENTtt‘S
1147 224 1188 246 ΧΗ
1215 224 1261 246 FP.

331 274 519 317 magistrum
546 272 755 313 studentium,
773 271 829 305 sed
851 282 909 316 per
926 283 958 305 se
977 273 1063 315 ipsos

330 327 517 370 praesidere
543 331 723 360 teneantur.
742 326 893 366 Tertium,
912 326 950 359 ad
977 325 1064 369 quod

331 384 499 412 transeant
524 380 641 414 deinde
660 390 818 420 cursores,
840 379 894 423 qui
921 380 959 412 ad
985 379 1063 412 illud

332 432 574 476 deputabuntur
598 445 658 477 pro
683 434 815 467 lecturis
835 444 893 467 suo
919 439 1063 476 tempore

331 485 530 527 obtinendis,
549 487 581 519 in
607 497 670 530 quo
696 487 839 531 quotidie
866 497 924 530 per
949 487 1063 519 horam

331 550 425 573 mane
451 546 482 573 et
509 551 567 584 per
595 541 691 573 aliam
724 550 858 584 vespere
883 541 1065 573 habeantur

331 593 555 626 conclusiones
572 593 658 626 iuxta
674 598 864 637 sequentem
885 592 1066 635 dispositio-

331 656 420 679 nem:
436 647 467 678 in
482 646 586 690 primo
605 656 690 680 anno
707 647 745 679 de
771 646 885 690 primo,
901 646 931 678 iu
955 656 1065 679 sccun-

332 700 372 732 do
397 699 436 732 de
463 699 623 738 seeundo,
649 699 681 731 in
708 699 803 732 tertio
828 699 866 732 de
893 699 1005 738 tertio,
1032 698 1063 730 in

331 757 447 796 quarto
473 752 512 785 de
538 750 675 795 quarto¹
700 751 793 784 libris
818 751 1063 790 Sententiarum,

332 805 412 838 etin
437 805 551 848 quinto
578 805 616 837 de
643 805 868 844 Sacramentis‚
890 805 932 837 ita
958 810 1063 837 tamen

331 858 419 901 quod
440 858 472 890 in
490 858 545 890 illa
560 863 664 900 parte,
678 857 710 890 in
729 868 792 900 qua
809 857 921 890 tinient
940 857 970 889 in
989 868 1064 900 quo-

329 911 411 944 libet
428 921 525 950 anno,
541 915 782 954 prosequantur
803 910 835 942 in
854 910 1014 953 sequenti,
1033 915 1064 943 et

329 963 414 995 intra
439 962 696 1006 quinquennium
726 962 876 995 notitiam
909 973 964 995 seu
997 973 1065 1005 spe-

330 1015 394 1049 cies
420 1016 562 1048 habeant
581 1015 679 1049 totius
705 1015 893 1058 theologiae
925 1015 1064 1048 scholas-

330 1069 411 1102 ticae
429 1075 460 1102 et
480 1069 614 1102 moralis
631 1069 716 1102 circa
734 1069 943 1112 quaestiones
962 1068 1062 1110 magis

329 1122 478 1161 selectas,
497 1121 663 1164 graviores
683 1126 715 1154 et
731 1121 867 1153 tutiores
892 1121 922 1153 in
948 1122 1063 1164 proba-

328 1174 1062 1217 1111111116,16116115111111115111011111111111115,11111[1

329 1228 434 1270 legem
447 1233 622 1267 aeternam,
641 1227 790 1266 divinam,
806 1229 996 1266 naturalem,
1012 1238 1061 1269 po-

328 1280 516 1324 sitivamque
538 1280 797 1319 ecclesiasticam,
813 1281 986 1313 secundum
1013 1281 1061 1312 iu-

327 1333 446 1366 dicium
467 1333 660 1376 prudentiae
683 1338 712 1365 ct
735 1333 995 1366 conformitatem
1017 1334 1062 1366 di-

326 1385 458 1418 ctamini
484 1385 618 1418 rationis
643 1395 704 1428 per
727 1385 879 1418 iudicium
909 1386 1061 1418 reflexum

326 1438 383 1470 viri
399 1438 562 1479 sapientis,
577 1438 685 1471 medio
704 1438 827 1471 iudicio
843 1439 1059 1472 determinato

326 1491 473 1524 absoluto
486 1502 550 1524 non
561 1491 743 1524 fluctuante.
756 1490 906 1529 Quartum
919 1492 1059 1535 deniqne

324 1554 383 1587 pro
408 1545 574 1586 theologia
590 1545 714 1583 morali,
737 1544 767 1577 in
793 1555 856 1587 quo
877 1545 1060 1577 instituatur

324 1598 436 1637 lector,
451 1597 505 1641 qui
521 1598 607 1630 illam
623 1598 807 1630 methodice
823 1599 934 1631 doceat
949 1609 1059 1632 omncs

323 1661 419 1683 niane
455 1657 486 1684 et
524 1661 657 1694 vespere
676 1678 683 1691 ,
723 1651 874 1685 habendo
914 1653 1060 1694 qualibet

323 1704 530 1737 hebdomada
554 1705 708 1738 circulum
729 1705 794 1737 sive
817 1706 1057 1738 conclusionem

323 1757 361 1789 de
387 1757 493 1800 aliqua
510 1757 698 1800 quaestione
721 1768 780 1800 per
802 1758 938 1801 spatium
957 1759 1056 1792 horae

322 1819 393 1842 cum
418 1809 565 1848 dimidia,
594 1810 633 1842 ad
658 1820 753 1852 quam
778 1811 816 1843 ad
843 1811 975 1843 invicem
1001 1823 1054 1844 ar-

321 1867 418 1904 guant
442 1862 617 1901 studentes,
637 1868 668 1894 et
690 1867 857 1896 teneantur
878 1863 967 1905 prior
984 1874 1056 1897 cum
1076 1886 1078 1890 -

321 1915 392 1948 aliis
409 1915 553 1958 patribus
572 1915 668 1947 etiam
689 1926 755 1948 non
780 1916 985 1949 studentibus
1006 1928 1057 1950 ac-

1109 276 1174 304 1165
1199 281 1300 304 annos
1324 270 1575 314 philosophiae,
1602 274 1698 306 modo
1724 279 1755 306 et
1779 273 1840 306 101·-

1107 324 1156 355 ma
1181 323 1225 356 ibi
1250 324 1479 368 praescriptis;
1510 330 1541 357 et
1568 335 1664 357 cursu
1699 327 1836 368 expleto,

1107 375 1246 418 praeviis
1266 376 1404 418 punctis,
1421 376 1486 409 sive
1512 377 1717 417 lectionibus,
1732 388 1768 411 ac
1781 389 1839 421 pu-

1106 429 1199 462 blicis
1239 429 1508 472 disputationibus
1551 441 1651 474 super
1689 431 1839 464 universa

1107 482 1328 525 philosophia,
1348 482 1583 526 comprehensa
1607 484 1837 528 metaphysica,

1107 536 1144 567 ad
1171 541 1317 569 tenorem
1344 537 1609 570 constitutionum
1627 548 1760 572 examen
1781 549 1839 581 pro

1107 595 1274 622 cursoratu
1290 591 1519 633 consequendo
1533 592 1641 625 subire
1653 596 1838 632 teneantur;

1108 646 1139 673 et
1163 642 1216 684 qui
1242 643 1365 686 reperti
1397 644 1515 676 sitierint
1538 644 1602 687 apti
1629 645 1666 677 ad
1701 645 1838 677 dandam

1109 695 1289 738 theologiae
1319 707 1462 740 operam,
1493 698 1702 730 instituantur
1733 709 1842 731 curso-

1108 757 1169 787 res,
1191 748 1244 790 qui
1271 758 1345 780 vero
1371 749 1484 792 inepti,
1503 751 1673 783 mittantur
1694 752 1730 784 ad
1749 763 1842 794 quar-

1107 805 1171 832 tum
1193 801 1373 844 collegium,
1394 802 1424 834 in
1440 813 1504 846 quo
1520 803 1702 844 theologiae
1726 805 1840 837 morali

1107 852 1293 887 incumbere
1323 859 1512 895 teneantur,
1537 862 1582 896 ut,
1610 857 1670 889 hoc
1689 858 1840 890 exercitio

1106 906 1253 948 praediti,
1288 906 1404 940 tutius¹
1430 908 1701 942 administrationi
1727 910 1840 943 Sacra-

1106 964 1311 1000 mentorum,
1355 962 1549 1004 praesertim
1591 962 1813 996 Poenitentiae
1832 990 1839 1003 ,

1106 1021 1164 1053 pro
1189 1012 1335 1045 fidelium
1361 1015 1467 1046 salute
1492 1014 1679 1048 incumbere
1697 1017 1837 1049 valeant.

1148 1073 1189 1097 lv.
1217 1064 1371 1098 Cursores
1392 1066 1510 1099 deinde
1531 1067 1577 1099 sic
1598 1067 1752 1108 instituti,
1773 1069 1839 1102 mit·
1878 1080 1906 1101 oo
1929 1081 2031 1101 sumana.

1849 1107 1887 1128 bus
1904 1108 2030 1133 lurni-»gme-

1107 1121 1215 1149 tantur
1247 1119 1286 1150 ad
1319 1119 1500 1152 secundum
1519 1121 1704 1163 collegium,
1725 1122 1756 1153 in
1775 1132 1837 1164 qno

1104 1180 1163 1212 per
1183 1171 1432 1213 quadriennium
1459 1173 1645 1215 theologiae
1674 1174 1837 1208 scholasti-

1105 1232 1161 1255 cae
1190 1224 1320 1256 studere
1351 1230 1532 1265 teneantur,
1553 1226 1648 1259 modo
1674 1232 1705 1259 et
1736 1228 1836 1260 fornia

1104 1275 1147 1307 ibi
1184 1277 1426 1319 praesignatis:
1461 1284 1492 1311 et
1529 1283 1676 1322 regentes
1708 1291 1764 1313 seu
1791 1281 1837 1313 le-

1104 1333 1209 1361 ctores
1232 1329 1373 1362 debeant
1402 1336 1551 1363 tractatus
1575 1332 1638 1364 sive
1663 1334 1834 1372 materias,

1103 1391 1119 1413 a
1141 1381 1331 1423 praeseet0²
1357 1383 1540 1416 studiorum
1558 1410 1565 1424 ‚
1585 1386 1634 1417 vel
1659 1386 1763 1428 primo
1789 1397 1838 1419 re-

1103 1439 1209 1476 gente,
1235 1435 1322 1468 iuxta
1348 1436 1597 1480 dispositionem
1622 1443 1729 1471 tamen
1747 1450 1837 1483 prae·

1102 1487 1265 1530 scriptam,
1290 1489 1473 1531 eligendas,
1501 1495 1533 1523 et
1564 1501 1729 1534 nunquam
1755 1493 1839 1525 intra

1101 1540 1186 1573 idem
1207 1547 1336 1584 tempus
1362 1543 1563 1585 repetendas,
1578 1545 1724 1587 perfecte
1749 1556 1837 1579 com-

1101 1594 1192 1636 plere
1228 1594 1311 1627 intra
1347 1605 1489 1629 cursum:
1525 1608 1588 1640 quo
1624 1598 1837 1641 quadriennio

1101 1648 1253 1689 expleto,
1282 1648 1321 1680 ab
1357 1649 1629 1683 examinatoribus
1655 1662 1672 1683 a
1692 1653 1836 1693 generali

1100 1710 1160 1743 pro
1201 1705 1346 1744 tempore
1381 1702 1575 1745 deputandis
1611 1705 1836 1737 examinentur

1099 1763 1157 1795 pro
1176 1754 1372 1786 lecturarum
1393 1766 1566 1788 concursu:
1585 1762 1616 1789 et
1633 1758 1685 1800 qui
1704 1757 1742 1790 ad
1761 1768 1834 1791 611111

1100 1807 1304 1849 reperientur
1321 1807 1442 1847 idonei,
1463 1809 1632 1842 mittantur
1648 1811 1686 1842 ad
1706 1811 1834 1845 tertium

1098 1860 1283 1902 collegium,
1302 1860 1333 1893 in
1359 1871 1421 1903 quo
1447 1873 1540 1895 mane
1566 1868 1596 1896 et
1620 1874 1753 1906 vespere
1779 1865 1834 1897 ha-

1099 1912 1195 1945 beant
1219 1913 1366 1956 quotidie
1391 1914 1545 1948 circulum
1572 1917 1830 1959 conclusionum,

320 1968 456 2007 cedere,
483 1978 566 2011 quae
603 1967 733 2010 quidem
759 1968 881 2001 lectura
907 1968 1057 2012 suffraga-
1097 1966 1193 1998 modo
1220 1971 1252 1998 et
1276 1966 1377 1999 fot'mil
1404 1968 1448 2000 ibi
1474 1969 1614 2010 statutis,
1641 1976 1672 2003 cl
1696 1971 1833 2013 praeviis

318 2021 406 2054 bitur
422 2021 600 2054 lectoribus
614 2031 675 2064 pro
694 2021 759 2054 suis
775 2022 927 2063 gradibus
945 2023 1057 2066 acqui·
1075 2018 1078 2067 ]
1098 2018 1214 2052 deinde
1255 2019 1380 2053 duabus
1417 2022 1528 2054 saltem
1569 2024 1832 2057 conclusionibus

317 2074 441 2107 rendis.
470 2073 555 2112 Quae
581 2075 718 2116 collegia
747 2074 791 2107 ita
817 2075 962 2108 volumus
987 2075 1055 2109 sore
1098 2071 1271 2113 habendis,
1290 2075 1353 2105 una
1378 2073 1409 2105 in
1436 2074 1549 2107 eodem
1576 2077 1726 2119 collegio,
1756 2078 1832 2110 reli>-

317 2128 478 2167 distincta,
495 2127 578 2159 utin
596 2137 661 2160 uno
683 2128 865 2171 eodemque
892 2134 1053 2161 conventu
1097 2124 1178 2168 (μῑΐι8
1202 2136 1276 2158 vero
1302 2126 1333 2158 in
1352 2126 1423 2158 aliis
1449 2128 1597 2170 collegiis
1613 2130 1662 2162 vel
1680 2130 1829 2173 capitulis

316 2182 407 2214 nullo
433 2181 537 2220 modo,
557 2181 619 2213 nisi
641 2181 683 2213 sit
707 2191 742 2213 ex
769 2181 1053 2224 principalioribus
1095 2179 1357 2221 provincialibus,
1380 2179 1412 2211 in
1439 2180 1556 2223 quibus
1583 2186 1686 2214 tamen
1713 2183 1829 2224 eligan-

315 2239 347 2267 et
372 2235 559 2273 ditissimus,
576 2234 774 2276 deputentur
798 2234 892 2267 simul
911 2235 973 2268 duo
989 2241 1052 2268 stu-
1095 2238 1144 2265 tur
1167 2233 1269 2276 magis
1294 2233 1377 2266 acuti
1408 2239 1440 2266 et
1464 2235 1668 2278 perspicaces
1693 2247 1752 2279 pro
1772 2237 1829 2269 110-

315 2287 378 2328 dia,
402 2287 466 2320 sive
492 2286 732 2330 philosophiae,
752 2287 816 2320 sire
843 2287 1048 2330 theologiae,

314 2345 369 2374 aut
392 2340 623 2384 philosophiae
651 2345 682 2372 et
708 2340 906 2383 theologiae.

358 2404 406 2427 111.
442 2393 500 2432 Qui
533 2395 571 2426 ad
603 2404 733 2426 cursum
767 2395 884 2426 artium
921 2400 1049 2438 reputa-

314 2447 435 2479 buntur
468 2447 606 2490 proinde
640 2447 774 2488 idonei,
803 2447 968 2479 mittantur
1007 2449 1045 2481 ad

313 2499 451 2542 primum
469 2501 653 2542 collegium,
672 2501 702 2532 in
728 2512 790 2543 quo
816 2501 965 2533 studeant
989 2512 1047 2544 per

350 2615 359 2639 t
378 2612 446 2640 Edit.
459 2612 540 2641 Main.
556 2613 621 2649 legit
637 2617 762 2648 quatuor
777 2622 825 2649 pro
841 2617 944 2650 quarto
956 2614 1044 2650 (11.1).

1093 2295 1173 2318 11016
1197 2285 1384 2329 provinciae
1411 2292 1442 2319 et
1462 2288 1640 2330 religionis,
1669 2289 1707 2322 ad
1729 2290 1828 2322 lectu-

1092 2349 1142 2371 ras
1167 2344 1202 2371 ut
1219 2339 1300 2371 infra
1317 2339 1510 2372 obtinendas
1530 2340 1755 2384 disponantm·;
1772 2343 1824 2386 qui

1091 2401 1164 2424 rero
1179 2391 1280 2435 inepti
1298 2392 1536 2433 adiudicentur,
1556 2393 1585 2425 in
1604 2395 1824 2435 concionibus,

1090 2451 1247 2487 quatenus
1272 2445 1397 2478 habiles
1423 2447 1461 2478 ab
1487 2446 1606 2480 eisdem
1632 2448 1826 2481 examinato·

1125 2526 1134 2549 1
1157 2524 1229 2550 Edit.
1251 2513 1330 2550 Main.
1352 2525 1417 2558 legit.
1437 2526 1522 2553 lolius
1545 2534 1591 2561 pro
1607 2528 1697 2554 eutius
1715 2528 1756 2561 (11.
1771 2528 1821 2561 1.).

1121 2569 1138 2595 2
1156 2569 1278 2596 Pessime
1298 2569 1341 2596 ed.
1364 2569 1443 2596 Δ1111111.
1465 2570 1527 2604 legit
1545 2574 1682 2605 prat-fata
1702 2578 1739 2606 (R.
1756 2572 1804 2605 τ.).

1121 2614 1138 2640 3
1158 2614 1226 2640 Edit.
1247 2614 1324 2640 Main.
1348 2614 1410 2649 legit
1432 2615 1561 2648 reliquae
1581 2620 1619 2649 tn.
1640 2616 1690 2646 T.).

1736 216 1799 249 litto
1846 227 1895 252 An.
1911 227 1938 251 (1.
1964 225 2029 252 um
