2227 3225
148 237 201 265 Λη.
221 237 250 264 C.
268 236 336 264 1695

193 780 256 800 fides
281 782 337 801 tran-

153 810 290 833 suinploruui.

186 1839 309 1862 Exordium.

917 230 1128 256 mmet-:umus
1151 229 1198 255 XII
1220 229 1269 255 PP-

343 285 474 318 illorum
492 283 637 316 omnium
655 286 688 315 et
704 280 908 324 singulorum
935 286 1078 320 tenores,

343 338 470 377 formas,
493 346 606 370 causas
632 340 662 369 et
687 334 877 368 occasiones
901 333 1079 377 praesenti-

343 392 404 425 bus
428 400 488 434 pro
516 390 613 433 plene
639 394 670 422 et
695 388 894 421 sufficienter
918 386 1081 430 expressis

344 449 376 477 et
392 443 534 483 insertis,
553 442 687 476 servatis
705 446 737 474 et
761 439 955 484 specificatis
976 449 1083 482 respe-

344 496 428 530 ctive
454 496 625 536 habentes,
642 495 803 528 illis'alias
829 494 860 526 in
881 503 940 526 suo
964 493 1081 525 robore

344 550 580 594 permansuris,
598 550 636 583 ad
654 548 906 593 praemissorum
925 546 1081 585 effectum,

346 604 408 637 hac
437 604 503 638 vice
536 604 720 643 dumtaxat,
754 601 942 646 specialiter
966 605 998 634 et
1023 610 1080 633 ex-

346 667 461 701 presse
495 657 712 700 derogamus;
738 655 922 698 ceterisque
957 659 1084 687 contra-

347 711 404 743 riis
430 710 699 754 quibuscumque.

392 764 406 808 ἓ
438 763 470 796 9.
504 763 657 796 Volumus
690 767 797 795 autem
829 766 865 794 ut
897 759 1084 793 earumdem

347 816 570 862 praesentium
589 816 773 849 litterarum
791 813 1009 856 transumptis,
1028 822 1084 845 seu

348 870 518 915 exemplis,
539 870 636 903 etiam
660 869 841 913 impressis,
866 878 960 901 manu
986 867 1086 900 alicu-

348 924 397 957 ius
416 923 534 957 notarii
558 923 679 967 publici
705 922 907 965 subscriptis,
928 925 960 954 et
980 920 1086 962 sigillo

349 987 511 1020 personae
529 977 561 1009 in
587 975 809 1009 ecclesiastica
832 975 989 1017 dignitate
1011 983 1087 1005 eon-

349 1031 481 1064 stitutae
513 1029 669 1070 munitis,
698 1029 812 1062 eadem
845 1038 980 1072 prorsus
1006 1026 1086 1059 tides

350 1083 520 1123 habeatur,
540 1093 621 1126 quae
640 1082 817 1115 haberetur
834 1081 913 1124 ipsis
935 1089 1088 1123 praesen-

351 1136 437 1169 tibus
462 1136 488 1169 si
515 1136 622 1169 forent
651 1135 815 1168 exhibitae
847 1135 898 1166 vel
924 1138 1086 1166 ostensae.

395 1190 510 1223 Datum
531 1189 665 1228 Romae,
687 1188 773 1232 apud
794 1187 826 1220 S.
847 1187 976 1219 Mariam
994 1186 1091 1218 naio-

351 1254 441 1283 reni,
473 1243 533 1275 sub
571 1243 692 1275 annulo
730 1240 922 1277 piscatoris,
955 1239 1006 1271 die
1039 1248 1089 1271 xiv

352 1296 431 1329 iunii
450 1305 588 1334 mcxcv,
603 1293 809 1338 pontificatus
826 1293 927 1326 nostri
945 1303 1031 1325 anno
1051 1303 1088 1325 ir.

388 1358 446 1385 Dat.
468 1357 511 1385 die
530 1357 566 1384 14
584 1356 651 1384 iunii
674 1357 750 1390 1695,
772 1355 868 1391 pontif.
890 1363 960 1382 auno
982 1361 1019 1381 iv.

353 1543 600 1586 Confirmantur
623 1543 783 1586 quaedam
811 1542 935 1575 decrela
953 1540 1093 1584 capituli

396 1597 559 1640 qenerczle's
590 1596 820 1629 monachornm
850 1596 983 1628 (lrdi'nix
1011 1595 1089 1626 (let-
1114 1585 1115 1622 i

397 1651 559 1683 nicaensis
572 1647 593 1682 ¹.

529 1720 729 1748 Innocentius
750 1720 829 1753 Papa
848 1719 916 1746 xit.

494 1765 531 1792 ad
550 1765 682 1791 futuram
701 1764 747 1791 rei
766 1764 948 1790 memoriam.
1114 1760 1116 1783 J

400 1826 577 1860 pastoralis
593 1825 698 1863 officii,
716 1825 801 1868 quod
818 1830 947 1857 anctore
962 1824 1026 1856 Deo
1046 1835 1083 1866 ge

355 1880 468 1920 rimus,
487 1889 563 1912 cura
588 1878 729 1911 animum
755 1883 904 1910 nostrum
927 1877 1092 1915 sollicitat,

357 1938 392 1965 ut
415 1931 656 1976 promovendae
683 1936 778 1973 atque
798 1929 993 1962 excolendae
1012 1929 1095 1961 inter

356 1985 444 2018 viros
470 1984 642 2027 religiosos
661 1982 820 2016 Altissinii
845 1981 1010 2024 obsequiis
1036 1982 1094 2014 sub
1115 1988 1117 2001 ¹

357 2038 446 2071 suavi
479 2037 676 2070 monasticae
703 2036 787 2069 ritae
824 2035 900 2077 iugo
933 2021 1117 2078 mancipii-s

359 2097 408 2125 tos
434 2090 577 2133 regulari
597 2088 789 2132 disciplinae
810 2087 964 2131 peculiari
988 2088 1094 2120 studio
1116 2104 1117 2134 3

358 2147 548 2187 summaque
573 2143 673 2176 animi
699 2141 907 2174 contentione
930 2140 1096 2172 inemnha-
1116 2170 1118 2175 ,

358 2207 450 2236 mus;
479 2207 515 2228 ac
539 2195 677 2239 proinde
716 2205 752 2227 ea
785 2204 866 2237 quae
891 2193 986 2226 simili
1012 2203 1092 2225 con-
1117 2224 1118 2236 χ

358 2249 471 2282 stituta
489 2259 525 2281 ac
550 2249 701 2281 ordinata
726 2257 795 2280 esse
822 2252 1002 2280 noscuntur
1020 2257 1096 2279 eon·
1117 2249 1118 2287 t

358 2303 447 2343 silio,
465 2308 500 2335 ut
517 2302 610 2335 firma
627 2312 756 2345 semper
773 2307 869 2344 atque
888 2301 1009 2333 illibata
1028 2311 1097 2343 per⁴
1117 2327 1118 2330 ,

359 2356 497 2396 sistant,
523 2355 693 2399 apostolici
720 2354 909 2387 muniminis
934 2353 1096 2397 pracsidio

358 2409 503 2443 libenter
521 2409 779 2447 corroboramus,
800 2408 906 2450 eoque
931 2407 1098 2440 tendentia

359 2461 493 2495 illorum
525 2461 733 2505 superiorum
758 2461 790 2494 in
815 2466 942 2504 partein
976 2460 1098 2493 sollici·
1119 2457 1120 2460 ’

397 2546 408 2570 1
431 2544 471 2570 De
491 2543 685 2570 reformatione
707 2542 802 2568 horum
823 2541 1017 2568 monachorum
1039 2540 1099 2566 ride

361 2587 464 2615 Nic-olai
483 2587 516 2614 IV
537 2587 645 2614 constit.
667 2587 729 2614 edit.
752 2593 897 2613 mcccxxxix
913 2608 919 2619 ,
941 2586 983 2612 die
1009 2587 1036 2611 12
1057 2593 1099 2611 se-

361 2632 503 2668 ptembris,
524 2631 618 2666 pontif.
637 2637 671 2658 11.

1752 216 1816 251 (383
1861 224 1914 252 An.
1934 222 2049 251 (3.1695

1123 279 1243 312 tudinis
1274 281 1404 310 nostrae
1437 280 1625 310 vocatorum
1650 285 1686 308 ac
1709 285 1856 319 praeser-

1123 332 1179 364 tim
1200 330 1330 365 sublimi
1351 330 1570 364 cardinalatus
1587 330 1713 361 honore
1733 328 1858 369 fulgen-

1123 385 1202 418 tium
1227 389 1301 418 vota
1318 385 1454 427 paterna
1479 382 1634 414 charitate
1655 380 1856 420 exaudimus,

1124 439 1214 478 sicut,
1241 437 1392 471 omnibus
1416 441 1560 469 maturae
1587 433 1859 467 considerationis

1126 492 1244 524 trutina
1269 489 1454 534 perpensis,
1482 489 1520 522 ad
1546 486 1780 530 omnipotentis
1804 485 1860 518 Dei

1125 545 1262 587 gloriam
1288 550 1319 577 et
1338 542 1508 585 religionis
1527 541 1762 574 incrementum
1783 539 1863 571 salu-

1125 598 1229 630 briter
1254 597 1286 629 in
1310 596 1448 629 Domino
1474 593 1628 638 expedire
1654 591 1860 625 arbitramur.

1171 652 1185 695 ἓ
1200 651 1231 684 1.
1247 650 1403 694 Exposuit
1417 648 1575 692 siquidem
1590 647 1684 680 nobis
1697 655 1802 688 nuper
1815 655 1865 677 ve·
1922 654 2057 680 {mmmmm

1127 704 1284 737 nei-abilis
1310 703 1408 735 frater
1428 706 1539 734 noster
1556 699 1745 733 Emmanuel
1763 697 1864 730 Theo·
1874 684 1957 728 ilssffl
1972 683 2058 728 ‘1'1'1¹''¹0';¹.⁴-

1129 757 1239 790 dosius
1272 756 1445 800 episcopus
1478 752 1672 786 Albanensis
1704 751 1736 784 S.
1762 750 1800 783 R.
1828 735 2060 782 Effiii'i‘c‘nfiffl'm

1129 809 1302 843 cardinalis
1335 807 1515 841 Bullionius
1543 810 1769 848 nuncupatus,
1799 813 1866 836 mo-

1130 863 1262 896 nasterii
1283 861 1504 896 Cluniaceusis
1531 859 1628 893 totius
1645 858 1774 891 Ordinis
1795 857 1867 890 Clu-

1130 917 1293 950 niacensis
1318 915 1432 958 capitis
1457 919 1636 957 perpetuus
1661 911 1868 945 commenda-

1131 971 1241 1009 tarius,
1257 969 1353 1013 quod,
1368 978 1426 1011 pro
1448 967 1531 1000 felici
1554 975 1776 1009 prosperoque
1790 963 1866 996 dicti

1131 1022 1260 1057 Ordinis
1285 1022 1421 1065 eiusque
1447 1020 1681 1054 monachorum
1707 1017 1866 1059 regimine

1133 1081 1164 1110 ct
1189 1076 1381 1115 directione,
1408 1074 1563 1107 nonnulla
1587 1078 1707 1105 statuta
1731 1082 1786 1104 seu
1813 1071 1869 1103 de-

1132 1134 1220 1162 creta
1238 1129 1270 1161 in
1285 1128 1429 1171 capitulo
1448 1126 1593 1169 generali
1611 1125 1712 1168 ipsius
1729 1124 1869 1163 Ordinis,

1133 1183 1220 1226 quod
1247 1181 1430 1220 novissime,
1447 1179 1597 1213 videlicet
1610 1189 1695 1211 anno
1714 1186 1868 1215 MDCXCIH,

1133 1236 1166 1268 in
1192 1235 1306 1268 eodem
1332 1233 1540 1271 monasterio,
1567 1232 1636 1275 ipso
1662 1230 1868 1263 Enunanuele

1133 1288 1320 1321 Theodosio
1353 1287 1508 1330 episcopo
1541 1284 1697 1318 cardinali
1728 1289 1759 1316 et
1783 1294 1870 1316 com-

1135 1341 1338 1374 mendatario
1365 1341 1397 1372 in
1423 1350 1460 1372 eo
1486 1338 1709 1382 praesidente,
1726 1336 1871 1370 celebra-

1137 1400 1202 1427 tum
1220 1399 1279 1432 est,
1303 1393 1389 1426 edita
1415 1393 1559 1425 suerunt.
1580 1391 1663 1428 Quae
1685 1400 1758 1423 cuin
1776 1389 1872 1422 nobis

1135 1457 1193 1490 pro
1221 1452 1314 1490 parte
1345 1446 1489 1479 eiusdem
1522 1443 1741 1476 Emmanuelis
1774 1442 1873 1474 'l‘lieo-

1137 1500 1219 1533 dosii
1245 1499 1389 1543 episcopi
1411 1498 1585 1531 cardinalis
1612 1502 1644 1529 et
1667 1495 1873 1529 commenda-

1137 1553 1207 1585 tarii
1234 1552 1380 1585 exhibita
1406 1551 1555 1589 tuissent,
1585 1560 1641 1582 nos
1667 1549 1722 1582 illa
1748 1553 1871 1580 mature

1114 1617 1171 1646 ¹ac
1198 1606 1373 1647 diligenter
1398 1603 1574 1637 examinari
1602 1608 1631 1636 et
1658 1602 1870 1640 revideri‚ae‚

1114 1658 1191 1692 'ubi
1217 1669 1300 1702 opus
1327 1663 1413 1698 erat,
1446 1657 1563 1698 corrigi
1596 1662 1627 1688 et
1651 1655 1755 1698 aptari
1781 1665 1872 1688 cura-

1114 1711 1115 1721 *
1137 1712 1246 1751 vimus,
1268 1711 1353 1743 unde
1380 1711 1515 1743 reducta
1530 1710 1659 1742 suerunt
1679 1709 1710 1741 in
1738 1709 1873 1741 sormam

1139 1765 1262 1798 tenoris
1285 1764 1338 1807 qui
1361 1764 1520 1807 sequitur,
1541 1762 1712 1795 videlicet:

1200 1831 1323 1870 Capituli
1342 1830 1466 1868 yenfrali
1490 1829 1602 1859 Orclffnis
1626 1828 1815 1859 Clmziavensis

1177 1890 1247 1909 anno
1275 1888 1403 1909 uncxitin
1433 1878 1560 1908 celebrati
1587 1882 1647 1907 nefa
1672 1882 1696 1907 ct
1722 1882 1833 1907 statuti.

1181 1948 1194 1966 a
1218 1939 1301 1967 Anno
1325 1936 1438 1966 Domini
1462 1944 1602 1971 uncxcui,
1621 1935 1667 1964 die
1690 1934 1833 1963 dominica
1855 1942 1873 1963 11
1911 1945 1979 1966 Locus
1996 1945 2068 1965 sunm.

1137 1986 1276 2023 octobris,
1301 1990 1364 2024 post
1386 1985 1586 2014 Pentecosteni
1610 1993 1680 2021 xxu,
1702 1984 1791 2013 saetae
1814 1974 1973 2020 t'ue-{ss{¹,³„⁰²
1995 1973 2068 1993 ‘'⁸⁴¹⁰''

1138 2040 1206 2065 runt
1228 2035 1412 2064 definitiones
1435 2038 1588 2072 sequentes
1611 2033 1640 2062 in
1668 2034 1783 2061 camera
1804 2032 1875 2061 deli-

1138 2084 1238 2114 nitorii
1265 2082 1433 2112 monasterii
1460 2082 1679 2117 Cluniacensis,
1703 2085 1731 2110 et
1760 2081 1875 2110 fuerant

1138 2133 1308 2163 delinitor-(s
1324 2131 1343 2160 ii
1362 2131 1411 2170 qui
1428 2135 1601 2170 sequuntur,
1620 2130 1791 2159 auctoritate
1807 2138 1875 2168 apo-

1138 2182 1239 2211 stolica
1262 2181 1345 2210 electi
1367 2185 1395 2209 et
1423 2179 1572 2218 deputati,
1598 2179 1781 2218 praesidente
1805 2178 1876 2207 emi-

1139 2229 1312 2260 nentissimo
1334 2233 1362 2258 et
1384 2228 1627 2257 reverendissimo
1644 2227 1759 2256 domino
1782 2227 1876 2256 cardi-

1139 2280 1198 2308 nali
1220 2277 1408 2308 Enunanuele
1442 2277 1604 2306 Theodosio
1635 2286 1649 2305 a
1672 2276 1763 2305 Turre
1785 2276 1876 2304 Aver-

1139 2329 1215 2365 niae,
1233 2326 1336 2356 abbate
1359 2326 1486 2365 generali
1509 2326 1639 2355 eiusdem
1663 2325 1831 2355 monasterii
1848 2329 1876 2354 et

1118 2393 1119 2399 =
1140 2378 1229 2407 totius
1248 2376 1375 2413 Ordinis,
1400 2375 1551 2405 videlicet:

1181 2425 1368 2461 ilerereiidus
1384 2424 1520 2454 dominus
1536 2423 1699 2453 Ludovicus
1711 2422 1744 2452 de
1756 2422 1876 2459 Nangis,

1141 2475 1222 2514 prior
1244 2474 1335 2504 maior
1358 2473 1489 2503 abbatiae
1511 2478 1536 2502 et
1561 2473 1648 2502 totius
1665 2471 1796 2507 Ordinis3
1815 2481 1876 2500 rev,

1142 2524 1276 2554 dominus
1298 2523 1416 2553 Carolus
1432 2522 1467 2552 de
1483 2522 1508 2551 la
1528 2521 1625 2558 Motte,
1644 2521 1723 2560 prior
1738 2520 1879 2549 claustra-

1142 2575 1178 2604 lis
1202 2573 1371 2602 monasterii
1404 2572 1435 2601 B.
1460 2571 1496 2600 M.
1521 2571 1555 2600 de
1586 2570 1729 2600 Cliaritate
1745 2592 1751 2604 ‚
1779 2578 1879 2598 sacrae

1121 2652 1123 2657 ,
1144 2622 1304 2660 theologiae
1337 2622 1504 2660 proiessor3
1530 2628 1591 2649 rer.
1615 2618 1750 2648 dominus
1780 2618 1879 2648 Hiero-
