2227 3225
139 223 192 249 An.
207 220 236 249 C.
257 221 324 249 ¹695

329 277 428 302 nores
453 263 684 310 praesentibus
715 272 774 306 pro
800 262 896 305 plene
923 267 955 294 et
979 260 1068 294 susti-

330 321 456 355 eienter
482 317 643 362 expressis
668 327 705 350 ac
729 316 768 349 ad
786 315 916 349 verbum
936 313 1069 347 insertis

330 375 504 413 habentes,
521 372 587 406 illis
608 371 687 404 alias
712 370 746 403 in
770 380 828 402 suo
852 369 971 402 robore
997 377 1071 410 per-

330 427 515 467 mansuris,
548 425 587 458 ad
616 424 872 467 praemissorum
897 421 1069 459 ellectum,

332 480 394 514 hac
426 479 496 512 vice
527 479 720 518 dumtaxat,
745 475 932 520 specialiter
963 479 995 507 et
1019 484 1071 506 ex-

330 544 444 578 presse
464 533 680 575 derogamus,
699 530 882 574 ceterisque
901 527 1072 563 contrariis

332 587 608 630 quibuscumque.

374 640 488 673 Datum
513 640 648 678 Romae,
676 637 762 682 apud
790 637 821 671 S.
853 635 982 669 Mariam
1011 634 1074 667 Ma-

332 703 414 734 rem,
430 693 490 726 sub
508 693 629 726 annulo
650 690 834 732 piscatoris,
861 690 913 723 dic
939 699 978 722 xx
1003 687 1073 721 iulii

332 757 471 787 tincxmg
494 745 820 790 pontificatus‘nostri
843 753 928 776 anno
949 753 980 776 v.

368 809 430 837 Dat.
451 809 495 836 die
514 809 548 837 ⁴20
567 808 624 836 iulii
644 808 724 842 1695,
746 806 843 842 pontif.
862 813 935 833 anuo
952 812 977 832 v.

662 925 739 958 mx.

335 997 578 1039 Confirmanlur
604 995 761 1038 hospitali
793 1005 846 1027 seu
872 993 991 1028 ordini
1015 992 1075 1024 mi-

379 1049 473 1082 litari
503 1049 748 1092 Gruciyerorum
775 1059 846 1080 cum
864 1047 961 1079 rubea
981 1045 1076 1078 stellet

378 1103 555 1146 privilesyt‘a
593 1113 612 1135 α
652 1101 823 1135 nonnullis
862 1098 1076 1141 Pontificibus

380 1155 559 1189 coneessa⁴.

514 1227 712 1254 Innocentius
734 1227 813 1260 Papa
833 1225 898 1257 XII,

456 1272 493 1299 ad
512 1274 691 1305 perpetuam
710 1271 754 1299 rei
774 1271 955 1298 memoriam.

384 1333 569 1366 Catholicae
584 1333 747 1366 Ecclesiae
763 1331 915 1375 regimini
929 1341 988 1374 per
1001 1330 1078 1363 ines—

337 1386 469 1420 sabilem
496 1386 625 1419 divinae
652 1385 808 1418 bonitatis
833 1384 1076 1423 abundantiam,

337 1441 429 1473 nullo
447 1439 524 1473 licet
544 1439 733 1472 meritorum
758 1443 947 1471 nostrorum
965 1435 1078 1469 sutl'ra-

338 1492 404 1535 gio,
429 1491 666 1535 praesidentes
692 1501 748 1531 ea,
777 1501 858 1534 quae
884 1501 901 1522 a
926 1489 1078 1522 Romanis

338 1545 548 1579 Pontificibus
565 1544 876 1588 praedecessoribus
894 1544 1023 1582 nostris,
1038 1542 1076 1575 ad

338 1599 481 1632 savorem
505 1597 695 1631 militiarum
714 1602 745 1629 et
770 1596 981 1640 hospitalium
1000 1606 1079 1639 quo-

338 1661 553 1695 rumcumque
579 1650 611 1683 in
636 1650 780 1683 Ecclesia
801 1650 856 1682 Dei
878 1650 931 1693 pie
957 1655 1079 1682 sancte-

341 1715 403 1748 que
427 1710 609 1738 erectorum
642 1709 673 1737 et
696 1703 921 1736 institutorum
948 1714 984 1735 ac
1009 1713 1079 1745 per-

340 1767 493 1791 sonarum
527 1758 560 1790 in
585 1757 631 1790 eis
657 1756 820 1790 Altissimo
846 1756 1077 1794 famulantium,

339 1810 477 1855 provide
502 1820 669 1843 emanasse
704 1815 903 1849 noscuntur,
929 1815 964 1841 ut
988 1808 1079 1841 firma

341 1869 437 1907 atque
462 1863 586 1896 illibata
611 1862 797 1905 persistant,
824 1861 990 1904 apostolici
1013 1871 1080 1893 mu-

341 1916 473 1949 niminis
500 1915 604 1948 nostri
630 1914 828 1958 patroeinio,
849 1924 918 1946 cum
937 1914 967 1946 id
989 1925 1005 1946 a
1022 1924 1081 1947 no-

339 1969 391 2002 bis
416 1969 559 2013 petitur,
584 1968 725 2001 libenter
751 1967 1023 2006 corroboramus,
1050 1973 1082 2000 et

342 2023 421 2056 alias
449 2023 592 2066 desuper
616 2021 826 2064 disponimus,
853 2020 942 2060 sieut,
958 2023 1081 2053 matura

169 1354 290 1376 Exordium.

342 2075 584 2108 deliberatione
609 2074 767 2113 adhibita,
789 2074 827 2106 ad
846 2073 1080 2116 omnipotentis
1102 2096 1103 2099 η

341 2127 399 2161 Dei
425 2127 561 2170 gloriam
586 2127 783 2170 piorumque
808 2137 945 2170 operum
978 2126 1080 2158 incre-

342 2186 487 2214 mentum
513 2181 710 2213 arbitramur
727 2180 760 2213 in
785 2179 922 2212 Domino
948 2179 1082 2212 salubri-

345 2240 394 2268 ter
418 2235 585 2278 expedire.

207 2305 335 2328 mamm.-
388 2288 459 2331 §L
493 2287 617 2331 Exponi
652 2287 816 2330 siquidem
849 2287 945 2319 nobis
977 2296 1083 2329 nuper

152 2333 335 2381 ἓῖἑῖἑιᾞῗῃὲἑὲζ
346 2342 496 2375 fecerunt
522 2340 632 2374 dilecti
657 2339 714 2373 filii
739 2349 877 2381 magnus
902 2339 1079 2381 magister,

155 2389 176 2409 '⁸
190 2387 321 2409 mmmm·
346 2399 576 2439 praeceptores
595 2403 651 2426 seu
665 2391 942 2432 commendatarii,
961 2392 1081 2435 aliique
1103 2425 1104 2428 ,

382 2484 397 2511 1
418 2483 520 2510 Horum
538 2482 702 2510 Pontificum
722 2480 928 2508 constitutiones
948 2479 1018 2506 iufra
1038 2488 1082 2506 re-

349 2529 481 2556 feruntur.
509 2529 540 2555 In
566 2526 710 2555 Clementis
739 2534 802 2553 vero
823 2525 853 2552 Xl
884 2526 991 2551 constit.
1013 2524 1085 2550 edita

904 211 1114 237 INNOCENTIUS
1137 211 1182 236 ΧΠ
1205 212 1253 236 Pr.

350 2578 470 2606 πυρα-ι,
490 2572 532 2599 die
551 2578 635 2598 xxviii
655 2570 775 2605 angusti,
794 2569 888 2605 pontis.
906 2576 942 2600 vi,
959 2569 1083 2595 conoul«

351 2622 395 2646 tur
409 2617 576 2653 indulgentia
594 2617 620 2643 in
639 2617 682 2643 die
703 2615 879 2643 Exaltationis
898 2615 924 2642 S.
946 2614 1048 2641 Crucis.

1740 206 1803 239 099
1850 217 1903 244 An.
1922 217 1952 245 c.
1971 216 2038 244 1695

1111 260 1224 293 fratres
1250 259 1422 303 hospitalis
1447 269 1504 293 seu
1537 261 1665 295 Ordinis
1698 264 1848 297 militaris

1111 312 1355 355 Crueigerorum
1382 324 1454 346 cum
1479 315 1579 347 rubea
1599 316 1692 348 stella
1711 327 1769 359 per
1789 317 1849 349 Βο-

1112 367 1273 407 hemiam,
1299 367 1470 410 Silegiam,
1497 368 1667 401 Morariam
1694 374 1725 402 et
1750 370 1846 403 Polo-

1112 421 1199 453 niam
1221 421 1388 454 existentis
1414 422 1471 454 suh
1495 423 1608 464 regula
1625 423 1726 455 sancti
1748 424 1851 466 Augu-

1114 473 1197 513 stini,
1225 474 1313 517 quod
1339 474 1472 515 dudum,
1492 480 1661 518 postquam
1680 475 1780 507 felicis
1807 486 1851 508 re-

1114 527 1311 560 cordationis
1350 527 1524 570 Gregorius
1560 528 1646 571 Papa
1680 528 1719 561 tx
1756 539 1851 571 prae-

1115 580 1267 613 decessor
1301 587 1412 614 noster
1449 580 1613 623 hospitale
1648 581 1851 624 praedictum

1114 633 1266 678 illiusque
1298 634 1383 667 bona
1418 634 1449 666 in
1474 634 1523 666 ius
1555 639 1588 667 et
1619 634 1853 677 proprietatem

1115 687 1200 719 beati
1235 687 1320 720 Petri
1358 688 1590 730 Apostolorum
1629 686 1787 730 principis
1817 696 1855 719 ac

1116 740 1174 772 sub
1193 741 1251 772 sua
1269 745 1300 772 et
1317 740 1506 783 Apostolica
1530 740 1621 773 Sedis
1647 739 1855 783 protectione

1116 798 1312 836 susceperat,
1335 803 1463 826 necnon
1487 792 1566 836 ipsi¹
1590 793 1743 836 hospitali
1771 793 1856 826 eius-

1117 856 1179 889 que
1205 847 1354 889 personis
1371 846 1458 879 varia
1476 846 1659 890 privilegia,
1679 847 1856 889 exemptio-

1117 910 1184 938 neS,
1208 900 1435 940 immunitates,
1463 900 1652 941 facultates,
1680 899 1799 943 gratias
1825 904 1857 933 et

1117 953 1240 986 indulta
1266 958 1488 994 concesserat,
1513 954 1707 987 recolendae
1732 964 1857 986 memo-

1117 1007 1183 1039 riae
1209 1007 1413 1039 lnnocentius
1445 1007 1504 1046 lv,
1530 1007 1714 1039 Alexander
1737 1006 1797 1046 IV,
1826 1012 1857 1039 et

1118 1059 1312 1091 Benedictus
1332 1059 1382 1091 ΧΠ
1401 1059 1536 1092 Romani
1559 1059 1740 1099 Pontifices,
1760 1059 1856 1092 etiam

1118 1111 1385 1154 praedecessores
1412 1113 1526 1151 nostri,
1552 1113 1674 1145 eisdem
1701 1112 1856 1156 hospitali

1120 1170 1151 1197 et
1168 1165 1316 1208 personis
1332 1165 1396 1198 alia
1417 1166 1567 1198 similiter
1591 1165 1763 1209 privilegia
1780 1175 1858 1198 con-

1119 1224 1289 1252 cesserunt
1305 1230 1361 1252 seu
1380 1219 1441 1252 iam
1456 1229 1607 1252 concessa
1625 1218 1859 1251 confirmarunt,

1119 1277 1150 1304 et
1174 1273 1403 1314 approbarunt,
1426 1278 1523 1315 prout
1547 1272 1731 1305 continetur
1752 1272 1784 1304 in
1803 1281 1858 1304 eo-

1119 1325 1267 1358 rumdem
1293 1324 1449 1367 Gregorii,
1471 1324 1662 1363 Innocenfii,
1682 1323 1858 1357 Alexandri

1121 1384 1151 1412 et
1169 1379 1335 1412 Benedicti
1355 1378 1642 1421 praedeeessorum
1665 1378 1780 1411 litteris
1799 1377 1858 1409 sub

1120 1432 1252 1475 plumbo
1295 1432 1439 1475 desuper
1471 1432 1625 1465 emanatis
1657 1431 1778 1464 tenoris
1810 1441 1859 1464 se·

1121 1485 1264 1529 quentis,
1289 1485 1456 1518 videlieet:

1171 1550 1184 1569 α
1211 1538 1384 1580 Grrsyorius
1408 1538 1595 1582 episcopus,
1623 1548 1732 1570 sersus
1756 1547 1860 1570 servo-
1927 1549 2054 1570 emnium·

1121 1602 1195 1623 rum
1222 1591 1292 1631 Dei,
1319 1591 1445 1624 dilectis
1470 1590 1543 1624 siliis
1568 1591 1721 1633 magistro
1749 1577 2054 1635 t1ospi-flff'tf'220s30'ssttlt'.

1123 1644 1195 1676 talis
1230 1644 1261 1677 S.
1296 1643 1459 1676 Francisci
1495 1644 1690 1686 Progensis,
1728 1630 2056 1687 eiusque51⁰33⁰⁵³³msssfi25

1124 1698 1286 1736 fratribus,
1314 1703 1375 1730 tam
1402 1698 1630 1741 praesentibus
1656 1708 1750 1740 quam
1776 1690 1914 1730 futu-‘¹³'

1123 1751 1179 1789 ris,
1207 1751 1390 1793 regularem
1417 1751 1512 1782 vitam
1534 1750 1700 1793 professis,
1729 1750 1759 1783 in
1786 1761 1861 1794 per-

1124 1810 1254 1847 petuam
1279 1803 1481 1836 memoriam.
1513 1803 1723 1847 Omnipotens
1749 1804 1833 1837 Deus
1851 1830 1859 1843 ,

1125 1857 1178 1900 qui
1203 1858 1268 1890 alto
1294 1856 1518 1900 providentiae
1537 1868 1610 1890 suae
1628 1857 1763 1890 consilio
1785 1867 1863 1890 cun-

1124 1916 1173 1943 cta
1205 1911 1370 1954 disponit,
1402 1921 1458 1943 cor
1487 1915 1520 1943 et
1551 1911 1693 1943 animum
1725 1911 1862 1944 dilectae

1124 1964 1156 1995 in
1181 1963 1310 1996 Christo
1342 1963 1428 1996 filiae
1455 1964 1588 2006 Agnetis
1614 1964 1734 1996 sororis
1766 1963 1863 1996 caris-

1125 2016 1195 2048 simi
1211 2017 1243 2048 in
1269 2016 1395 2049 Christo
1414 2016 1470 2049 lilii
1490 2017 1592 2049 nostri
1618 2017 1751 2049 illustris
1777 2017 1862 2059 regis

1125 2069 1299 2102 Boliemiae
1326 2074 1413 2102 tanto
1439 2069 1604 2101 eharitatis
1630 2069 1703 2111 igne
1730 2079 1863 2102 succen⁶

1125 2122 1180 2162 dit,
1198 2129 1235 2155 ut
1258 2123 1290 2154 in
1316 2122 1514 2154 monasterio
1541 2122 1571 2155 S.
1599 2122 1759 2155 Francisci
1786 2134 1864 2166 pau-

1102 2206 1104 2212 ,
1125 2186 1239 2219 perum
1264 2175 1453 2208 monialium
1485 2176 1681 2209 inclusarum
1706 2176 1863 2219 Pragensi

1125 2229 1252 2261 Christo
1278 2239 1310 2261 se
1336 2228 1438 2271 ipsam
1471 2229 1503 2261 in
1537 2229 1670 2262 odorem
1697 2230 1863 2263 suavitatis

1125 2281 1265 2321 offerret,
1292 2288 1323 2315 et
1347 2283 1474 2325 pietatis
1499 2293 1536 2315 ac
1557 2283 1789 2326 compassionis
1814 2283 1863 2316 in·-

1126 2336 1215 2376 tuitu,
1232 2336 1270 2368 ad
1296 2346 1377 2378 opus
1400 2335 1600 2368 infirmorum
1621 2342 1652 2369 et
1666 2346 1861 2379 pauperum,

1126 2389 1299 2432 hospitale,
1322 2389 1353 2421 in
1380 2399 1443 2431 quo
1469 2388 1577 2421 divino
1599 2389 1674 2422 estis
1701 2390 1860 2432 obsequio

1126 2441 1311 2485 mancipati,
1332 2442 1446 2474 fecerit
1460 2447 1491 2474 et
1505 2441 1656 2474 dotaviffl.
1671 2442 1731 2475 Nos
1753 2442 1860 2484 igitur,

1126 2501 1360 2540 prosequentes
1378 2499 1524 2529 sanctum
1550 2494 1619 2528 eius
1645 2495 1860 2539 propositum,

1165 2570 1173 2594 l
1198 2566 1269 2593 Edit.
1287 2566 1364 2593 Main.
1382 2567 1448 2601 legit
1463 2567 1524 2601 ipso
1543 2568 1583 2599 (n.
1601 2571 1647 2599 r.)

1162 2612 1178 2639 2
1198 2612 1390 2639 cohaerentias
1411 2612 1468 2646 lege
1489 2612 1628 2638 dotaverit
1649 2617 1685 2645 tn.
1703 2611 1754 2646 12).
