<?xml version="1.0" encoding="UTF-8"?>
<!DOCTYPE html PUBLIC "-//W3C//DTD XHTML 1.0 Transitional//EN"
    "http://www.w3.org/TR/xhtml1/DTD/xhtml1-transitional.dtd">
<html xmlns="http://www.w3.org/1999/xhtml" xml:lang="en" lang="en">
 <head>
  <title>
</title>
<meta http-equiv="Content-Type" content="text/html;charset=utf-8" />
  <meta name='ocr-system' content='tesseract 3.04.00' />
  <meta name='ocr-capabilities' content='ocr_page ocr_carea ocr_par ocr_line ocrx_word'/>
</head>
<body>
  <div class='ocr_page' id='page_1' title='image "./bullarumdiplomat20cath_0234.png"; bbox 0 0 2254 3225; ppageno 0'>
   <div class='ocr_carea' id='block_1_1' title="bbox 243 254 532 295">
    <p class='ocr_par' dir='ltr' id='par_1_1' title="bbox 243 254 532 295">
     <span class='ocr_line' id='line_1_1' title="bbox 243 254 532 295; baseline -0.007 -2"><span class='ocrx_word' id='word_1_1' title='bbox 243 268 292 295; x_wconf 71' lang='lat' dir='ltr'>An.</span> <span class='ocrx_word' id='word_1_2' title='bbox 308 266 338 293; x_wconf 84' lang='grc'>0.</span> <span class='ocrx_word' id='word_1_3' title='bbox 357 265 418 293; x_wconf 75' lang='grc'><strong>1691</strong></span> <span class='ocrx_word' id='word_1_4' title='bbox 468 254 532 288; x_wconf 66' lang='grc'>182</span> 
     </span>
    </p>
   </div>
   <div class='ocr_carea' id='block_1_2' title="bbox 433 304 1172 1618">
    <p class='ocr_par' dir='ltr' id='par_1_2' title="bbox 433 304 1172 1618">
     <span class='ocr_line' id='line_1_2' title="bbox 433 304 1166 357; baseline -0.015 -10"><span class='ocrx_word' id='word_1_5' title='bbox 433 314 652 357; x_wconf 86' lang='lat' dir='ltr'>praefatorum</span> <span class='ocrx_word' id='word_1_6' title='bbox 677 311 758 344; x_wconf 90' lang='lat' dir='ltr'>votis</span> <span class='ocrx_word' id='word_1_7' title='bbox 783 308 968 342; x_wconf 81' lang='lat' dir='ltr'>huiusmodi</span> <span class='ocrx_word' id='word_1_8' title='bbox 991 313 1022 340; x_wconf 81' lang='lat' dir='ltr'>et</span> <span class='ocrx_word' id='word_1_9' title='bbox 1047 304 1166 348; x_wconf 82' lang='lat' dir='ltr'>suppli-</span> 
     </span>
     <span class='ocr_line' id='line_1_3' title="bbox 434 361 1167 405; baseline -0.016 -4"><span class='ocrx_word' id='word_1_10' title='bbox 434 368 616 401; x_wconf 88' lang='lat' dir='ltr'>cationibus</span> <span class='ocrx_word' id='word_1_11' title='bbox 641 375 798 405; x_wconf 88' lang='lat' dir='ltr'>annuens,</span> <span class='ocrx_word' id='word_1_12' title='bbox 824 364 862 396; x_wconf 90' lang='lat' dir='ltr'>de</span> <span class='ocrx_word' id='word_1_13' title='bbox 888 361 1074 396; x_wconf 88' lang='lat' dir='ltr'>eorumdem</span> <span class='ocrx_word' id='word_1_14' title='bbox 1101 368 1167 390; x_wconf 89' lang='lat' dir='ltr'>car-</span> 
     </span>
     <span class='ocr_line' id='line_1_4' title="bbox 435 411 1165 459; baseline -0.018 -5"><span class='ocrx_word' id='word_1_15' title='bbox 435 421 591 454; x_wconf 88' lang='lat' dir='ltr'>dinalium</span> <span class='ocrx_word' id='word_1_16' title='bbox 616 419 759 458; x_wconf 86' lang='lat' dir='ltr'>consilio,</span> <span class='ocrx_word' id='word_1_17' title='bbox 778 423 812 449; x_wconf 92' lang='lat' dir='ltr'>ut</span> <span class='ocrx_word' id='word_1_18' title='bbox 835 417 903 459; x_wconf 89' lang='lat' dir='ltr'>ipse</span> <span class='ocrx_word' id='word_1_19' title='bbox 928 415 984 447; x_wconf 89' lang='lat' dir='ltr'>Dei</span> <span class='ocrx_word' id='word_1_20' title='bbox 1009 422 1116 445; x_wconf 86' lang='lat' dir='ltr'>servus</span> <span class='ocrx_word' id='word_1_21' title='bbox 1135 411 1165 442; x_wconf 91' lang='lat' dir='ltr'>in</span> 
     </span>
     <span class='ocr_line' id='line_1_5' title="bbox 433 463 1165 517; baseline -0.02 -9"><span class='ocrx_word' id='word_1_22' title='bbox 433 479 598 517; x_wconf 90' lang='lat' dir='ltr'>posterum</span> <span class='ocrx_word' id='word_1_23' title='bbox 632 473 748 505; x_wconf 88' lang='lat' dir='ltr'>Beatus</span> <span class='ocrx_word' id='word_1_24' title='bbox 780 467 980 511; x_wconf 83' lang='lat' dir='ltr'>nuncupari,</span> <span class='ocrx_word' id='word_1_25' title='bbox 1007 471 1101 507; x_wconf 87' lang='lat' dir='ltr'>atque</span> <span class='ocrx_word' id='word_1_26' title='bbox 1127 463 1165 494; x_wconf 88' lang='lat' dir='ltr'>ab</span> 
     </span>
     <span class='ocr_line' id='line_1_6' title="bbox 435 515 1166 565; baseline -0.021 -4"><span class='ocrx_word' id='word_1_27' title='bbox 435 527 583 560; x_wconf 90' lang='lat' dir='ltr'>omnibus</span> <span class='ocrx_word' id='word_1_28' title='bbox 602 525 727 559; x_wconf 80' lang='lat' dir='ltr'>clericis</span> <span class='ocrx_word' id='word_1_29' title='bbox 743 521 948 565; x_wconf 77' lang='lat' dir='ltr'>regularibus</span> <span class='ocrx_word' id='word_1_30' title='bbox 965 518 1083 560; x_wconf 92' lang='lat' dir='ltr'>ubique</span> <span class='ocrx_word' id='word_1_31' title='bbox 1101 515 1166 548; x_wconf 66' lang='lat' dir='ltr'>eiii-</span> 
     </span>
     <span class='ocr_line' id='line_1_7' title="bbox 435 570 1168 613; baseline -0.018 0"><span class='ocrx_word' id='word_1_32' title='bbox 435 580 593 613; x_wconf 86' lang='lat' dir='ltr'>stentibus</span> <span class='ocrx_word' id='word_1_33' title='bbox 628 578 765 611; x_wconf 80' lang='lat' dir='ltr'>officium</span> <span class='ocrx_word' id='word_1_34' title='bbox 793 576 830 608; x_wconf 90' lang='lat' dir='ltr'>de</span> <span class='ocrx_word' id='word_1_35' title='bbox 855 571 1015 606; x_wconf 89' lang='lat' dir='ltr'>communi</span> <span class='ocrx_word' id='word_1_36' title='bbox 1040 570 1168 603; x_wconf 85' lang='lat' dir='ltr'>Confes-</span> 
     </span>
     <span class='ocr_line' id='line_1_8' title="bbox 435 622 1165 665; baseline -0.015 0"><span class='ocrx_word' id='word_1_37' title='bbox 435 632 518 665; x_wconf 89' lang='lat' dir='ltr'>soris</span> <span class='ocrx_word' id='word_1_38' title='bbox 543 642 608 665; x_wconf 91' lang='lat' dir='ltr'>non</span> <span class='ocrx_word' id='word_1_39' title='bbox 633 628 798 663; x_wconf 81' lang='lat' dir='ltr'>Pontificis</span> <span class='ocrx_word' id='word_1_40' title='bbox 829 627 860 659; x_wconf 92' lang='lat' dir='ltr'>in</span> <span class='ocrx_word' id='word_1_41' title='bbox 887 626 937 658; x_wconf 89' lang='lat' dir='ltr'>die</span> <span class='ocrx_word' id='word_1_42' title='bbox 963 623 1032 656; x_wconf 83' lang='lat' dir='ltr'>eius</span> <span class='ocrx_word' id='word_1_43' title='bbox 1057 622 1165 654; x_wconf 84' lang='lat' dir='ltr'>obitus</span> 
     </span>
     <span class='ocr_line' id='line_1_9' title="bbox 436 674 1167 717; baseline -0.016 0"><span class='ocrx_word' id='word_1_44' title='bbox 436 684 565 717; x_wconf 87' lang='lat' dir='ltr'>recitari</span> <span class='ocrx_word' id='word_1_45' title='bbox 592 688 623 715; x_wconf 92' lang='lat' dir='ltr'>et</span> <span class='ocrx_word' id='word_1_46' title='bbox 640 682 735 715; x_wconf 89' lang='lat' dir='ltr'>missa</span> <span class='ocrx_word' id='word_1_47' title='bbox 752 678 912 713; x_wconf 87' lang='lat' dir='ltr'>celebrari</span> <span class='ocrx_word' id='word_1_48' title='bbox 936 677 1021 708; x_wconf 86' lang='lat' dir='ltr'>iuxta</span> <span class='ocrx_word' id='word_1_49' title='bbox 1045 674 1167 707; x_wconf 85' lang='lat' dir='ltr'>brevia-</span> 
     </span>
     <span class='ocr_line' id='line_1_10' title="bbox 436 727 1165 770; baseline -0.016 0"><span class='ocrx_word' id='word_1_50' title='bbox 436 738 473 769; x_wconf 88' lang='lat' dir='ltr'>rii</span> <span class='ocrx_word' id='word_1_51' title='bbox 500 742 531 770; x_wconf 92' lang='lat' dir='ltr'>et</span> <span class='ocrx_word' id='word_1_52' title='bbox 554 735 694 768; x_wconf 89' lang='lat' dir='ltr'>missalis</span> <span class='ocrx_word' id='word_1_53' title='bbox 719 731 843 765; x_wconf 86' lang='lat' dir='ltr'>romani</span> <span class='ocrx_word' id='word_1_54' title='bbox 881 728 1044 768; x_wconf 79' lang='lat' dir='ltr'>rubricas,</span> <span class='ocrx_word' id='word_1_55' title='bbox 1069 727 1165 760; x_wconf 88' lang='lat' dir='ltr'>etiam</span> 
     </span>
     <span class='ocr_line' id='line_1_11' title="bbox 436 781 1166 833; baseline -0.014 -11"><span class='ocrx_word' id='word_1_56' title='bbox 436 800 495 833; x_wconf 90' lang='lat' dir='ltr'>per</span> <span class='ocrx_word' id='word_1_57' title='bbox 518 788 701 821; x_wconf 77' lang='lat' dir='ltr'>sacerdotes</span> <span class='ocrx_word' id='word_1_58' title='bbox 734 785 898 827; x_wconf 72' lang='lat' dir='ltr'>regulares</span> <span class='ocrx_word' id='word_1_59' title='bbox 929 786 960 814; x_wconf 87' lang='lat' dir='ltr'>et</span> <span class='ocrx_word' id='word_1_60' title='bbox 984 781 1166 814; x_wconf 78' lang='lat' dir='ltr'>saeculares</span> 
     </span>
     <span class='ocr_line' id='line_1_12' title="bbox 436 833 1166 875; baseline -0.016 1"><span class='ocrx_word' id='word_1_61' title='bbox 436 843 473 875; x_wconf 87' lang='lat' dir='ltr'>ad</span> <span class='ocrx_word' id='word_1_62' title='bbox 500 851 612 875; x_wconf 90' lang='lat' dir='ltr'>eorum</span> <span class='ocrx_word' id='word_1_63' title='bbox 637 838 790 872; x_wconf 87' lang='lat' dir='ltr'>ecclesias</span> <span class='ocrx_word' id='word_1_64' title='bbox 815 836 1016 869; x_wconf 85' lang='lat' dir='ltr'>confluentes</span> <span class='ocrx_word' id='word_1_65' title='bbox 1034 861 1041 874; x_wconf 95' lang='lat'>,</span> <span class='ocrx_word' id='word_1_66' title='bbox 1067 834 1100 865; x_wconf 91' lang='lat' dir='ltr'>in</span> <span class='ocrx_word' id='word_1_67' title='bbox 1126 833 1166 865; x_wconf 86' lang='lat' dir='ltr'>ci-</span> 
     </span>
     <span class='ocr_line' id='line_1_13' title="bbox 435 887 1167 934; baseline -0.014 -6"><span class='ocrx_word' id='word_1_68' title='bbox 435 896 531 928; x_wconf 85' lang='lat' dir='ltr'>vitate</span> <span class='ocrx_word' id='word_1_69' title='bbox 555 904 630 927; x_wconf 85' lang='lat' dir='ltr'>vero</span> <span class='ocrx_word' id='word_1_70' title='bbox 647 890 802 930; x_wconf 68' lang='lat' dir='ltr'>Yicentia,</span> <span class='ocrx_word' id='word_1_71' title='bbox 817 890 871 921; x_wconf 92' lang='lat' dir='ltr'>ubi</span> <span class='ocrx_word' id='word_1_72' title='bbox 888 893 982 921; x_wconf 88' lang='lat' dir='ltr'>natus</span> <span class='ocrx_word' id='word_1_73' title='bbox 1003 887 1117 934; x_wconf 67' lang='lat' dir='ltr'>fuerat,</span> <span class='ocrx_word' id='word_1_74' title='bbox 1137 892 1167 919; x_wconf 93' lang='lat' dir='ltr'>et</span> 
     </span>
     <span class='ocr_line' id='line_1_14' title="bbox 435 939 1167 991; baseline -0.014 -10"><span class='ocrx_word' id='word_1_75' title='bbox 435 947 654 991; x_wconf 87' lang='lat' dir='ltr'>Neapolitana,</span> <span class='ocrx_word' id='word_1_76' title='bbox 668 944 721 976; x_wconf 91' lang='lat' dir='ltr'>ubi</span> <span class='ocrx_word' id='word_1_77' title='bbox 748 952 874 975; x_wconf 86' lang='lat' dir='ltr'>sacrum</span> <span class='ocrx_word' id='word_1_78' title='bbox 893 939 961 973; x_wconf 88' lang='lat' dir='ltr'>eius</span> <span class='ocrx_word' id='word_1_79' title='bbox 985 950 1102 983; x_wconf 84' lang='lat' dir='ltr'>corpus</span> <span class='ocrx_word' id='word_1_80' title='bbox 1121 950 1167 972; x_wconf 89' lang='lat' dir='ltr'>re-</span> 
     </span>
     <span class='ocr_line' id='line_1_15' title="bbox 437 992 1167 1042; baseline -0.011 -10"><span class='ocrx_word' id='word_1_81' title='bbox 437 999 582 1042; x_wconf 84' lang='lat' dir='ltr'>quiescit,</span> <span class='ocrx_word' id='word_1_82' title='bbox 608 998 640 1030; x_wconf 92' lang='lat' dir='ltr'>in</span> <span class='ocrx_word' id='word_1_83' title='bbox 666 995 815 1029; x_wconf 88' lang='lat' dir='ltr'>omnibus</span> <span class='ocrx_word' id='word_1_84' title='bbox 839 992 984 1026; x_wconf 87' lang='lat' dir='ltr'>ecelesiis</span> <span class='ocrx_word' id='word_1_85' title='bbox 1009 997 1073 1025; x_wconf 87' lang='lat' dir='ltr'>tam</span> <span class='ocrx_word' id='word_1_86' title='bbox 1103 1002 1167 1025; x_wconf 89' lang='lat' dir='ltr'>sae—</span> 
     </span>
     <span class='ocr_line' id='line_1_16' title="bbox 437 1045 1167 1092; baseline -0.011 -8"><span class='ocrx_word' id='word_1_87' title='bbox 437 1051 592 1084; x_wconf 87' lang='lat' dir='ltr'>cularium</span> <span class='ocrx_word' id='word_1_88' title='bbox 617 1059 710 1092; x_wconf 85' lang='lat' dir='ltr'>quam</span> <span class='ocrx_word' id='word_1_89' title='bbox 734 1046 934 1090; x_wconf 79' lang='lat' dir='ltr'>regularium</span> <span class='ocrx_word' id='word_1_90' title='bbox 956 1045 1053 1078; x_wconf 84' lang='lat' dir='ltr'>missa</span> <span class='ocrx_word' id='word_1_91' title='bbox 1073 1050 1105 1077; x_wconf 88' lang='lat' dir='ltr'>et</span> <span class='ocrx_word' id='word_1_92' title='bbox 1122 1045 1167 1077; x_wconf 93' lang='lat' dir='ltr'>of-</span> 
     </span>
     <span class='ocr_line' id='line_1_17' title="bbox 437 1097 1167 1144; baseline -0.01 -8"><span class='ocrx_word' id='word_1_93' title='bbox 437 1104 561 1143; x_wconf 79' lang='lat' dir='ltr'>ficium,</span> <span class='ocrx_word' id='word_1_94' title='bbox 586 1107 619 1134; x_wconf 90' lang='lat' dir='ltr'>ut</span> <span class='ocrx_word' id='word_1_95' title='bbox 653 1111 757 1144; x_wconf 89' lang='lat' dir='ltr'>supra,</span> <span class='ocrx_word' id='word_1_96' title='bbox 780 1098 938 1133; x_wconf 87' lang='lat' dir='ltr'>celebrari</span> <span class='ocrx_word' id='word_1_97' title='bbox 971 1104 1004 1131; x_wconf 81' lang='lat' dir='ltr'>et</span> <span class='ocrx_word' id='word_1_98' title='bbox 1038 1097 1167 1130; x_wconf 88' lang='lat' dir='ltr'>recitari</span> 
     </span>
     <span class='ocr_line' id='line_1_18' title="bbox 436 1153 1167 1198; baseline -0.01 -9"><span class='ocrx_word' id='word_1_99' title='bbox 436 1157 569 1195; x_wconf 81' lang='lat' dir='ltr'>valeret,</span> <span class='ocrx_word' id='word_1_100' title='bbox 602 1166 637 1187; x_wconf 89' lang='lat' dir='ltr'>ac</span> <span class='ocrx_word' id='word_1_101' title='bbox 667 1164 726 1198; x_wconf 89' lang='lat' dir='ltr'>pro</span> <span class='ocrx_word' id='word_1_102' title='bbox 760 1158 837 1186; x_wconf 87' lang='lat' dir='ltr'>tunc</span> <span class='ocrx_word' id='word_1_103' title='bbox 862 1153 1057 1185; x_wconf 70' lang='lat' dir='ltr'>decurrente</span> <span class='ocrx_word' id='word_1_104' title='bbox 1083 1161 1167 1183; x_wconf 88' lang='lat' dir='ltr'>anno</span> 
     </span>
     <span class='ocr_line' id='line_1_19' title="bbox 437 1204 1169 1252; baseline -0.007 -11"><span class='ocrx_word' id='word_1_105' title='bbox 437 1208 511 1241; x_wconf 90' lang='lat' dir='ltr'>dicti</span> <span class='ocrx_word' id='word_1_106' title='bbox 535 1208 739 1252; x_wconf 86' lang='lat' dir='ltr'>praepositus</span> <span class='ocrx_word' id='word_1_107' title='bbox 757 1206 917 1249; x_wconf 82' lang='lat' dir='ltr'>generalis</span> <span class='ocrx_word' id='word_1_108' title='bbox 936 1210 968 1238; x_wconf 88' lang='lat' dir='ltr'>et</span> <span class='ocrx_word' id='word_1_109' title='bbox 991 1204 1100 1238; x_wconf 88' lang='lat' dir='ltr'>clerici</span> <span class='ocrx_word' id='word_1_110' title='bbox 1119 1214 1169 1237; x_wconf 91' lang='lat' dir='ltr'>so-</span> 
     </span>
     <span class='ocr_line' id='line_1_20' title="bbox 436 1257 1169 1294; baseline -0.005 0"><span class='ocrx_word' id='word_1_111' title='bbox 436 1262 575 1294; x_wconf 88' lang='lat' dir='ltr'>lemnem</span> <span class='ocrx_word' id='word_1_112' title='bbox 606 1259 876 1294; x_wconf 82' lang='lat' dir='ltr'>beatificationem</span> <span class='ocrx_word' id='word_1_113' title='bbox 901 1269 972 1291; x_wconf 86' lang='lat' dir='ltr'>cum</span> <span class='ocrx_word' id='word_1_114' title='bbox 1006 1257 1112 1290; x_wconf 79' lang='lat' dir='ltr'>officio</span> <span class='ocrx_word' id='word_1_115' title='bbox 1138 1262 1169 1290; x_wconf 86' lang='lat' dir='ltr'>et</span> 
     </span>
     <span class='ocr_line' id='line_1_21' title="bbox 436 1310 1167 1347; baseline -0.007 0"><span class='ocrx_word' id='word_1_116' title='bbox 436 1315 533 1347; x_wconf 80' lang='lat' dir='ltr'>missa</span> <span class='ocrx_word' id='word_1_117' title='bbox 558 1314 590 1346; x_wconf 93' lang='lat' dir='ltr'>in</span> <span class='ocrx_word' id='word_1_118' title='bbox 615 1314 666 1347; x_wconf 90' lang='lat' dir='ltr'>die</span> <span class='ocrx_word' id='word_1_119' title='bbox 684 1313 729 1346; x_wconf 90' lang='lat' dir='ltr'>eis</span> <span class='ocrx_word' id='word_1_120' title='bbox 749 1313 902 1346; x_wconf 80' lang='lat' dir='ltr'>benevisa</span> <span class='ocrx_word' id='word_1_121' title='bbox 923 1313 976 1345; x_wconf 83' lang='lat' dir='ltr'>hic</span> <span class='ocrx_word' id='word_1_122' title='bbox 999 1312 1119 1344; x_wconf 83' lang='lat' dir='ltr'>Romae</span> <span class='ocrx_word' id='word_1_123' title='bbox 1137 1310 1167 1342; x_wconf 91' lang='lat' dir='ltr'>in</span> 
     </span>
     <span class='ocr_line' id='line_1_22' title="bbox 437 1364 1168 1404; baseline -0.005 -5"><span class='ocrx_word' id='word_1_124' title='bbox 437 1367 571 1399; x_wconf 80' lang='lat' dir='ltr'>ecclesia</span> <span class='ocrx_word' id='word_1_125' title='bbox 606 1367 640 1399; x_wconf 94' lang='lat' dir='ltr'>B.</span> <span class='ocrx_word' id='word_1_126' title='bbox 668 1366 815 1398; x_wconf 80' lang='lat' dir='ltr'>Andreae</span> <span class='ocrx_word' id='word_1_127' title='bbox 848 1365 886 1398; x_wconf 87' lang='grc'>(10</span> <span class='ocrx_word' id='word_1_128' title='bbox 911 1364 1018 1404; x_wconf 74' lang='lat' dir='ltr'>Valle,</span> <span class='ocrx_word' id='word_1_129' title='bbox 1042 1374 1168 1396; x_wconf 80' lang='lat' dir='ltr'>necnon</span> 
     </span>
     <span class='ocr_line' id='line_1_23' title="bbox 436 1416 1171 1457; baseline -0.004 -6"><span class='ocrx_word' id='word_1_130' title='bbox 436 1419 489 1452; x_wconf 87' lang='lat' dir='ltr'>alii</span> <span class='ocrx_word' id='word_1_131' title='bbox 522 1419 560 1451; x_wconf 90' lang='lat' dir='ltr'>ad</span> <span class='ocrx_word' id='word_1_132' title='bbox 593 1419 681 1451; x_wconf 90' lang='lat' dir='ltr'>illam</span> <span class='ocrx_word' id='word_1_133' title='bbox 705 1418 915 1457; x_wconf 78' lang='lat' dir='ltr'>confluentes,</span> <span class='ocrx_word' id='word_1_134' title='bbox 941 1417 1108 1450; x_wconf 88' lang='lat' dir='ltr'>celebrare</span> <span class='ocrx_word' id='word_1_135' title='bbox 1133 1416 1171 1448; x_wconf 91' lang='lat' dir='ltr'>li-</span> 
     </span>
     <span class='ocr_line' id='line_1_24' title="bbox 436 1468 1171 1513; baseline -0.003 -11"><span class='ocrx_word' id='word_1_136' title='bbox 436 1471 513 1503; x_wconf 86' lang='lat' dir='ltr'>bere</span> <span class='ocrx_word' id='word_1_137' title='bbox 539 1476 570 1503; x_wconf 85' lang='lat' dir='ltr'>et</span> <span class='ocrx_word' id='word_1_138' title='bbox 588 1471 674 1503; x_wconf 89' lang='lat' dir='ltr'>licite</span> <span class='ocrx_word' id='word_1_139' title='bbox 693 1475 835 1513; x_wconf 83' lang='lat' dir='ltr'>possent,</span> <span class='ocrx_word' id='word_1_140' title='bbox 855 1480 912 1512; x_wconf 92' lang='lat' dir='ltr'>per</span> <span class='ocrx_word' id='word_1_141' title='bbox 930 1479 1001 1501; x_wconf 83' lang='lat' dir='ltr'>suas</span> <span class='ocrx_word' id='word_1_142' title='bbox 1021 1468 1171 1501; x_wconf 73' lang='lat' dir='ltr'>informa</span> 
     </span>
     <span class='ocr_line' id='line_1_25' title="bbox 439 1522 1169 1566; baseline -0.004 -10"><span class='ocrx_word' id='word_1_143' title='bbox 439 1523 546 1556; x_wconf 85' lang='lat' dir='ltr'>Brevis</span> <span class='ocrx_word' id='word_1_144' title='bbox 573 1524 710 1566; x_wconf 84' lang='lat' dir='ltr'>desuper</span> <span class='ocrx_word' id='word_1_145' title='bbox 735 1523 786 1555; x_wconf 90' lang='lat' dir='ltr'>die</span> <span class='ocrx_word' id='word_1_146' title='bbox 806 1533 849 1555; x_wconf 77' lang='lat' dir='ltr'>vu</span> <span class='ocrx_word' id='word_1_147' title='bbox 867 1522 1008 1555; x_wconf 82' lang='lat' dir='ltr'>octobris</span> <span class='ocrx_word' id='word_1_148' title='bbox 1034 1531 1169 1554; x_wconf 67' lang='lat' dir='ltr'>iimcxmx</span> 
     </span>
     <span class='ocr_line' id='line_1_26' title="bbox 440 1574 1172 1618; baseline -0.003 -10"><span class='ocrx_word' id='word_1_149' title='bbox 440 1576 608 1618; x_wconf 79' lang='lat' dir='ltr'>expeditas</span> <span class='ocrx_word' id='word_1_150' title='bbox 634 1576 772 1615; x_wconf 75' lang='lat' dir='ltr'>litteras,</span> <span class='ocrx_word' id='word_1_151' title='bbox 798 1574 961 1607; x_wconf 80' lang='lat' dir='ltr'>licentiam</span> <span class='ocrx_word' id='word_1_152' title='bbox 987 1580 1019 1607; x_wconf 88' lang='lat' dir='ltr'>et</span> <span class='ocrx_word' id='word_1_153' title='bbox 1042 1574 1172 1606; x_wconf 85' lang='lat' dir='ltr'>faculta-</span> 
     </span>
    </p>
   </div>
   <div class='ocr_carea' id='block_1_3' title="bbox 1010 251 1366 282">
    <p class='ocr_par' dir='ltr' id='par_1_3' title="bbox 1010 251 1366 282">
     <span class='ocr_line' id='line_1_27' title="bbox 1010 251 1366 282; baseline -0.022 0"><span class='ocrx_word' id='word_1_154' title='bbox 1010 256 1188 282; x_wconf 47' lang='lat' dir='ltr'>BttLtiAnutM</span> <span class='ocrx_word' id='word_1_155' title='bbox 1212 251 1366 277; x_wconf 67' lang='lat' dir='ltr'>ROMANUM</span> 
     </span>
    </p>
   </div>
   <div class='ocr_carea' id='block_1_4' title="bbox 1209 298 1948 1664">
    <p class='ocr_par' dir='ltr' id='par_1_4' title="bbox 1209 298 1943 819">
     <span class='ocr_line' id='line_1_28' title="bbox 1210 298 1943 344; baseline -0.001 -11"><span class='ocrx_word' id='word_1_156' title='bbox 1210 306 1338 344; x_wconf 86' lang='lat' dir='ltr'>cupato,</span> <span class='ocrx_word' id='word_1_157' title='bbox 1365 300 1451 332; x_wconf 91' lang='lat' dir='ltr'>idem</span> <span class='ocrx_word' id='word_1_158' title='bbox 1472 298 1619 332; x_wconf 82' lang='lat' dir='ltr'>Clemens</span> <span class='ocrx_word' id='word_1_159' title='bbox 1645 299 1886 342; x_wconf 89' lang='lat' dir='ltr'>praedecessor,</span> <span class='ocrx_word' id='word_1_160' title='bbox 1904 299 1943 332; x_wconf 90' lang='lat' dir='ltr'>de</span> 
     </span>
     <span class='ocr_line' id='line_1_29' title="bbox 1209 353 1943 392; baseline 0 -6"><span class='ocrx_word' id='word_1_161' title='bbox 1209 353 1442 386; x_wconf 87' lang='lat' dir='ltr'>venerabilium</span> <span class='ocrx_word' id='word_1_162' title='bbox 1479 353 1609 386; x_wconf 85' lang='lat' dir='ltr'>fratrum</span> <span class='ocrx_word' id='word_1_163' title='bbox 1641 359 1842 392; x_wconf 88' lang='lat' dir='ltr'>nostrorum,</span> <span class='ocrx_word' id='word_1_164' title='bbox 1868 359 1943 386; x_wconf 89' lang='lat' dir='ltr'>tunc</span> 
     </span>
     <span class='ocr_line' id='line_1_30' title="bbox 1210 405 1943 446; baseline 0 -8"><span class='ocrx_word' id='word_1_165' title='bbox 1210 417 1368 446; x_wconf 86' lang='lat' dir='ltr'>suorum,</span> <span class='ocrx_word' id='word_1_166' title='bbox 1401 406 1432 438; x_wconf 90' lang='lat' dir='ltr'>S.</span> <span class='ocrx_word' id='word_1_167' title='bbox 1470 406 1507 438; x_wconf 89' lang='lat' dir='ltr'>R.</span> <span class='ocrx_word' id='word_1_168' title='bbox 1535 405 1568 438; x_wconf 88' lang='lat' dir='ltr'>E.</span> <span class='ocrx_word' id='word_1_169' title='bbox 1596 405 1805 438; x_wconf 79' lang='lat' dir='ltr'>cardinalium</span> <span class='ocrx_word' id='word_1_170' title='bbox 1830 405 1943 438; x_wconf 90' lang='lat' dir='ltr'>iisdem</span> 
     </span>
     <span class='ocr_line' id='line_1_31' title="bbox 1210 458 1941 501; baseline 0 -10"><span class='ocrx_word' id='word_1_171' title='bbox 1210 459 1308 492; x_wconf 84' lang='lat' dir='ltr'>sacris</span> <span class='ocrx_word' id='word_1_172' title='bbox 1333 459 1447 491; x_wconf 85' lang='lat' dir='ltr'>ritibus</span> <span class='ocrx_word' id='word_1_173' title='bbox 1461 458 1722 501; x_wconf 87' lang='lat' dir='ltr'>praepositorum</span> <span class='ocrx_word' id='word_1_174' title='bbox 1741 459 1886 499; x_wconf 86' lang='lat' dir='ltr'>consilio,</span> <span class='ocrx_word' id='word_1_175' title='bbox 1902 459 1941 491; x_wconf 93' lang='lat' dir='ltr'>de</span> 
     </span>
     <span class='ocr_line' id='line_1_32' title="bbox 1209 511 1942 555; baseline 0 -11"><span class='ocrx_word' id='word_1_176' title='bbox 1209 512 1427 555; x_wconf 87' lang='lat' dir='ltr'>praefatorum</span> <span class='ocrx_word' id='word_1_177' title='bbox 1446 522 1655 554; x_wconf 74' lang='lat' dir='ltr'>processuum</span> <span class='ocrx_word' id='word_1_178' title='bbox 1674 511 1851 543; x_wconf 75' lang='lat' dir='ltr'>relevantia</span> <span class='ocrx_word' id='word_1_179' title='bbox 1864 522 1942 544; x_wconf 91' lang='lat' dir='ltr'>con-</span> 
     </span>
     <span class='ocr_line' id='line_1_33' title="bbox 1210 564 1943 608; baseline 0 -11"><span class='ocrx_word' id='word_1_180' title='bbox 1210 571 1294 598; x_wconf 85' lang='lat' dir='ltr'>stare</span> <span class='ocrx_word' id='word_1_181' title='bbox 1319 564 1564 608; x_wconf 83' lang='lat' dir='ltr'>pronunciavit,</span> <span class='ocrx_word' id='word_1_182' title='bbox 1591 570 1621 597; x_wconf 89' lang='lat' dir='ltr'>et</span> <span class='ocrx_word' id='word_1_183' title='bbox 1653 574 1688 596; x_wconf 82' lang='lat' dir='ltr'>ex</span> <span class='ocrx_word' id='word_1_184' title='bbox 1714 574 1831 597; x_wconf 88' lang='lat' dir='ltr'>novem</span> <span class='ocrx_word' id='word_1_185' title='bbox 1868 570 1943 597; x_wconf 87' lang='lat' dir='ltr'>tunc</span> 
     </span>
     <span class='ocr_line' id='line_1_34' title="bbox 1209 616 1942 661; baseline -0.001 -11"><span class='ocrx_word' id='word_1_186' title='bbox 1209 618 1385 661; x_wconf 86' lang='lat' dir='ltr'>propositis</span> <span class='ocrx_word' id='word_1_187' title='bbox 1419 622 1450 651; x_wconf 86' lang='lat' dir='ltr'>et</span> <span class='ocrx_word' id='word_1_188' title='bbox 1487 617 1641 650; x_wconf 78' lang='lat' dir='ltr'>discussis</span> <span class='ocrx_word' id='word_1_189' title='bbox 1666 616 1831 649; x_wconf 84' lang='lat' dir='ltr'>miraculis</span> <span class='ocrx_word' id='word_1_190' title='bbox 1848 644 1855 657; x_wconf 91' lang='lat'>,</span> <span class='ocrx_word' id='word_1_191' title='bbox 1882 617 1942 649; x_wconf 87' lang='lat' dir='ltr'>tria</span> 
     </span>
     <span class='ocr_line' id='line_1_35' title="bbox 1211 670 1943 713; baseline -0.001 -10"><span class='ocrx_word' id='word_1_192' title='bbox 1211 677 1371 713; x_wconf 86' lang='lat' dir='ltr'>tamquam</span> <span class='ocrx_word' id='word_1_193' title='bbox 1408 670 1712 704; x_wconf 81' lang='lat' dir='ltr'>concludentissime</span> <span class='ocrx_word' id='word_1_194' title='bbox 1745 670 1881 712; x_wconf 84' lang='lat' dir='ltr'>probata</span> <span class='ocrx_word' id='word_1_195' title='bbox 1910 674 1943 702; x_wconf 91' lang='lat' dir='ltr'>et</span> 
     </span>
     <span class='ocr_line' id='line_1_36' title="bbox 1209 723 1942 767; baseline 0.001 -12"><span class='ocrx_word' id='word_1_196' title='bbox 1209 734 1309 767; x_wconf 77' lang='lat' dir='ltr'>supra</span> <span class='ocrx_word' id='word_1_197' title='bbox 1332 729 1466 756; x_wconf 86' lang='lat' dir='ltr'>naturae</span> <span class='ocrx_word' id='word_1_198' title='bbox 1491 728 1619 757; x_wconf 79' lang='lat' dir='ltr'>creatae</span> <span class='ocrx_word' id='word_1_199' title='bbox 1644 723 1727 756; x_wconf 82' lang='lat' dir='ltr'>vires</span> <span class='ocrx_word' id='word_1_200' title='bbox 1751 728 1874 766; x_wconf 86' lang='lat' dir='ltr'>patrata</span> <span class='ocrx_word' id='word_1_201' title='bbox 1891 733 1942 767; x_wconf 82' lang='lat' dir='ltr'>ap·</span> 
     </span>
     <span class='ocr_line' id='line_1_37' title="bbox 1209 775 1368 819; baseline 0 -11"><span class='ocrx_word' id='word_1_202' title='bbox 1209 775 1368 819; x_wconf 67' lang='lat' dir='ltr'>probavn.</span> 
     </span>
    </p>

    <p class='ocr_par' dir='ltr' id='par_1_5' title="bbox 1210 827 1948 1664">
     <span class='ocr_line' id='line_1_38' title="bbox 1253 827 1943 872; baseline 0.001 -12"><span class='ocrx_word' id='word_1_203' title='bbox 1253 829 1393 861; x_wconf 87' lang='lat' dir='ltr'>Primum</span> <span class='ocrx_word' id='word_1_204' title='bbox 1429 829 1586 872; x_wconf 87' lang='lat' dir='ltr'>siquidem</span> <span class='ocrx_word' id='word_1_205' title='bbox 1622 838 1794 871; x_wconf 86' lang='lat' dir='ltr'>processus</span> <span class='ocrx_word' id='word_1_206' title='bbox 1819 827 1943 861; x_wconf 86' lang='lat' dir='ltr'>Licien-</span> 
     </span>
     <span class='ocr_line' id='line_1_39' title="bbox 1210 881 1943 923; baseline 0 -9"><span class='ocrx_word' id='word_1_207' title='bbox 1210 882 1261 923; x_wconf 85' lang='lat' dir='ltr'>sis,</span> <span class='ocrx_word' id='word_1_208' title='bbox 1278 882 1455 915; x_wconf 84' lang='lat' dir='ltr'>sanationis</span> <span class='ocrx_word' id='word_1_209' title='bbox 1473 881 1660 915; x_wconf 83' lang='lat' dir='ltr'>Franciscae</span> <span class='ocrx_word' id='word_1_210' title='bbox 1680 883 1719 915; x_wconf 88' lang='lat' dir='ltr'>de</span> <span class='ocrx_word' id='word_1_211' title='bbox 1736 881 1817 915; x_wconf 89' lang='lat' dir='ltr'>Core</span> <span class='ocrx_word' id='word_1_212' title='bbox 1835 893 1852 914; x_wconf 84' lang='lat' dir='ltr'>a</span> <span class='ocrx_word' id='word_1_213' title='bbox 1869 892 1943 914; x_wconf 89' lang='lat' dir='ltr'>can-</span> 
     </span>
     <span class='ocr_line' id='line_1_40' title="bbox 1210 935 1942 968; baseline 0 -1"><span class='ocrx_word' id='word_1_214' title='bbox 1210 945 1264 967; x_wconf 87' lang='lat' dir='ltr'>oro</span> <span class='ocrx_word' id='word_1_215' title='bbox 1291 941 1399 968; x_wconf 79' lang='lat' dir='ltr'>exorto</span> <span class='ocrx_word' id='word_1_216' title='bbox 1424 935 1456 967; x_wconf 93' lang='lat' dir='ltr'>in</span> <span class='ocrx_word' id='word_1_217' title='bbox 1482 935 1551 968; x_wconf 79' lang='lat' dir='ltr'>vola</span> <span class='ocrx_word' id='word_1_218' title='bbox 1576 945 1687 967; x_wconf 89' lang='lat' dir='ltr'>manus</span> <span class='ocrx_word' id='word_1_219' title='bbox 1709 935 1854 967; x_wconf 77' lang='lat' dir='ltr'>sinistrae</span> <span class='ocrx_word' id='word_1_220' title='bbox 1869 945 1942 968; x_wconf 87' lang='lat' dir='ltr'>mox</span> 
     </span>
     <span class='ocr_line' id='line_1_41' title="bbox 1210 987 1943 1031; baseline 0 -11"><span class='ocrx_word' id='word_1_221' title='bbox 1210 987 1404 1028; x_wconf 81' lang='lat' dir='ltr'>exulcerato,</span> <span class='ocrx_word' id='word_1_222' title='bbox 1420 990 1604 1030; x_wconf 77' lang='lat' dir='ltr'>gangraena</span> <span class='ocrx_word' id='word_1_223' title='bbox 1626 987 1735 1020; x_wconf 89' lang='lat' dir='ltr'>invaso</span> <span class='ocrx_word' id='word_1_224' title='bbox 1754 993 1781 1019; x_wconf 90' lang='grc'>01</span> <span class='ocrx_word' id='word_1_225' title='bbox 1800 987 1830 1019; x_wconf 89' lang='grc'>111</span> <span class='ocrx_word' id='word_1_226' title='bbox 1847 988 1943 1031; x_wconf 83' lang='lat' dir='ltr'>spba-</span> 
     </span>
     <span class='ocr_line' id='line_1_42' title="bbox 1210 1040 1943 1084; baseline 0.001 -11"><span class='ocrx_word' id='word_1_227' title='bbox 1210 1042 1313 1073; x_wconf 84' lang='lat' dir='ltr'>celum</span> <span class='ocrx_word' id='word_1_228' title='bbox 1331 1051 1488 1074; x_wconf 79' lang='lat' dir='ltr'>converso</span> <span class='ocrx_word' id='word_1_229' title='bbox 1506 1051 1578 1073; x_wconf 89' lang='lat' dir='ltr'>cum</span> <span class='ocrx_word' id='word_1_230' title='bbox 1597 1040 1724 1072; x_wconf 87' lang='lat' dir='ltr'>brachii</span> <span class='ocrx_word' id='word_1_231' title='bbox 1749 1045 1780 1073; x_wconf 90' lang='lat' dir='ltr'>et</span> <span class='ocrx_word' id='word_1_232' title='bbox 1803 1040 1943 1084; x_wconf 85' lang='lat' dir='ltr'>partium</span> 
     </span>
     <span class='ocr_line' id='line_1_43' title="bbox 1210 1093 1944 1135; baseline -0.003 -9"><span class='ocrx_word' id='word_1_233' title='bbox 1210 1093 1302 1126; x_wconf 90' lang='lat' dir='ltr'>cordi</span> <span class='ocrx_word' id='word_1_234' title='bbox 1327 1093 1542 1125; x_wconf 89' lang='lat' dir='ltr'>adiacentium</span> <span class='ocrx_word' id='word_1_235' title='bbox 1561 1093 1780 1131; x_wconf 83' lang='lat' dir='ltr'>infestatione,</span> <span class='ocrx_word' id='word_1_236' title='bbox 1797 1093 1842 1125; x_wconf 94' lang='lat' dir='ltr'>nil</span> <span class='ocrx_word' id='word_1_237' title='bbox 1856 1103 1944 1135; x_wconf 87' lang='lat' dir='ltr'>pror-</span> 
     </span>
     <span class='ocr_line' id='line_1_44' title="bbox 1210 1145 1945 1186; baseline -0.001 -8"><span class='ocrx_word' id='word_1_238' title='bbox 1210 1157 1261 1179; x_wconf 88' lang='lat' dir='ltr'>sus</span> <span class='ocrx_word' id='word_1_239' title='bbox 1285 1146 1467 1178; x_wconf 89' lang='lat' dir='ltr'>iuvantibus</span> <span class='ocrx_word' id='word_1_240' title='bbox 1492 1145 1642 1178; x_wconf 87' lang='lat' dir='ltr'>humanis</span> <span class='ocrx_word' id='word_1_241' title='bbox 1677 1145 1830 1178; x_wconf 86' lang='lat' dir='ltr'>remediis</span> <span class='ocrx_word' id='word_1_242' title='bbox 1847 1171 1855 1186; x_wconf 87' lang='lat'>,</span> <span class='ocrx_word' id='word_1_243' title='bbox 1882 1145 1945 1177; x_wconf 91' lang='lat' dir='ltr'>fru-</span> 
     </span>
     <span class='ocr_line' id='line_1_45' title="bbox 1210 1198 1944 1242; baseline -0.001 -11"><span class='ocrx_word' id='word_1_244' title='bbox 1210 1200 1432 1241; x_wconf 87' lang='lat' dir='ltr'>stulorumque</span> <span class='ocrx_word' id='word_1_245' title='bbox 1458 1199 1607 1242; x_wconf 89' lang='lat' dir='ltr'>putridae</span> <span class='ocrx_word' id='word_1_246' title='bbox 1634 1199 1738 1231; x_wconf 86' lang='lat' dir='ltr'>carnis</span> <span class='ocrx_word' id='word_1_247' title='bbox 1761 1198 1837 1231; x_wconf 90' lang='lat' dir='ltr'>inde</span> <span class='ocrx_word' id='word_1_248' title='bbox 1862 1198 1944 1230; x_wconf 75' lang='lat' dir='ltr'>facta</span> 
     </span>
     <span class='ocr_line' id='line_1_46' title="bbox 1211 1251 1944 1295; baseline -0.001 -10"><span class='ocrx_word' id='word_1_249' title='bbox 1211 1253 1363 1285; x_wconf 87' lang='lat' dir='ltr'>erosione</span> <span class='ocrx_word' id='word_1_250' title='bbox 1399 1252 1554 1295; x_wconf 86' lang='lat' dir='ltr'>ponderis</span> <span class='ocrx_word' id='word_1_251' title='bbox 1595 1253 1763 1284; x_wconf 88' lang='lat' dir='ltr'>unciarum</span> <span class='ocrx_word' id='word_1_252' title='bbox 1800 1251 1944 1294; x_wconf 87' lang='lat' dir='ltr'>quinque</span> 
     </span>
     <span class='ocr_line' id='line_1_47' title="bbox 1212 1304 1946 1348; baseline -0.004 -10"><span class='ocrx_word' id='word_1_253' title='bbox 1212 1306 1333 1348; x_wconf 85' lang='lat' dir='ltr'>absque</span> <span class='ocrx_word' id='word_1_254' title='bbox 1358 1306 1423 1338; x_wconf 91' lang='lat' dir='ltr'>ullo</span> <span class='ocrx_word' id='word_1_255' title='bbox 1449 1305 1595 1337; x_wconf 76' lang='lat' dir='ltr'>infirmae</span> <span class='ocrx_word' id='word_1_256' title='bbox 1621 1305 1747 1344; x_wconf 87' lang='lat' dir='ltr'>dolore,</span> <span class='ocrx_word' id='word_1_257' title='bbox 1773 1305 1855 1337; x_wconf 87' lang='lat' dir='ltr'>itaut</span> <span class='ocrx_word' id='word_1_258' title='bbox 1878 1304 1946 1337; x_wconf 91' lang='grc'><strong>0111-</strong></span> 
     </span>
     <span class='ocr_line' id='line_1_48' title="bbox 1212 1357 1944 1401; baseline -0.001 -12"><span class='ocrx_word' id='word_1_259' title='bbox 1212 1369 1330 1401; x_wconf 77' lang='lat' dir='ltr'>rurgus</span> <span class='ocrx_word' id='word_1_260' title='bbox 1349 1358 1498 1400; x_wconf 79' lang='lat' dir='ltr'>sequenti</span> <span class='ocrx_word' id='word_1_261' title='bbox 1519 1368 1612 1390; x_wconf 88' lang='lat' dir='ltr'>mane</span> <span class='ocrx_word' id='word_1_262' title='bbox 1639 1358 1738 1390; x_wconf 87' lang='lat' dir='ltr'>vellet</span> <span class='ocrx_word' id='word_1_263' title='bbox 1763 1357 1790 1389; x_wconf 83' lang='lat' dir='ltr'>ei</span> <span class='ocrx_word' id='word_1_264' title='bbox 1816 1367 1944 1389; x_wconf 89' lang='lat' dir='ltr'>manum</span> 
     </span>
     <span class='ocr_line' id='line_1_49' title="bbox 1212 1410 1943 1449; baseline -0.003 -6"><span class='ocrx_word' id='word_1_265' title='bbox 1212 1412 1400 1443; x_wconf 83' lang='lat' dir='ltr'>abscindere</span> <span class='ocrx_word' id='word_1_266' title='bbox 1418 1416 1448 1443; x_wconf 89' lang='lat' dir='ltr'>et</span> <span class='ocrx_word' id='word_1_267' title='bbox 1472 1410 1639 1442; x_wconf 85' lang='lat' dir='ltr'>brachium</span> <span class='ocrx_word' id='word_1_268' title='bbox 1657 1410 1789 1442; x_wconf 88' lang='lat' dir='ltr'>ussione</span> <span class='ocrx_word' id='word_1_269' title='bbox 1811 1420 1943 1449; x_wconf 77' lang='lat' dir='ltr'>cura1·e;</span> 
     </span>
     <span class='ocr_line' id='line_1_50' title="bbox 1213 1464 1945 1507; baseline -0.003 -11"><span class='ocrx_word' id='word_1_270' title='bbox 1213 1465 1267 1497; x_wconf 89' lang='lat' dir='ltr'>sed</span> <span class='ocrx_word' id='word_1_271' title='bbox 1293 1464 1500 1507; x_wconf 83' lang='lat' dir='ltr'>praecedenti</span> <span class='ocrx_word' id='word_1_272' title='bbox 1519 1469 1623 1503; x_wconf 88' lang='lat' dir='ltr'>nocte,</span> <span class='ocrx_word' id='word_1_273' title='bbox 1640 1465 1735 1495; x_wconf 77' lang='lat' dir='ltr'>uncta</span> <span class='ocrx_word' id='word_1_274' title='bbox 1759 1473 1856 1495; x_wconf 84' lang='lat' dir='ltr'>manu</span> <span class='ocrx_word' id='word_1_275' title='bbox 1873 1464 1945 1495; x_wconf 87' lang='lat' dir='ltr'>oleo</span> 
     </span>
     <span class='ocr_line' id='line_1_51' title="bbox 1214 1515 1945 1560; baseline -0.003 -11"><span class='ocrx_word' id='word_1_276' title='bbox 1214 1517 1370 1560; x_wconf 73' lang='lat' dir='ltr'>lampadis</span> <span class='ocrx_word' id='word_1_277' title='bbox 1386 1517 1419 1549; x_wconf 91' lang='lat' dir='ltr'>B.</span> <span class='ocrx_word' id='word_1_278' title='bbox 1439 1516 1590 1556; x_wconf 85' lang='lat' dir='ltr'>Caietani,</span> <span class='ocrx_word' id='word_1_279' title='bbox 1606 1516 1654 1548; x_wconf 86' lang='lat' dir='ltr'>cui</span> <span class='ocrx_word' id='word_1_280' title='bbox 1670 1526 1740 1548; x_wconf 86' lang='lat' dir='ltr'>sese</span> <span class='ocrx_word' id='word_1_281' title='bbox 1759 1520 1826 1548; x_wconf 90' lang='lat' dir='ltr'>toto</span> <span class='ocrx_word' id='word_1_282' title='bbox 1846 1515 1945 1547; x_wconf 86' lang='lat' dir='ltr'>corde</span> 
     </span>
     <span class='ocr_line' id='line_1_52' title="bbox 1214 1569 1945 1611; baseline -0.003 -9"><span class='ocrx_word' id='word_1_283' title='bbox 1214 1571 1510 1610; x_wconf 72' lang='lat' dir='ltr'>commendzuerat,</span> <span class='ocrx_word' id='word_1_284' title='bbox 1536 1569 1741 1611; x_wconf 87' lang='lat' dir='ltr'>postmodum</span> <span class='ocrx_word' id='word_1_285' title='bbox 1774 1579 1806 1601; x_wconf 92' lang='lat' dir='ltr'>se</span> <span class='ocrx_word' id='word_1_286' title='bbox 1836 1578 1945 1601; x_wconf 85' lang='lat' dir='ltr'>sanam</span> 
     </span>
     <span class='ocr_line' id='line_1_53' title="bbox 1214 1621 1948 1664; baseline -0.001 -10"><span class='ocrx_word' id='word_1_287' title='bbox 1214 1628 1245 1655; x_wconf 91' lang='lat' dir='ltr'>et</span> <span class='ocrx_word' id='word_1_288' title='bbox 1269 1622 1464 1654; x_wconf 85' lang='lat' dir='ltr'>incolumem</span> <span class='ocrx_word' id='word_1_289' title='bbox 1486 1649 1492 1662; x_wconf 88' lang='lat'><strong>‚</strong></span> <span class='ocrx_word' id='word_1_290' title='bbox 1520 1631 1732 1664; x_wconf 87' lang='lat' dir='ltr'>manumque,</span> <span class='ocrx_word' id='word_1_291' title='bbox 1757 1621 1819 1653; x_wconf 89' lang='lat' dir='ltr'>iam</span> <span class='ocrx_word' id='word_1_292' title='bbox 1844 1631 1948 1653; x_wconf 75' lang='lat' dir='ltr'>emcr-</span> 
     </span>
    </p>
   </div>
   <div class='ocr_carea' id='block_1_5' title="bbox 1953 247 2131 275">
    <p class='ocr_par' dir='ltr' id='par_1_6' title="bbox 1953 247 2131 275">
     <span class='ocr_line' id='line_1_54' title="bbox 1953 247 2131 275; baseline 0 0"><span class='ocrx_word' id='word_1_293' title='bbox 1953 248 2002 275; x_wconf 78' lang='lat' dir='ltr'>An.</span> <span class='ocrx_word' id='word_1_294' title='bbox 2023 247 2051 275; x_wconf 94' lang='lat' dir='ltr'>C.</span> <span class='ocrx_word' id='word_1_295' title='bbox 2070 247 2131 275; x_wconf 75' lang='lat'>1091</span> 
     </span>
    </p>
   </div>
   <div class='ocr_carea' id='block_1_6' title="bbox 249 1628 1172 1775">
    <p class='ocr_par' dir='ltr' id='par_1_7' title="bbox 249 1628 1172 1775">
     <span class='ocr_line' id='line_1_55' title="bbox 441 1628 702 1661; baseline -0.004 0"><span class='ocrx_word' id='word_1_296' title='bbox 441 1635 503 1661; x_wconf 91' lang='lat' dir='ltr'>tem</span> <span class='ocrx_word' id='word_1_297' title='bbox 529 1628 702 1661; x_wconf 85' lang='lat' dir='ltr'>concessit.</span> 
     </span>
     <span class='ocr_line' id='line_1_56' title="bbox 272 1679 1172 1726; baseline -0.002 -13"><span class='ocrx_word' id='word_1_298' title='bbox 272 1692 432 1726; x_wconf 28' lang='lat' dir='ltr'>maroham-c·</span> <span class='ocrx_word' id='word_1_299' title='bbox 485 1681 499 1724; x_wconf 63' lang='grc' dir='ltr'><strong>ἓ</strong></span> <span class='ocrx_word' id='word_1_300' title='bbox 524 1680 576 1713; x_wconf 78' lang='lat'>⁵20.</span> <span class='ocrx_word' id='word_1_301' title='bbox 603 1680 718 1713; x_wconf 89' lang='lat' dir='ltr'>Verum</span> <span class='ocrx_word' id='word_1_302' title='bbox 740 1679 834 1712; x_wconf 87' lang='lat' dir='ltr'>editis</span> <span class='ocrx_word' id='word_1_303' title='bbox 861 1680 977 1712; x_wconf 86' lang='lat' dir='ltr'>deinde</span> <span class='ocrx_word' id='word_1_304' title='bbox 1004 1679 1094 1711; x_wconf 87' lang='lat' dir='ltr'>novis</span> <span class='ocrx_word' id='word_1_305' title='bbox 1120 1679 1172 1711; x_wconf 85' lang='lat' dir='ltr'>de-</span> 
     </span>
     <span class='ocr_line' id='line_1_57' title="bbox 249 1718 1170 1775; baseline 0 -11"><span class='ocrx_word' id='word_1_306' title='bbox 249 1718 538 1766; x_wconf 43' lang='lat' dir='ltr'>litaflssass&#39;ff„‹lii-‘cretis</span> <span class='ocrx_word' id='word_1_307' title='bbox 562 1733 704 1766; x_wconf 88' lang='lat' dir='ltr'>eiusdem</span> <span class='ocrx_word' id='word_1_308' title='bbox 738 1733 858 1765; x_wconf 88' lang='lat' dir='ltr'>Urbani</span> <span class='ocrx_word' id='word_1_309' title='bbox 891 1732 1170 1775; x_wconf 78' lang='lat' dir='ltr'>praedecessoris,</span> 
     </span>
    </p>
   </div>
   <div class='ocr_carea' id='block_1_7' title="bbox 250 1771 432 1792">
    <p class='ocr_par' dir='ltr' id='par_1_8' title="bbox 250 1771 432 1792">
     <span class='ocr_line' id='line_1_58' title="bbox 250 1771 432 1792; baseline -0.011 -1"><span class='ocrx_word' id='word_1_310' title='bbox 250 1771 366 1791; x_wconf 71' lang='lat' dir='ltr'>i&#39;at&#39;ulorum</span> <span class='ocrx_word' id='word_1_311' title='bbox 376 1786 380 1792; x_wconf 85' lang='lat'>.</span> <span class='ocrx_word' id='word_1_312' title='bbox 420 1775 432 1789; x_wconf 68' lang='lat' dir='ltr'>a</span> 
     </span>
    </p>
   </div>
   <div class='ocr_carea' id='block_1_8' title="bbox 259 1785 1174 1828">
    <p class='ocr_par' dir='ltr' id='par_1_9' title="bbox 259 1785 1174 1828">
     <span class='ocr_line' id='line_1_59' title="bbox 259 1785 1174 1828; baseline -0.004 -8"><span class='ocrx_word' id='word_1_313' title='bbox 259 1797 423 1821; x_wconf 55' lang='lat' dir='ltr'>‹taum-emona</span> <span class='ocrx_word' id='word_1_314' title='bbox 443 1786 530 1819; x_wconf 88' lang='lat' dir='ltr'>siluit</span> <span class='ocrx_word' id='word_1_315' title='bbox 554 1797 658 1825; x_wconf 89' lang='lat' dir='ltr'>causa,</span> <span class='ocrx_word' id='word_1_316' title='bbox 676 1786 779 1818; x_wconf 88' lang='lat' dir='ltr'>donec</span> <span class='ocrx_word' id='word_1_317' title='bbox 804 1795 901 1828; x_wconf 90' lang='lat' dir='ltr'>super</span> <span class='ocrx_word' id='word_1_318' title='bbox 925 1785 992 1818; x_wconf 89' lang='lat' dir='ltr'>eius</span> <span class='ocrx_word' id='word_1_319' title='bbox 1017 1795 1174 1817; x_wconf 84' lang='lat' dir='ltr'>reassum-</span> 
     </span>
    </p>
   </div>
   <div class='ocr_carea' id='block_1_9' title="bbox 251 1823 432 1845">
    <p class='ocr_par' dir='ltr' id='par_1_10' title="bbox 251 1823 432 1845">
     <span class='ocr_line' id='line_1_60' title="bbox 251 1823 432 1845; baseline -0.011 -2"><span class='ocrx_word' id='word_1_320' title='bbox 251 1824 357 1843; x_wconf 66' lang='lat' dir='ltr'>tletinitum</span> <span class='ocrx_word' id='word_1_321' title='bbox 380 1823 417 1842; x_wconf 82' lang='lat' dir='ltr'>fuit</span> <span class='ocrx_word' id='word_1_322' title='bbox 428 1838 432 1845; x_wconf 89' lang='grc'><strong>,</strong></span> 
     </span>
    </p>
   </div>
   <div class='ocr_carea' id='block_1_10' title="bbox 250 1837 1174 1881">
    <p class='ocr_par' dir='ltr' id='par_1_11' title="bbox 250 1837 1174 1881">
     <span class='ocr_line' id='line_1_61' title="bbox 250 1837 1174 1881; baseline 0.001 -13"><span class='ocrx_word' id='word_1_323' title='bbox 250 1850 334 1874; x_wconf 59' lang='lat' dir='ltr'>„rum-a.</span> <span class='ocrx_word' id='word_1_324' title='bbox 372 1839 553 1881; x_wconf 69' lang='lat' dir='ltr'>posseptione</span> <span class='ocrx_word' id='word_1_325' title='bbox 579 1849 595 1870; x_wconf 89' lang='lat' dir='ltr'>a</span> <span class='ocrx_word' id='word_1_326' title='bbox 621 1838 722 1871; x_wconf 85' lang='lat' dir='ltr'>felicis</span> <span class='ocrx_word' id='word_1_327' title='bbox 752 1838 985 1871; x_wconf 85' lang='lat' dir='ltr'>recordationis</span> <span class='ocrx_word' id='word_1_328' title='bbox 1009 1837 1174 1870; x_wconf 85' lang='lat' dir='ltr'>Clemente</span> 
     </span>
    </p>
   </div>
   <div class='ocr_carea' id='block_1_11' title="bbox 1215 1674 1948 1878">
    <p class='ocr_par' dir='ltr' id='par_1_12' title="bbox 1215 1674 1947 1825">
     <span class='ocr_line' id='line_1_62' title="bbox 1216 1674 1946 1716; baseline -0.003 -8"><span class='ocrx_word' id='word_1_329' title='bbox 1216 1682 1298 1708; x_wconf 88' lang='lat' dir='ltr'>tuam</span> <span class='ocrx_word' id='word_1_330' title='bbox 1325 1682 1357 1709; x_wconf 91' lang='grc'>01</span> <span class='ocrx_word' id='word_1_331' title='bbox 1381 1677 1577 1715; x_wconf 75' lang='lat' dir='ltr'>foetentem,</span> <span class='ocrx_word' id='word_1_332' title='bbox 1606 1674 1794 1707; x_wconf 77' lang='lat' dir='ltr'>vivificatam</span> <span class='ocrx_word' id='word_1_333' title='bbox 1825 1674 1946 1716; x_wconf 86' lang='lat' dir='ltr'>absque</span> 
     </span>
     <span class='ocr_line' id='line_1_63' title="bbox 1215 1727 1947 1771; baseline -0.001 -11"><span class='ocrx_word' id='word_1_334' title='bbox 1215 1730 1281 1762; x_wconf 90' lang='grc'><strong>11110</strong></span> <span class='ocrx_word' id='word_1_335' title='bbox 1307 1728 1462 1761; x_wconf 83' lang='lat' dir='ltr'>cicatricis</span> <span class='ocrx_word' id='word_1_336' title='bbox 1480 1729 1573 1771; x_wconf 78' lang='lat' dir='ltr'>signo</span> <span class='ocrx_word' id='word_1_337' title='bbox 1590 1727 1773 1770; x_wconf 87' lang='lat' dir='ltr'>comperiit,</span> <span class='ocrx_word' id='word_1_338' title='bbox 1788 1736 1855 1760; x_wconf 90' lang='lat' dir='ltr'>non</span> <span class='ocrx_word' id='word_1_339' title='bbox 1875 1727 1947 1759; x_wconf 80' lang='lat' dir='ltr'>abs-</span> 
     </span>
     <span class='ocr_line' id='line_1_64' title="bbox 1216 1781 1698 1825; baseline -0.004 -10"><span class='ocrx_word' id='word_1_340' title='bbox 1216 1793 1277 1825; x_wconf 91' lang='lat' dir='ltr'>que</span> <span class='ocrx_word' id='word_1_341' title='bbox 1304 1782 1446 1814; x_wconf 89' lang='lat' dir='ltr'>omnium</span> <span class='ocrx_word' id='word_1_342' title='bbox 1472 1781 1698 1814; x_wconf 87' lang='lat' dir='ltr'>admiratione.</span> 
     </span>
    </p>

    <p class='ocr_par' dir='ltr' id='par_1_13' title="bbox 1260 1835 1948 1878">
     <span class='ocr_line' id='line_1_65' title="bbox 1260 1835 1948 1878; baseline -0.004 -9"><span class='ocrx_word' id='word_1_343' title='bbox 1260 1836 1455 1875; x_wconf 84' lang='lat' dir='ltr'>Secundum,</span> <span class='ocrx_word' id='word_1_344' title='bbox 1484 1835 1570 1878; x_wconf 88' lang='lat' dir='ltr'>quod</span> <span class='ocrx_word' id='word_1_345' title='bbox 1594 1839 1644 1867; x_wconf 86' lang='lat' dir='ltr'>est</span> <span class='ocrx_word' id='word_1_346' title='bbox 1666 1839 1814 1877; x_wconf 87' lang='lat' dir='ltr'>quartum</span> <span class='ocrx_word' id='word_1_347' title='bbox 1839 1844 1876 1867; x_wconf 84' lang='lat' dir='ltr'>ex</span> <span class='ocrx_word' id='word_1_348' title='bbox 1896 1844 1948 1867; x_wconf 91' lang='lat' dir='ltr'>eo-</span> 
     </span>
    </p>
   </div>
   <div class='ocr_carea' id='block_1_12' title="bbox 250 1877 1182 2677">
    <p class='ocr_par' dir='ltr' id='par_1_14' title="bbox 250 1877 1174 1934">
     <span class='ocr_line' id='line_1_66' title="bbox 250 1877 1174 1934; baseline 0 -12"><span class='ocrx_word' id='word_1_349' title='bbox 250 1877 432 1923; x_wconf 19' lang='lat' dir='ltr'>*Ae-nummo-</span> <span class='ocrx_word' id='word_1_350' title='bbox 443 1892 526 1934; x_wconf 85' lang='lat' dir='ltr'>Papa</span> <span class='ocrx_word' id='word_1_351' title='bbox 550 1892 575 1924; x_wconf 77' lang='lat' dir='ltr'>X</span> <span class='ocrx_word' id='word_1_352' title='bbox 600 1891 696 1923; x_wconf 88' lang='lat' dir='ltr'>etiam</span> <span class='ocrx_word' id='word_1_353' title='bbox 722 1891 970 1934; x_wconf 83' lang='lat' dir='ltr'>praedecessore</span> <span class='ocrx_word' id='word_1_354' title='bbox 995 1896 1108 1923; x_wconf 90' lang='lat' dir='ltr'>nostro</span> <span class='ocrx_word' id='word_1_355' title='bbox 1133 1890 1174 1922; x_wconf 85' lang='lat' dir='ltr'>si-</span> 
     </span>
    </p>

    <p class='ocr_par' dir='ltr' id='par_1_15' title="bbox 443 1943 1182 2620">
     <span class='ocr_line' id='line_1_67' title="bbox 444 1943 1175 1986; baseline -0.001 -11"><span class='ocrx_word' id='word_1_356' title='bbox 444 1950 538 1986; x_wconf 64' lang='lat' dir='ltr'>gnata</span> <span class='ocrx_word' id='word_1_357' title='bbox 575 1944 687 1976; x_wconf 86' lang='lat' dir='ltr'>fuisset</span> <span class='ocrx_word' id='word_1_358' title='bbox 719 1943 928 1983; x_wconf 85' lang='lat' dir='ltr'>commissio;</span> <span class='ocrx_word' id='word_1_359' title='bbox 955 1943 1175 1986; x_wconf 82' lang='lat' dir='ltr'>confectisque</span> 
     </span>
     <span class='ocr_line' id='line_1_68' title="bbox 443 1996 1175 2040; baseline -0.003 -11"><span class='ocrx_word' id='word_1_360' title='bbox 443 1997 533 2029; x_wconf 86' lang='lat' dir='ltr'>novis</span> <span class='ocrx_word' id='word_1_361' title='bbox 557 1997 765 2040; x_wconf 89' lang='lat' dir='ltr'>processibus</span> <span class='ocrx_word' id='word_1_362' title='bbox 791 2007 891 2040; x_wconf 89' lang='lat' dir='ltr'>super</span> <span class='ocrx_word' id='word_1_363' title='bbox 925 1996 963 2028; x_wconf 90' lang='lat' dir='ltr'>iis</span> <span class='ocrx_word' id='word_1_364' title='bbox 1000 2006 1080 2039; x_wconf 88' lang='lat' dir='ltr'>quae</span> <span class='ocrx_word' id='word_1_365' title='bbox 1105 2001 1175 2038; x_wconf 89' lang='lat' dir='ltr'>post</span> 
     </span>
     <span class='ocr_line' id='line_1_69' title="bbox 444 2049 1174 2092; baseline -0.001 -11"><span class='ocrx_word' id='word_1_366' title='bbox 444 2049 600 2082; x_wconf 89' lang='lat' dir='ltr'>indultam</span> <span class='ocrx_word' id='word_1_367' title='bbox 625 2049 869 2082; x_wconf 85' lang='lat' dir='ltr'>venerationem</span> <span class='ocrx_word' id='word_1_368' title='bbox 894 2054 1174 2092; x_wconf 78' lang='lat' dir='ltr'>supervenerant,</span> 
     </span>
     <span class='ocr_line' id='line_1_70' title="bbox 445 2102 1178 2145; baseline 0 -11"><span class='ocrx_word' id='word_1_369' title='bbox 445 2103 572 2145; x_wconf 78' lang='lat' dir='ltr'>praevia</span> <span class='ocrx_word' id='word_1_370' title='bbox 585 2108 781 2136; x_wconf 86' lang='lat' dir='ltr'>memoratae</span> <span class='ocrx_word' id='word_1_371' title='bbox 799 2102 1064 2145; x_wconf 79' lang='lat' dir='ltr'>Congregationis</span> <span class='ocrx_word' id='word_1_372' title='bbox 1079 2102 1178 2134; x_wconf 87' lang='lat' dir='ltr'>decla-</span> 
     </span>
     <span class='ocr_line' id='line_1_71' title="bbox 447 2155 1177 2188; baseline -0.001 -1"><span class='ocrx_word' id='word_1_373' title='bbox 447 2155 621 2188; x_wconf 80' lang='lat' dir='ltr'>clarationc</span> <span class='ocrx_word' id='word_1_374' title='bbox 658 2155 773 2188; x_wconf 77' lang='lat' dir='ltr'>emissa</span> <span class='ocrx_word' id='word_1_375' title='bbox 805 2156 856 2188; x_wconf 89' lang='lat' dir='ltr'>die</span> <span class='ocrx_word' id='word_1_376' title='bbox 890 2166 960 2188; x_wconf 76' lang='lat' dir='ltr'>xxlx</span> <span class='ocrx_word' id='word_1_377' title='bbox 994 2155 1177 2188; x_wconf 84' lang='lat' dir='ltr'>novembris</span> 
     </span>
     <span class='ocr_line' id='line_1_72' title="bbox 447 2208 1179 2250; baseline -0.001 -10"><span class='ocrx_word' id='word_1_378' title='bbox 447 2217 587 2240; x_wconf 71' lang='lat' dir='ltr'>unetvui</span> <span class='ocrx_word' id='word_1_379' title='bbox 605 2209 690 2250; x_wconf 88' lang='lat' dir='ltr'>quod</span> <span class='ocrx_word' id='word_1_380' title='bbox 714 2209 753 2241; x_wconf 88' lang='lat' dir='ltr'>de</span> <span class='ocrx_word' id='word_1_381' title='bbox 771 2208 1053 2250; x_wconf 81' lang='lat' dir='ltr'>percrebescentia</span> <span class='ocrx_word' id='word_1_382' title='bbox 1077 2208 1179 2239; x_wconf 85' lang='lat' dir='ltr'>famae</span> 
     </span>
     <span class='ocr_line' id='line_1_73' title="bbox 447 2260 1178 2303; baseline 0 -12"><span class='ocrx_word' id='word_1_383' title='bbox 447 2260 662 2292; x_wconf 89' lang='lat' dir='ltr'>venerationis</span> <span class='ocrx_word' id='word_1_384' title='bbox 698 2266 729 2293; x_wconf 90' lang='lat' dir='ltr'>et</span> <span class='ocrx_word' id='word_1_385' title='bbox 760 2262 863 2293; x_wconf 89' lang='lat' dir='ltr'>cultus</span> <span class='ocrx_word' id='word_1_386' title='bbox 899 2271 975 2303; x_wconf 81' lang='lat' dir='ltr'>erga</span> <span class='ocrx_word' id='word_1_387' title='bbox 1003 2260 1178 2302; x_wconf 87' lang='lat' dir='ltr'>praefatum</span> 
     </span>
     <span class='ocr_line' id='line_1_74' title="bbox 447 2313 1177 2352; baseline -0.001 -7"><span class='ocrx_word' id='word_1_388' title='bbox 447 2313 574 2345; x_wconf 83' lang='lat' dir='ltr'>beatum</span> <span class='ocrx_word' id='word_1_389' title='bbox 599 2313 699 2346; x_wconf 85' lang='lat' dir='ltr'>virum</span> <span class='ocrx_word' id='word_1_390' title='bbox 725 2314 960 2346; x_wconf 88' lang='lat' dir='ltr'>concludenter</span> <span class='ocrx_word' id='word_1_391' title='bbox 985 2313 1177 2352; x_wconf 74' lang='lat' dir='ltr'>constabat,</span> 
     </span>
     <span class='ocr_line' id='line_1_75' title="bbox 448 2365 1180 2408; baseline 0 -10"><span class='ocrx_word' id='word_1_392' title='bbox 448 2365 482 2398; x_wconf 90' lang='lat' dir='ltr'>in</span> <span class='ocrx_word' id='word_1_393' title='bbox 500 2365 754 2408; x_wconf 77' lang='lat' dir='ltr'>Congregatione</span> <span class='ocrx_word' id='word_1_394' title='bbox 781 2377 888 2400; x_wconf 87' lang='lat' dir='ltr'>coram</span> <span class='ocrx_word' id='word_1_395' title='bbox 907 2367 1021 2400; x_wconf 87' lang='lat' dir='ltr'>eodem</span> <span class='ocrx_word' id='word_1_396' title='bbox 1039 2366 1180 2399; x_wconf 88' lang='lat' dir='ltr'>Clemen-</span> 
     </span>
     <span class='ocr_line' id='line_1_76' title="bbox 450 2418 1180 2462; baseline 0.001 -12"><span class='ocrx_word' id='word_1_397' title='bbox 450 2423 480 2450; x_wconf 89' lang='lat' dir='ltr'>te</span> <span class='ocrx_word' id='word_1_398' title='bbox 509 2418 534 2450; x_wconf 85' lang='lat' dir='ltr'>X</span> <span class='ocrx_word' id='word_1_399' title='bbox 564 2420 815 2462; x_wconf 84' lang='lat' dir='ltr'>praedecessore</span> <span class='ocrx_word' id='word_1_400' title='bbox 851 2420 901 2453; x_wconf 87' lang='lat' dir='ltr'>die</span> <span class='ocrx_word' id='word_1_401' title='bbox 932 2431 963 2453; x_wconf 86' lang='lat' dir='ltr'>x1</span> <span class='ocrx_word' id='word_1_402' title='bbox 995 2419 1180 2453; x_wconf 84' lang='lat' dir='ltr'>novembris</span> 
     </span>
     <span class='ocr_line' id='line_1_77' title="bbox 449 2472 1181 2512; baseline 0 -8"><span class='ocrx_word' id='word_1_403' title='bbox 449 2480 571 2504; x_wconf 76' lang='lat' dir='ltr'>MDCLxx</span> <span class='ocrx_word' id='word_1_404' title='bbox 598 2472 716 2512; x_wconf 73' lang='lat' dir='ltr'>habita,</span> <span class='ocrx_word' id='word_1_405' title='bbox 743 2474 903 2506; x_wconf 76' lang='lat' dir='ltr'>referente</span> <span class='ocrx_word' id='word_1_406' title='bbox 928 2473 1032 2506; x_wconf 87' lang='lat' dir='ltr'>bonae</span> <span class='ocrx_word' id='word_1_407' title='bbox 1057 2483 1181 2505; x_wconf 89' lang='lat' dir='ltr'>memo-</span> 
     </span>
     <span class='ocr_line' id='line_1_78' title="bbox 452 2524 1179 2559; baseline 0.003 -4"><span class='ocrx_word' id='word_1_408' title='bbox 452 2524 517 2555; x_wconf 86' lang='lat' dir='ltr'>riae</span> <span class='ocrx_word' id='word_1_409' title='bbox 550 2524 703 2557; x_wconf 75' lang='lat' dir='ltr'>Fedcrico</span> <span class='ocrx_word' id='word_1_410' title='bbox 735 2525 837 2558; x_wconf 69' lang='grc' dir='ltr'>1111110ι</span> <span class='ocrx_word' id='word_1_411' title='bbox 864 2526 946 2558; x_wconf 83' lang='grc'><strong>1111111</strong></span> <span class='ocrx_word' id='word_1_412' title='bbox 972 2525 1002 2559; x_wconf 88' lang='lat' dir='ltr'>S.</span> <span class='ocrx_word' id='word_1_413' title='bbox 1031 2525 1115 2558; x_wconf 88' lang='lat' dir='ltr'>Petri</span> <span class='ocrx_word' id='word_1_414' title='bbox 1141 2526 1179 2557; x_wconf 87' lang='lat' dir='ltr'>ad</span> 
     </span>
     <span class='ocr_line' id='line_1_79' title="bbox 454 2575 1182 2620; baseline 0.004 -13"><span class='ocrx_word' id='word_1_415' title='bbox 454 2575 582 2608; x_wconf 88' lang='lat' dir='ltr'>Vincula</span> <span class='ocrx_word' id='word_1_416' title='bbox 596 2577 783 2620; x_wconf 52' lang='lat' dir='ltr'>presbytero</span> <span class='ocrx_word' id='word_1_417' title='bbox 802 2578 955 2611; x_wconf 89' lang='lat' dir='ltr'>cardinali</span> <span class='ocrx_word' id='word_1_418' title='bbox 974 2578 1089 2611; x_wconf 84' lang='lat' dir='ltr'>Sfortia</span> <span class='ocrx_word' id='word_1_419' title='bbox 1108 2588 1182 2610; x_wconf 91' lang='lat' dir='ltr'>nun-</span> 
     </span>
    </p>

    <p class='ocr_par' dir='ltr' id='par_1_16' title="bbox 488 2639 892 2677">
     <span class='ocr_line' id='line_1_80' title="bbox 488 2639 892 2677; baseline 0.002 -10"><span class='ocrx_word' id='word_1_420' title='bbox 488 2641 500 2667; x_wconf 81' lang='grc'>1</span> <span class='ocrx_word' id='word_1_421' title='bbox 524 2639 614 2667; x_wconf 82' lang='lat' dir='ltr'>Potius</span> <span class='ocrx_word' id='word_1_422' title='bbox 634 2640 690 2675; x_wconf 68' lang='lat' dir='ltr'>lege</span> <span class='ocrx_word' id='word_1_423' title='bbox 708 2644 771 2668; x_wconf 74' lang='lat' dir='ltr'>que</span> <span class='ocrx_word' id='word_1_424' title='bbox 789 2642 826 2675; x_wconf 75' lang='lat' dir='ltr'>(n.</span> <span class='ocrx_word' id='word_1_425' title='bbox 844 2641 892 2677; x_wconf 83' lang='lat' dir='ltr'>T.).</span> 
     </span>
    </p>
   </div>
   <div class='ocr_carea' id='block_1_13' title="bbox 1186 320 1203 2562">
    <p class='ocr_par' dir='ltr' id='par_1_17' title="bbox 1186 320 1203 2562">
     <span class='ocr_line' id='line_1_81' title="bbox 1186 320 1203 2562; baseline 0 0"><span class='ocrx_word' id='word_1_426' title='bbox 1186 320 1203 2562; x_wconf 95' lang='lat' dir='ltr'> </span> 
     </span>
    </p>
   </div>
   <div class='ocr_carea' id='block_1_14' title="bbox 1219 1886 1957 2673">
    <p class='ocr_par' dir='ltr' id='par_1_18' title="bbox 1219 1886 1957 2566">
     <span class='ocr_line' id='line_1_82' title="bbox 1219 1886 1949 1932; baseline -0.003 -10"><span class='ocrx_word' id='word_1_427' title='bbox 1219 1890 1290 1922; x_wconf 89' lang='lat' dir='ltr'>dem</span> <span class='ocrx_word' id='word_1_428' title='bbox 1308 1899 1471 1932; x_wconf 86' lang='lat' dir='ltr'>processu,</span> <span class='ocrx_word' id='word_1_429' title='bbox 1490 1888 1629 1931; x_wconf 82' lang='lat' dir='ltr'>loseplio</span> <span class='ocrx_word' id='word_1_430' title='bbox 1649 1886 1781 1927; x_wconf 85' lang='lat' dir='ltr'>Aiello¹,</span> <span class='ocrx_word' id='word_1_431' title='bbox 1799 1887 1866 1930; x_wconf 86' lang='lat' dir='ltr'>qui,</span> <span class='ocrx_word' id='word_1_432' title='bbox 1879 1897 1949 1920; x_wconf 89' lang='lat' dir='ltr'>cum</span> 
     </span>
     <span class='ocr_line' id='line_1_83' title="bbox 1219 1940 1951 1985; baseline -0.001 -11"><span class='ocrx_word' id='word_1_433' title='bbox 1219 1941 1464 1985; x_wconf 85' lang='lat' dir='ltr'>quatuordecim</span> <span class='ocrx_word' id='word_1_434' title='bbox 1490 1951 1646 1973; x_wconf 90' lang='lat' dir='ltr'>annorum</span> <span class='ocrx_word' id='word_1_435' title='bbox 1680 1940 1783 1983; x_wconf 88' lang='lat' dir='ltr'>spatio</span> <span class='ocrx_word' id='word_1_436' title='bbox 1808 1941 1951 1973; x_wconf 85' lang='lat' dir='ltr'>laboras-</span> 
     </span>
     <span class='ocr_line' id='line_1_84' title="bbox 1219 1994 1949 2036; baseline -0.005 -8"><span class='ocrx_word' id='word_1_437' title='bbox 1219 2001 1267 2028; x_wconf 86' lang='lat' dir='ltr'>set</span> <span class='ocrx_word' id='word_1_438' title='bbox 1292 2005 1409 2028; x_wconf 83' lang='lat' dir='ltr'>cancro</span> <span class='ocrx_word' id='word_1_439' title='bbox 1435 1995 1631 2032; x_wconf 85' lang='lat' dir='ltr'>exulcerato,</span> <span class='ocrx_word' id='word_1_440' title='bbox 1653 1994 1728 2036; x_wconf 79' lang='lat' dir='ltr'>lupa</span> <span class='ocrx_word' id='word_1_441' title='bbox 1755 1999 1949 2036; x_wconf 87' lang='lat' dir='ltr'>nuncupato,</span> 
     </span>
     <span class='ocr_line' id='line_1_85' title="bbox 1220 2045 1951 2088; baseline -0.005 -7"><span class='ocrx_word' id='word_1_442' title='bbox 1220 2047 1270 2081; x_wconf 74' lang='lat' dir='ltr'>et⁹</span> <span class='ocrx_word' id='word_1_443' title='bbox 1294 2048 1423 2081; x_wconf 76' lang='lat' dir='ltr'>sinistra</span> <span class='ocrx_word' id='word_1_444' title='bbox 1447 2045 1630 2079; x_wconf 81' lang='lat' dir='ltr'>coxendicis</span> <span class='ocrx_word' id='word_1_445' title='bbox 1656 2050 1744 2088; x_wconf 89' lang='lat' dir='ltr'>parte</span> <span class='ocrx_word' id='word_1_446' title='bbox 1770 2045 1951 2088; x_wconf 87' lang='lat' dir='ltr'>posteriori,</span> 
     </span>
     <span class='ocr_line' id='line_1_86' title="bbox 1221 2097 1953 2144; baseline -0.005 -11"><span class='ocrx_word' id='word_1_447' title='bbox 1221 2101 1273 2144; x_wconf 86' lang='lat' dir='ltr'>qui</span> <span class='ocrx_word' id='word_1_448' title='bbox 1299 2100 1398 2132; x_wconf 87' lang='lat' dir='ltr'>tribus</span> <span class='ocrx_word' id='word_1_449' title='bbox 1417 2099 1524 2141; x_wconf 76' lang='lat' dir='ltr'>digitis</span> <span class='ocrx_word' id='word_1_450' title='bbox 1543 2098 1665 2131; x_wconf 88' lang='lat' dir='ltr'>distans</span> <span class='ocrx_word' id='word_1_451' title='bbox 1684 2109 1700 2130; x_wconf 88' lang='lat' dir='ltr'>a</span> <span class='ocrx_word' id='word_1_452' title='bbox 1718 2108 1800 2140; x_wconf 80' lang='lat' dir='ltr'>genu</span> <span class='ocrx_word' id='word_1_453' title='bbox 1818 2097 1953 2140; x_wconf 88' lang='lat' dir='ltr'>incipie-</span> 
     </span>
     <span class='ocr_line' id='line_1_87' title="bbox 1221 2150 1954 2194; baseline -0.007 -8"><span class='ocrx_word' id='word_1_454' title='bbox 1221 2154 1275 2186; x_wconf 87' lang='lat' dir='ltr'>bat</span> <span class='ocrx_word' id='word_1_455' title='bbox 1303 2159 1334 2186; x_wconf 90' lang='lat' dir='ltr'>et</span> <span class='ocrx_word' id='word_1_456' title='bbox 1358 2153 1397 2185; x_wconf 89' lang='lat' dir='ltr'>ad</span> <span class='ocrx_word' id='word_1_457' title='bbox 1423 2152 1588 2194; x_wconf 79' lang='lat' dir='ltr'>inguinem</span> <span class='ocrx_word' id='word_1_458' title='bbox 1617 2150 1859 2190; x_wconf 83' lang='lat' dir='ltr'>extendebatur,</span> <span class='ocrx_word' id='word_1_459' title='bbox 1877 2160 1954 2192; x_wconf 88' lang='lat' dir='ltr'>qua-</span> 
     </span>
     <span class='ocr_line' id='line_1_88' title="bbox 1223 2203 1952 2248; baseline -0.004 -9"><span class='ocrx_word' id='word_1_460' title='bbox 1223 2213 1294 2239; x_wconf 88' lang='lat' dir='ltr'>tuor</span> <span class='ocrx_word' id='word_1_461' title='bbox 1319 2206 1426 2248; x_wconf 76' lang='lat' dir='ltr'>digitis</span> <span class='ocrx_word' id='word_1_462' title='bbox 1457 2205 1490 2237; x_wconf 92' lang='lat' dir='ltr'>in</span> <span class='ocrx_word' id='word_1_463' title='bbox 1516 2204 1716 2237; x_wconf 88' lang='lat' dir='ltr'>latitudinem</span> <span class='ocrx_word' id='word_1_464' title='bbox 1740 2203 1952 2246; x_wconf 78' lang='lat' dir='ltr'>progrediens</span> 
     </span>
     <span class='ocr_line' id='line_1_89' title="bbox 1222 2256 1953 2302; baseline -0.005 -10"><span class='ocrx_word' id='word_1_465' title='bbox 1222 2265 1253 2293; x_wconf 87' lang='lat' dir='ltr'>et</span> <span class='ocrx_word' id='word_1_466' title='bbox 1264 2259 1365 2292; x_wconf 88' lang='lat' dir='ltr'>tribus</span> <span class='ocrx_word' id='word_1_467' title='bbox 1381 2259 1413 2291; x_wconf 92' lang='lat' dir='ltr'>in</span> <span class='ocrx_word' id='word_1_468' title='bbox 1427 2257 1690 2302; x_wconf 86' lang='lat' dir='ltr'>profunditatem,</span> <span class='ocrx_word' id='word_1_469' title='bbox 1709 2266 1837 2288; x_wconf 86' lang='lat' dir='ltr'>carnem</span> <span class='ocrx_word' id='word_1_470' title='bbox 1854 2256 1953 2298; x_wconf 88' lang='lat' dir='ltr'>ipsam</span> 
     </span>
     <span class='ocr_line' id='line_1_90' title="bbox 1223 2309 1956 2354; baseline -0.008 -8"><span class='ocrx_word' id='word_1_471' title='bbox 1223 2313 1361 2346; x_wconf 81' lang='lat' dir='ltr'>eredens</span> <span class='ocrx_word' id='word_1_472' title='bbox 1387 2316 1419 2344; x_wconf 91' lang='grc'>01</span> <span class='ocrx_word' id='word_1_473' title='bbox 1443 2311 1631 2354; x_wconf 84' lang='lat' dir='ltr'>depascens,</span> <span class='ocrx_word' id='word_1_474' title='bbox 1652 2309 1799 2352; x_wconf 88' lang='lat' dir='ltr'>putridus</span> <span class='ocrx_word' id='word_1_475' title='bbox 1824 2309 1956 2351; x_wconf 78' lang='lat' dir='ltr'>insuper</span> 
     </span>
     <span class='ocr_line' id='line_1_91' title="bbox 1223 2362 1955 2406; baseline -0.01 -7"><span class='ocrx_word' id='word_1_476' title='bbox 1223 2377 1259 2398; x_wconf 85' lang='lat' dir='ltr'>ac</span> <span class='ocrx_word' id='word_1_477' title='bbox 1283 2367 1417 2405; x_wconf 81' lang='lat' dir='ltr'>foetens,</span> <span class='ocrx_word' id='word_1_478' title='bbox 1438 2365 1581 2397; x_wconf 72' lang='lat' dir='ltr'>invocata</span> <span class='ocrx_word' id='word_1_479' title='bbox 1599 2374 1659 2406; x_wconf 88' lang='lat' dir='ltr'>ope</span> <span class='ocrx_word' id='word_1_480' title='bbox 1678 2362 1777 2401; x_wconf 88' lang='lat' dir='ltr'>Beati,</span> <span class='ocrx_word' id='word_1_481' title='bbox 1795 2363 1955 2404; x_wconf 81' lang='lat' dir='ltr'>unctaque</span> 
     </span>
     <span class='ocr_line' id='line_1_92' title="bbox 1224 2414 1955 2458; baseline -0.008 -6"><span class='ocrx_word' id='word_1_482' title='bbox 1224 2419 1397 2452; x_wconf 81' lang='lat' dir='ltr'>coxendice</span> <span class='ocrx_word' id='word_1_483' title='bbox 1440 2418 1514 2450; x_wconf 91' lang='lat' dir='ltr'>oleo</span> <span class='ocrx_word' id='word_1_484' title='bbox 1553 2415 1709 2458; x_wconf 85' lang='lat' dir='ltr'>lampadis</span> <span class='ocrx_word' id='word_1_485' title='bbox 1743 2420 1817 2447; x_wconf 87' lang='lat' dir='ltr'>ante</span> <span class='ocrx_word' id='word_1_486' title='bbox 1853 2414 1955 2457; x_wconf 86' lang='lat' dir='ltr'>ipsius</span> 
     </span>
     <span class='ocr_line' id='line_1_93' title="bbox 1224 2467 1957 2509; baseline -0.008 -5"><span class='ocrx_word' id='word_1_487' title='bbox 1224 2482 1310 2504; x_wconf 88' lang='lat' dir='ltr'>aram</span> <span class='ocrx_word' id='word_1_488' title='bbox 1336 2469 1491 2509; x_wconf 90' lang='lat' dir='ltr'>ardentis,</span> <span class='ocrx_word' id='word_1_489' title='bbox 1509 2479 1605 2502; x_wconf 84' lang='lat' dir='ltr'>sanus</span> <span class='ocrx_word' id='word_1_490' title='bbox 1623 2474 1654 2501; x_wconf 88' lang='lat' dir='ltr'>et</span> <span class='ocrx_word' id='word_1_491' title='bbox 1674 2467 1847 2500; x_wconf 88' lang='lat' dir='ltr'>incolumis</span> <span class='ocrx_word' id='word_1_492' title='bbox 1872 2467 1957 2499; x_wconf 86' lang='lat' dir='ltr'>visus</span> 
     </span>
     <span class='ocr_line' id='line_1_94' title="bbox 1224 2519 1956 2566; baseline -0.007 -9"><span class='ocrx_word' id='word_1_493' title='bbox 1224 2525 1282 2557; x_wconf 86' lang='lat' dir='ltr'>fuit</span> <span class='ocrx_word' id='word_1_494' title='bbox 1297 2525 1419 2566; x_wconf 84' lang='lat' dir='ltr'>absque</span> <span class='ocrx_word' id='word_1_495' title='bbox 1443 2524 1509 2555; x_wconf 94' lang='lat' dir='ltr'>ullo</span> <span class='ocrx_word' id='word_1_496' title='bbox 1535 2521 1690 2554; x_wconf 87' lang='lat' dir='ltr'>cicatricis</span> <span class='ocrx_word' id='word_1_497' title='bbox 1708 2519 1852 2563; x_wconf 79' lang='lat' dir='ltr'>vestigio,</span> <span class='ocrx_word' id='word_1_498' title='bbox 1872 2519 1956 2563; x_wconf 91' lang='lat' dir='ltr'>pelle</span> 
     </span>
    </p>

    <p class='ocr_par' dir='ltr' id='par_1_19' title="bbox 1262 2591 1829 2628">
     <span class='ocr_line' id='line_1_95' title="bbox 1262 2591 1829 2628; baseline -0.007 -7"><span class='ocrx_word' id='word_1_499' title='bbox 1262 2597 1271 2621; x_wconf 80' lang='lat'><strong>1</strong></span> <span class='ocrx_word' id='word_1_500' title='bbox 1296 2595 1386 2621; x_wconf 85' lang='lat' dir='ltr'>Potius</span> <span class='ocrx_word' id='word_1_501' title='bbox 1405 2595 1463 2628; x_wconf 81' lang='lat' dir='ltr'>lege</span> <span class='ocrx_word' id='word_1_502' title='bbox 1484 2593 1595 2627; x_wconf 80' lang='lat' dir='ltr'>Iosephi</span> <span class='ocrx_word' id='word_1_503' title='bbox 1615 2591 1706 2618; x_wconf 76' lang='lat' dir='ltr'>Aiellz&#39;</span> <span class='ocrx_word' id='word_1_504' title='bbox 1724 2593 1760 2624; x_wconf 86' lang='lat' dir='ltr'>(n.</span> <span class='ocrx_word' id='word_1_505' title='bbox 1781 2593 1829 2621; x_wconf 87' lang='grc' dir='ltr'>τ.).</span> 
     </span>
    </p>

    <p class='ocr_par' dir='ltr' id='par_1_20' title="bbox 1259 2635 1827 2673">
     <span class='ocr_line' id='line_1_96' title="bbox 1259 2635 1827 2673; baseline -0.011 -7"><span class='ocrx_word' id='word_1_506' title='bbox 1259 2640 1274 2666; x_wconf 73' lang='lat'><strong>2</strong></span> <span class='ocrx_word' id='word_1_507' title='bbox 1290 2639 1402 2666; x_wconf 74' lang='lat' dir='ltr'>Videtur</span> <span class='ocrx_word' id='word_1_508' title='bbox 1417 2637 1558 2673; x_wconf 72' lang='lat' dir='ltr'>legrndum</span> <span class='ocrx_word' id='word_1_509' title='bbox 1574 2637 1603 2664; x_wconf 70' lang='lat' dir='ltr'>rin</span> <span class='ocrx_word' id='word_1_510' title='bbox 1622 2644 1669 2671; x_wconf 86' lang='lat' dir='ltr'>pro</span> <span class='ocrx_word' id='word_1_511' title='bbox 1687 2639 1712 2664; x_wconf 79' lang='lat' dir='ltr'>cl</span> <span class='ocrx_word' id='word_1_512' title='bbox 1725 2637 1763 2672; x_wconf 76' lang='lat' dir='ltr'>(rt.</span> <span class='ocrx_word' id='word_1_513' title='bbox 1780 2635 1827 2670; x_wconf 78' lang='lat' dir='ltr'>T.).</span> 
     </span>
    </p>
   </div>
  </div>
 </body>
</html>
