2254 3225
296 236 433 266 ,0.1691
482 228 546 262 190

280 1084 301 1104 ln
317 1085 361 1104 eius
378 1087 423 1105 ortu

241 1110 333 1130 insuetus·
357 1112 386 1136 spl
403 1117 422 1130 uv

446 287 477 318 in
499 298 612 329 genua,
633 287 774 330 profusis
800 287 984 320 suavissime
1009 286 1174 329 lacrymis,

444 341 541 373 modo
567 351 623 373 ore
648 341 845 383 supplicans,
863 340 956 373 modo
974 345 1081 372 niente
1103 348 1177 370 con-
1220 337 1297 369 tium
1323 337 1460 370 feliciter
1485 349 1664 380 emensum,
1692 345 1722 372 et
1749 344 1874 383 tempus
1905 352 1952 374 re-

445 393 613 434 templans,
635 398 746 426 noctes
771 403 854 435 pene
880 392 1068 424 traducebat
1092 391 1177 422 inso-

443 455 557 478 mnes.
594 445 716 478 Rosarii
754 445 941 478 exercitium
978 444 1106 486 aliaque
1142 443 1173 474 in

444 498 477 530 B.
516 498 679 541 Virginem
721 499 846 542 pietatis
885 497 1042 539 obsequia
1082 501 1174 528 erant

442 551 488 583 illi
514 551 546 583 in
578 552 714 591 deliciis,
738 552 780 583 ita
803 557 856 589 ut,
891 551 973 582 inter
997 549 1066 591 ipsa
1090 558 1171 590 quae

441 604 478 636 ad
515 615 691 647 pauperum
723 604 900 636 subsidium
937 604 985 634 vel
1023 602 1171 634 solatium

439 656 550 689 obibat
569 656 755 693 ministeria,
774 666 838 688 non
859 665 932 687 raro
951 659 1034 687 totus
1051 654 1083 685 in
1098 664 1172 696 pre-

438 718 492 741 ces
529 708 645 741 etfusus
678 719 713 741 ac
745 708 775 740 in
808 707 863 739 Dei
895 707 1169 749 contemplatione

438 761 559 793 defixus
585 761 759 794 videretur.
798 760 878 792 llinc
902 760 1023 801 placuit
1047 759 1169 792 Altissi-

436 823 500 852 mo,
525 814 579 856 qui
611 813 847 856 inquirentibus
882 822 914 844 se
947 817 1169 845 remunerator

437 871 485 898 est
509 876 544 898 ac
568 866 722 898 mirabilis
746 866 778 897 in
804 865 923 897 sanctis
949 865 1024 904 suis,
1042 865 1168 897 loannis

435 925 552 957 ortum,
588 919 694 957 vitam,
732 918 854 950 obitum
892 923 925 950 et
955 928 1037 960 quae
1063 918 1167 961 ipsum

435 971 558 1004 obitum
583 971 779 1013 subsequuta
804 975 878 1003 sunt
902 975 1051 1014 tempora
1073 971 1168 1005 variis

434 1024 561 1056 indiciis
588 1024 762 1056 illustrare.

477 1076 491 1118 ἓ
512 1075 542 1109 9.
569 1075 677 1108 Ortum
702 1075 822 1118 quippe
843 1076 943 1109 fuisse
969 1086 1109 1119 puerum
1134 1078 1165 1110 in

240 1138 278 1156 am
301 1140 321 1156 ..1
344 1134 552 1161 mnnmsortem
577 1129 702 1161 Domini
732 1129 914 1161 sublimiter
937 1130 1091 1168 electum,
1118 1130 1166 1162 in-

245 1169 361 1188 uunpauaus.

431 1186 542 1213 suetus
562 1181 717 1223 splendor
741 1191 840 1224 super
864 1181 932 1214 eius
952 1182 1047 1214 domo
1066 1183 1164 1216 reful-

431 1243 529 1275 gens,
571 1233 760 1276 sonitusque
800 1235 882 1267 aeris
923 1235 1068 1278 campani
1108 1238 1164 1268 sua

430 1290 543 1328 sponte
569 1285 713 1324 emissus,
734 1287 774 1319 ab
800 1287 871 1329 ipso
898 1287 966 1319 eius
991 1288 1163 1320 nativitatis

428 1338 561 1370 instanti
599 1349 664 1371 non
700 1339 836 1372 obscure
874 1341 1160 1383 praenunciarunt.

429 1389 514 1422 Inter
539 1390 661 1423 divinae
686 1392 850 1425 charitatis
884 1393 1025 1426 flammas
1057 1394 1162 1426 vivere

429 1448 581 1483 assuetus,
601 1449 730 1477 terreno
754 1445 878 1477 absumi
904 1456 969 1478 non
995 1446 1092 1479 valuit
1116 1447 1163 1478 in-

430 1496 555 1536 cendio,
578 1507 593 1529 e
620 1508 682 1540 quo
708 1498 841 1530 dextera
864 1498 1100 1542 Omnipotentis
1126 1500 1163 1532 il-

429 1550 534 1581 laesus
560 1550 667 1582 exivit.
702 1551 779 1583 Cum
810 1552 895 1584 enim
931 1552 1104 1585 maximum
1129 1553 1162 1585 in

429 1602 517 1643 regio
535 1602 722 1635 Granatensi
739 1604 974 1637 valetudinario
993 1605 1163 1637 excitatum

430 1654 540 1687 suisset
560 1656 744 1688 incendium
770 1662 802 1689 et
821 1657 969 1690 universa
986 1658 1097 1691 civitas
1114 1670 1163 1691 ac-

429 1708 594 1747 currisset,
627 1714 662 1741 ut
693 1719 759 1742 non
796 1714 859 1742 tam
893 1710 1029 1743 aedificii
1067 1722 1162 1754 quam

430 1759 631 1793 infirmorum
646 1762 831 1794 consuleret
845 1764 1099 1804 praeservationi
1114 1765 1163 1797 ad-

428 1813 545 1846 volavit
569 1815 664 1846 etiam
701 1815 857 1854 loannes,
886 1816 925 1848 ad
959 1816 1065 1850 officia
1093 1818 1165 1850 cha-

429 1865 532 1897 ritatis
562 1877 692 1909 semper
726 1873 876 1910 paratus,
902 1869 1085 1911 ceterisque
1118 1869 1165 1901 in-

430 1918 533 1950 cendii
570 1919 744 1952 voracitate
784 1920 943 1960 detentis,
986 1921 1165 1964 impavidus

430 1970 568 2011 prosiliit
584 1971 615 2002 in
634 1971 755 2013 ignem,
778 1971 841 2004 huc
866 1973 943 2005 illuc
968 1973 1163 2013 discurrens,

431 2031 598 2065 quousque
625 2029 689 2055 tum
716 2023 861 2056 infirmos
880 2025 1025 2057 humeris
1051 2036 1166 2068 expor-

431 2079 526 2113 tatos,
545 2081 611 2107 tum
629 2076 762 2109 lectulos
782 2087 798 2109 e
820 2077 971 2110 fenestris
989 2078 1163 2120 proiectos,

432 2127 471 2159 ab
496 2128 570 2170 igne
594 2129 796 2161 vendicavit:
823 2130 881 2163 sed
902 2130 963 2162 iam
981 2131 1012 2162 in
1030 2131 1166 2163 immen-

433 2190 504 2212 sum
536 2182 819 2214 succrescentibus
851 2187 882 2214 et
917 2193 1034 2225 corpus
1067 2184 1166 2216 unde-

433 2243 560 2276 quaque
580 2234 794 2267 ambientibus
813 2235 947 2267 flammis
967 2236 1166 2268 circumven-

433 2290 492 2323 tus,
507 2296 575 2317 cum
589 2296 646 2328 per
660 2287 825 2319 dimidiam
840 2287 952 2320 horam
968 2289 1006 2320 ab
1022 2289 1165 2321 omnium

433 2337 534 2369 oculis
550 2344 679 2380 ereptus
697 2340 858 2371 communi
878 2350 1029 2372 moerore
1055 2341 1167 2383 deplo-

435 2394 571 2428 raretur,
598 2400 613 2421 e
641 2391 745 2423 medio
771 2392 845 2433 igne
866 2393 964 2425 redux
981 2393 1165 2433 incolumis,

435 2451 547 2473 omnes
562 2443 676 2483 gaudio
695 2444 788 2476 simul
808 2450 839 2476 et
857 2445 1068 2478 admiratione
1086 2456 1168 2478 com-

435 2494 540 2536 plevit,
566 2495 596 2526 in
622 2496 734 2528 schola
765 2497 931 2529 charitatis
957 2498 1094 2531 edocens
1119 2509 1168 2531 se-

1017 238 1195 261 BULLARIUM
1221 236 1375 260 ROMANUM
1959 239 2006 266 An·
2029 240 2057 266 C.
2082 241 2142 268 ΝΜ

1264 285 1277 325 ᾗ
1299 283 1350 316 10.
1385 284 1450 316 lam
1479 294 1556 317 vero
1588 284 1747 319 humanae
1772 285 1854 319 vitae
1880 297 2146 351 spa-miiitiiisswmffi

1218 390 1388 423 solutionis
1413 402 1486 424 suae
1511 391 1643 432 instans,
1662 403 1726 426 non
1753 394 1857 426 minus
1881 395 1953 438 pius

1217 448 1248 474 et
1273 443 1346 476 felix
1373 444 1480 477 obitus
1506 444 1558 477 die
1584 455 1638 478 vlu
1661 447 1768 478 martii
1795 458 1879 480 anno
1904 459 1952 481 sa»

1216 496 1290 528 lutis
1315 507 1379 530 111111,
1405 498 1597 531 terminavit.
1623 499 1720 532 Lecto
1746 500 1830 533 enim
1863 502 1952 535 intir-

1215 553 1320 580 matus
1335 550 1540 590 decumbens,
1559 552 1708 585 omnibus
1724 553 1884 587 Ecclesiae
1903 565 1952 588 sa-

1214 603 1388 635 cramentis
1412 603 1451 635 ab
1477 603 1615 646 ipsomet
1639 604 1825 638 Granatensi
1856 618 1951 650 prae-

1214 655 1283 686 sule
1309 655 1367 687 rite
1392 661 1566 699 sancteque
1586 658 1736 698 refectus,
1761 659 1948 694 assistentes

1213 717 1326 739 omnes
1352 707 1483 748 dimisit,
1515 709 1702 753 viribusque
1739 711 1771 743 in
1808 716 1949 747 extrema

1211 759 1292 792 vitae
1322 761 1456 803 periodo
1491 761 1567 794 licet
1592 762 1777 803 destitutus,
1803 766 1946 808 propriis

1212 812 1340 845 indutus
1359 814 1515 854 vestibus,
1539 815 1668 848 interim
1694 827 1710 849 e
1736 817 1855 851 lectulo
1874 829 1948 861 pro-

1211 864 1333 904 siliens,
1366 877 1403 899 ac
1434 868 1625 910 provolutus
1650 869 1682 901 in
1711 880 1824 912 genua,
1852 881 1947 904 manu

1211 923 1242 950 et
1272 919 1370 951 corde
1396 918 1568 962 imaginem
1593 921 1767 954 Salvatoris
1792 923 1945 964 crucifixi,

1210 981 1306 1013 quem
1332 971 1452 1004 fervide
1478 973 1586 1005 vivens
1603 974 1773 1015 dilexerat,
1791 977 1946 1018 perstrin-

1209 1033 1299 1065 gens,
1337 1024 1491 1058 inclinato
1527 1027 1566 1059 ad
1603 1027 1670 1059 eius
1695 1029 1794 1070 pedes
1819 1030 1943 1072 capite,

1208 1076 1287 1108 obiit
1305 1077 1336 1109 in
1353 1079 1464 1111 osculo
1482 1079 1616 1118 Domini,
1636 1090 1731 1123 quem
1751 1081 1844 1114 etiam
1862 1093 1946 1116 mor-

1210 1132 1279 1161 tuus
1314 1130 1415 1162 tenuit
1438 1140 1498 1163 nec
1531 1131 1662 1171 dimisit,
1697 1143 1732 1165 ac
1768 1134 1799 1166 in
1832 1135 1944 1168 eadem

1207 1182 1352 1224 corporis
1370 1183 1599 1216 constitutione
1614 1185 1653 1217 ab
1668 1186 1780 1219 iisdem
1796 1188 1945 1220 assisten-

1207 1233 1290 1266 tibus
1326 1235 1364 1267 ad
1401 1246 1472 1268 eum
1498 1238 1593 1279 paulo
1629 1243 1702 1280 post
1732 1239 1943 1273 redeuntibus

1206 1291 1367 1328 repertus,
1397 1298 1450 1320 sex
1484 1289 1613 1322 circiter
1644 1290 1741 1323 boras
1775 1302 1942 1335 quousque

1205 1339 1279 1371 iude
1305 1345 1407 1372 motus
1433 1341 1554 1380 suisset,
1581 1342 1773 1376 mirabiliter
1792 1354 1943 1387 perman-

1205 1391 1253 1427 sit,
1273 1392 1408 1424 odorem
1429 1394 1508 1425 mire
1531 1394 1724 1436 fragrantem
1743 1396 1939 1430 diffundens.

1248 1444 1262 1486 ,ξ
1288 1444 1341 1476 11.
1361 1444 1440 1478 llluc
1466 1446 1614 1479 universa
1639 1447 1748 1480 civitas
1773 1448 1942 1482 Granaten-
1978 1460 2068 1482 funera.

1205 1495 1269 1535 sis,
1294 1497 1340 1529 rei
1377 1498 1516 1531 novitate
1542 1501 1681 1542 vulgata,
1713 1505 1749 1532 ut
1785 1511 1857 1534 eum
1894 1502 1941 1535 sic

1205 1549 1431 1582 consistentem
1467 1557 1497 1583 et
1529 1554 1772 1585 suaveolentem
1806 1554 1944 1587 admira-

1205 1607 1305 1642 retur,
1324 1603 1496 1642 conssuxit3
1517 1604 1749 1648 eamdemque¹
1768 1612 1799 1639 et
1815 1607 1942 1639 finitimi

1206 1654 1301 1686 etiam
1333 1656 1446 1697 populi
1483 1656 1679 1690 eminentem
1710 1658 1748 1691 de
1775 1658 1941 1692 sanctitate

1206 1707 1332 1739 loannis
1367 1714 1559 1751 conceptam
1594 1711 1781 1753 opinionem
1823 1712 1942 1745 eximio

1206 1759 1316 1793 funere
1344 1762 1567 1803 propalarunt.
1594 1762 1770 1805 Optimates
1795 1764 1943 1797 subivere

1207 1813 1370 1854 feretrum,
1388 1815 1473 1857 quod
1499 1815 1644 1857 religiosi
1670 1826 1796 1858 omnes,
1817 1818 1944 1850 confra-

1207 1866 1385 1906 ternitates,
1404 1872 1488 1899 totus
1505 1869 1611 1901 clerus
1635 1870 1732 1912 longa
1749 1870 1833 1903 serie
1850 1881 1944 1913 prae-

1207 1920 1386 1960 cedebant3
1410 1921 1561 1953 universa
1597 1932 1672 1954 vero
1703 1922 1823 1962 civitas,
1848 1924 1944 1956 etiam

1207 1983 1277 2004 cum
1298 1973 1413 2015 togatis
1438 1974 1633 2017 armatisque
1652 1976 1844 2016 rectoribus,
1860 1976 1945 2009 aliis-

1207 2035 1269 2068 que
1293 2026 1346 2068 qui
1371 2026 1576 2067 advenerant,
1599 2027 1713 2061 devoto
1738 2039 1886 2062 moerore
1912 2035 1944 2062 et

1207 2079 1361 2111 luctuosis
1387 2078 1533 2111 laudibus
1559 2081 1793 2122 sequebantur.
1820 2081 1942 2125 Corpus

1207 2130 1246 2162 ad
1272 2130 1439 2163 ecclesiam
1466 2131 1622 2164 Victoriae
1647 2138 1863 2176 nuncupatam
1889 2135 1927 2167 de

1208 2184 1316 2222 latum,
1342 2188 1377 2214 ut
1401 2193 1417 2215 a
1448 2184 1641 2216 confluentis
1673 2185 1815 2228 undique
1839 2187 1945 2219 multi-

1210 2235 1329 2267 tudinis
1360 2235 1508 2267 manibus
1535 2236 1725 2278 eriperetur,
1755 2238 1860 2270 statim
1886 2239 1945 2271 fuit

1208 2289 1360 2330 sepulcro
1385 2288 1599 2326 reconditum,
1624 2289 1695 2321 aliis
1734 2290 1840 2322 adbuc
1875 2302 1945 2333 pre·

1209 2341 1312 2372 caries
1349 2341 1500 2381 globulos
1538 2341 1654 2373 feretro
1689 2342 1942 2383 admoventibus,

1209 2392 1280 2425 aliis
1318 2393 1418 2425 frusta
1453 2403 1558 2432 arcae,
1584 2399 1619 2425 ut
1643 2399 1804 2437 tamquam
1836 2395 1943 2429 Sancti

1209 2446 1363 2488 reliquias
1389 2451 1611 2485 asservarent,
1638 2446 1903 2490 subripientibus.

1253 2499 1267 2542 g
1282 2498 1334 2531 12.
1346 2498 1422 2531 Cum
1437 2498 1563 2530 Ioannis
1577 2503 1685 2531 tamen
1702 2500 1812 2532 funere
1827 2501 1942 2534 sancti·
1954 2507 2138 2557 013¹2lh‘,‘531-¹li‘3

437 2545 583 2588 gniorem
608 2547 639 2578 in
665 2558 735 2580 cum
758 2549 857 2582 fuisse
883 2550 989 2591 ignem
1016 2551 1068 2593 qui
1093 2551 1167 2583 foris
1211 2551 1283 2584 tatis
1299 2551 1452 2583 famanon
1468 2551 1601 2591 interiit,
1619 2553 1672 2585 sed
1687 2553 1800 2586 indies
1818 2555 2041 2588 miram-reperu-

435 2605 569 2640 usserm,
588 2610 680 2643 quam
706 2602 759 2644 qui
785 2602 870 2635 intus
897 2604 1099 2636 accenderat.

1248 2614 1256 2639 1
1281 2613 1380 2640 Forsan
1401 2613 1556 2649 eademque
1576 2619 1611 2649 (n.
1629 2615 1676 2649 T.).
