2254 3225
243 184 292 210 An.
309 183 337 210 c.
361 184 420 210 1691
471 174 535 209 318

1007 188 1182 213 BELLARH'M
1209 188 1314 212 ROMAN
1321 190 1361 212 uit

1280 144 1300 156 Q

433 238 572 276 quatuor
607 240 831 277 praesentatos
867 236 905 269 de
941 237 1075 269 lectura.
1115 237 1191 269 11151
1210 236 1420 279 probationes
1439 241 1471 269 et
1489 236 1733 271 informationes
1761 238 1946 274 immediate

434 290 538 318 autem
554 286 718 329 gradibus,
730 298 810 330 quos
825 288 862 321 de
875 298 1011 322 numero
1022 289 1168 329 dicimus,

433 338 594 371 neminem
620 339 767 382 insigniri
793 340 900 381 liceat,
925 341 983 373 nisi
1010 341 1061 384 qui
1089 352 1165 373 exa-

433 395 482 423 cte
507 396 540 423 et
563 391 704 434 legitime
725 393 834 425 omnia
851 393 981 427 illorum
999 394 1113 427 merita
1138 399 1168 426 et

432 444 588 487 requisita
606 446 830 488 compleverit,
851 452 946 489 prout
972 447 1003 479 in
1027 446 1078 479 his
1096 457 1168 480 con-

432 496 654 530 stitutionibus
675 498 880 531 ordinantur.

476 558 512 582 11.
549 548 703 587 Quocirca
734 551 897 593 praesenti
934 551 1167 584 constitutione

433 601 525 634 enixe
562 602 725 635 observari
758 603 972 646 praecipimus
1003 604 1167 637 decretum

432 654 562 697 capituli
589 654 751 696 generalis
771 654 920 697 Optensis
945 665 962 687 a
986 655 1039 688 SS.
1066 655 1102 688 D.
1128 655 1165 688 N.

432 706 622 739 Innocentio
641 707 678 738 xl
699 707 928 747 confirmatum,
956 708 1041 750 quod
1058 710 1167 742 nullus

432 760 471 792 ad
508 760 641 802 gradum
678 765 940 803 praesentaturae
973 762 1012 794 de
1044 762 1166 794 lectura

431 813 614 855 promoveri
640 814 753 852 valeat,
780 813 842 846 nisi
868 814 1010 847 decursis
1031 814 1170 858 integre-

432 876 493 908 que
512 865 649 908 paractis
667 870 740 898 octo
762 866 853 898 annis
872 867 1012 901 lecturae
1027 869 1168 909 actualis,

431 917 583 950 inclusis¹
609 918 734 960 pariter
759 929 839 962 quos
871 919 978 953 forsan
1004 921 1105 963 egerit
1136 921 1169 953 in

432 970 620 1013 magisterio
656 971 864 1012 studentium,
899 972 979 1006 itaut
1013 973 1076 1006 iam
1110 984 1170 1017 per

432 1023 605 1056 triennium
624 1033 720 1056 unam
745 1025 784 1058 ad
809 1026 913 1059 minus
938 1026 1054 1060 artium
1075 1028 1170 1061 lectu-

433 1086 502 1108 ram
532 1077 767 1119 compleverit;
798 1078 932 1122 reliquis
952 1085 1059 1113 autem
1077 1081 1171 1114 theo-

432 1128 551 1171 logiam
576 1139 699 1162 sacram
730 1131 770 1164 ad
806 1137 954 1165 octavum
988 1143 1089 1177 usque
1114 1134 1171 1167 do-

432 1182 543 1221 cuerit,
558 1187 614 1215 aut
629 1183 785 1226 magister
801 1185 1000 1218 studentium
1019 1187 1169 1219 extiterit.

431 1233 586 1267 Similiter
612 1236 708 1268 etiam
738 1237 824 1279 quod
858 1238 965 1271 nullus
997 1239 1036 1271 ad
1069 1240 1171 1282 magi·

432 1286 568 1318 sterium
581 1293 769 1328 assumatur,
788 1289 861 1329 nisi,
879 1291 967 1323 ultra
983 1292 1169 1334 praedictos

432 1343 505 1371 octo
523 1349 636 1379 annos,
656 1340 737 1374 alios
755 1347 881 1385 septem
897 1343 928 1375 in
947 1354 1057 1377 sacrae
1083 1344 1171 1377 theo-

433 1391 538 1433 logiae
563 1392 689 1425 lectura
714 1396 963 1438 consumpserit.

478 1453 526 1477 111.
553 1444 723 1478 Lectorem
744 1452 851 1480 autem
876 1447 969 1480 illum
993 1448 1047 1491 qui
1072 1449 1111 1482 de
1136 1449 1171 1482 li·

434 1497 538 1529 centia
557 1497 687 1530 Ordinis
712 1498 745 1530 in
762 1499 972 1534 universitate
990 1502 1170 1544 approbata

433 1549 675 1591 oppositionem
693 1551 818 1591 fecerit,
831 1558 863 1585 et
880 1553 911 1585 in
928 1555 966 1586 ea
983 1555 1169 1588 cathedram

434 1601 621 1641 obtinuerit,
649 1603 769 1647 ubique
801 1606 982 1648 praedictos
1016 1618 1119 1641 annos
1145 1608 1170 1641 is

434 1659 498 1686 tam
522 1654 554 1687 in
580 1656 696 1688 artium
714 1657 845 1698 lectura,
861 1669 956 1702 quam
976 1660 1169 1703 theologiae,

434 1716 471 1739 ex
492 1711 557 1740 toto
574 1708 623 1740 vel
642 1714 743 1751 parte,
755 1711 928 1753 peregerit,
944 1713 1033 1745 uuna
1048 1713 1169 1747 ratione

433 1759 644 1800 excludimus,
672 1761 735 1794 imo
760 1763 879 1805 gratius
905 1765 1114 1805 admittimus,
1139 1772 1171 1799 et

433 1812 649 1854 approbamus
671 1813 823 1848 idoneum
858 1817 897 1849 ad
929 1818 1046 1859 gradus
1077 1829 1171 1861 prae-

433 1869 617 1898 sentatur-ae
643 1872 675 1899 et
699 1868 876 1910 magisterii
898 1870 1100 1911 obtinendos,
1119 1882 1171 1914 pe-

435 1917 526 1950 rinde
551 1928 587 1950 ac
611 1919 636 1951 si
661 1920 843 1962 praedictos
865 1932 966 1956 annos
984 1924 1069 1956 intra
1085 1923 1171 1958 Ordi-

434 1979 508 2001 nem
527 1971 765 2014 complevisset.

478 2032 520 2055 1v.
547 2022 619 2056 Pari
640 2025 738 2058 modo
762 2027 990 2061 constituimus
1014 2029 1170 2072 praemis-

435 2085 485 2107 sos
510 2086 612 2108 annos
630 2078 749 2112 debere
768 2090 838 2113 esse
857 2083 1048 2124 completos,
1066 2082 1170 2124 singu-

435 2127 538 2170 lisque
564 2130 708 2163 materiis
725 2137 756 2164 et
778 2133 945 2167 curriculis
970 2136 1171 2178 responden-

437 2185 495 2213 tes.
527 2181 609 2213 ltaut
636 2193 716 2216 unus
744 2195 844 2218 annus
869 2196 932 2220 non
953 2188 1056 2230 possit
1082 2198 1170 2220 com—

433 2234 533 2277 plecti
552 2235 633 2268 duos
650 2246 772 2276 cursus,
793 2243 854 2271 tam
874 2240 1055 2282 theologiae
1075 2251 1169 2282 quam

436 2286 563 2320 artium.
577 2287 667 2325 Quod
686 2289 711 2321 si
730 2291 824 2323 aliter
842 2292 979 2332 eveniat,
999 2302 1053 2325 eos
1071 2293 1170 2325 neuti-

436 2349 531 2381 quam
549 2340 587 2373 ad
606 2342 845 2384 surreptionem
861 2345 1018 2386 graduum
1034 2356 1092 2388 pro
1109 2356 1169 2378 me-

437 2391 498 2424 rito
525 2399 758 2436 computamus.
1135 2395 1139 2398 ’

481 2454 511 2477 v.
538 2445 578 2477 Ut
595 2456 673 2488 ergo
690 2447 1008 2493 omnium-annorum
1027 2451 1170 2483 lecturae

438 2498 609 2532 cuiuslibet
621 2501 762 2542 legitima
779 2502 859 2534 ratio
879 2502 1045 2542 habeatur,
1062 2513 1170 2535 eornm

475 2562 485 2588 1
509 2560 578 2587 Edit.
600 2561 676 2588 Main.
698 2562 761 2598 legit
782 2563 886 2590 ittclusc'
906 2568 941 2597 (R.
963 2568 1010 2597 12).

1211 289 1278 322 fieri
1302 290 1528 323 constituimus
1554 291 1585 323 in
1602 296 1673 324 actu
1690 292 1882 326 visitationis
1907 294 1947 327 ab

1211 341 1289 384 ipsis
1307 341 1564 384 provincialibus
1584 345 1633 377 vel
1654 344 1886 386 visitatoribus,
1905 346 1948 379 ita

1210 393 1342 433 scilicet,
1369 399 1404 426 ut
1428 395 1534 438 primo
1556 396 1632 428 fiant
1648 397 1797 440 privatim
1816 398 1847 431 in
1865 409 1948 432 scru-

1211 446 1289 480 tinio
1315 452 1453 487 secreto,
1480 453 1512 481 et
1537 449 1655 482 deinde
1673 451 1805 492 publice
1821 462 1882 496 per
1905 456 1937 486 te

1209 499 1359 532 stimonia
1377 500 1516 533 sanioris
1533 502 1634 544 partis
1649 508 1837 537 conventus
1855 503 1947 543 Quod

1209 551 1232 584 si
1255 552 1293 585 ad
1315 552 1393 585 istas
1418 553 1604 586 authentice
1630 554 1847 589 conficiendas
1873 567 1948 600 pro-

1209 604 1337 637 vinciali
1371 610 1425 638 aut
1449 605 1606 639 visitatori
1634 612 1760 651 tempus
1784 608 1817 641 in
1842 609 1949 642 visita-

1210 657 1296 691 tione
1322 657 1460 698 deficiat,
1485 658 1540 691 ille
1566 664 1688 692 tantum
1705 686 1712 700 ,
1737 665 1770 693 et
1789 671 1854 694 non
1876 662 1950 695 visi-

1210 714 1312 749 tator,
1336 710 1502 754 relinquat
1527 716 1582 744 aut
1607 712 1712 745 mittat
1747 714 1950 748 commissio-

1209 772 1283 795 nem
1310 763 1466 806 religioso
1495 763 1555 796 sibi
1589 765 1725 807 probato
1758 771 1790 798 et
1817 765 1948 808 idoneo,

1210 815 1263 858 qui
1289 825 1356 855 eas,
1383 821 1419 848 111
1442 817 1652 859 praedicitur,
1678 818 1838 861 perficiat.

1253 878 1297 901 v1.
1320 869 1396 903 lllae
1415 880 1492 903 vero
1518 870 1560 903 ita
1585 871 1749 914 legitimae
1775 872 1875 907 factae
1900 874 1952 907 de-

1209 921 1289 954 bent
1305 922 1506 964 praesentari
1523 921 1707 956 definitorio
1725 924 1857 968 capituli
1873 936 1950 970 pro-

1210 973 1355 1007 vincialis
1382 979 1414 1007 et
1438 974 1557 1007 ibidem
1577 976 1763 1017 examinari,
1781 982 1812 1009 et
1828 978 1951 1021 pariter

1211 1036 1284 1059 cum
1302 1029 1426 1060 secreta
1440 1027 1671 1061 informatione
1688 1029 1828 1062 conferri
1855 1041 1951 1073 quam

1210 1079 1419 1122 provincialis
1445 1085 1498 1112 aut
1521 1080 1671 1114 visitator
1701 1081 1734 1114 in
1764 1082 1950 1117 visitatione

1211 1133 1405 1176 susceperit,
1432 1138 1466 1165 ut
1485 1143 1521 1166 ex
1549 1133 1610 1166 ista
1629 1139 1660 1166 et
1684 1134 1750 1167 illis
1774 1133 1829 1168 fiat
1853 1146 1870 1168 a
1896 1135 1951 1169 de-

1211 1185 1354 1218 finitorio
1379 1185 1559 1226 iudicium,
1586 1187 1678 1219 cuius
1714 1193 1762 1220 est
1795 1187 1950 1231 privative

1212 1237 1459 1272 informationes
1494 1239 1580 1272 intra
1616 1239 1806 1283 capitulum,
1830 1251 1950 1285 easque

1212 1291 1351 1334 probare
1372 1297 1404 1324 et
1429 1292 1604 1335 repellere.

1254 1355 1296 1377 v1.
1317 1344 1404 1387 lpsas
1431 1345 1564 1388 insuper
1587 1344 1657 1378 fieri
1683 1346 1886 1380 decernimus
1912 1348 1951 1380 de

1213 1396 1353 1429 triennio
1371 1397 1403 1429 in
1423 1397 1607 1439 triennium,
1626 1397 1658 1430 in
1676 1399 1880 1442 singulisque
1901 1410 1952 1432 ca-

1212 1449 1324 1492 pitulis
1350 1450 1569 1492 praesentari,
1595 1450 1681 1494 quod
1707 1450 1732 1483 si
1759 1452 1841 1484 haec
1860 1462 1953 1495 prae-

1212 1501 1348 1534 sentatio
1365 1502 1448 1534 ultra
1466 1511 1565 1534 unum
1586 1502 1763 1545 capitulum
1781 1503 1953 1545 protraha-

1214 1559 1274 1594 tur,
1289 1559 1419 1586 maneat
1443 1554 1545 1594 irrita,
1564 1554 1706 1597 annique
1723 1555 1868 1588 lecturae
1885 1566 1952 1589 non

1213 1611 1442 1649 computentur
1466 1607 1505 1639 ad
1533 1607 1754 1650 provisionem
1779 1608 1949 1650 graduum.

1212 1659 1386 1691 Statuimus
1411 1664 1590 1702 praeterea,
1616 1670 1682 1692 non
1707 1660 1887 1703 quamlibet.
1905 1660 1953 1693 in.

1212 1711 1440 1745 formationem
1472 1712 1655 1746 huiusmodi
1681 1713 1952 1756 approbationem

1212 1775 1229 1797 a
1254 1763 1438 1798 definitorio
1468 1766 1602 1808 capituli
1639 1766 1753 1799 factam
1789 1766 1948 1806 sufficere,

1212 1823 1245 1850 111
1269 1819 1342 1861 (11115
1368 1824 1495 1852 maneat
1518 1819 1695 1862 expositus,
1716 1824 1769 1852 aut
1786 1820 1858 1852 iure
1876 1830 1952 1863 pro-

1211 1876 1317 1904 motus
1343 1871 1381 1904 ad
1408 1872 1540 1914 gradum
1563 1872 1702 1915 aliquem
1721 1872 1948 1906 obtinendum'.

1211 1924 1302 1957 lllam
1321 1935 1398 1967 ergo
1423 1930 1545 1957 tantum
1572 1935 1643 1958 esse
1670 1926 1818 1958 volumus
1843 1925 1951 1958 decla—

1212 1977 1370 2009 rationem
1397 1977 1435 2009 ad
1461 1977 1702 2020 expositionem
1738 1978 1858 2021 gradus
1881 1978 1950 2011 sine

1212 2029 1455 2072 dispensatione
1481 2030 1684 2073 requisitam.

1254 2092 1323 2115 vn1.
1351 2082 1463 2122 Unde,
1488 2092 1560 2115 cum
1586 2093 1621 2115 ex
1655 2082 1788 2115 decreto
1812 2082 1901 2116 Pauli
1927 2083 1950 2115 V

1212 2135 1399 2168 huiusmodi
1440 2135 1601 2178 expositio
1636 2146 1692 2169 seu
1728 2137 1950 2180 praesentatio

1213 2198 1341 2231 semper
1359 2187 1428 2220 fieri
1454 2188 1570 2221 debeat
1595 2188 1626 2220 111
1652 2188 1818 2221 vacatione
1844 2189 1951 2222 deter-

1214 2240 1331 2274 minata
1357 2251 1414 2283 per
1439 2239 1660 2273 definitorium
1685 2240 1885 2283 provinciale
1906 2241 1951 2273 in-

1214 2298 1263 2325 tra
1287 2292 1460 2336 capitulum
1485 2293 1684 2336 provinciale
1704 2299 1950 2336 congregatum,

1213 2346 1252 2378 ad
1278 2347 1364 2389 quod
1386 2346 1540 2388 privative
1562 2346 1687 2386 attinet,
1707 2352 1739 2379 et
1756 2357 1791 2379 ex
1814 2347 1876 2379 hoc
1898 2358 1952 2380 ne-

1213 2399 1352 2431 cessario
1366 2404 1527 2442 sequatur,
1539 2399 1658 2441 gradus
1672 2405 1760 2431 extra
1774 2400 1950 2442 capitulum

1213 2457 1363 2484 vacantes
1393 2462 1494 2495 usque
1520 2451 1558 2483 ad
1584 2451 1670 2484 aliud
1696 2452 1841 2495 proxime
1867 2453 1951 2486 futu·

1215 2514 1285 2536 rum
1306 2514 1436 2536 manere
1457 2514 1653 2546 suspensos;
1681 2504 1811 2544 idcireo,
1832 2515 1874 2538 116
1892 2516 1949 2548 pro

1215 2556 1264 2589 his
1289 2556 1500 2589 dilationibus
1539 2556 1716 2599 quidquam
1752 2557 1950 2592 incommodi

1947 193 1996 222 An.
2012 195 2040 222 C.
2062 196 2127 242 {691
