2254 3225
320 201 381 228 tti9l

222 263 248 281 lle
262 268 383 287 [1101110100-

200 289 232 308 dis
247 288 274 308 ad
290 289 373 313 gradus.

210 212 248 227 ku.
266 206 290 227 ⁴2,

229 1926 258 1946 Du
276 1927 385 1953 0111101111-

204 1954 292 1973 mitian,-
328 1954 385 1973 alus-

200 1986 213 2005 q
226 1987 250 2000 w.

432 193 495 225 tot

434 258 462 278 x.
486 249 564 284 Quod
593 250 781 288 promovendi
812 250 847 279 ad
879 249 985 287 gradus
1014 247 1124 286 possint

395 298 556 335 promoveri
579 299 639 328 sive
669 299 699 328 in
729 298 854 337 capitulo
877 295 1066 336 provinciali,
1089 293 1124 322 ad

394 346 497 374 somam
514 346 763 383 constitutionum,
781 346 840 375 sive
855 345 883 374 in
901 342 1123 377 visitationibus,

393 394 471 422 iuxta
495 394 639 423 indultum
667 398 783 423 sanctae
812 393 966 422 momoriae
995 391 1124 420 Clemen-

393 441 488 471 tile.
506 442 537 472 111
559 442 749 472 conventibus
772 446 866 471 tamen
889 441 917 469 in
941 438 1046 477 quibus
1065 442 1124 466 stu-

393 491 473 519 dium
505 491 597 520 maius
630 491 745 528 vigeat,
769 489 880 519 scilicet
911 489 939 516 in
973 485 1123 525 provincia

392 538 513 568 Tusciae
528 539 557 568 in
574 542 715 568 conventu
731 537 778 567 SS.
795 535 993 565 Annunciatae
1008 533 1042 561 de
1060 533 1124 562 Flo-

393 586 506 623 rentia,
531 586 559 615 in
593 585 738 624 provincia
772 584 901 613 Romana
923 581 951 610 in
978 584 1123 609 conventu

392 633 421 664 S.
445 633 550 662 Mariae
581 633 674 662 Novae
695 632 729 661 de
752 630 890 666 l'erusio,
915 629 943 657 in
974 627 1122 666 provincia

393 681 599 710 Romandiolae
621 681 649 709 in
679 682 821 708 conventu
851 679 1006 705 Servorum
1033 675 1124 704 Bono-

393 728 469 764 niae,
487 728 515 757 in
533 727 681 766 provincia
703 723 909 756 Mediolanensi
932 723 961 752 in
979 726 1123 752 conventu

393 776 546 806 Servorum
563 776 597 805 de
626 775 793 807 Mediolano,
820 773 849 802 in
873 772 1018 810 provincia
1042 771 1125 800 Lom-

393 823 509 853 bardiae
539 824 567 852 in
591 826 733 852 conventu
756 822 786 850 B.
811 820 938 857 Virginis
957 819 992 848 de
1015 818 1122 856 Regio,

393 871 422 901 in
446 871 598 910 provincia
619 869 767 899 Tervisina
796 868 825 897 in
852 871 994 896 conventu
1020 867 1124 896 Servo-

394 928 457 948 rum
488 918 617 954 Patavii,
650 918 679 946 in
702 915 851 955 provincia
878 915 1064 944 Venetiarum
1093 915 1122 944 in

394 971 534 996 conventu
557 967 710 996 Servorum
732 964 765 993 de
788 963 932 1001 venetiis,
955 963 984 992 in
1009 963 1124 1001 provin-

394 1014 437 1043 cia
465 1014 615 1043 Manlnana
641 1013 683 1041 vel
706 1012 735 1041 in
759 1015 904 1041 conventu
925 1011 953 1041 S.
976 1011 1123 1040 Barnabae

393 1063 428 1091 de
450 1063 560 1091 Mantua
594 1062 637 1090 vel
670 1061 698 1091 S.
729 1060 842 1098 Georgii
865 1060 899 1089 de
924 1059 1070 1096 Bononia,
1093 1059 1122 1088 in

394 1111 541 1150 provincia
573 1109 718 1139 Genuensi
746 1109 775 1137 in
798 1112 941 1137 conventu
967 1107 1123 1138 Servorum

393 1159 523 1195 Gortuae,
547 1158 575 1187 in
599 1157 749 1196 provincia
770 1157 983 1186 Pedemontana
1005 1157 1033 1186 in
1056 1166 1123 1185 con-

392 1210 480 1235 ventu
502 1206 530 1235 S.
549 1205 635 1234 Primi
658 1205 692 1234 de
714 1205 813 1242 Papia,
841 1204 869 1233 in
887 1205 1035 1242 provincia
1053 1204 1125 1233 Nea-

392 1254 517 1294 politana
540 1254 569 1283 in
592 1258 736 1283 conventu
759 1253 787 1283 S.
812 1253 916 1282 Mariae
941 1253 1125 1291 Mergellina-

392 1312 467 1337 rum,
490 1302 518 1331 in
535 1302 690 1340 provinciis
712 1310 781 1331 vero
804 1301 959 1340 Ilispanica
975 1305 1003 1331 et
1018 1301 1125 1331 Gallica

392 1351 425 1379 ad
439 1350 550 1379 libitum
565 1350 654 1388 patris
667 1350 810 1387 generalis
820 1360 826 1385 3
837 1349 883 1378 cui
897 1349 1070 1388 promotioni
1082 1350 1126 1379 in-

392 1404 497 1428 teresse
520 1398 642 1437 possint,
666 1398 689 1427 si
712 1398 812 1433 velint,
828 1401 855 1427 et
872 1398 920 1436 qni
937 1402 1004 1427 sunt
1024 1398 1127 1427 defini-

393 1451 470 1476 tores
486 1447 617 1485 perpetni
631 1450 658 1475 et
673 1446 722 1485 qui
738 1450 805 1476 sunt
822 1446 865 1475 vel
882 1446 962 1475 suere
979 1451 1123 1483 regentes.

432 1504 469 1523 xi.
485 1495 566 1532 Cum,
583 1495 666 1523 iustis
681 1494 715 1523 de
738 1494 844 1530 causis,
861 1503 945 1523 nemo
961 1504 994 1523 ex
1011 1503 1126 1533 promo-

393 1542 494 1571 vendis
516 1542 549 1571 ad
572 1542 677 1579 gradus
702 1542 731 1571 in
760 1542 891 1581 proxime
919 1542 1026 1580 elapsis
1048 1542 1126 1581 capi-

393 1591 460 1619 tulis
482 1594 510 1620 et
532 1590 618 1620 dietis
640 1590 727 1619 suerit
759 1594 926 1629 promotus,
956 1590 1126 1619 definitores

393 1639 545 1667 decrevere
582 1638 657 1677 quod
696 1642 776 1677 pater
810 1638 955 1676 generalis
997 1643 1125 1677 tempore

394 1687 568 1716 visitationis
591 1686 739 1716 habendae
766 1688 796 1716 in
827 1691 971 1716 conventu
993 1686 1041 1716 SS.
1069 1688 1126 1716 An-

394 1735 548 1764 nunciatae
570 1735 604 1764 de
626 1735 771 1764 Florentia
803 1735 893 1774 possit
923 1735 988 1764 illos
1012 1744 1126 1774 promo—

393 1793 472 1820 vere,
491 1787 518 1812 et
541 1783 701 1812 habeantur
716 1793 749 1813 ac
765 1783 788 1812 si
807 1784 929 1822 promoti
952 1784 1074 1813 fuissent
1096 1784 1125 1813 in

394 1832 528 1870 capitulis
550 1836 577 1861 et
600 1832 684 1861 dietis
707 1831 837 1871 proxime
859 1831 976 1871 elapsis,
1000 1841 1051 1871 pro
1073 1832 1126 1862 hac

394 1881 456 1909 vice
479 1884 602 1910 tantum.

435 1937 483 1957 xn,
507 1928 578 1957 ltem
601 1928 677 1967 quod
700 1927 870 1958 observetur
885 1932 1033 1958 decretum
1050 1929 1128 1967 capi-

396 1976 447 2006 tuli
466 1976 607 2014 generalis
625 1976 692 2005 anni
706 1984 877 2012 noccxxxn,
891 1985 926 2005 ne
939 1976 1003 2015 quis
1017 1976 1129 2006 scilieet

396 2024 651 2063 exprovincialium
673 2024 806 2062 publicae
828 2024 1001 2053 correctioni
1024 2024 1128 2062 prioris

395 2073 578 2110 subiiciatur,
595 2073 749 2101 dnmmodo
772 2076 866 2102 tamen
890 2071 1005 2111 publice
1027 2077 1055 2102 et
1071 2082 1127 2102 non

395 2125 564 2159 provocatus
587 2121 675 2159 priori
697 2130 756 2150 non
778 2121 911 2156 insultet,
935 2124 964 2149 et
986 2121 1062 2159 quod
1080 2130 1129 2150 ex-

396 2169 585 2208 provinciales
602 2169 774 2207 praecedant
789 2173 899 2198 ceteros
912 2169 1064 2206 magistros
1078 2169 1127 2208 qui

395 2226 452 2246 non
469 2217 547 2246 suere
573 2216 758 2255 provincialis
776 2216 871 2246 officio
893 2216 1055 2255 perfuncti3
1079 2226 1126 2246 ex-

395 2264 590 2303 provinciales
612 2273 679 2293 vero
701 2264 777 2294 inter
801 2273 832 2293 se
857 2268 973 2293 servent
997 2264 1126 2294 ordinem

395 2312 585 2350 promotionis
599 2312 633 2341 ad
650 2311 865 2349 magisterium:
883 2311 988 2350 quibus
1010 2312 1127 2350 privile-

395 2361 450 2398 giis
465 2360 598 2389 fruantur
619 2360 703 2389 etiam
726 2360 775 2399 qui
801 2360 973 2398 theologiam
989 2359 1033 2389 vel
1056 2360 1126 2389 alias

396 2408 531 2437 scientias
543 2407 571 2436 in
584 2408 678 2446 aliqua
692 2408 808 2447 publica
823 2408 1022 2445 universitate,
1036 2408 1080 2437 vel
1095 2412 1126 2438 ut

396 2457 546 2494 regentes¹
565 2456 594 2485 in
607 2457 703 2495 aliquo
719 2457 821 2487 maiori
838 2457 933 2487 studio
948 2466 999 2496 per
1019 2457 1126 2487 duode-

397 2505 452 2534 cim
474 2513 565 2533 annos
588 2505 759 2543 theologiam
776 2505 897 2544 professi
914 2505 1031 2543 suerint,
1049 2505 1124 2535 sicut

409 2584 411 2587 ,
433 2560 445 2584 1
467 2557 536 2584 Edit.
558 2556 635 2584 Main.
656 2557 719 2593 legit
738 2559 863 2593 reyentis
881 2560 920 2593 (n.
942 2558 992 2593 Τ.).

970 200 1146 225 BELLAnffiM
1172 198 1323 221 ROMAM'M

1910 198 1958 222 Λη.
1972 197 2000 224 C.
2021 197 2086 224 1691

1167 244 1253 273 etiam
1270 243 1319 282 qui
1335 243 1529 282 procuratoris
1550 244 1693 281 generalis
1708 244 1802 273 officio
1818 245 1897 274 suere

1168 292 1322 331 perfuncti.
1342 292 1494 322 Decretum
1514 297 1609 322 antem
1626 293 1654 322 in
1671 294 1794 332 capitulo
1812 303 1900 331 gene·

1166 339 1432 369 131101111111110111ι
1451 345 1615 369 emanatum
1639 340 1759 370 habetur
1780 341 1814 370 ad
1838 350 1900 370 ver-

1166 387 1275 416 1111111111
1292 387 1416 425 registro
1432 388 1559 425 generali
1573 388 1624 417 lib.
1642 397 1691 426 xn,
1709 389 1747 418 sol
1762 398 1792 426 n,
1811 398 1840 418 n.
1858 398 1899 418 111.

1167 434 1357 468 I'rom'ncialis‚
1381 439 1436 464 etc.

1205 493 1266 513 xm.
1291 484 1360 513 Item
1382 485 1529 514 decretum
1552 485 1605 514 suit
1632 486 1707 524 quod
1729 487 2092 535 0100010101·ιωξῦῐῑᾶζὶξέη·

1166 531 1281 561 Ordinis
1303 533 1457 571 praecedat
1478 542 1578 562 omnes
1607 534 1796 571 provinciales
1817 538 1898 563 extra
2052 530 2057 534 ”

1166 589 1265 609 eorum
1289 581 1453 618 provincias
1483 581 1661 619 existentes,
1690 591 1747 611 non
1778 591 1847 611 vero
1868 581 1898 611 in

1167 627 1284 665 propria
1306 628 1465 666 provincia.

1206 683 1262 704 xw.
1286 676 1315 705 Si
1337 676 1367 705 in
1388 676 1579 706 electionibus
1611 676 1751 706 faciendis
1773 677 1899 715 contige·
1935 682 1964 703 Du
1985 683 2094 704 exactioni·

1165 722 1203 752 rit
1224 722 1295 753 duos
1317 732 1351 753 ex
1383 724 1540 763 propositis
1568 729 1632 754 vota
1662 724 1797 755 habuisse
1820 725 1898 764 paria
1908 708 1954 730 bus.

1166 780 1251 809 supra
1274 772 1468 809 medietatem,
1488 776 1555 801 tnnc
1577 773 1611 801 ad
1628 773 1838 812 praesidentem
1854 782 1901 802 ca-

1166 818 1252 856 pituli
1276 822 1386 856 spectet
1416 819 1592 856 decernere,
1622 820 1755 859 quisnam
1783 821 1900 851 illorum

1167 866 1372 904 praeferendus
1398 867 1450 902 sit3
1478 867 1502 896 si
1532 877 1598 897 vero
1626 869 1723 898 nullus
1753 873 1902 899 remaneat

1165 914 1274 943 electus
1295 914 1323 944 in
1353 915 1583 953 provincialem,
1611 921 1678 946 tunc
1707 927 1757 955 per
1779 922 1837 947 tres
1859 918 1902 947 vi-

1165 971 1223 1000 ces,
1248 963 1372 992 termino
1394 963 1518 993 duorum
1541 964 1653 995 dierum
1676 965 1831 1001 faciendas,
1849 966 1902 995 ite—

1166 1019 1230 1039 rum
1253 1011 1302 1039 ssat
1323 1011 1443 1047 electio;
1470 1012 1545 1050 qnod
1572 1012 1595 1040 si
1617 1013 1711 1042 adhuc
1737 1014 1836 1042 nullus
1857 1022 1903 1043 re-

1166 1062 1280 1088 maneat
1301 1058 1426 1094 electus,
1452 1063 1519 1088 tunc
1541 1060 1719 1098 provinciam
1737 1065 1817 1098 regat
1832 1061 1901 1090 desi-

1166 1107 1243 1135 nitor
1254 1107 1408 1144 generalis,
1420 1107 1510 1136 donec
1524 1112 1604 1145 pater
1615 1108 1760 1145 generalis
1769 1109 1901 1138 Sanctam

1166 1154 1267 1184 Sedem
1290 1155 1433 1192 consulat,
1451 1158 1479 1184 et
1494 1155 1680 1185 conformiter
1698 1156 1733 1185 ad
1754 1157 1817 1186 eius
1838 1166 1902 1186 ora-

1166 1202 1263 1231 culum
1287 1202 1444 1241 provideat.

1207 1260 1254 1279 xv.
1280 1251 1350 1280 Item
1373 1251 1449 1290 quod
1481 1252 1600 1282 omnino
1632 1257 1764 1283 servetur
1786 1263 1849 1292 cap.
1874 1262 1899 1283 vi
1926 1257 1965 1287 ‚De
1991 1258 2094 1283 rii-ipun-

1167 1299 1406 1328 constitutionum
1423 1299 1548 1338 descrip.
1562 1299 1596 1329 ad
1612 1300 1766 1330 hahitum2.
1784 1301 1814 1330 ln
1831 1311 1900 1331 casu
1910 1283 1978 1304 Μαι,
1993 1284 2094 1305 mmm

1169 1356 1235 1376 vero
1258 1347 1508 1386 transgressionis,
1527 1349 1753 1386 provincialibus
1775 1353 1802 1378 et
1824 1351 1901 1388 prio—

1167 1395 1247 1424 ribus
1270 1395 1323 1424 suit
1344 1395 1478 1434 imposita
1511 1404 1602 1433 poena
1629 1396 1801 1434 privationis
1822 1398 1900 1426 vocis

1167 1443 1277 1472 activae
1306 1446 1334 1471 et
1356 1442 1484 1481 passivae
1511 1443 1540 1471 in
1563 1443 1659 1472 futuro
1687 1444 1812 1482 capitulo
1834 1454 1901 1483 pro—

1167 1490 1296 1520 vinciali.
1314 1491 1430 1520 Fratres
1446 1500 1513 1520 vero
1528 1491 1646 1520 alterius
1668 1492 1816 1530 religionis
1837 1502 1902 1531 pro-

1167 1539 1235 1568 sessi
1248 1548 1341 1577 neque
1356 1538 1391 1568 ab
1406 1539 1470 1577 ipso
1485 1539 1612 1577 generali
1628 1539 1736 1579 absque
1758 1550 1901 1571 consensu

1167 1588 1286 1626 capituli
1309 1588 1495 1626 provincialis
1517 1588 1607 1627 recipi
1631 1589 1753 1627 possint.

1207 1644 1263 1665 xv1.
1288 1636 1399 1664 l‘hcnit
1421 1636 1579 1674 praefatum
1601 1645 1665 1675 cap.
1683 1645 1710 1666 vr
1732 1638 1900 1676 extendere,

1168 1684 1245 1723 quod
1268 1684 1379 1713 scilicet
1405 1684 1528 1722 quilibet
1558 1685 1744 1723 recipiendus
1765 1686 1801 1715 ad
1822 1686 1902 1716 habi-

1167 1737 1226 1762 tnm
1261 1731 1365 1761 habeat
1396 1742 1570 1762 consensum
1599 1738 1713 1772 patrum
1741 1737 1901 1765 conventus*

1167 1781 1246 1811 illius
1258 1781 1394 1818 civitatis,
1411 1781 1456 1810 vel
1471 1781 1537 1817 loci,
1554 1781 1583 1810 in
1607 1791 1661 1820 qua
1684 1786 1768 1812 natus
1783 1787 1837 1820 est,
1856 1783 1903 1813 vel

1168 1830 1326 1859 conventus
1352 1829 1513 1865 vicinioris,
1531 1829 1554 1858 si
1569 1830 1668 1859 nullus
1689 1835 1849 1860 conventus
1864 1831 1903 1861 sit.

1168 1888 1201 1908 eo
1224 1878 1253 1907 in
1276 1878 1339 1907 loco
1362 1877 1391 1907 111
1414 1886 1470 1916 quo
1494 1882 1537 1907 est
1559 1882 1654 1907 natus.

1209 1935 1277 1956 xvn.
1300 1925 1369 1956 Cum
1394 1926 1504 1964 priores
1527 1930 1720 1956 conventuum
1735 1927 1845 1958 iteratis
1860 1928 1903 1958 vi-
1938 1936 1966 1968 pe
1980 1937 2094 1958 residuunt

1169 1975 1251 2005 cibus
1273 1983 1377 2012 magno
1390 1978 1584 2004 conventuum
1600 1975 1773 2005 detrimento
1789 1986 1839 2016 per
1850 1986 1902 2006 no-
1910 1969 2009 1989 pr¹⁰¹'¹¹'¹¹'

1170 2023 1259 2053 tabile
1282 2027 1395 2061 tempus
1414 2031 1428 2051 a
1445 2023 1504 2051 suis
1526 2023 1717 2053 conventibus
1738 2024 1838 2054 abesse
1853 2034 1902 2054 au-

1169 2071 1277 2108 deant,
1300 2070 1448 2100 decretum
1480 2070 1535 2099 suit
1565 2079 1601 2099 ne
1633 2072 1698 2109 quis
1726 2071 1844 2101 illorum
1870 2072 1900 2101 in
2252 2075 2254 2087 ¹

1169 2123 1315 2158 posterum
1339 2127 1389 2156 per
1411 2118 1530 2147 iteratas
1553 2118 1640 2154 vices,
1660 2118 1736 2148 ultra
1759 2128 1899 2156 mensem,

1171 2167 1213 2196 vel
1235 2166 1313 2196 aliud
1337 2170 1450 2205 tempus
1471 2165 1598 2196 notabile
1620 2166 1650 2196 in
1672 2176 1760 2205 anno,
1783 2168 1846 2197 sine
1868 2168 1898 2197 li-

1169 2215 1264 2244 centia.
1297 2214 1342 2244 sui
1375 2214 1562 2253 provincialis
1583 2214 1684 2244 abesse
1707 2215 1817 2253 possit,
1846 2215 1900 2246 suh

1169 2264 1262 2302 poena,
1284 2262 1454 2301 privationis
1485 2261 1521 2291 ab
1552 2262 1646 2292 officio
1676 2262 1757 2292 iuxta
1778 2263 1899 2293 sormam

1168 2311 1409 2341 constitutionum
1432 2320 1494 2349 cap.
1518 2319 1597 2340 xxix.

1207 2368 1285 2389 xvm.
1302 2358 1345 2388 Ad
1361 2358 1535 2388 obviandum
1549 2358 1779 2389 dissensionibus
1793 2359 1899 2390 hucus-
1935 2376 1964 2396 0„
1989 2376 2092 2399 sni-iem·

1167 2417 1223 2447 que
1245 2407 1315 2437 oriri
1344 2406 1450 2445 solitis,
1472 2406 1618 2436 decretum
1645 2410 1688 2437 est
1716 2407 1746 2436 in
1775 2403 2056 2438 ecclesia·²⁶⁰⁴¹¹‘·⁴‘¹¹¹'”·

1202 2470 1213 2496 1
1238 2469 1336 2496 Forsan
1357 2468 1397 2496 vel
1415 2468 1460 2495 hic
1485 2472 1639 2502 mnchxxu,
1660 2467 1702 2495 vel
1727 2476 1809 2504 supra
1831 2470 1899 2497 1052

1167 2513 1310 2548 legendnm
1328 2513 1367 2545 (n.
1383 2512 1430 2544 τ.).

1201 2558 1216 2584 2
1237 2556 1335 2583 Forsan
1346 2556 1379 2583 de
1394 2555 1568 2591 recipiendis
1583 2556 1620 2583 ad
1639 2556 1771 2584 habitum
1788 2559 1829 2592 (R.
1846 2556 1894 2592 1.).
