2254 3225
226 275 277 300 An.
294 274 322 301 e.
345 275 412 302 1699
459 265 523 299 886

294 1719 410 1741 instituitur

227 1746 411 1772 Congreflatiosu-

227 1779 239 1799 p
255 1780 264 1792 Γ
310 1779 409 1796 textuum·

227 1800 311 1824 noth-gii
335 1801 354 1819 ot
376 1805 410 1819 va-

224 1826 356 1848 lotudinarii.

420 325 509 368 qnasi
531 325 771 368 possessionem
789 325 909 368 absque
928 327 1024 369 spolii
1042 328 1090 359 vel
1115 333 1160 359 at-

422 382 617 410 tentatorum
633 378 720 418 vitio,
737 384 768 410 et
781 378 850 410 sine
866 379 1095 422 cuiuscumque
1115 380 1160 411 iu-

422 431 501 464 dicis
520 432 651 465 decreto
667 438 698 465 et
713 433 907 469 ministerio,
926 433 1030 466 libere
1046 444 1161 476 appre-

422 484 567 518 hendere
594 492 625 518 et
649 487 1064 529 apprehensamperpetuo
1090 486 1162 519 reti-

421 548 511 576 nere,
531 538 649 581 illaque
668 540 797 578 locare,
827 538 1005 579 dislocare,
1025 549 1159 580 regere,

421 591 657 631 administrare,
674 603 709 623 ae
722 592 849 624 illorum
865 592 996 629 fruetus,
1012 591 1158 623 redditus

421 651 451 677 et
475 649 669 687 proventus,
696 644 776 682 iura,
795 644 1010 676 obventiones
1029 648 1060 675 et
1075 653 1160 675 emo-

420 698 566 730 lumenta
605 707 829 740 quaecumque
866 696 1054 739 percipere,
1087 695 1160 728 exi—

421 761 495 793 gere
522 756 554 783 et
578 751 694 789 levare,
721 760 756 782 ac
781 749 811 782 in
838 749 997 793 praedicti
1029 748 1159 791 collegii

421 811 453 838 et
482 816 547 838 non
580 805 613 837 in
646 804 725 837 alios
758 814 834 837 usus
867 807 896 837 et
926 803 1156 843 necessitates,

420 858 569 892 omnibus
596 863 701 890 tamen
720 857 809 900 prius
831 867 908 899 erga
929 866 1091 900 pauperes
1109 867 1159 888 sa·

420 913 568 945 cerdotes
592 911 732 944 infirmos
756 912 842 943 iuxta
863 910 1019 953 praedicti
1038 911 1160 942 valetu-

422 966 538 998 dinarii
565 966 743 997 institutum
772 964 968 997 christianae
990 963 1159 996 charitatis

421 1019 534 1052 officiis
570 1019 705 1061 expletis
744 1018 926 1060 ceterisque
964 1017 1050 1050 illius
1083 1027 1161 1050 one-

421 1072 508 1105 ribus
533 1073 627 1115 plane
658 1071 881 1114 supportatis,
908 1076 1097 1103 convertere
1129 1076 1160 1103 et

422 1136 579 1168 erogare,
612 1127 725 1158 nostra
758 1130 789 1157 et
819 1135 879 1167 pro
913 1130 1059 1167 tempore
1097 1123 1161 1156 exi-

421 1178 535 1211 stentis
547 1179 680 1211 Romani
693 1177 867 1217 pontificis,
884 1177 1070 1210 dioecesani
1086 1177 1158 1215 loci⁷

421 1231 523 1264 dictae
550 1231 643 1264 Urbis
662 1231 782 1269 vicarii,
799 1232 849 1263 vel
872 1230 1012 1263 cuiusvis
1026 1230 1160 1263 alterius

421 1283 551 1317 licentia
565 1285 705 1326 desuper
718 1283 849 1316 minime
867 1283 1045 1327 requisita),
1061 1288 1159 1322 motu,

420 1338 565 1376 scientia,
592 1337 829 1371 deliberatione
852 1343 884 1370 et
901 1336 1074 1380 potestatis
1093 1337 1160 1379 ple-

420 1391 568 1424 nitudine
607 1402 643 1424 ac
676 1397 788 1424 tenore
824 1390 1020 1434 praedictis,
1047 1390 1159 1423 itidem

420 1451 595 1489 perpetuo,
617 1455 652 1477 ex
674 1454 762 1476 nunc
786 1449 885 1487 prout
910 1454 946 1476 ex
973 1449 1048 1476 tunc
1072 1448 1161 1486 post-

420 1510 517 1542 quam
544 1499 682 1538 donata,
706 1498 885 1540 assignata,
911 1498 1011 1537 unita,
1043 1497 1158 1537 oblata,

420 1561 575 1584 concessa
601 1555 632 1583 et
653 1550 765 1582 relicta
791 1549 923 1589 suerint,
945 1554 976 1581 et
995 1560 1010 1582 e
1037 1554 1160 1589 eontra,

421 1604 640 1648 applicamus,
666 1603 866 1645 assignamus
884 1630 890 1642 ‚
926 1602 1136 1635 concedimus
1154 1629 1160 1642 ,

422 1656 668 1701 appropriamus
693 1662 725 1689 et
749 1657 1014 1699 incorporamus.

465 1711 480 1754 ξ
504 1711 535 1743 5.
562 1711 664 1743 Porro
689 1720 787 1754 super
820 1709 978 1752 regimine
1005 1714 1035 1741 et
1060 1709 1161 1742 admi-

422 1764 615 1797 nistratione
652 1763 782 1806 collegii
815 1762 992 1805 supradicti
1017 1761 1161 1805 Congre-

422 1818 507 1860 gatio
543 1817 639 1850 unius
677 1827 734 1850 seu
774 1817 917 1860 plurium
954 1826 991 1848 ex
1027 1826 1161 1849 venera-

419 1871 540 1905 bilibus
567 1870 721 1904 sratribus
754 1871 874 1903 nostris
898 1870 929 1903 S.
960 1870 997 1903 R.
1025 1870 1059 1903 E.
1091 1880 1158 1902 car-

420 1926 608 1965 dinalibus,
637 1936 673 1958 ac
705 1925 938 1958 nonnullorum
965 1925 1158 1958 dilectorum

419 1978 560 2012 filiorum
585 1979 749 2013 Romanae
775 1978 890 2011 Curiae
916 1978 1157 2021 praelatorum,

420 2032 623 2076 aliorumque
674 2031 970 2064 ecclesiasticorum
1016 2030 1158 2064 virorum

420 2085 587 2125 doctrina,
611 2084 750 2128 pietate,
783 2084 957 2128 prudentia
990 2090 1021 2117 et
1051 2095 1158 2117 rerum

420 2148 478 2170 usu
502 2138 745 2181 praestantium,
765 2148 781 2170 a
799 2138 892 2171 nobis
919 2138 1159 2181 deputatorum,

420 2201 456 2223 ac
481 2191 513 2222 in
539 2191 680 2223 futurum
703 2196 764 2223 tam
784 2202 800 2223 a
818 2191 913 2223 nobis
938 2202 1035 2234 quarn
1053 2203 1070 2224 a
1088 2202 1158 2225 sue-

420 2243 604 2276 cessoribus
630 2244 750 2277 nostris
769 2244 919 2277 Romanis
945 2244 1157 2278 Pontificibus

421 2297 704 2339 deputandorum,
731 2298 816 2330 inter
841 2309 922 2341 quos
947 2299 1044 2331 etiam
1070 2300 1158 2332 volu-

414 2359 490 2382 ‘mus
519 2350 672 2382 dilectum
697 2350 797 2382 silium
823 2352 1016 2385 modernum
1042 2358 1074 2385 et
1099 2363 1157 2396 pro

421 2406 566 2445 tempore
589 2402 779 2436 existentem
802 2404 956 2438 decanum
982 2407 1157 2439 canonico-

420 2464 491 2487 rum
506 2455 609 2488 dictae
623 2456 787 2496 basilicae,
801 2457 886 2489 iuxta
901 2459 1057 2500 praedicti
1070 2459 1158 2492 Ioan-

420 2508 469 2540 nis
487 2508 619 2541 Antonii
639 2509 800 2542 testatoris
815 2510 1063 2553 dispositionem
1082 2523 1158 2555 qua-

420 2560 580 2603 lilicatam,
607 2567 705 2603 motu,
737 2563 893 2605 scientia,
920 2564 1157 2598 deliberatione

421 2620 452 2647 et
467 2616 637 2658 potestatis
651 2617 856 2660 plenitudine
875 2617 1016 2661 paribus,
1037 2630 1157 2652 earum-

422 2667 494 2702 dem
518 2674 630 2703 tenore
655 2670 886 2714 praesentium,
908 2671 1060 2705 similiter
1084 2683 1158 2715 per-

989 277 1167 302 BULLARIUM
1192 278 1347 302 ROMANUM

1204 332 1300 368 petuo
1326 327 1557 370 praeponimus
1583 332 1614 360 et
1639 327 1886 368 constituimus;
1907 326 1938 360 in

1205 379 1373 422 ipsamque
1391 379 1683 423 Congregationem
1706 380 1752 413 sic
1778 380 1942 424 praeposi-

1206 437 1268 464 tam
1295 438 1326 465 et
1352 433 1559 465 constitutam
1591 433 1688 466 etiam
1715 433 1872 476 praedicti
1892 444 1941 466 va-

1205 485 1390 517 letudinarii
1410 486 1554 527 regimen
1572 490 1601 519 et
1615 486 1943 527 administrationem,

1204 539 1268 571 illis
1293 550 1309 571 a
1336 539 1501 582 quibust-is
1534 540 1605 572 aliis
1636 540 1786 583 personis
1811 540 1941 583 penitus

1204 596 1236 623 et
1266 592 1398 625 omnino
1436 592 1612 632 abdicatis,
1637 599 1796 636 perpetuo
1831 593 1942 626 itidem

1187 645 1429 677 'transferimus
1447 650 1479 677 et
1505 650 1769 688 transponamus,
1785 657 1821 679 ac
1841 651 1944 679 trans-

1204 699 1267 730 lata
1293 703 1322 730 et
1349 704 1566 742 transportata
1590 709 1662 732 esse
1688 699 1895 733 decernimus
1912 705 1943 733 et

1204 751 1414 783 declaramus.

1247 803 1306 847 56.
1322 804 1542 838 Decernentes
1563 805 1692 848 pariter,
1712 806 1841 838 easdem
1851 816 1944 849 prae-

1204 862 1312 889 sentes
1340 857 1460 890 litteras
1487 864 1518 891 et
1542 859 1574 891 in
1599 858 1645 891 eis
1671 864 1820 892 contenta
1846 870 1944 903 quae-

1204 921 1348 953 cumque,
1375 911 1471 944 etiam
1491 922 1527 944 ex
1555 923 1592 945 eo
1618 913 1704 955 quod
1732 912 1762 944 in
1789 913 1943 956 praemis-

1204 964 1246 996 sis
1264 965 1421 997 interesse
1445 965 1615 1004 hahcntes,
1639 976 1696 998 seu
1721 966 1842 999 habere
1864 975 1944 1009 quo-

1204 1018 1383 1050 modolibet
1411 1020 1685 1061 praetendentes,
1712 1020 1850 1052 cuiusvis
1880 1025 1944 1052 sta-

1206 1078 1264 1111 tus,
1291 1072 1417 1113 gradus,
1445 1072 1582 1112 ordinis,
1609 1072 1888 1116 praeeminentiae
1913 1078 1945 1106 et

1206 1126 1370 1168 dignitatis
1396 1126 1541 1165 existant,
1561 1126 1655 1159 aliive
1682 1127 1829 1169 quilibet,
1847 1126 1944 1160 etiam

1204 1179 1338 1222 speciali
1369 1185 1401 1212 et
1432 1179 1599 1212 individua
1630 1180 1797 1213 mentione
1831 1180 1944 1223 digni,

1205 1233 1268 1265 illis
1287 1243 1351 1265 non
1378 1233 1611 1271 consenserint,
1631 1244 1692 1266 nec
1710 1234 1747 1266 ad
1775 1245 1811 1266 ea
1828 1231 1944 1274 vocati,

1205 1285 1304 1326 citati,
1325 1285 1437 1325 auditi,
1456 1296 1561 1328 neque
1576 1296 1702 1324 causae,
1714 1291 1851 1328 propter
1867 1295 1946 1329 quas

1205 1344 1395 1382 praesentes
1416 1339 1607 1378 emanarint,
1627 1339 1826 1372 sufficienter
1846 1338 1947 1372 addu-

1205 1398 1293 1433 ctae,
1323 1392 1506 1425 verificatae
1532 1398 1565 1426 et
1589 1392 1780 1426 iustificatae
1806 1392 1946 1433 suerint,

1205 1451 1259 1478 aut
1277 1457 1311 1479 ex
1336 1446 1397 1479 alia
1422 1456 1623 1489 quacumque
1649 1446 1745 1479 etiam
1771 1451 1946 1489 quantum-

1204 1499 1250 1532 vis
1274 1499 1432 1539 inridier«,
1459 1500 1512 1542 pia
1537 1505 1569 1532 et
1594 1499 1798 1542 privilegiata
1824 1500 1943 1540 causa,

1205 1554 1314 1586 colore
1333 1580 1340 1593 ‚
1376 1558 1547 1596 praetextu
1581 1558 1612 1586 et
1640 1553 1743 1596 eapite
1759 1579 1766 1593 ,
1791 1552 1887 1585 etiarn
1912 1552 1945 1584 in

1204 1616 1343 1649 corpore
1378 1606 1457 1638 iuris
1492 1606 1626 1645 clauso,
1652 1606 1749 1638 etiam
1776 1604 1919 1638 enormis
1936 1631 1944 1645 ,

1204 1659 1448 1693 enormissimae
1475 1665 1507 1692 et
1533 1660 1640 1692 totalis
1666 1659 1832 1699 laesionis,
1854 1659 1945 1691 nullo

1204 1724 1345 1756 unquam
1385 1719 1531 1756 tempore
1569 1713 1608 1745 de
1645 1712 1869 1755 subreptionis
1894 1711 1945 1745 vel

1204 1767 1410 1810 obreptionis
1442 1773 1496 1799 aut
1521 1766 1677 1799 nullitatis
1701 1765 1787 1805 vitio,
1814 1776 1870 1799 seu
1897 1765 1946 1798 in-

1205 1820 1361 1853 tentionis
1386 1825 1516 1853 nostrae
1532 1847 1539 1860 ‚
1566 1825 1618 1852 aut
1642 1819 1800 1852 interesse
1826 1819 1946 1853 haben-

1205 1874 1284 1906 tium
1309 1875 1512 1914 consenstls,
1540 1873 1641 1906 aliove
1669 1873 1817 1916 quolibet
1846 1872 1944 1905 etiam

1204 1926 1409 1969 quantumvis
1435 1937 1551 1969 magno
1584 1937 1620 1960 ac
1654 1925 1782 1959 formali
1811 1930 1843 1958 et
1869 1925 1945 1958 sub-

1203 1979 1345 2013 stantiali
1388 1979 1654 2022 individuamque
1700 1978 1944 2022 expressionem

1202 2033 1390 2077 requirente
1407 2033 1534 2066 defectu
1551 2033 1666 2073 notari,
1685 2032 1878 2075 impugnari,
1901 2031 1945 2064 in·

1203 2087 1312 2130 sringi,
1337 2086 1531 2126 modificari,
1559 2086 1739 2122 retractari,
1755 2087 1787 2118 in
1813 2091 1945 2119 contro-

1202 2141 1339 2174 versiam
1364 2141 1492 2180 vocari,
1520 2151 1576 2173 seu
1606 2140 1644 2172 ad
1680 2140 1837 2172 terminos
1864 2138 1944 2171 iuris

1202 2194 1325 2233 reduci,
1341 2199 1394 2226 aut
1408 2194 1561 2226 adversus
1577 2193 1648 2225 illas
1661 2192 1852 2236 aperitionis
1867 2192 1942 2232 oris,

1202 2247 1418 2281 restitutionis
1439 2247 1472 2279 in
1490 2247 1663 2289 integrum,
1689 2246 1815 2279 aliudve
1841 2245 1944 2288 qnod-

1202 2311 1339 2343 cumque
1362 2300 1459 2339 iuris,
1488 2300 1560 2332 sacti
1598 2300 1648 2332 vel
1685 2299 1806 2342 gratiae
1831 2308 1940 2332 reme-

1203 2354 1291 2386 dium
1316 2353 1469 2387 intentari
1495 2355 1545 2387 vel
1570 2352 1747 2396 impetrari,
1769 2363 1826 2385 seu
1846 2352 1944 2395 impe-

1202 2413 1295 2447 trato,
1315 2412 1369 2440 aut
1395 2407 1490 2440 etiarn
1517 2413 1618 2447 motu,
1638 2406 1772 2439 scientia
1798 2410 1829 2438 et
1853 2410 1945 2449 pote-

1202 2461 1292 2494 statis
1318 2461 1521 2504 plenitudine
1536 2459 1696 2493 similibus
1722 2469 1877 2492 concesso
1894 2459 1944 2492 vel

1202 2520 1351 2547 emanato
1374 2514 1558 2557 quempiam
1584 2513 1616 2546 in
1641 2513 1761 2546 iudicio
1779 2513 1827 2546 vel
1853 2516 1944 2545 extra

1201 2567 1282 2600 illud
1308 2567 1353 2600 uti
1379 2578 1434 2601 seu
1458 2578 1492 2600 se
1511 2567 1619 2600 iuvare
1645 2576 1759 2610 posse;
1779 2566 1835 2599 sed
1855 2565 1942 2609 ipsas

1201 2626 1393 2664 praesentes
1418 2621 1543 2654 litteras
1568 2630 1698 2663 semper
1722 2624 1753 2652 et
1778 2623 1941 2663 perpetuo

1200 2673 1330 2718 sirmas,
1358 2675 1478 2709 validas
1505 2679 1536 2708 et
1561 2674 1706 2708 efficaces
1742 2674 1883 2708 existere
1910 2677 1942 2707 et

1946 277 1997 306 An.
2014 278 2043 306 C.
2064 279 2132 307 1699

1981 818 2098 841 Clausulas.
