2227 3225
99 260 106 266 .
119 241 168 268 An.
189 240 218 267 C.
241 239 304 267 1691

889 237 1023 261 lNNOCEN
1035 238 1056 259 it
1063 237 1096 259 t's

1125 238 1165 259 ‚xii
1193 234 1239 260 rr.
1726 232 1789 264 :wft

316 290 391 323 beat
419 290 472 333 qui
497 299 567 322 eam
592 288 742 321 obtinere
767 286 945 329 contingat.
972 285 1053 323 Quo·
1071 285 1075 349 l
1094 284 1246 327 Optensis
1271 286 1438 319 decretum
1463 297 1481 319 a
1507 288 1709 321 sanctissimo
1732 290 1833 322 ‹lomi-

314 343 398 376 eirca
423 343 487 375 duo
513 351 634 384 genera
659 340 820 383 generalis
847 339 957 372 vicarii
982 349 1052 382 pro-

313 396 458 429 vincialis
483 395 698 437 agnoscimus,
717 393 816 427 alium
842 393 874 426 in
899 393 1003 436 capite
1022 398 1053 425 et

313 449 411 482 alium
436 447 656 481 substitutum.
677 447 817 479 Primum
840 451 946 479 autem
971 457 1053 478 sern-

312 512 373 545 per
399 501 511 534 fratres
550 500 734 543 intelligant
767 500 822 543 qui
854 509 920 532 non
954 499 1053 531 habet

314 565 412 598 supra
427 564 461 588 se
478 553 722 598 provincialem,
737 553 794 586 sed
810 552 852 585 sit
868 552 1052 595 provinciae

314 613 427 650 caput,
458 617 494 640 ex
522 606 646 639 defectu
672 605 863 649 principalis
894 610 1050 637 creatum.

313 661 473 694 Vicarium
499 671 576 693 vero
609 659 816 692 substitutum
844 658 1051 697 existiment,

315 715 369 757 qui
395 714 574 747 secundum
608 713 679 746 iura
704 713 818 745 barum
843 711 1050 746 constitutio-

316 777 392 800 num
417 767 505 800 illius
530 767 601 800 loco
628 770 798 799 statuatur.

358 831 394 854 11.
421 820 627 854 Declaramus
652 824 760 852 autem
780 819 869 852 illum
895 818 1051 862 appellari

316 873 435 906 debere
460 873 694 916 provincialem
720 873 882 912 absolute,
903 873 1053 914 nullaque

316 926 442 959 ratione
460 926 621 965 vicarium,
641 926 693 968 qui
710 935 770 968 per
786 935 893 958 veram
912 930 943 957 et
961 935 1054 957 cano-

316 980 420 1012 nicam
445 979 641 1013 electionem
660 979 702 1012 sit
720 990 737 1012 a
754 979 896 1022 capitulo
921 980 1054 1017 electus,

317 1032 405 1065 ¹iure
425 1033 639 1066 devolutionis
657 1043 673 1065 a
691 1032 857 1075 magistro.
877 1032 1054 1065 Provincia

317 1086 356 1119 lis
381 1087 505 1120 electus
540 1087 589 1119 vel
615 1087 830 1126 confirmatus,
851 1096 1053 1129 quocumque

318 1145 466 1182 tempore
493 1145 580 1172 extra
605 1139 780 1182 capitulum
806 1139 1053 1177 renunciaverit,

319 1193 505 1226 nullatenus
535 1193 655 1236 poterit
690 1192 842 1224 vicarium
878 1192 1056 1235 provincia-

319 1247 382 1279 lem
415 1246 476 1278 sibi
509 1245 724 1284 substituere,
751 1246 808 1278 sed
839 1245 870 1277 in
897 1245 1055 1287 regimine

318 1300 469 1332 succedat
489 1299 735 1332 commendator
761 1299 874 1330 domus
901 1298 1057 1341 capitula-

318 1352 362 1385 ris
376 1364 392 1385 a
406 1352 597 1395 provinciali
615 1353 756 1394 capitulo
775 1352 974 1394 designatae,
992 1353 1053 1387 rel.

318 1405 373 1438 illo
399 1405 545 1447 legitime
570 1405 738 1448 impedito,
765 1406 895 1448 dignior
921 1416 955 1438 ex
980 1404 1055 1437 deti-

316 1458 476 1491 nitoribus
492 1458 794 1501 provinciacstnodo
809 1459 850 1491 sit
868 1459 1054 1501 graduatus·‚

317 1512 461 1555 alioquin
480 1517 621 1545 transeat
638 1512 803 1545 successio
817 1513 854 1545 ad
874 1512 1053 1554 digniorem

317 1565 506 1607 graduatum
524 1565 723 1608 provinciae,
739 1576 835 1608 quam
857 1576 935 1598 sane
953 1571 1052 1597 ratam

317 1628 390 1651 esse
415 1619 592 1657 statuimus,
615 1619 719 1651 donec
734 1618 944 1651 confirmetur
961 1630 977 1650 a
995 1630 1056 1651 ma-

316 1671 428 1713 gistro,
446 1676 498 1703 aut
518 1671 617 1704 alium
644 1671 798 1704 vicarium
823 1671 1054 1714 provincialem

316 1733 375 1767 pro
401 1724 494 1758 libito
521 1725 637 1767 eligat,
663 1725 688 1757 si
713 1725 877 1766 maluerit,
905 1725 1056 1757 similiter

317 1778 518 1819 graduatum,
538 1777 589 1809 cui
610 1778 671 1810 soli
698 1778 781 1810 hanc
807 1783 997 1817 gotestateni
1023 1778 1053 1809 in

318 1830 379 1863 hoc
397 1841 482 1870 casu,
502 1830 698 1874 ubicumque
714 1842 778 1864 non
794 1831 892 1864 tuerit
908 1831 1053 1871 limitata,

317 1884 546 1922 concedimus,
570 1894 676 1927 neque
702 1885 788 1917 ullus
814 1884 891 1917 ille‘z
915 1885 1054 1917 vicarius

317 1936 488 1979 generalis,
501 1936 595 1969 etiam
611 1936 709 1969 totius
722 1936 863 1977 Ordinis,
878 1937 1053 1980 aliquando

317 1990 459 2032 gaudere
484 1995 682 2032 praesumat.

361 2053 408 2076 111.
447 2043 646 2076 Praedictam
687 2049 792 2077 autem
834 2043 1054 2077 conditiontun

317 2097 464 2140 graduati
479 2097 520 2129 ita
536 2107 666 2140 semper
681 2097 712 2129 in
727 2097 814 2129 onmi
834 2097 1054 2130 nominatiom·

318 2155 350 2182 et
377 2150 583 2183 successione
613 2151 781 2183 observari
811 2151 1051 2193 praecipimus,

317 2202 380 2243 nt⁸,
398 2203 463 2235 sive
483 2202 598 2235 electio
616 2203 725 2235 vicarii
745 2203 952 2246 provincialis
971 2203 1025 2235 liat
1039 2215 1054 2236 a

317 2255 483 2298 magistro,
509 2257 557 2289 vcl
582 2257 784 2299 provinciali,
810 2262 863 2289 aut
888 2257 951 2290 alio
975 2268 1055 2300 quo-

318 2319 467 2351 cumque,
482 2309 547 2341 sire
568 2309 637 2342 iure
655 2310 899 2343 constitutionis
918 2311 1052 2349 eveniat,

317 2371 446 2404 semper
470 2362 502 2394 in
528 2363 720 2404 graduatum
746 2363 883 2403 ineidat,
908 2369 939 2396 et
960 2374 1053 2396 secus

318 2415 400 2448 sacta
423 2416 464 2448 sit
494 2416 586 2448 irrita
616 2416 702 2449 iuxta
727 2417 860 2460 capituli
891 2418 1053 2461 generalis

355 2505 364 2530 t
389 2504 487 2532 Deesse
508 2505 613 2532 videtur
632 2506 765 2541 particula
786 2507 826 2532 vel
845 2507 886 2539 (nl
899 2509 947 2534 TA.

353 2549 370 2574 2
385 2549 494 2576 Videtur
508 2551 652 2585 legendum
669 2551 731 2583 illst,
750 2559 845 2585 nempe
861 2555 992 2586 potestate
1008 2560 1053 2576 an-

318 2593 416 2620 tedirtt't
438 2600 472 2627 μὶ.
489 2600 513 2620 Τ.
531 2614 536 2620 .

353 2637 368 2664 3
389 2637 550 2663 tundent-ia
573 2642 601 2666 u!
621 2648 668 2665 nos
688 2639 810 2665 aldium
834 2646 856 2674 kr.

885 2640 932 2673 v).

1070 1113 1076 1159 t

1074 1913 1076 1943 l

1095 348 1136 370 no
1155 343 1265 371 nostro
1292 338 1482 372 Innocentio
1508 340 1546 372 XI
1571 340 1807 375 confirmatum.

1139 401 1180 424 tv.
1209 391 1362 424 Eiusdem
1396 392 1529 435 capituli
1555 393 1640 426 aliud
1666 394 1831 428 decretum

1095 454 1111 476 a
1136 445 1302 487 praedicto
1328 445 1476 478 similiter
1500 445 1690 480 Innocentio
1715 448 1834 481 contir-

1095 503 1213 530 matum
1238 498 1405 531 observari
1431 499 1664 541 subiungimus,
1688 507 1721 534 ut
1745 501 1833 535 vidc-

1095 550 1180 589 licet,
1196 550 1428 593 provincialatu
1448 552 1560 595 quovis
1578 554 1674 586 modo
1691 561 1832 594 vacante,

1095 605 1200 637 nullus
1234 605 1441 648 prorincialis
1478 607 1666 646 absolutus,
1693 613 1747 640 aut
1777 609 1832 651 qui

1094 657 1231 690 vicarius
1257 658 1465 702 provincialis
1491 659 1523 691 in
1549 660 1653 702 capite
1676 671 1734 703 per
1752 661 1833 694 duos

1095 721 1197 744 annos
1223 717 1278 744 aut
1301 712 1440 755 amplius
1466 712 1623 753 extiterit,
1649 714 1751 757 possit
1774 714 1834 747 irn-

1095 764 1234 797 mediate
1258 764 1395 797 vicarius
1428 765 1637 808 provincialis
1670 766 1703 798 in
1728 766 1833 809 capite

1095 828 1111 850 a
1126 829 1335 861 quocumque
1350 819 1513 859 constitui,
1526 819 1586 852 nisi
1597 820 1724 853 duobus
1740 821 1835 853 trien-

1096 871 1158 903 niis
1191 883 1208 904 a
1244 871 1481 914 provincialatu
1513 872 1560 905 vel
1594 873 1748 906 vicariatu
1774 874 1832 906 de-

1096 925 1212 957 cursis.

1140 989 1167 1012 v.
1193 979 1330 1022 Insuper
1355 979 1380 1011 si
1407 979 1611 1022 provincialis
1637 985 1725 1012 extra
1750 980 1836 1023 capi-

1097 1033 1197 1065 tulum
1223 1038 1368 1066 versetur
1394 1033 1425 1065 in
1451 1034 1563 1066 mortis
1590 1033 1748 1076 pericuIO,
1776 1045 1836 1076 po-

1098 1091 1160 1118 test
1184 1086 1337 1118 vicarium
1371 1087 1602 1129 provincialem
1634 1087 1693 1119 sub
1719 1087 1835 1120 litteris

1098 1144 1128 1171 et
1146 1139 1336 1171 authentico
1356 1139 1541 1172 testimonio
1561 1139 1759 1182 relinquere,
1779 1141 1833 1183 qui

1098 1192 1147 1224 ei*
1181 1192 1333 1224 succedat
1366 1192 1399 1224 iu
1431 1192 1582 1226 omnibus
1612 1192 1677 1224 suis
1711 1192 1834 1226 iuribus

1097 1255 1196 1288 usque
1222 1246 1261 1277 ad
1293 1244 1388 1277 tinem
1408 1245 1551 1284 triennii,
1572 1251 1603 1277 et
1628 1252 1771 1288 nequeat
1796 1246 1834 1277 ab

1098 1297 1206 1340 aliquo
1222 1297 1375 1337 revocari,
1392 1297 1451 1329 nisi
1467 1297 1594 1339 praeviat
1607 1301 1700 1331 causa
1712 1299 1833 1331 delicti.

1097 1350 1186 1383 Tune
1212 1356 1319 1383 autem
1345 1351 1499 1393 magister
1525 1352 1687 1393 generalis
1713 1353 1836 1394 poterit

1099 1404 1136 1445 (si
1154 1404 1243 1443 velit)
1260 1403 1344 1436 illius
1361 1404 1514 1436 vicariatu
1537 1405 1670 1437 durante
1686 1405 1837 1437 vicarium

1099 1458 1283 1498 generalem
1309 1456 1341 1488 in
1368 1457 1422 1489 illa
1454 1457 1620 1499 provincia
1651 1458 1835 1491 instituere.

1098 1509 1186 1547 Quod
1223 1510 1248 1541 si
1287 1509 1492 1552 provincialis
1535 1511 1658 1553 absque
1694 1512 1837 1553 praefata

1098 1562 1320 1595 non‘iinatione
1346 1563 1534 1602 decesserit,
1562 1565 1734 1603 succedat,
1763 1570 1795 1596 ut
1821 1576 1837 1596 a

1098 1618 1189 1648 sacrsi
1224 1616 1454 1649 constitutione
1489 1618 1683 1659 postulatus,
1711 1618 1836 1650 etiamsi

1098 1670 1243 1712 alioquin
1278 1669 1397 1702 habeat
1419 1669 1573 1702 vicarium
1606 1671 1837 1713 provincialem

1098 1723 1159 1755 iam
1193 1728 1287 1755 antea
1324 1723 1570 1766 quomodolibet
1605 1724 1836 1765 subrogatum,

1099 1786 1194 1819 quein
1209 1777 1300 1808 nullo
1319 1777 1417 1809 modo
1436 1777 1468 1808 in
1486 1776 1548 1808 hoc
1566 1786 1642 1808 casu
1661 1777 1836 1810 succedere

1100 1829 1251 1871 patimur,
1280 1828 1342 1860 nisi
1369 1829 1465 1861 suerit
1489 1839 1506 1861 a
1531 1828 1722 1872 provinciali
1757 1839 1835 1872 spe-

1097 1883 1224 1915 cialiter
1248 1883 1432 1915 nominatus
1461 1887 1496 1915 ut
1521 1882 1550 1915 ei
1583 1883 1734 1917 succedat
1767 1889 1836 1926 post

1098 1936 1236 1969 obitum.

1142 2000 1183 2022 vi.
1211 1989 1372 2028 Quantum
1399 2000 1475 2023 vcro
1511 1990 1551 2023 ad
1580 1989 1835 2033 impedimenta,

1098 2047 1129 2075 et
1161 2053 1252 2075 casus
1290 2043 1408 2085 quibus
1444 2049 1532 2075 extra
1568 2044 1678 2076 mortis
1711 2044 1833 2075 articu-

1098 2096 1162 2128 lum
1203 2106 1339 2128 necessc
1381 2096 1528 2128 ducimus
1569 2095 1721 2128 ricarium
1761 2107 1830 2139 pro·

1098 2149 1267 2182 vim-iidem
1295 2149 1427 2188 institui,
1450 2150 1666 2189 decernimus,
1692 2155 1734 2187 ut,
1762 2161 1833 2192 quo-

1099 2202 1298 2245 tuscumque
1326 2202 1559 2245 proriiicialem
1585 2203 1623 2234 ab
1643 2203 1749 2235 otta-{0
1769 2213 1834 2235 sus-

1097 2255 1194 2298 pendi
1232 2256 1428 2298 contigerit,
1458 2256 1506 2288 ius
1539 2255 1749 2296 instituendi,
1775 2266 1834 2298 pro

1099 2315 1240 2352 tempere
1267 2309 1504 2352 suspensionis,
1530 2309 1684 2342 vicarium
1710 2309 1835 2352 proriu-

1098 2363 1222 2401 cialcui,
1239 2363 1277 2395 ad
1298 2363 1387 2395 illum
1408 2363 1522 2405 ipsum,
1539 2363 1679 2406 quicum
1699 2374 1834 2406 suspeu-

1098 2416 1200 2455 dciii,
1237 2417 1383 2449 attineat.
1418 2416 1449 2449 Si
1483 2423 1590 2449 autem
1628 2416 1833 2458 provincialis

1098 2470 1242 2512 qualibet
1260 2482 1296 2502 cx
1315 2472 1411 2502 causa
1436 2471 1475 2502 sit.
1500 2470 1632 2502 omuino
1659 2470 1832 2512 impeditus

1097 2523 1134 2554 ad
1162 2523 1353 2564 gula-ruitun
1379 2523 1588 2566 provinciae,
1621 2529 1695 2555 tunc
1721 2534 1833 2556 neccs-

1097 2577 1180 2608 sat‘io
1207 2577 1322 2608 delicat
1340 2577 1492 2609 ricarium
1509 2577 1741 2620 provincialem
1763 2577 1833 2608 sub-

1136 2640 1143 2665 l
1168 2638 1234 2663 Edu
1259 2639 1337 2664 Nlaiu.
1355 2639 1417 2673 legit
1434 2639 1458 2663 >si
1481 2647 1529 2673 pro
1545 2639 1572 2664 ei
1588 2645 1624 2672 tn.
1641 2645 1689 2671 T.).

1836 243 1885 269 An.
1907 244 1935 269 C.
1958 244 2020 270 wli
