2254 3225
225 217 270 241 r'sn.
289 216 315 242 C.
339 216 404 244 1695

229 2290 387 2311 contrariorum

203 2316 322 2342 derogatio.

450 209 513 242 7⁹20

411 266 569 309 reptionis
594 267 645 302 vel
675 266 878 312 obreptionis
903 274 957 302 aut
988 270 1147 304 nullitatis

411 318 502 359 vitio,
529 329 585 352 seu
609 319 799 354 intentionis
825 327 963 362 nostrae,
988 328 1042 354 aut
1065 323 1148 356 inte-

411 382 500 405 resse
525 373 716 407 habentium
738 376 929 416 consensu&
948 375 1051 408 aliove
1073 386 1148 419 qno-

412 424 491 458 libet
516 426 612 459 etiam
638 427 845 470 quantumvis
870 438 988 470 magno
1014 433 1046 461 et
1070 428 1146 460 sub-

411 478 563 519 stantiali,
579 489 615 512 ac
640 480 816 522 incogitato
835 485 867 512 et
891 480 1146 522 inexcogitabili,

411 529 677 574 individuamque
699 532 941 575 expressionem
958 532 1146 575 requirente

411 583 539 616 defectu
565 584 679 624 notari,
706 584 902 627 impugnari,
928 584 1073 627 infringi,
1100 584 1147 616 in-

410 636 558 676 validari,
583 638 761 676 retractari,
797 638 836 670 ad
872 637 1031 670 terminos
1068 636 1167 669 iuris=

409 689 530 729 reduci,
551 700 607 722 seu
625 689 657 721 in
675 690 933 723 controversiam
952 690 1070 730 vocari,
1092 694 1147 722 aut

409 741 561 775 adversus
597 743 669 775 illas
696 743 886 785 aperitionis
918 743 992 782 oris,
1017 743 1147 775 restitu-

409 795 507 827 tionis
527 795 559 827 in
579 795 750 838 integrum,
773 796 899 829 aliudve
917 797 1145 840 quodcumque

407 845 486 879 iuris
511 848 560 881 vel
586 848 658 881 sacti
685 850 733 882 vel
756 849 879 891 gratiae
897 849 1077 882 remedium
1102 850 1167 884 inm

409 901 526 933 tentari
553 902 603 935 vel
636 901 825 945 impetrari,
852 912 908 935 seu
945 902 1142 945 impetrato,

407 959 463 987 aut
487 954 583 987 etiam
615 960 715 994 motu,
741 955 876 987 scientia
911 960 943 987 et
974 955 1143 998 potestatis

406 1007 612 1050 plenitudine
638 1007 770 1050 paribus
804 1018 961 1041 concesso
986 1009 1033 1040 vcl
1059 1019 1144 1041 ema-

405 1066 495 1101 nato,
524 1060 708 1104 quempiam
745 1061 777 1093 in
815 1061 934 1094 iudicio
970 1061 1019 1094 vel
1056 1066 1144 1094 extra

406 1113 485 1146 illud
505 1114 548 1146 uti
575 1123 631 1146 seu
657 1124 692 1146 se
714 1114 822 1146 iuvare
843 1124 961 1157 posse,
984 1114 1039 1146 sed
1058 1114 1144 1157 ipsas

404 1172 594 1211 praesentes
607 1168 733 1201 litteras
748 1178 878 1210 semper
890 1167 1008 1207 sirmas,
1023 1168 1144 1201 validas

405 1226 437 1253 et
469 1220 615 1253 efficaces
643 1221 783 1253 existere
817 1226 848 1253 ct
880 1221 960 1260 sore,
1000 1231 1143 1264 suosque

404 1273 570 1316 plenarios
597 1278 629 1306 et
654 1273 802 1316 integros
823 1272 955 1306 effectus
980 1274 1090 1307 sortiri
1111 1280 1143 1307 et

405 1327 568 1367 obtinere,
587 1337 622 1359 ac
644 1327 682 1359 ab
708 1326 858 1359 omnibus
877 1331 908 1359 et
932 1326 1080 1369 singulis,
1101 1328 1142 1360 ad

404 1390 484 1422 quos
510 1384 636 1422 spectat
671 1385 701 1412 et
735 1390 795 1423 pro
820 1384 969 1423 tempore
995 1381 1142 1424 quando-

402 1442 538 1474 cumque
568 1432 738 1475 spectabit,
773 1431 1008 1466 inviolabiliter
1038 1438 1069 1466 et
1093 1433 1141 1466 in-

403 1495 558 1518 concusse
594 1485 777 1525 observari,
805 1484 916 1528 sicque
942 1490 974 1518 et
996 1496 1061 1518 non
1087 1487 1141 1519 ali-

401 1543 450 1570 ter
480 1537 513 1570 in
546 1538 734 1581 praemissis
758 1548 816 1581 per
843 1549 1066 1582 quoscumque
1092 1539 1139 1571 iu-

402 1591 491 1624 dices
530 1590 714 1624 ordinarios
746 1596 778 1624 et
814 1592 1002 1634 delegatos,
1042 1591 1138 1625 etiam

400 1654 571 1677 causarum
606 1644 716 1687 palatii
752 1645 924 1687 apostolici
960 1644 1135 1686 auditores,

401 1707 437 1730 ac
463 1697 610 1730 eiusdem
636 1697 667 1730 S.
695 1697 731 1729 R.
758 1697 793 1729 E.
821 1697 1012 1737 cardinales,
1041 1698 1137 1731 etiam

400 1750 440 1784 de
465 1751 568 1784 latere
595 1751 735 1792 legatos,
763 1755 794 1783 et
818 1750 1023 1793 Apostolicae
1047 1750 1137 1784 Sedis

399 1803 566 1847 praefatae
586 1803 725 1843 nuntios,
743 1803 865 1836 aliosve
883 1803 1046 1846 quoslibet
1064 1815 1138 1847 qua-

400 1867 540 1900 cumque
565 1856 822 1899 praeeminentia
839 1861 870 1889 et
890 1861 1049 1899 potestate
1072 1858 1137 1889 sun-

399 1915 513 1953 gentes
539 1915 572 1942 et
595 1910 774 1950 functuros,
798 1910 925 1942 sublata
956 1910 1002 1942 eis
1028 1913 1057 1943 et
1082 1921 1137 1943 eo-

397 1973 470 1995 rum
495 1963 628 1995 cuilibet
663 1962 773 2005 quavis
799 1962 892 1995 aliter
916 1962 1078 1994 iudicandi
1106 1968 1137 1995 et

397 2014 634 2058 interpretandi
670 2015 821 2048 facultate
858 2019 889 2047 et
924 2015 1134 2055 auctoritate,

397 2067 535 2102 iudicari
561 2073 592 2100 et
616 2067 745 2100 definiri
771 2067 893 2100 debere
909 2093 917 2109 ,
944 2078 981 2100 ac
1004 2067 1135 2100 irritum

397 2127 430 2154 et
453 2121 560 2161 inane,
579 2120 605 2153 si
621 2131 718 2153 secus
737 2131 837 2164 super
853 2120 903 2153 his
922 2131 939 2153 a
957 2130 1133 2164 quoquam,

397 2174 508 2216 quavis
533 2173 737 2214 auctoritate,
757 2173 899 2206 scienter
915 2174 965 2206 vel
982 2173 1136 2216 ignoran-

396 2231 464 2267 ter,
486 2226 661 2269 contigerit
684 2226 850 2260 attentari.

442 2280 457 2322 ᾖ
481 2278 512 2312 9.
539 2279 608 2311 Non
630 2279 836 2312 obstantibus
860 2279 1058 2322 praemissis
1083 2290 1131 2321 ac,

398 2338 558 2376 quatenus
582 2343 663 2375 opus
689 2333 740 2372 sit,
767 2334 894 2366 nostra¹
922 2339 952 2366 et
976 2333 1135 2367 Cancella‘

397 2387 465 2419 riae
491 2385 700 2429 Apostolicae
733 2388 847 2428 regula
879 2387 917 2420 de
942 2387 1011 2420 iure
1037 2397 1135 2430 quae-

397 2439 460 2472 sito
485 2449 551 2472 non
577 2439 735 2479 tollendo,
763 2439 899 2482 aliisque
932 2440 1132 2482 apostolicis,

397 2502 433 2525 ac
467 2492 500 2525 in
535 2491 776 2524 universalibus
815 2492 1133 2536 provincialibusque

435 2607 444 2634 1
468 2605 537 2633 Edit.
554 2605 633 2633 Main.
650 2605 713 2641 legit
729 2607 846 2633 nostrae
867 2606 904 2640 (n.
925 2606 972 2639 τ,).

997 222 1173 246 Burmanni
1201 222 1264 245 ROM
1275 224 1352 245 tNt'M

1190 276 1222 303 et
1245 269 1454 314 synodalibus
1478 268 1621 302 conciliis
1636 269 1739 307 editis,
1762 268 1923 311 generali-

1167 320 1249 359 ]'bus
1276 324 1324 356 vel
1349 322 1554 366 specialibus,
1581 322 1866 355 constitutionibus
1892 325 1924 354 et

1167 375 1460 417 {ordinationibus
1494 385 1622 408 necnon
1655 375 1866 408 ecclesiarum
1892 379 1924 406 et

1166 427 1168 430 '
1188 427 1461 460 monasteriorum
1472 427 1669 470 quorumvis,
1684 433 1714 460 et
1728 427 1854 459 illorum
1871 426 1924 459 Or-

1188 480 1322 520 dinum,
1353 481 1465 514 aliisve
1501 480 1690 524 quibusvis,
1717 480 1813 513 etiam
1837 480 1924 512 iura-

1188 538 1311 573 mento,
1352 533 1596 566 confirmatione
1635 533 1828 576 apostolica,
1869 538 1924 565 aut

1188 585 1298 627 quavis
1322 584 1471 618 firmitate
1496 585 1558 618 alia
1582 585 1754 625 roboratis,
1795 584 1923 617 statutis

1188 642 1220 670 et
1249 638 1554 678 consuetudinibus,
1580 638 1758 681 privilegiis
1783 648 1920 681 quoque,

1187 690 1322 723 indultis
1358 696 1389 724 ct
1423 691 1539 724 litteris
1564 691 1751 734 apostolicis
1767 717 1774 731 ,
1799 690 1921 724 eisdem

1188 743 1346 784 ecclesiis,
1373 743 1576 776 monasteriis
1597 748 1629 777 et
1645 743 1832 785 Ordinibus,
1853 743 1923 776 illo-

1188 805 1327 838 rumque
1363 795 1579 838 praesulibus,
1610 795 1768 839 capitulis,
1802 795 1924 828 abbati-

1187 847 1259 888 bus,
1285 848 1426 891 aliisque
1461 848 1685 892 superioribus
1718 854 1750 882 et
1773 848 1922 892 personis

1165 889 1399 943 iquibuslibet,
1424 901 1482 933 sub
1518 901 1775 945 quibuscumque
1807 901 1922 934 verbo-

1186 963 1256 985 rum
1282 954 1451 987 tenoribus
1476 959 1508 987 et
1531 955 1654 996 formis,
1688 965 1723 987 ac
1753 966 1825 988 cum
1851 954 1922 998 qui-

1186 1006 1293 1039 busvis
1319 1007 1413 1039 etiam
1444 1007 1725 1050 dcrogatoriarum
1751 1009 1922 1050 derogato-

1187 1059 1252 1100 riis,
1271 1060 1407 1103 aliisque
1422 1060 1669 1101 efficacioribus,
1688 1060 1921 1094 efficacissimis

1186 1117 1218 1145 et
1241 1112 1380 1146 insolitis
1404 1114 1573 1154 clausulis,
1598 1114 1866 1157 irritantibusque
1891 1119 1922 1146 et

1186 1165 1256 1198 aliis
1284 1166 1437 1207 decretis,
1467 1167 1564 1200 etiam
1590 1172 1678 1200 motu
1695 1194 1702 1208 ‚
1729 1167 1865 1200 scientia
1890 1172 1922 1200 et

1185 1219 1352 1262 potestatis
1389 1219 1593 1262 plenitudine
1618 1220 1762 1263 paribus,
1786 1230 1822 1253 ac
1846 1230 1922 1253 con-

1185 1272 1408 1313 sistorialiter,
1435 1277 1467 1305 et
1502 1273 1580 1306 alias
1613 1274 1863 1317 quomodolibet
1887 1273 1920 1306 in

1184 1325 1384 1358 contrarium
1408 1326 1661 1368 praemissorum
1686 1326 1861 1366 concessis,
1884 1336 1920 1359 ac

1185 1378 1455 1422 quantiscumque
1480 1379 1600 1412 vicibus
1631 1378 1838 1419 confirmatis,
1864 1389 1921 1422 ap-

1183 1431 1327 1474 probatis
1352 1437 1384 1463 ct
1407 1432 1583 1472 innovatis,
1619 1432 1736 1475 quibus
1768 1432 1919 1465 omnibus

1183 1490 1215 1516 et
1248 1483 1393 1526 singulis,
1421 1484 1546 1516 etiamsi
1583 1495 1644 1527 pro
1669 1485 1797 1518 illorum
1832 1485 1918 1517 suffi-

1182 1536 1278 1568 cienti
1312 1536 1524 1578 derogatione
1565 1537 1603 1570 de
1635 1537 1699 1569 illis
1736 1547 1917 1580 eorumque

1182 1589 1256 1622 totis
1282 1589 1451 1621 tenoribus
1476 1589 1638 1631 specialis,
1672 1589 1831 1632 specifica,
1865 1600 1918 1622 ex-

1181 1653 1294 1685 pressa
1319 1648 1351 1675 et
1372 1641 1547 1683 individua,
1564 1653 1601 1675 ac
1619 1643 1657 1674 de
1676 1642 1775 1674 verbo
1794 1643 1832 1674 ad
1850 1652 1918 1674 ver-

1180 1697 1267 1735 bum,
1293 1705 1358 1727 non
1384 1700 1491 1727 autem
1515 1705 1575 1737 per
1599 1695 1760 1728 clausulas
1785 1705 1917 1737 genera-

1181 1749 1226 1781 les
1252 1748 1339 1780 idem
1364 1748 1587 1791 importante&
1605 1748 1729 1781 mentio
1745 1758 1801 1781 seu
1820 1758 1918 1791 quae-

1181 1801 1226 1834 vis
1252 1801 1314 1833 alia
1339 1801 1507 1843 expressio
1541 1801 1700 1842 habenda,
1727 1806 1781 1834 aut
1806 1801 1917 1844 aliqua

1180 1854 1243 1887 alia
1268 1854 1427 1896 exquisita
1460 1854 1563 1886 forma
1594 1855 1633 1886 ad
1666 1855 1728 1887 hoc
1761 1854 1917 1886 servanda

1179 1908 1271 1949 soret,
1290 1912 1421 1940 tenores
1440 1907 1633 1947 huiusmodi,
1656 1917 1692 1940 ac
1709 1907 1735 1940 si
1755 1908 1793 1940 de
1816 1907 1915 1940 verbo

1179 1961 1218 1993 ad
1255 1961 1388 1993 verbum
1407 1987 1414 2000 ‚
1440 1960 1522 1992 nihil
1559 1960 1690 2003 penitus
1716 1959 1857 1999 omisso,
1884 1965 1916 1993 et

1178 2014 1283 2047 forma
1308 2013 1341 2045 in
1367 2012 1431 2045 illis
1458 2012 1577 2045 tradita
1601 2013 1781 2052 observata,
1809 2013 1916 2056 expri-

1177 2071 1341 2099 merentur
1365 2070 1397 2098 ct
1420 2065 1656 2106 insererentur,
1686 2065 1914 2108 praesentibus

1179 2129 1238 2163 pro
1255 2120 1351 2162 plene
1370 2123 1401 2150 et
1418 2117 1616 2150 sufficienter
1641 2118 1801 2160 expressis
1819 2123 1850 2151 et
1868 2118 1916 2150 in-

1178 2173 1271 2206 sertis
1296 2172 1462 2212 habentes,
1481 2171 1544 2204 illis
1565 2171 1643 2204 alias
1666 2171 1699 2203 in
1718 2181 1775 2203 suo
1797 2171 1914 2204 robore

1177 2224 1407 2269 permansuris,
1425 2225 1462 2257 ad
1481 2224 1734 2268 praemissorum
1753 2223 1912 2264 effectum,

1178 2279 1239 2312 liae
1251 2277 1320 2311 vice
1336 2277 1507 2318 dumtaxat,
1518 2276 1703 2319 specialiter
1718 2281 1748 2309 et
1761 2286 1912 2319 expresse

1177 2332 1378 2373 derogamus,
1402 2340 1437 2363 ac
1457 2328 1642 2373 plenissime
1665 2334 1696 2362 et
1712 2329 1912 2372 amplissime

1177 2385 1369 2426 derogatum
1380 2394 1450 2416 esse
1461 2384 1607 2416 volumus
1617 2394 1625 2423 ;
1636 2382 1821 2426 ceterisque
1835 2392 1913 2415 con-

1177 2437 1283 2470 trariis
1309 2437 1586 2480 quibuscumque3
1613 2440 1668 2468 aut
1700 2436 1726 2468 si
1755 2435 1911 2478 praefatis

1175 2492 1226 2523 vel
1251 2490 1323 2523 aliis
1349 2489 1551 2532 quibuslibet
1569 2488 1786 2522 communiter
1803 2489 1851 2522 vel
1870 2488 1912 2521 di-

1177 2543 1267 2576 visim
1286 2543 1325 2576 ab
1344 2543 1457 2575 eadem
1476 2542 1517 2574 sit
1540 2541 1622 2574 Sede
1640 2541 1801 2574 indultum
1822 2542 1911 2584 quod

1176 2596 1351 2637 interdici,
1378 2595 1531 2639 suspendi
1559 2595 1606 2628 vel
1637 2595 1909 2628 excommunicari

1932 221 1978 246 Αη.
1995 220 2022 245 C.
2047 221 2116 247 {895
