2254 3225
254 226 301 252 an.
319 224 346 251 C.
370 224 432 251 1691
482 215 546 249 362

1027 222 1204 247 Bt'LLAF-turtt
1230 221 1356 243 mixtim-<L
1363 221 1381 242 ‚⁴21

444 283 523 314 ram,
544 271 730 305 rationabili
755 272 997 316 computatione
1023 272 1178 309 deducat,
1224 268 1314 300 initio
1349 278 1452 310 mque
1477 268 1515 300 ad
1545 266 1642 301 finem
1674 267 1704 301 in
1741 273 1957 304 conventuum

445 325 710 368 taxationemque
734 325 797 357 iain
822 325 936 357 saetam
958 323 1111 366 magistro
1132 332 1180 354 re-

445 378 569 419 mittat,
595 378 703 411 eiusve
727 388 901 421 personam
937 375 1124 419 gerentibus
1150 375 1181 406 in

446 431 583 465 remotis
608 430 796 475 provincias,
815 430 932 474 quibus
957 428 1181 465 annuentibus,

447 489 600 527 taxasque
625 483 807 527 praedictas
843 481 1119 526 approbantibus,
1153 485 1184 512 et

448 546 513 570 non
538 536 641 577 aliter,
666 537 704 570 ad
731 546 842 570 earum
865 534 1067 568 exactionem
1093 534 1185 566 deve-

449 590 538 631 niat,
565 590 624 623 sub
649 592 755 633 poena
787 587 974 632 privationis
998 587 1084 619 vocis
1113 596 1186 629 pas-

451 644 555 683 sivae,
586 643 723 686 aliisque
750 642 788 674 ad
814 640 984 674 arbitrium
1010 638 1185 672 definitorii

451 696 583 741 capituli
609 695 813 739 imponendis
843 694 874 726 in
904 693 1050 736 proxime
1081 693 1186 724 futuro

452 750 607 794 capitulo.
642 748 721 783 Cum
756 753 862 780 autem
899 758 957 790 per
992 745 1188 779 monasteria

453 802 627 843 transierit,
647 807 757 835 caveat
774 811 813 834 ne
832 801 886 834 illa
909 799 1082 843 superfluis
1106 809 1188 830 sum-

452 855 561 898 ptibus
579 860 700 897 gravet,
713 853 768 886 sed
786 853 950 886 moderata
968 851 1187 895 hospitalitate

454 908 495 941 sit
512 913 683 941 contentus
700 908 832 950 ubique,
847 917 887 940 ne
903 906 956 950 qui
973 906 1087 941 domos
1102 905 1189 938 adiu-

455 972 529 995 vare
555 966 689 1001 tenetur,
708 970 884 1003 earumque
905 959 1048 993 subsidio
1073 968 1190 991 consu-

454 1016 532 1054 lere,
548 1015 619 1047 illas
644 1014 749 1047 diruat
773 1013 958 1056 impendiis.

498 1077 554 1100 xu.
568 1067 602 1099 ln
621 1065 772 1109 expensis
786 1065 916 1108 capituli
931 1064 1137 1108 provincialis
1148 1065 1191 1097 ita

455 1120 496 1152 sit
515 1120 701 1152 moderatus
719 1124 751 1151 et
768 1118 907 1158 sobrius,
925 1123 960 1150 ut
979 1117 1114 1159 gloriam
1136 1117 1189 1151 lati

456 1172 562 1205 cordis
586 1171 691 1214 pretio
717 1171 886 1204 domorum
922 1180 1099 1213 pauperum
1126 1180 1190 1202 non
1212 1178 1213 1186 ¹

457 1229 552 1257 emat.
580 1224 625 1257 Sit
650 1234 728 1267 ergo
753 1223 948 1256 ministratio
975 1223 1089 1262 vietus,
1115 1221 1191 1265 qua¹

455 1278 639 1319 regularem
664 1277 853 1310 modestiam
880 1277 1015 1316 (leeeatg
1046 1276 1133 1318 quod
1161 1280 1194 1307 ut

457 1330 491 1362 in
516 1336 682 1373 posterum
700 1332 788 1362 certa
803 1331 875 1372 lege
894 1330 1091 1369 observetur,
1110 1338 1194 1361 00111-

458 1383 610 1416 munibus
636 1383 782 1416 obsoniis
808 1383 869 1415 alia
895 1388 1018 1415 tantum
1045 1382 1109 1415 duo
1130 1393 1195 1414 mo-

460 1437 571 1468 derata
586 1440 614 1469 et
630 1436 785 1479 qualitate
803 1436 919 1468 similia
933 1435 1105 1478 superaddi
1121 1446 1194 1477 per-

459 1488 623 1529 mittimus,
641 1490 698 1522 sub
717 1490 829 1522 eadem
848 1491 952 1532 poena
969 1489 1145 1532 praedicta,
1164 1495 1195 1521 et

461 1542 548 1586 quod
573 1542 709 1585 insuper
740 1552 800 1586 pro
836 1543 887 1574 liis
913 1542 1099 1575 excessibus
1131 1552 1191 1574 ne-

461 1601 558 1639 queat
596 1601 802 1638 augmentum
838 1606 970 1629 mensae
1009 1595 1194 1639 capitularis

461 1648 604 1691 exigere.

504 1712 573 1735 xm.
600 1700 840 1746 Quamprimum
865 1703 988 1736 electus
1009 1702 1102 1735 suerit
1121 1710 1196 1745 pro-

460 1755 618 1795 vincialis,
645 1756 678 1787 in
703 1766 904 1798 munereque
930 1761 1109 1799 susceptus,
1136 1756 1195 1788 sibi

463 1809 561 1841 debet
585 1809 794 1841 secretarium
821 1809 983 1850 deligere,
1012 1819 1106 1851 quem
1132 1819 1195 1841 nou

462 1861 602 1904 patimur
616 1861 655 1894 ab
669 1862 733 1894 alio
751 1861 924 1901 nominari3
940 1861 986 1894 illi
1006 1867 1107 1894 tamen
1124 1872 1198 1895 con-

463 1915 607 1954 sulimus,
626 1920 660 1947 ut
678 1915 716 1948 ad
742 1916 806 1948 tale
825 1925 939 1947 munus
965 1915 1095 1947 fratrem
1115 1926 1198 1948 50111-

463 1978 521 2010 per
537 1968 691 2007 instituat,
711 1968 765 2010 qui
784 1968 825 2000 sit
842 1968 873 2000 in
892 1968 1196 2007 consummaturus,

464 2020 496 2052 in
522 2027 648 2053 secreto
671 2020 797 2060 fidelis,
829 2021 860 2053 in
891 2021 1101 2064 0111510111111111
1128 2028 1196 2054 arte

465 2073 614 2112 disertus,
636 2079 665 2106 et
691 2074 723 2105 in
746 2074 817 2106 zelo
843 2074 1003 2115 regularis
1029 2074 1198 2106 observan-

465 2126 528 2159 tiae
562 2126 619 2158 sibi
654 2127 787 2158 omnino
824 2126 1019 2165 conformis,
1050 2126 1140 2170 isque
1166 2127 1198 2160 in

465 2178 614 2211 manibus
639 2178 865 2220 provincialis,
892 2178 1077 2221 priusquam
1108 2190 1198 2211 suum

467 2235 644 2273 exequatur
679 2230 914 2270 ministerium,
939 2237 1083 2273 praestet
1108 2232 1196 2264 iura-

466 2289 610 2316 mentum
630 2283 741 2315 eadem
757 2283 868 2322 forma,
884 2293 946 2326 qua
963 2294 1058 2327 supra
1073 2295 1141 2328 cap.
1156 2295 1199 2318 ΧΠ

466 2336 562 2369 liuius
588 2335 805 2368 distinctionis
830 2336 1051 2370 stabilivimus.

510 2399 574 2422 Xiv.
593 2388 764 2422 Secretarii
783 2389 913 2421 interest
935 2389 1052 2422 librum
1070 2390 1200 2432 provin-

468 2443 537 2476 ciae
563 2451 689 2484 regere,
706 2447 738 2474 et
753 2441 785 2473 in
807 2451 845 2474 eo
863 2441 1056 2481 delinitorio,
1075 2453 1200 2475 eorum-

468 2506 531 2540 que
555 2495 730 2528 electiones
758 2500 787 2526 et
812 2499 880 2526 acta
905 2499 1026 2533 notare,
1044 2495 1200 2527 visitatio-

1225 321 1324 353 libros
1351 321 1527 362 diiigenter
1552 321 1801 364 autlienticeque
1827 322 1957 361 referre,

1225 373 1303 406 alias
1331 384 1405 406 vcro
1424 373 1648 406 visitatoribus
1669 375 1858 407 commissas
1884 376 1961 407 eura

1968 220 2059 248 Λ11,(3.
2085 220 2146 247 tfflt

1226 426 1373 469 pervigili
1400 427 1585 466 custodire,
1620 429 1771 470 querulos
1797 428 1959 460 interdurn
1998 423 2003 428 ¹

1227 479 1265 511 dc
1285 479 1476 521 provmciali
1502 480 1615 513 fratres
1633 481 1729 513 debet
1753 481 1784 513 in
1805 481 1960 524 tranquil-

1227 532 1348 565 litatem
1371 537 1400 565 et
1429 534 1550 567 bonum
1570 534 1608 566 de
1633 533 1689 567 itto
1715 545 1842 567 sensum
1869 535 1960 567 indu-

1227 596 1320 625 cere,
1349 585 1428 618 itaut
1453 586 1535 619 inter
1566 597 1675 619 eorum
1701 592 1732 619 et
1755 588 1962 630 provincialis

1228 644 1334 681 partes
1373 647 1503 681 semper
1539 639 1713 672 discretum
1748 641 1961 675 mediatorem

1229 690 1391 724 exhibeat.
1415 692 1445 724 Si
1471 693 1646 734 graduatus
1666 703 1727 725 non
1750 694 1854 734 suerit,
1880 694 1963 728 infra

1229 751 1458 788 procuratores
1483 748 1650 788 generales
1684 757 1793 779 rocem
1819 747 1850 780 in
1877 749 1964 791 capi-

1231 798 1305 830 tulis
1340 799 1496 831 babentes
1525 799 1648 842 primus
1680 800 1799 843 ubique
1825 801 1961 841 sedeat,

1231 851 1306 884 dum
1326 857 1396 883 actu
1423 862 1539 884 munus
1564 852 1691 885 obierit.
1710 852 1776 890 Ouo
1795 854 1870 888 item
1891 860 1966 887 tein-

1231 915 1309 947 pore
1329 911 1359 937 et
1383 904 1466 937 intra
1484 906 1680 948 provinciam
1706 907 1897 940 constitutus
1916 919 1965 941 so-

1231 958 1293 991 lius
1317 957 1523 1000 provincialis
1549 958 1751 992 obedientiae
1777 960 1964 1000 subiaceat,

1233 1021 1339 1053 neque
1354 1010 1385 1042 in
1405 1012 1699 1044 commendatorem
1715 1012 1830 1044 assumi
1849 1014 1964 1045 valeat.

1276 1074 1324 1096 xx.
1353 1064 1563 1097 Prorineialis
1589 1066 1716 1098 [autleni
1733 1092 1740 1105 ,
1768 1065 1800 1097 in
1826 1065 1889 1098 sine
1920 1067 1966 1098 sui

1234 1117 1397 1156 muneris,
1424 1117 1587 1156 omnium,
1619 1128 1700 1160 quae
1726 1118 1758 1150 in
1785 1124 1851 1151 toto
1883 1119 1968 1152 illius

1234 1170 1371 1202 dcent-su
1398 1170 1571 1212 receperit,
1589 1176 1650 1203 tam
1676 1180 1735 1213 pro
1762 1171 1827 1203 suis
1852 1179 1969 1214 exp'cn-

1234 1222 1276 1254 sis
1302 1234 1394 1265 quam
1421 1223 1492 1256 aliis
1513 1224 1705 1267 quibusque,
1730 1225 1842 1267 quovis
1867 1226 1970 1266 titulo,

1235 1276 1360 1307 ratione
1379 1277 1427 1309 rel
1445 1279 1540 1308 causa
1558 1277 1596 1309 ad
1622 1287 1713 1309 suum
1741 1276 1881 1310 osticium
1903 1288 1971 1321 per-

1237 1328 1424 1368 tinentibus,
1444 1329 1604 1362 rationem
1622 1330 1735 1364 reddat
1762 1331 1794 1363 in
1821 1331 1970 1366 delinito-

1236 1381 1282 1413 rio
1309 1381 1453 1424 capituli.

1278 1445 1342 1467 xvi.
1366 1434 1454 1467 Circa
1471 1435 1690 1469 immunitates
1709 1447 1820 1470 eorum
1836 1437 1886 1481 qui
1909 1438 1972 1470 fue-

1235 1485 1297 1517 rint
1322 1487 1548 1529 provinciales,
1573 1489 1771 1527 ordinamus,
1789 1496 1820 1521 ut
1847 1490 1970 1522 socium

1236 1539 1378 1571 habeant
1410 1541 1508 1572 nullis
1533 1547 1709 1574 eonrentus
1735 1542 1887 1574 oneribus
1916 1542 1972 1574 iin-

1236 1592 1402 1634 peditum,
1435 1592 1487 1635 qui
1514 1592 1545 1624 in
1572 1594 1721 1626 omnibus
1747 1604 1800 1627 eos
1825 1595 1972 1634 adiuret,

1237 1651 1333 1688 prout
1358 1656 1487 1678 necesse
1509 1647 1702 1687 liabucrint3
1722 1658 1835 1681 omnes
1862 1647 1970 1680 missa¹

1237 1709 1297 1741 pro
1324 1701 1381 1730 sua
1410 1699 1592 1732 intentione
1618 1700 1785 1734 celebrare
1815 1706 1971 1743 possunt3

1238 1751 1416 1784 eommunis
1435 1751 1622 1784 resectionis
1648 1754 1809 1795 quantitas
1831 1760 1861 1786 01,
1883 1764 1974 1786 men-

1238 1814 1311 1836 sura
1329 1804 1369 1835 sit
1392 1804 1456 1836 illis
1477 1805 1597 1847 ubique
1624 1805 1730 1848 dupla,
1747 1807 1822 1838 etin
1841 1807 1973 1849 reliquis

1238 1857 1466 1899 magistrorum
1507 1858 1761 1891 1111111111111111111115
1800 1859 1975 1901 perfruan-

1240 1916 1302 1944 tur.
1330 1910 1386 1948 Qui
1418 1921 1494 1943 vero
1531 1912 1752 1954 exemptiones
1788 1912 1973 1944 huiusmodi

1239 1974 1304 1996 11011
1322 1964 1437 1996 barum
1463 1964 1491 1996 vi
1517 1964 1796 2003 constitutionum,
1816 1965 1870 1997 sed
1892 1976 1907 1996 a
1926 1976 1975 1997 su-

1239 2018 1430 2060 perioribus,
1454 2017 1503 2049 vel
1524 2017 1622 2048 tribus
1642 2017 1735 2049 etiam
1755 2018 1903 2060 capitulis
1923 2028 1973 2059 ge-

1239 2072 1404 2104 neralibus
1430 2070 1570 2102 111111111115
1595 2070 1781 2109 obtineant,
1809 2070 1872 2103 illis
1897 2081 1974 2111 gau-

1241 2126 1346 2163 deant,
1376 2129 1509 2166 excepto
1538 2124 1632 2162 loco,
1661 2123 1852 2165 paternitate
1886 2134 1974 2156 rere-

1240 2178 1340 2210 rendii
1365 2182 1393 2209 01
1419 2178 1567 2208 mensura
1593 2176 1722 2218 duplice
1747 2175 1864 2216 rietus,
1893 2187 1973 2219 quae

1241 2231 1360 2263 nemini
1397 2231 1461 2262 ulla
1498 2240 1640 2272 unquam
1676 2229 1801 2262 ratIone
1838 2230 1972 2264 concedi

1240 2295 1336 2328 posse
1356 2283 1573 2315 det-crninnis.

1285 2347 1306 2370 1.
1334 2337 1409 2370 Cum
1429 2335 1629 2378 saepissime,
1652 2335 1827 2378 multisque
1848 2336 1886 2368 de
1905 2346 1974 2368 cau-

2010 2338 2079 2362 cii-cr
2096 2341 2140 2363 XX.

2030 2373 2040 2388 e
2050 2370 2167 2390 successio-

1242 2390 1283 2422 515
1310 2389 1460 2421 ritjaiium
1492 2388 1722 2430 prorinsialein
1749 2394 1898 2430 oporteat
1926 2389 2045 2421 iri-uein
2062 2396 2166 2417 vicariurn

1985 2422 2133 2446 provincialem
2146 2425 2166 2442 et

1241 2442 1339 2481 stitui,
1366 2451 1483 2484 operae
1506 2441 1646 2484 pretium
1673 2447 1719 2473 est
1744 2451 1854 2473 eunies
1880 2450 2087 2475 casusvotestato
2104 2449 2166 2471 itt-us.

1242 2494 1426 2528 huiusmodi
1445 2493 1658 2526 successionis
1673 2504 1834 2536 exponere
1849 2496 1975 2527 01111111-

467 2560 525 2583 nes
543 2548 664 2592 pariter
690 2547 728 2579 ab
746 2547 818 2591 ipso
840 2547 1030 2590 provinciali
1048 2548 1198 2581 saetas-ab
1242 2559 1335 2586 nare,
1362 2553 1393 2579 et
1417 2558 1510 2590 quain
1542 2546 1660 2588 ubique
1697 2552 1888 2589 potestatem
1915 2548 1972 2580 lia-

503 2612 513 2639 1
539 2609 627 2637 Potius
648 2609 705 2644 teg-⁴³
723 2617 795 2644 quae
813 2609 850 2642 (tt.
867 2609 915 2643 T.).

1278 2612 1286 2634 1
1313 2609 1410 2634 Forsan
1433 2609 1531 2635 missas
1551 2611 1587 2635 (11.
1609 2607 1657 2635 ll.
