<?xml version="1.0" encoding="UTF-8"?>
<!DOCTYPE html PUBLIC "-//W3C//DTD XHTML 1.0 Transitional//EN"
    "http://www.w3.org/TR/xhtml1/DTD/xhtml1-transitional.dtd">
<html xmlns="http://www.w3.org/1999/xhtml" xml:lang="en" lang="en">
 <head>
  <title>
</title>
<meta http-equiv="Content-Type" content="text/html;charset=utf-8" />
  <meta name='ocr-system' content='tesseract 3.04.00' />
  <meta name='ocr-capabilities' content='ocr_page ocr_carea ocr_par ocr_line ocrx_word'/>
</head>
<body>
  <div class='ocr_page' id='page_1' title='image "./bullarumdiplomat20cath_0560.png"; bbox 0 0 2254 3225; ppageno 0'>
   <div class='ocr_carea' id='block_1_1' title="bbox 233 240 524 274">
    <p class='ocr_par' dir='ltr' id='par_1_1' title="bbox 233 240 524 274">
     <span class='ocr_line' id='line_1_1' title="bbox 233 240 524 274; baseline 0 -1"><span class='ocrx_word' id='word_1_1' title='bbox 233 249 279 274; x_wconf 66' lang='lat' dir='ltr'>An.</span> <span class='ocrx_word' id='word_1_2' title='bbox 301 248 317 273; x_wconf 80' lang='lat' dir='ltr'>c</span> <span class='ocrx_word' id='word_1_3' title='bbox 352 248 415 274; x_wconf 68' lang='lat' dir='ltr'>icae</span> <span class='ocrx_word' id='word_1_4' title='bbox 460 240 524 273; x_wconf 63' lang='lat'>[10⁶2</span> 
     </span>
    </p>
   </div>
   <div class='ocr_carea' id='block_1_2' title="bbox 230 1686 412 1740">
    <p class='ocr_par' dir='ltr' id='par_1_2' title="bbox 230 1686 412 1740">
     <span class='ocr_line' id='line_1_2' title="bbox 256 1686 412 1707; baseline -0.006 0"><span class='ocrx_word' id='word_1_5' title='bbox 256 1686 412 1707; x_wconf 67' lang='lat' dir='ltr'>Contrariorum</span> 
     </span>
     <span class='ocr_line' id='line_1_3' title="bbox 230 1713 347 1740; baseline 0 -5"><span class='ocrx_word' id='word_1_6' title='bbox 230 1713 347 1740; x_wconf 72' lang='lat' dir='ltr'>derogatio.</span> 
     </span>
    </p>
   </div>
   <div class='ocr_carea' id='block_1_3' title="bbox 230 1845 416 1899">
    <p class='ocr_par' dir='ltr' id='par_1_3' title="bbox 230 1845 416 1899">
     <span class='ocr_line' id='line_1_4' title="bbox 284 1845 416 1866; baseline 0.008 -1"><span class='ocrx_word' id='word_1_7' title='bbox 284 1845 346 1866; x_wconf 76' lang='lat' dir='ltr'>Fides</span> <span class='ocrx_word' id='word_1_8' title='bbox 361 1847 416 1866; x_wconf 83' lang='lat' dir='ltr'>tran·</span> 
     </span>
     <span class='ocr_line' id='line_1_5' title="bbox 230 1875 367 1899; baseline -0.007 -5"><span class='ocrx_word' id='word_1_9' title='bbox 230 1875 367 1899; x_wconf 80' lang='lat' dir='ltr'>sumptorum.</span> 
     </span>
    </p>
   </div>
   <div class='ocr_carea' id='block_1_4' title="bbox 422 355 1162 715">
    <p class='ocr_par' dir='ltr' id='par_1_4' title="bbox 422 355 1162 715">
     <span class='ocr_line' id='line_1_6' title="bbox 424 355 1161 398; baseline 0.005 -14"><span class='ocrx_word' id='word_1_10' title='bbox 424 358 624 386; x_wconf 79' lang='lat' dir='ltr'>crumentum</span> <span class='ocrx_word' id='word_1_11' title='bbox 650 355 856 397; x_wconf 74' lang='lat' dir='ltr'>sumpserint,</span> <span class='ocrx_word' id='word_1_12' title='bbox 876 366 911 388; x_wconf 91' lang='lat' dir='ltr'>ac</span> <span class='ocrx_word' id='word_1_13' title='bbox 929 366 988 398; x_wconf 84' lang='lat' dir='ltr'>pro</span> <span class='ocrx_word' id='word_1_14' title='bbox 1013 356 1161 388; x_wconf 83' lang='lat' dir='ltr'>christia-</span> 
     </span>
     <span class='ocr_line' id='line_1_7' title="bbox 423 406 1160 450; baseline 0.007 -14"><span class='ocrx_word' id='word_1_15' title='bbox 423 414 538 438; x_wconf 82' lang='lat' dir='ltr'>rorum</span> <span class='ocrx_word' id='word_1_16' title='bbox 563 406 746 450; x_wconf 83' lang='lat' dir='ltr'>principum</span> <span class='ocrx_word' id='word_1_17' title='bbox 775 409 962 447; x_wconf 78' lang='lat' dir='ltr'>concordia,</span> <span class='ocrx_word' id='word_1_18' title='bbox 988 408 1160 441; x_wconf 76' lang='lat' dir='ltr'>haeresum</span> 
     </span>
     <span class='ocr_line' id='line_1_8' title="bbox 423 458 1160 502; baseline 0.005 -13"><span class='ocrx_word' id='word_1_19' title='bbox 423 458 651 502; x_wconf 76' lang='lat' dir='ltr'>extirpatione‚</span> <span class='ocrx_word' id='word_1_20' title='bbox 672 471 709 493; x_wconf 85' lang='lat' dir='ltr'>ac</span> <span class='ocrx_word' id='word_1_21' title='bbox 727 466 854 494; x_wconf 87' lang='lat' dir='ltr'>sanctae</span> <span class='ocrx_word' id='word_1_22' title='bbox 871 460 979 494; x_wconf 89' lang='lat' dir='ltr'>matris</span> <span class='ocrx_word' id='word_1_23' title='bbox 999 460 1160 494; x_wconf 79' lang='lat' dir='ltr'>Ecclesiae</span> 
     </span>
     <span class='ocr_line' id='line_1_9' title="bbox 423 511 1161 557; baseline 0 -13"><span class='ocrx_word' id='word_1_24' title='bbox 423 511 617 545; x_wconf 69' lang='lat' dir='ltr'>exaltatione</span> <span class='ocrx_word' id='word_1_25' title='bbox 638 513 708 556; x_wconf 87' lang='lat' dir='ltr'>pias</span> <span class='ocrx_word' id='word_1_26' title='bbox 733 514 773 546; x_wconf 91' lang='lat' dir='ltr'>ad</span> <span class='ocrx_word' id='word_1_27' title='bbox 797 512 897 546; x_wconf 89' lang='lat' dir='ltr'>Deum</span> <span class='ocrx_word' id='word_1_28' title='bbox 933 524 1047 557; x_wconf 82' lang='lat' dir='ltr'>preces</span> <span class='ocrx_word' id='word_1_29' title='bbox 1085 512 1161 546; x_wconf 77' lang='lat' dir='ltr'>effu-</span> 
     </span>
     <span class='ocr_line' id='line_1_10' title="bbox 423 564 1160 609; baseline 0.004 -13"><span class='ocrx_word' id='word_1_30' title='bbox 423 564 543 605; x_wconf 82' lang='lat' dir='ltr'>derint,</span> <span class='ocrx_word' id='word_1_31' title='bbox 569 565 748 608; x_wconf 79' lang='lat' dir='ltr'>plenariam</span> <span class='ocrx_word' id='word_1_32' title='bbox 766 567 867 599; x_wconf 87' lang='lat' dir='ltr'>semel</span> <span class='ocrx_word' id='word_1_33' title='bbox 886 566 1033 609; x_wconf 87' lang='lat' dir='ltr'>quolibet</span> <span class='ocrx_word' id='word_1_34' title='bbox 1048 576 1160 599; x_wconf 89' lang='lat' dir='ltr'>mense</span> 
     </span>
     <span class='ocr_line' id='line_1_11' title="bbox 422 617 1162 662; baseline 0.004 -13"><span class='ocrx_word' id='word_1_35' title='bbox 422 617 566 649; x_wconf 90' lang='lat' dir='ltr'>omnium</span> <span class='ocrx_word' id='word_1_36' title='bbox 592 623 799 660; x_wconf 85' lang='lat' dir='ltr'>peccatorum</span> <span class='ocrx_word' id='word_1_37' title='bbox 834 629 964 652; x_wconf 89' lang='lat' dir='ltr'>suorum</span> <span class='ocrx_word' id='word_1_38' title='bbox 988 618 1162 662; x_wconf 84' lang='lat' dir='ltr'>indulgen-</span> 
     </span>
     <span class='ocr_line' id='line_1_12' title="bbox 422 669 1161 715; baseline 0.005 -14"><span class='ocrx_word' id='word_1_39' title='bbox 422 669 499 702; x_wconf 85' lang='lat' dir='ltr'>tiam</span> <span class='ocrx_word' id='word_1_40' title='bbox 526 674 557 702; x_wconf 88' lang='lat' dir='ltr'>et</span> <span class='ocrx_word' id='word_1_41' title='bbox 581 670 818 711; x_wconf 82' lang='lat' dir='ltr'>remissionem,</span> <span class='ocrx_word' id='word_1_42' title='bbox 836 681 933 714; x_wconf 85' lang='lat' dir='ltr'>quam</span> <span class='ocrx_word' id='word_1_43' title='bbox 949 682 1010 715; x_wconf 90' lang='lat' dir='ltr'>per</span> <span class='ocrx_word' id='word_1_44' title='bbox 1030 673 1161 705; x_wconf 87' lang='lat' dir='ltr'>modum</span> 
     </span>
    </p>
   </div>
   <div class='ocr_carea' id='block_1_5' title="bbox 423 252 1356 335">
    <p class='ocr_par' dir='ltr' id='par_1_5' title="bbox 423 252 1356 335">
     <span class='ocr_line' id='line_1_13' title="bbox 812 252 1356 289; baseline 0.004 -12"><span class='ocrx_word' id='word_1_45' title='bbox 812 287 817 289; x_wconf 15' lang='grc' dir='ltr'><strong>λ</strong></span> <span class='ocrx_word' id='word_1_46' title='bbox 1000 252 1178 277; x_wconf 58' lang='lat' dir='ltr'>nummum</span> <span class='ocrx_word' id='word_1_47' title='bbox 1203 252 1356 279; x_wconf 68' lang='lat' dir='ltr'>Romanu</span> 
     </span>
     <span class='ocr_line' id='line_1_14' title="bbox 423 292 1184 335; baseline 0.005 -4"><span class='ocrx_word' id='word_1_48' title='bbox 423 299 565 332; x_wconf 73' lang='lat' dir='ltr'>confessi</span> <span class='ocrx_word' id='word_1_49' title='bbox 598 292 837 334; x_wconf 87' lang='lat' dir='ltr'>sanctissimum</span> <span class='ocrx_word' id='word_1_50' title='bbox 867 300 1087 335; x_wconf 67' lang='lat' dir='ltr'>Eucharistiae</span> <span class='ocrx_word' id='word_1_51' title='bbox 1113 300 1184 335; x_wconf 83' lang='lat' dir='ltr'>sa-&#39;</span> 
     </span>
    </p>
   </div>
   <div class='ocr_carea' id='block_1_6' title="bbox 1535 302 1611 336">
    <p class='ocr_par' dir='ltr' id='par_1_6' title="bbox 1535 302 1611 336">
     <span class='ocr_line' id='line_1_15' title="bbox 1535 302 1611 336; baseline 0 0"><span class='ocrx_word' id='word_1_52' title='bbox 1535 302 1611 336; x_wconf 90' lang='lat' dir='ltr'>XLI.</span> 
     </span>
    </p>
   </div>
   <div class='ocr_carea' id='block_1_7' title="bbox 1204 371 1939 416">
    <p class='ocr_par' dir='ltr' id='par_1_7' title="bbox 1204 371 1939 416">
     <span class='ocr_line' id='line_1_16' title="bbox 1204 371 1939 416; baseline 0.001 -11"><span class='ocrx_word' id='word_1_53' title='bbox 1204 372 1423 414; x_wconf 67' lang='lat' dir='ltr'>Consti-matur</span> <span class='ocrx_word' id='word_1_54' title='bbox 1447 371 1605 406; x_wconf 77' lang='lat' dir='ltr'>decretum</span> <span class='ocrx_word' id='word_1_55' title='bbox 1623 373 1761 416; x_wconf 76' lang='lat' dir='ltr'>capituli</span> <span class='ocrx_word' id='word_1_56' title='bbox 1776 372 1939 416; x_wconf 73' lang='lat' dir='ltr'>qeneralis</span> 
     </span>
    </p>
   </div>
   <div class='ocr_carea' id='block_1_8' title="bbox 1247 424 1961 469">
    <p class='ocr_par' dir='ltr' id='par_1_8' title="bbox 1247 424 1961 469">
     <span class='ocr_line' id='line_1_17' title="bbox 1247 424 1961 469; baseline 0.004 -12"><span class='ocrx_word' id='word_1_57' title='bbox 1247 424 1381 460; x_wconf 78' lang='lat' dir='ltr'>Ordinis</span> <span class='ocrx_word' id='word_1_58' title='bbox 1402 425 1650 459; x_wconf 64' lang='lat' dir='ltr'>Carmelilarn&#39;m</span> <span class='ocrx_word' id='word_1_59' title='bbox 1668 437 1726 469; x_wconf 82' lang='lat' dir='ltr'>pro</span> <span class='ocrx_word' id='word_1_60' title='bbox 1743 427 1940 460; x_wconf 72' lang='lat' dir='ltr'>alternativci</span> <span class='ocrx_word' id='word_1_61' title='bbox 1958 426 1961 429; x_wconf 71' lang='grc'><strong>”</strong></span> 
     </span>
    </p>
   </div>
   <div class='ocr_carea' id='block_1_9' title="bbox 1246 478 1703 521">
    <p class='ocr_par' dir='ltr' id='par_1_9' title="bbox 1246 478 1703 521">
     <span class='ocr_line' id='line_1_18' title="bbox 1246 478 1703 521; baseline 0.002 -11"><span class='ocrx_word' id='word_1_62' title='bbox 1246 478 1282 510; x_wconf 79' lang='lat' dir='ltr'>in</span> <span class='ocrx_word' id='word_1_63' title='bbox 1305 479 1476 521; x_wconf 75' lang='lat' dir='ltr'>provincid</span> <span class='ocrx_word' id='word_1_64' title='bbox 1502 478 1660 512; x_wconf 80' lang='lat' dir='ltr'>Castellae</span> <span class='ocrx_word' id='word_1_65' title='bbox 1683 478 1703 511; x_wconf 90' lang='lat'>¹.</span> 
     </span>
    </p>
   </div>
   <div class='ocr_carea' id='block_1_10' title="bbox 1344 557 1798 641">
    <p class='ocr_par' dir='ltr' id='par_1_10' title="bbox 1344 557 1798 641">
     <span class='ocr_line' id='line_1_19' title="bbox 1378 557 1762 593; baseline 0.005 -9"><span class='ocrx_word' id='word_1_66' title='bbox 1378 557 1578 585; x_wconf 75' lang='lat' dir='ltr'>Innocentius</span> <span class='ocrx_word' id='word_1_67' title='bbox 1599 557 1678 592; x_wconf 83' lang='lat' dir='ltr'>Papa</span> <span class='ocrx_word' id='word_1_68' title='bbox 1698 558 1762 593; x_wconf 84' lang='lat' dir='ltr'>xu,</span> 
     </span>
     <span class='ocr_line' id='line_1_20' title="bbox 1344 602 1798 641; baseline 0.004 -12"><span class='ocrx_word' id='word_1_69' title='bbox 1344 603 1381 630; x_wconf 82' lang='lat' dir='ltr'>ad</span> <span class='ocrx_word' id='word_1_70' title='bbox 1399 602 1531 629; x_wconf 81' lang='lat' dir='ltr'>futuram</span> <span class='ocrx_word' id='word_1_71' title='bbox 1550 603 1595 630; x_wconf 88' lang='lat' dir='ltr'>rei</span> <span class='ocrx_word' id='word_1_72' title='bbox 1615 604 1798 641; x_wconf 76' lang='lat' dir='ltr'>memoriam.</span> 
     </span>
    </p>
   </div>
   <div class='ocr_carea' id='block_1_11' title="bbox 1246 672 1939 717">
    <p class='ocr_par' dir='ltr' id='par_1_11' title="bbox 1246 672 1939 717">
     <span class='ocr_line' id='line_1_21' title="bbox 1246 672 1939 717; baseline 0.004 -13"><span class='ocrx_word' id='word_1_73' title='bbox 1246 672 1261 716; x_wconf 99' lang='lat'>5</span> <span class='ocrx_word' id='word_1_74' title='bbox 1282 672 1312 705; x_wconf 78' lang='grc'>1.</span> <span class='ocrx_word' id='word_1_75' title='bbox 1334 672 1457 716; x_wconf 79' lang='lat' dir='ltr'>Exponi</span> <span class='ocrx_word' id='word_1_76' title='bbox 1476 673 1570 706; x_wconf 89' lang='lat' dir='ltr'>nobis</span> <span class='ocrx_word' id='word_1_77' title='bbox 1588 684 1694 717; x_wconf 88' lang='lat' dir='ltr'>nuper</span> <span class='ocrx_word' id='word_1_78' title='bbox 1711 673 1785 707; x_wconf 80' lang='lat' dir='ltr'>fecit</span> <span class='ocrx_word' id='word_1_79' title='bbox 1802 673 1939 707; x_wconf 91' lang='lat' dir='ltr'>dilectus</span> 
     </span>
    </p>
   </div>
   <div class='ocr_carea' id='block_1_12' title="bbox 1940 254 2130 281">
    <p class='ocr_par' dir='ltr' id='par_1_12' title="bbox 1940 254 2130 281">
     <span class='ocr_line' id='line_1_22' title="bbox 1940 254 2130 281; baseline 0 0"><span class='ocrx_word' id='word_1_80' title='bbox 1940 254 1993 281; x_wconf 82' lang='lat' dir='ltr'>An.</span> <span class='ocrx_word' id='word_1_81' title='bbox 2013 254 2043 281; x_wconf 91' lang='lat' dir='ltr'>C.</span> <span class='ocrx_word' id='word_1_82' title='bbox 2063 254 2130 281; x_wconf 70' lang='lat'>1693</span> 
     </span>
    </p>
   </div>
   <div class='ocr_carea' id='block_1_13' title="bbox 1976 684 2126 712">
    <p class='ocr_par' dir='ltr' id='par_1_13' title="bbox 1976 684 2126 712">
     <span class='ocr_line' id='line_1_23' title="bbox 1976 684 2126 712; baseline 0 -6"><span class='ocrx_word' id='word_1_83' title='bbox 1976 684 2064 712; x_wconf 62' lang='lat' dir='ltr'>Spectas</span> <span class='ocrx_word' id='word_1_84' title='bbox 2074 685 2126 706; x_wconf 75' lang='lat' dir='ltr'>sacti</span> 
     </span>
    </p>
   </div>
   <div class='ocr_carea' id='block_1_14' title="bbox 420 721 1964 830">
    <p class='ocr_par' dir='ltr' id='par_1_14' title="bbox 420 721 1964 830">
     <span class='ocr_line' id='line_1_24' title="bbox 422 721 1964 769; baseline 0.004 -15"><span class='ocrx_word' id='word_1_85' title='bbox 422 721 564 765; x_wconf 72' lang='lat' dir='ltr'>suffragii</span> <span class='ocrx_word' id='word_1_86' title='bbox 590 722 757 756; x_wconf 75' lang='lat' dir='ltr'>animabus</span> <span class='ocrx_word' id='word_1_87' title='bbox 782 724 1054 765; x_wconf 82' lang='lat' dir='ltr'>christifidelium,</span> <span class='ocrx_word' id='word_1_88' title='bbox 1079 735 1161 768; x_wconf 85' lang='lat' dir='ltr'>quae</span> <span class='ocrx_word' id='word_1_89' title='bbox 1203 723 1287 758; x_wconf 86' lang='lat' dir='ltr'>silius</span> <span class='ocrx_word' id='word_1_90' title='bbox 1315 731 1510 769; x_wconf 85' lang='lat' dir='ltr'>procurator</span> <span class='ocrx_word' id='word_1_91' title='bbox 1539 726 1700 769; x_wconf 86' lang='lat' dir='ltr'>generalis</span> <span class='ocrx_word' id='word_1_92' title='bbox 1723 726 1853 760; x_wconf 88' lang='lat' dir='ltr'>Ordinis</span> <span class='ocrx_word' id='word_1_93' title='bbox 1883 727 1964 760; x_wconf 40' lang='lat' dir='ltr'>fra-⁷</span> 
     </span>
     <span class='ocr_line' id='line_1_25' title="bbox 420 774 1941 830; baseline 0.004 -23"><span class='ocrx_word' id='word_1_94' title='bbox 420 774 487 808; x_wconf 89' lang='lat' dir='ltr'>Deo</span> <span class='ocrx_word' id='word_1_95' title='bbox 508 776 540 808; x_wconf 91' lang='lat' dir='ltr'>in</span> <span class='ocrx_word' id='word_1_96' title='bbox 566 776 724 810; x_wconf 87' lang='lat' dir='ltr'>charitate</span> <span class='ocrx_word' id='word_1_97' title='bbox 745 778 936 811; x_wconf 86' lang='lat' dir='ltr'>coniunctae</span> <span class='ocrx_word' id='word_1_98' title='bbox 953 779 993 811; x_wconf 86' lang='lat' dir='ltr'>ab</span> <span class='ocrx_word' id='word_1_99' title='bbox 1010 779 1072 812; x_wconf 86' lang='lat' dir='ltr'>bac</span> <span class='ocrx_word' id='word_1_100' title='bbox 1089 779 1160 811; x_wconf 88' lang='lat' dir='ltr'>luce</span> <span class='ocrx_word' id='word_1_101' title='bbox 1181 792 1184 830; x_wconf 50' lang='lat'><strong>5</strong></span> <span class='ocrx_word' id='word_1_102' title='bbox 1204 782 1289 810; x_wconf 91' lang='lat' dir='ltr'>trum</span> <span class='ocrx_word' id='word_1_103' title='bbox 1318 778 1432 811; x_wconf 86' lang='lat' dir='ltr'>beatae</span> <span class='ocrx_word' id='word_1_104' title='bbox 1458 778 1573 812; x_wconf 84' lang='lat' dir='ltr'>Mariae</span> <span class='ocrx_word' id='word_1_105' title='bbox 1600 779 1737 821; x_wconf 83' lang='lat' dir='ltr'>Virginis</span> <span class='ocrx_word' id='word_1_106' title='bbox 1762 780 1801 812; x_wconf 87' lang='lat' dir='ltr'>de</span> <span class='ocrx_word' id='word_1_107' title='bbox 1832 779 1941 813; x_wconf 80' lang='lat' dir='ltr'>Monte</span> 
     </span>
    </p>
   </div>
   <div class='ocr_carea' id='block_1_15' title="bbox 419 827 1169 2613">
    <p class='ocr_par' dir='ltr' id='par_1_15' title="bbox 419 827 1163 1656">
     <span class='ocr_line' id='line_1_26' title="bbox 419 827 1162 875; baseline 0.005 -14"><span class='ocrx_word' id='word_1_108' title='bbox 419 827 641 870; x_wconf 77' lang='lat' dir='ltr'>migraverint,</span> <span class='ocrx_word' id='word_1_109' title='bbox 667 830 832 873; x_wconf 87' lang='lat' dir='ltr'>applicare</span> <span class='ocrx_word' id='word_1_110' title='bbox 862 831 999 873; x_wconf 82' lang='lat' dir='ltr'>possint,</span> <span class='ocrx_word' id='word_1_111' title='bbox 1032 837 1162 875; x_wconf 88' lang='lat' dir='ltr'>aposto-</span> 
     </span>
     <span class='ocr_line' id='line_1_27' title="bbox 419 880 1162 927; baseline 0.007 -14"><span class='ocrx_word' id='word_1_112' title='bbox 419 880 483 913; x_wconf 77' lang='lat' dir='ltr'>lica</span> <span class='ocrx_word' id='word_1_113' title='bbox 498 882 704 919; x_wconf 88' lang='lat' dir='ltr'>auctoritate,</span> <span class='ocrx_word' id='word_1_114' title='bbox 721 888 836 917; x_wconf 89' lang='lat' dir='ltr'>tenore</span> <span class='ocrx_word' id='word_1_115' title='bbox 855 885 1087 927; x_wconf 85' lang='lat' dir='ltr'>praesentium,</span> <span class='ocrx_word' id='word_1_116' title='bbox 1104 885 1162 917; x_wconf 93' lang='lat' dir='ltr'>mi-</span> 
     </span>
     <span class='ocr_line' id='line_1_28' title="bbox 421 933 1162 971; baseline 0.007 -6"><span class='ocrx_word' id='word_1_117' title='bbox 421 933 633 968; x_wconf 87' lang='lat' dir='ltr'>sericorditer</span> <span class='ocrx_word' id='word_1_118' title='bbox 653 935 687 967; x_wconf 92' lang='lat' dir='ltr'>in</span> <span class='ocrx_word' id='word_1_119' title='bbox 711 935 848 969; x_wconf 89' lang='lat' dir='ltr'>Domino</span> <span class='ocrx_word' id='word_1_120' title='bbox 866 938 1090 971; x_wconf 83' lang='lat' dir='ltr'>concedimus.</span> <span class='ocrx_word' id='word_1_121' title='bbox 1110 937 1162 970; x_wconf 90' lang='lat' dir='ltr'>In-</span> 
     </span>
     <span class='ocr_line' id='line_1_29' title="bbox 421 988 1161 1031; baseline 0.003 -12"><span class='ocrx_word' id='word_1_122' title='bbox 421 996 520 1030; x_wconf 86' lang='lat' dir='ltr'>super</span> <span class='ocrx_word' id='word_1_123' title='bbox 537 988 623 1031; x_wconf 87' lang='lat' dir='ltr'>quod</span> <span class='ocrx_word' id='word_1_124' title='bbox 640 988 754 1021; x_wconf 80' lang='lat' dir='ltr'>fratres</span> <span class='ocrx_word' id='word_1_125' title='bbox 772 994 803 1022; x_wconf 89' lang='lat' dir='ltr'>et</span> <span class='ocrx_word' id='word_1_126' title='bbox 816 989 974 1023; x_wconf 83' lang='lat' dir='ltr'>moniales</span> <span class='ocrx_word' id='word_1_127' title='bbox 994 1001 1030 1023; x_wconf 83' lang='lat' dir='ltr'>ac</span> <span class='ocrx_word' id='word_1_128' title='bbox 1049 990 1161 1023; x_wconf 87' lang='lat' dir='ltr'>utrius-</span> 
     </span>
     <span class='ocr_line' id='line_1_30' title="bbox 421 1043 1160 1085; baseline 0.005 -13"><span class='ocrx_word' id='word_1_129' title='bbox 421 1051 482 1083; x_wconf 85' lang='lat' dir='ltr'>que</span> <span class='ocrx_word' id='word_1_130' title='bbox 507 1051 602 1074; x_wconf 75' lang='lat' dir='ltr'>sexus</span> <span class='ocrx_word' id='word_1_131' title='bbox 626 1052 789 1085; x_wconf 74' lang='lat' dir='ltr'>personae</span> <span class='ocrx_word' id='word_1_132' title='bbox 814 1043 1001 1076; x_wconf 87' lang='lat' dir='ltr'>huiusmodi</span> <span class='ocrx_word' id='word_1_133' title='bbox 1021 1043 1160 1077; x_wconf 81' lang='lat' dir='ltr'>orationi</span> 
     </span>
     <span class='ocr_line' id='line_1_31' title="bbox 419 1094 1162 1140; baseline 0.007 -15"><span class='ocrx_word' id='word_1_134' title='bbox 419 1094 563 1134; x_wconf 83' lang='lat' dir='ltr'>mentali,</span> <span class='ocrx_word' id='word_1_135' title='bbox 589 1094 654 1127; x_wconf 79' lang='lat' dir='ltr'>sive</span> <span class='ocrx_word' id='word_1_136' title='bbox 681 1095 735 1137; x_wconf 90' lang='lat' dir='ltr'>(ut</span> <span class='ocrx_word' id='word_1_137' title='bbox 765 1095 906 1140; x_wconf 86' lang='lat' dir='ltr'>dicitur)</span> <span class='ocrx_word' id='word_1_138' title='bbox 946 1096 1023 1129; x_wconf 73' lang='lat' dir='ltr'>Viae</span> <span class='ocrx_word' id='word_1_139' title='bbox 1052 1097 1162 1131; x_wconf 73' lang='lat' dir='ltr'>Crucis</span> 
     </span>
     <span class='ocr_line' id='line_1_32' title="bbox 420 1146 1162 1191; baseline 0.007 -13"><span class='ocrx_word' id='word_1_140' title='bbox 420 1146 582 1185; x_wconf 69' lang='lat' dir='ltr'>exercitio,</span> <span class='ocrx_word' id='word_1_141' title='bbox 610 1147 648 1180; x_wconf 91' lang='lat' dir='ltr'>ad</span> <span class='ocrx_word' id='word_1_142' title='bbox 674 1158 769 1190; x_wconf 88' lang='lat' dir='ltr'>quam</span> <span class='ocrx_word' id='word_1_143' title='bbox 788 1158 842 1180; x_wconf 90' lang='lat' dir='ltr'>seu</span> <span class='ocrx_word' id='word_1_144' title='bbox 862 1149 947 1191; x_wconf 87' lang='lat' dir='ltr'>quod</span> <span class='ocrx_word' id='word_1_145' title='bbox 964 1149 1089 1182; x_wconf 88' lang='lat' dir='ltr'>ratione</span> <span class='ocrx_word' id='word_1_146' title='bbox 1108 1160 1162 1183; x_wconf 89' lang='lat' dir='ltr'>eo-</span> 
     </span>
     <span class='ocr_line' id='line_1_33' title="bbox 420 1201 1163 1245; baseline 0.007 -14"><span class='ocrx_word' id='word_1_147' title='bbox 420 1209 490 1231; x_wconf 89' lang='lat' dir='ltr'>rum</span> <span class='ocrx_word' id='word_1_148' title='bbox 515 1201 648 1242; x_wconf 82' lang='lat' dir='ltr'>regulae</span> <span class='ocrx_word' id='word_1_149' title='bbox 674 1205 706 1233; x_wconf 91' lang='lat' dir='ltr'>et</span> <span class='ocrx_word' id='word_1_150' title='bbox 730 1201 998 1235; x_wconf 82' lang='lat' dir='ltr'>constitutionum</span> <span class='ocrx_word' id='word_1_151' title='bbox 1017 1203 1163 1245; x_wconf 88' lang='lat' dir='ltr'>quolibet</span> 
     </span>
     <span class='ocr_line' id='line_1_34' title="bbox 422 1252 1161 1298; baseline 0.007 -14"><span class='ocrx_word' id='word_1_152' title='bbox 422 1252 473 1285; x_wconf 88' lang='lat' dir='ltr'>die</span> <span class='ocrx_word' id='word_1_153' title='bbox 499 1257 660 1293; x_wconf 87' lang='lat' dir='ltr'>tenentur,</span> <span class='ocrx_word' id='word_1_154' title='bbox 685 1264 817 1296; x_wconf 78' lang='lat' dir='ltr'>operam</span> <span class='ocrx_word' id='word_1_155' title='bbox 839 1255 961 1295; x_wconf 81' lang='lat' dir='ltr'>dantes,</span> <span class='ocrx_word' id='word_1_156' title='bbox 980 1255 1161 1298; x_wconf 86' lang='lat' dir='ltr'>praedictas</span> 
     </span>
     <span class='ocr_line' id='line_1_35' title="bbox 420 1306 1162 1352; baseline 0.004 -14"><span class='ocrx_word' id='word_1_157' title='bbox 420 1315 534 1339; x_wconf 87' lang='lat' dir='ltr'>omnes</span> <span class='ocrx_word' id='word_1_158' title='bbox 561 1311 591 1339; x_wconf 88' lang='lat' dir='ltr'>et</span> <span class='ocrx_word' id='word_1_159' title='bbox 614 1306 757 1350; x_wconf 84' lang='lat' dir='ltr'>singulas</span> <span class='ocrx_word' id='word_1_160' title='bbox 784 1308 1013 1350; x_wconf 83' lang='lat' dir='ltr'>indulgentias,</span> <span class='ocrx_word' id='word_1_161' title='bbox 1033 1313 1064 1341; x_wconf 88' lang='lat' dir='ltr'>et</span> <span class='ocrx_word' id='word_1_162' title='bbox 1088 1319 1162 1352; x_wconf 88' lang='lat' dir='ltr'>pec-</span> 
     </span>
     <span class='ocr_line' id='line_1_36' title="bbox 421 1359 1161 1403; baseline 0.005 -13"><span class='ocrx_word' id='word_1_163' title='bbox 421 1363 566 1390; x_wconf 86' lang='lat' dir='ltr'>catorum</span> <span class='ocrx_word' id='word_1_164' title='bbox 592 1359 799 1392; x_wconf 80' lang='lat' dir='ltr'>remissiones</span> <span class='ocrx_word' id='word_1_165' title='bbox 825 1365 856 1392; x_wconf 89' lang='lat' dir='ltr'>et</span> <span class='ocrx_word' id='word_1_166' title='bbox 883 1361 1161 1403; x_wconf 87' lang='lat' dir='ltr'>poenitentiarum</span> 
     </span>
     <span class='ocr_line' id='line_1_37' title="bbox 421 1411 1161 1455; baseline 0.005 -12"><span class='ocrx_word' id='word_1_167' title='bbox 421 1411 640 1444; x_wconf 80' lang='lat' dir='ltr'>relaxationes</span> <span class='ocrx_word' id='word_1_168' title='bbox 678 1412 1006 1455; x_wconf 82' lang='lat' dir='ltr'>proportionabiliter</span> <span class='ocrx_word' id='word_1_169' title='bbox 1043 1413 1161 1447; x_wconf 84' lang='lat' dir='ltr'>lucrari</span> 
     </span>
     <span class='ocr_line' id='line_1_38' title="bbox 422 1465 1162 1508; baseline 0.005 -12"><span class='ocrx_word' id='word_1_170' title='bbox 422 1469 454 1497; x_wconf 87' lang='lat' dir='ltr'>et</span> <span class='ocrx_word' id='word_1_171' title='bbox 478 1465 632 1508; x_wconf 82' lang='lat' dir='ltr'>consequi</span> <span class='ocrx_word' id='word_1_172' title='bbox 654 1465 780 1508; x_wconf 80' lang='lat' dir='ltr'>possint</span> <span class='ocrx_word' id='word_1_173' title='bbox 805 1471 836 1498; x_wconf 90' lang='lat' dir='ltr'>et</span> <span class='ocrx_word' id='word_1_174' title='bbox 860 1467 998 1506; x_wconf 84' lang='lat' dir='ltr'>valeant,</span> <span class='ocrx_word' id='word_1_175' title='bbox 1025 1467 1162 1500; x_wconf 87' lang='lat' dir='ltr'>auctori-</span> 
     </span>
     <span class='ocr_line' id='line_1_39' title="bbox 423 1518 1159 1562; baseline 0.005 -13"><span class='ocrx_word' id='word_1_176' title='bbox 423 1522 487 1550; x_wconf 87' lang='lat' dir='ltr'>tate</span> <span class='ocrx_word' id='word_1_177' title='bbox 513 1522 544 1550; x_wconf 86' lang='lat' dir='ltr'>ct</span> <span class='ocrx_word' id='word_1_178' title='bbox 581 1522 693 1550; x_wconf 85' lang='lat' dir='ltr'>tenore</span> <span class='ocrx_word' id='word_1_179' title='bbox 729 1518 904 1561; x_wconf 86' lang='lat' dir='ltr'>praedictis</span> <span class='ocrx_word' id='word_1_180' title='bbox 941 1519 1159 1562; x_wconf 78' lang='lat' dir='ltr'>indulgemus.</span> 
     </span>
     <span class='ocr_line' id='line_1_40' title="bbox 423 1570 1159 1617; baseline 0.007 -15"><span class='ocrx_word' id='word_1_181' title='bbox 423 1570 651 1603; x_wconf 84' lang='lat' dir='ltr'>Praesentibus</span> <span class='ocrx_word' id='word_1_182' title='bbox 672 1571 837 1615; x_wconf 88' lang='lat' dir='ltr'>perpetuis</span> <span class='ocrx_word' id='word_1_183' title='bbox 863 1572 976 1605; x_wconf 89' lang='lat' dir='ltr'>suturis</span> <span class='ocrx_word' id='word_1_184' title='bbox 1004 1574 1159 1617; x_wconf 88' lang='lat' dir='ltr'>tempori-</span> 
     </span>
     <span class='ocr_line' id='line_1_41' title="bbox 422 1622 659 1656; baseline 0.004 -1"><span class='ocrx_word' id='word_1_185' title='bbox 422 1622 482 1656; x_wconf 88' lang='lat' dir='ltr'>bus</span> <span class='ocrx_word' id='word_1_186' title='bbox 501 1622 659 1656; x_wconf 87' lang='lat' dir='ltr'>valituris.</span> 
     </span>
    </p>

    <p class='ocr_par' dir='ltr' id='par_1_16' title="bbox 424 1675 1163 1828">
     <span class='ocr_line' id='line_1_42' title="bbox 468 1675 1162 1719; baseline 0.006 -11"><span class='ocrx_word' id='word_1_187' title='bbox 468 1676 482 1719; x_wconf 88' lang='lat'>5</span> <span class='ocrx_word' id='word_1_188' title='bbox 503 1675 535 1709; x_wconf 74' lang='lat'>⁶2.</span> <span class='ocrx_word' id='word_1_189' title='bbox 553 1676 624 1708; x_wconf 92' lang='lat' dir='ltr'>Non</span> <span class='ocrx_word' id='word_1_190' title='bbox 641 1676 847 1710; x_wconf 86' lang='lat' dir='ltr'>obstantibus</span> <span class='ocrx_word' id='word_1_191' title='bbox 873 1678 1162 1712; x_wconf 86' lang='lat' dir='ltr'>constitutionibus</span> 
     </span>
     <span class='ocr_line' id='line_1_43' title="bbox 424 1729 1163 1776; baseline 0.004 -14"><span class='ocrx_word' id='word_1_192' title='bbox 424 1734 457 1762; x_wconf 91' lang='lat' dir='ltr'>et</span> <span class='ocrx_word' id='word_1_193' title='bbox 480 1729 739 1762; x_wconf 85' lang='lat' dir='ltr'>ordinationibus</span> <span class='ocrx_word' id='word_1_194' title='bbox 763 1731 958 1774; x_wconf 58' lang='lat' dir='ltr'>apostolicis</span> <span class='ocrx_word' id='word_1_195' title='bbox 980 1732 1163 1776; x_wconf 84' lang='lat' dir='ltr'>ceterisque</span> 
     </span>
     <span class='ocr_line' id='line_1_44' title="bbox 426 1783 895 1828; baseline 0.002 -12"><span class='ocrx_word' id='word_1_196' title='bbox 426 1783 600 1816; x_wconf 82' lang='lat' dir='ltr'>contrariis</span> <span class='ocrx_word' id='word_1_197' title='bbox 622 1783 895 1828; x_wconf 87' lang='lat' dir='ltr'>quibuscumque.</span> 
     </span>
    </p>

    <p class='ocr_par' dir='ltr' id='par_1_17' title="bbox 424 1835 1168 2400">
     <span class='ocr_line' id='line_1_45' title="bbox 470 1835 1165 1882; baseline 0.006 -14"><span class='ocrx_word' id='word_1_198' title='bbox 470 1836 484 1879; x_wconf 88' lang='lat'>5</span> <span class='ocrx_word' id='word_1_199' title='bbox 509 1835 541 1869; x_wconf 82' lang='lat'>3.</span> <span class='ocrx_word' id='word_1_200' title='bbox 556 1836 707 1869; x_wconf 82' lang='lat' dir='ltr'>Volumus</span> <span class='ocrx_word' id='word_1_201' title='bbox 721 1841 828 1870; x_wconf 89' lang='lat' dir='ltr'>autem</span> <span class='ocrx_word' id='word_1_202' title='bbox 843 1838 930 1881; x_wconf 78' lang='lat' dir='ltr'>quod</span> <span class='ocrx_word' id='word_1_203' title='bbox 944 1840 1165 1882; x_wconf 84' lang='lat' dir='ltr'>praesentium</span> 
     </span>
     <span class='ocr_line' id='line_1_46' title="bbox 426 1889 1162 1936; baseline 0.004 -13"><span class='ocrx_word' id='word_1_204' title='bbox 426 1889 607 1923; x_wconf 86' lang='lat' dir='ltr'>litterarum</span> <span class='ocrx_word' id='word_1_205' title='bbox 646 1891 857 1935; x_wconf 77' lang='lat' dir='ltr'>transumptis</span> <span class='ocrx_word' id='word_1_206' title='bbox 874 1919 881 1931; x_wconf 90' lang='lat'>‚</span> <span class='ocrx_word' id='word_1_207' title='bbox 907 1902 962 1924; x_wconf 88' lang='lat' dir='ltr'>seu</span> <span class='ocrx_word' id='word_1_208' title='bbox 988 1893 1162 1936; x_wconf 81' lang='lat' dir='ltr'>exemplis,</span> 
     </span>
     <span class='ocr_line' id='line_1_47' title="bbox 426 1943 1165 1986; baseline 0.005 -11"><span class='ocrx_word' id='word_1_209' title='bbox 426 1943 520 1976; x_wconf 89' lang='lat' dir='ltr'>etiam</span> <span class='ocrx_word' id='word_1_210' title='bbox 545 1943 722 1986; x_wconf 85' lang='lat' dir='ltr'>impressis,</span> <span class='ocrx_word' id='word_1_211' title='bbox 749 1954 846 1977; x_wconf 86' lang='lat' dir='ltr'>manu</span> <span class='ocrx_word' id='word_1_212' title='bbox 878 1945 1013 1978; x_wconf 88' lang='lat' dir='ltr'>alicuius</span> <span class='ocrx_word' id='word_1_213' title='bbox 1046 1947 1165 1979; x_wconf 86' lang='lat' dir='ltr'>notarii</span> 
     </span>
     <span class='ocr_line' id='line_1_48' title="bbox 424 1996 1167 2040; baseline 0.005 -12"><span class='ocrx_word' id='word_1_214' title='bbox 424 1996 546 2040; x_wconf 86' lang='lat' dir='ltr'>publici</span> <span class='ocrx_word' id='word_1_215' title='bbox 571 1997 622 2029; x_wconf 87' lang='lat' dir='ltr'>vel</span> <span class='ocrx_word' id='word_1_216' title='bbox 648 1997 815 2029; x_wconf 86' lang='lat' dir='ltr'>secretarii</span> <span class='ocrx_word' id='word_1_217' title='bbox 841 1999 1002 2040; x_wconf 83' lang='lat' dir='ltr'>generalis</span> <span class='ocrx_word' id='word_1_218' title='bbox 1019 1998 1093 2032; x_wconf 84' lang='lat' dir='ltr'>dicti</span> <span class='ocrx_word' id='word_1_219' title='bbox 1110 1999 1167 2032; x_wconf 85' lang='lat' dir='ltr'>Or—</span> 
     </span>
     <span class='ocr_line' id='line_1_49' title="bbox 428 2049 1167 2095; baseline 0.005 -14"><span class='ocrx_word' id='word_1_220' title='bbox 428 2049 512 2082; x_wconf 90' lang='lat' dir='ltr'>dinis</span> <span class='ocrx_word' id='word_1_221' title='bbox 537 2049 736 2092; x_wconf 85' lang='lat' dir='ltr'>subscriptis,</span> <span class='ocrx_word' id='word_1_222' title='bbox 764 2055 794 2082; x_wconf 90' lang='lat' dir='ltr'>et</span> <span class='ocrx_word' id='word_1_223' title='bbox 819 2050 927 2094; x_wconf 74' lang='lat' dir='ltr'>sigillo</span> <span class='ocrx_word' id='word_1_224' title='bbox 952 2051 1092 2084; x_wconf 88' lang='lat' dir='ltr'>ministri</span> <span class='ocrx_word' id='word_1_225' title='bbox 1118 2062 1167 2095; x_wconf 81' lang='lat' dir='ltr'>ge-</span> 
     </span>
     <span class='ocr_line' id='line_1_50' title="bbox 428 2103 1166 2138; baseline 0.003 -2"><span class='ocrx_word' id='word_1_226' title='bbox 428 2103 550 2136; x_wconf 86' lang='lat' dir='ltr'>neralis</span> <span class='ocrx_word' id='word_1_227' title='bbox 587 2103 736 2136; x_wconf 88' lang='lat' dir='ltr'>eiusdem</span> <span class='ocrx_word' id='word_1_228' title='bbox 780 2103 909 2137; x_wconf 88' lang='lat' dir='ltr'>Ordinis</span> <span class='ocrx_word' id='word_1_229' title='bbox 945 2106 994 2138; x_wconf 89' lang='lat' dir='ltr'>vel</span> <span class='ocrx_word' id='word_1_230' title='bbox 1034 2106 1166 2138; x_wconf 82' lang='lat' dir='ltr'>alterius</span> 
     </span>
     <span class='ocr_line' id='line_1_51' title="bbox 428 2155 1168 2200; baseline 0.004 -12"><span class='ocrx_word' id='word_1_231' title='bbox 428 2165 589 2199; x_wconf 90' lang='lat' dir='ltr'>personae</span> <span class='ocrx_word' id='word_1_232' title='bbox 615 2155 647 2187; x_wconf 90' lang='lat' dir='ltr'>in</span> <span class='ocrx_word' id='word_1_233' title='bbox 674 2156 893 2189; x_wconf 70' lang='lat' dir='ltr'>ecclesiastica</span> <span class='ocrx_word' id='word_1_234' title='bbox 918 2157 1074 2200; x_wconf 83' lang='lat' dir='ltr'>dignitate</span> <span class='ocrx_word' id='word_1_235' title='bbox 1096 2168 1168 2191; x_wconf 91' lang='lat' dir='ltr'>con-</span> 
     </span>
     <span class='ocr_line' id='line_1_52' title="bbox 430 2208 1167 2253; baseline 0.005 -13"><span class='ocrx_word' id='word_1_236' title='bbox 430 2208 559 2241; x_wconf 87' lang='lat' dir='ltr'>stitutae</span> <span class='ocrx_word' id='word_1_237' title='bbox 588 2209 734 2249; x_wconf 86' lang='lat' dir='ltr'>munitis,</span> <span class='ocrx_word' id='word_1_238' title='bbox 772 2210 886 2242; x_wconf 86' lang='lat' dir='ltr'>eadem</span> <span class='ocrx_word' id='word_1_239' title='bbox 916 2221 1050 2253; x_wconf 87' lang='lat' dir='ltr'>prorsus</span> <span class='ocrx_word' id='word_1_240' title='bbox 1087 2211 1167 2244; x_wconf 88' lang='lat' dir='ltr'>fides</span> 
     </span>
     <span class='ocr_line' id='line_1_53' title="bbox 429 2261 1167 2307; baseline 0.005 -14"><span class='ocrx_word' id='word_1_241' title='bbox 429 2261 552 2304; x_wconf 86' lang='lat' dir='ltr'>ubique</span> <span class='ocrx_word' id='word_1_242' title='bbox 589 2262 735 2295; x_wconf 90' lang='lat' dir='ltr'>locorum</span> <span class='ocrx_word' id='word_1_243' title='bbox 772 2262 940 2302; x_wconf 81' lang='lat' dir='ltr'>habeatur,</span> <span class='ocrx_word' id='word_1_244' title='bbox 974 2273 1057 2306; x_wconf 88' lang='lat' dir='ltr'>quae</span> <span class='ocrx_word' id='word_1_245' title='bbox 1089 2264 1167 2307; x_wconf 89' lang='lat' dir='ltr'>ipsis</span> 
     </span>
     <span class='ocr_line' id='line_1_54' title="bbox 428 2313 1168 2358; baseline 0.004 -12"><span class='ocrx_word' id='word_1_246' title='bbox 428 2313 654 2358; x_wconf 87' lang='lat' dir='ltr'>praesentibus</span> <span class='ocrx_word' id='word_1_247' title='bbox 680 2315 853 2347; x_wconf 86' lang='lat' dir='ltr'>baberetur</span> <span class='ocrx_word' id='word_1_248' title='bbox 882 2316 907 2348; x_wconf 84' lang='lat' dir='ltr'>si</span> <span class='ocrx_word' id='word_1_249' title='bbox 938 2316 1045 2348; x_wconf 77' lang='lat' dir='ltr'>forent</span> <span class='ocrx_word' id='word_1_250' title='bbox 1077 2316 1168 2349; x_wconf 76' lang='lat' dir='ltr'>exhi-</span> 
     </span>
     <span class='ocr_line' id='line_1_55' title="bbox 427 2366 777 2400; baseline 0 0"><span class='ocrx_word' id='word_1_251' title='bbox 427 2366 515 2400; x_wconf 86' lang='lat' dir='ltr'>bitae</span> <span class='ocrx_word' id='word_1_252' title='bbox 541 2368 589 2400; x_wconf 91' lang='lat' dir='ltr'>vel</span> <span class='ocrx_word' id='word_1_253' title='bbox 616 2372 777 2400; x_wconf 90' lang='lat' dir='ltr'>ostensae.</span> 
     </span>
    </p>

    <p class='ocr_par' dir='ltr' id='par_1_18' title="bbox 430 2419 1169 2613">
     <span class='ocr_line' id='line_1_56' title="bbox 473 2419 1168 2464; baseline 0.004 -12"><span class='ocrx_word' id='word_1_254' title='bbox 473 2420 588 2453; x_wconf 88' lang='lat' dir='ltr'>Datum</span> <span class='ocrx_word' id='word_1_255' title='bbox 614 2419 741 2460; x_wconf 85' lang='lat' dir='ltr'>Romae,</span> <span class='ocrx_word' id='word_1_256' title='bbox 760 2421 846 2464; x_wconf 88' lang='lat' dir='ltr'>apud</span> <span class='ocrx_word' id='word_1_257' title='bbox 874 2421 905 2454; x_wconf 89' lang='lat' dir='ltr'>S.</span> <span class='ocrx_word' id='word_1_258' title='bbox 925 2421 1056 2454; x_wconf 88' lang='lat' dir='ltr'>Mariam</span> <span class='ocrx_word' id='word_1_259' title='bbox 1071 2422 1168 2455; x_wconf 87' lang='lat' dir='ltr'>Maio-</span> 
     </span>
     <span class='ocr_line' id='line_1_57' title="bbox 430 2473 1169 2514; baseline 0.003 -8"><span class='ocrx_word' id='word_1_260' title='bbox 430 2483 513 2514; x_wconf 88' lang='lat' dir='ltr'>rem,</span> <span class='ocrx_word' id='word_1_261' title='bbox 552 2473 611 2506; x_wconf 87' lang='lat' dir='ltr'>sub</span> <span class='ocrx_word' id='word_1_262' title='bbox 648 2475 768 2506; x_wconf 87' lang='lat' dir='ltr'>annulo</span> <span class='ocrx_word' id='word_1_263' title='bbox 793 2473 987 2514; x_wconf 73' lang='lat' dir='ltr'>piscatoris,</span> <span class='ocrx_word' id='word_1_264' title='bbox 1015 2475 1066 2508; x_wconf 88' lang='lat' dir='ltr'>die</span> <span class='ocrx_word' id='word_1_265' title='bbox 1097 2485 1169 2508; x_wconf 84' lang='lat' dir='ltr'>xxiv</span> 
     </span>
     <span class='ocr_line' id='line_1_58' title="bbox 432 2526 1168 2570; baseline 0.001 -10"><span class='ocrx_word' id='word_1_266' title='bbox 432 2526 614 2560; x_wconf 88' lang='lat' dir='ltr'>decembris</span> <span class='ocrx_word' id='word_1_267' title='bbox 644 2536 793 2567; x_wconf 80' lang='lat' dir='ltr'>iuncxcu,</span> <span class='ocrx_word' id='word_1_268' title='bbox 824 2526 1030 2570; x_wconf 82' lang='lat' dir='ltr'>pontificatus</span> <span class='ocrx_word' id='word_1_269' title='bbox 1064 2529 1168 2561; x_wconf 90' lang='lat' dir='ltr'>nostri</span> 
     </span>
     <span class='ocr_line' id='line_1_59' title="bbox 430 2589 574 2613; baseline -0.007 0"><span class='ocrx_word' id='word_1_270' title='bbox 430 2589 517 2613; x_wconf 77' lang='lat' dir='ltr'>anno</span> <span class='ocrx_word' id='word_1_271' title='bbox 539 2589 574 2613; x_wconf 92' lang='lat'>11.</span> 
     </span>
    </p>
   </div>
   <div class='ocr_carea' id='block_1_16' title="bbox 467 2640 1167 2677">
    <p class='ocr_par' dir='ltr' id='par_1_19' title="bbox 467 2640 1167 2677">
     <span class='ocr_line' id='line_1_60' title="bbox 467 2640 1167 2677; baseline 0 -8"><span class='ocrx_word' id='word_1_272' title='bbox 467 2641 526 2669; x_wconf 80' lang='lat' dir='ltr'>Dat.</span> <span class='ocrx_word' id='word_1_273' title='bbox 544 2640 588 2669; x_wconf 82' lang='lat' dir='ltr'>die</span> <span class='ocrx_word' id='word_1_274' title='bbox 606 2640 640 2669; x_wconf 74' lang='lat'>24</span> <span class='ocrx_word' id='word_1_275' title='bbox 660 2640 815 2670; x_wconf 76' lang='lat' dir='ltr'>decembris</span> <span class='ocrx_word' id='word_1_276' title='bbox 837 2640 913 2677; x_wconf 79' lang='lat'>1692,</span> <span class='ocrx_word' id='word_1_277' title='bbox 930 2641 1026 2677; x_wconf 77' lang='lat' dir='ltr'>pontit.</span> <span class='ocrx_word' id='word_1_278' title='bbox 1047 2649 1118 2671; x_wconf 81' lang='lat' dir='ltr'>anuo</span> <span class='ocrx_word' id='word_1_279' title='bbox 1139 2649 1167 2671; x_wconf 85' lang='lat'>11.</span> 
     </span>
    </p>
   </div>
   <div class='ocr_carea' id='block_1_17' title="bbox 1203 825 1947 2147">
    <p class='ocr_par' dir='ltr' id='par_1_20' title="bbox 1203 825 1947 2147">
     <span class='ocr_line' id='line_1_61' title="bbox 1203 825 1940 875; baseline 0.003 -12"><span class='ocrx_word' id='word_1_280' title='bbox 1203 830 1361 871; x_wconf 85' lang='lat' dir='ltr'>Carmelo,</span> <span class='ocrx_word' id='word_1_281' title='bbox 1381 831 1469 874; x_wconf 81' lang='lat' dir='ltr'>quod</span> <span class='ocrx_word' id='word_1_282' title='bbox 1484 832 1516 864; x_wconf 89' lang='lat' dir='ltr'>in</span> <span class='ocrx_word' id='word_1_283' title='bbox 1534 831 1674 875; x_wconf 87' lang='lat' dir='ltr'>capitulo</span> <span class='ocrx_word' id='word_1_284' title='bbox 1697 832 1843 874; x_wconf 82' lang='lat' dir='ltr'>generali</span> <span class='ocrx_word' id='word_1_285' title='bbox 1865 825 1940 865; x_wconf 87' lang='lat' dir='ltr'>dicti</span> 
     </span>
     <span class='ocr_line' id='line_1_62' title="bbox 1203 883 1942 928; baseline 0.004 -12"><span class='ocrx_word' id='word_1_286' title='bbox 1203 883 1331 917; x_wconf 88' lang='lat' dir='ltr'>Ordinis</span> <span class='ocrx_word' id='word_1_287' title='bbox 1355 884 1529 917; x_wconf 87' lang='lat' dir='ltr'>novissime</span> <span class='ocrx_word' id='word_1_288' title='bbox 1547 884 1725 926; x_wconf 86' lang='lat' dir='ltr'>celebrato,</span> <span class='ocrx_word' id='word_1_289' title='bbox 1752 886 1791 918; x_wconf 86' lang='lat' dir='ltr'>ad</span> <span class='ocrx_word' id='word_1_290' title='bbox 1815 886 1942 928; x_wconf 80' lang='lat' dir='ltr'>religio-</span> 
     </span>
     <span class='ocr_line' id='line_1_63' title="bbox 1204 937 1942 981; baseline 0.004 -12"><span class='ocrx_word' id='word_1_291' title='bbox 1204 947 1271 970; x_wconf 88' lang='lat' dir='ltr'>sam</span> <span class='ocrx_word' id='word_1_292' title='bbox 1297 947 1420 980; x_wconf 87' lang='lat' dir='ltr'>pacem,</span> <span class='ocrx_word' id='word_1_293' title='bbox 1438 938 1478 970; x_wconf 88' lang='lat' dir='ltr'>ob</span> <span class='ocrx_word' id='word_1_294' title='bbox 1499 937 1604 970; x_wconf 81' lang='lat' dir='ltr'>varias</span> <span class='ocrx_word' id='word_1_295' title='bbox 1622 938 1706 978; x_wconf 88' lang='lat' dir='ltr'>lites,</span> <span class='ocrx_word' id='word_1_296' title='bbox 1724 938 1756 970; x_wconf 91' lang='lat' dir='ltr'>in</span> <span class='ocrx_word' id='word_1_297' title='bbox 1774 938 1942 981; x_wconf 79' lang='lat' dir='ltr'>provincia</span> 
     </span>
     <span class='ocr_line' id='line_1_64' title="bbox 1204 990 1940 1035; baseline 0.003 -12"><span class='ocrx_word' id='word_1_298' title='bbox 1204 990 1362 1023; x_wconf 83' lang='lat' dir='ltr'>Castellae</span> <span class='ocrx_word' id='word_1_299' title='bbox 1388 991 1532 1023; x_wconf 87' lang='lat' dir='ltr'>eiusdem</span> <span class='ocrx_word' id='word_1_300' title='bbox 1556 990 1694 1031; x_wconf 89' lang='lat' dir='ltr'>Ordinis,</span> <span class='ocrx_word' id='word_1_301' title='bbox 1713 991 1833 1035; x_wconf 88' lang='lat' dir='ltr'>quippe</span> <span class='ocrx_word' id='word_1_302' title='bbox 1859 1002 1940 1035; x_wconf 85' lang='lat' dir='ltr'>quae</span> 
     </span>
     <span class='ocr_line' id='line_1_65' title="bbox 1204 1044 1942 1088; baseline 0.003 -12"><span class='ocrx_word' id='word_1_303' title='bbox 1204 1044 1236 1076; x_wconf 91' lang='lat' dir='ltr'>in</span> <span class='ocrx_word' id='word_1_304' title='bbox 1261 1045 1338 1076; x_wconf 88' lang='lat' dir='ltr'>duas</span> <span class='ocrx_word' id='word_1_305' title='bbox 1362 1049 1483 1087; x_wconf 78' lang='lat' dir='ltr'>parteS,</span> <span class='ocrx_word' id='word_1_306' title='bbox 1518 1054 1635 1088; x_wconf 89' lang='lat' dir='ltr'>nempe</span> <span class='ocrx_word' id='word_1_307' title='bbox 1672 1045 1705 1077; x_wconf 90' lang='lat' dir='ltr'>in</span> <span class='ocrx_word' id='word_1_308' title='bbox 1741 1050 1884 1078; x_wconf 88' lang='lat' dir='ltr'>veterem</span> <span class='ocrx_word' id='word_1_309' title='bbox 1909 1050 1942 1078; x_wconf 88' lang='lat' dir='ltr'>et</span> 
     </span>
     <span class='ocr_line' id='line_1_66' title="bbox 1203 1096 1940 1141; baseline 0.001 -12"><span class='ocrx_word' id='word_1_310' title='bbox 1203 1107 1315 1129; x_wconf 76' lang='lat' dir='ltr'>novam</span> <span class='ocrx_word' id='word_1_311' title='bbox 1342 1096 1505 1137; x_wconf 84' lang='lat' dir='ltr'>dividitur,</span> <span class='ocrx_word' id='word_1_312' title='bbox 1543 1101 1680 1136; x_wconf 79' lang='lat' dir='ltr'>exortas,</span> <span class='ocrx_word' id='word_1_313' title='bbox 1706 1097 1794 1130; x_wconf 87' lang='lat' dir='ltr'>haud</span> <span class='ocrx_word' id='word_1_314' title='bbox 1826 1108 1940 1141; x_wconf 89' lang='lat' dir='ltr'>parum</span> 
     </span>
     <span class='ocr_line' id='line_1_67' title="bbox 1204 1148 1942 1191; baseline 0.004 -10"><span class='ocrx_word' id='word_1_315' title='bbox 1204 1150 1438 1189; x_wconf 83' lang='lat' dir='ltr'>conturbatam,</span> <span class='ocrx_word' id='word_1_316' title='bbox 1460 1148 1593 1182; x_wconf 81' lang='lat' dir='ltr'>tirmiter</span> <span class='ocrx_word' id='word_1_317' title='bbox 1610 1149 1846 1191; x_wconf 85' lang='lat' dir='ltr'>stabiliendam,</span> <span class='ocrx_word' id='word_1_318' title='bbox 1865 1160 1942 1184; x_wconf 89' lang='lat' dir='ltr'>nec-</span> 
     </span>
     <span class='ocr_line' id='line_1_68' title="bbox 1204 1202 1938 1246; baseline 0.001 -11"><span class='ocrx_word' id='word_1_319' title='bbox 1204 1213 1269 1236; x_wconf 91' lang='lat' dir='ltr'>non</span> <span class='ocrx_word' id='word_1_320' title='bbox 1303 1202 1341 1235; x_wconf 83' lang='lat' dir='ltr'>ad</span> <span class='ocrx_word' id='word_1_321' title='bbox 1377 1202 1478 1246; x_wconf 86' lang='lat' dir='ltr'>ipsius</span> <span class='ocrx_word' id='word_1_322' title='bbox 1511 1203 1697 1245; x_wconf 87' lang='lat' dir='ltr'>provinciae</span> <span class='ocrx_word' id='word_1_323' title='bbox 1730 1203 1938 1244; x_wconf 85' lang='lat' dir='ltr'>instantiam,</span> 
     </span>
     <span class='ocr_line' id='line_1_69' title="bbox 1204 1255 1943 1300; baseline 0.004 -13"><span class='ocrx_word' id='word_1_324' title='bbox 1204 1255 1361 1298; x_wconf 86' lang='lat' dir='ltr'>quaedam</span> <span class='ocrx_word' id='word_1_325' title='bbox 1384 1255 1578 1289; x_wconf 83' lang='lat' dir='ltr'>alternativa</span> <span class='ocrx_word' id='word_1_326' title='bbox 1603 1255 1708 1299; x_wconf 85' lang='lat' dir='ltr'>quoad</span> <span class='ocrx_word' id='word_1_327' title='bbox 1738 1255 1843 1289; x_wconf 82' lang='lat' dir='ltr'>officia</span> <span class='ocrx_word' id='word_1_328' title='bbox 1866 1267 1943 1300; x_wconf 90' lang='lat' dir='ltr'>pro-</span> 
     </span>
     <span class='ocr_line' id='line_1_70' title="bbox 1205 1307 1941 1352; baseline 0.003 -12"><span class='ocrx_word' id='word_1_329' title='bbox 1205 1307 1397 1341; x_wconf 86' lang='lat' dir='ltr'>vincialatus</span> <span class='ocrx_word' id='word_1_330' title='bbox 1427 1313 1458 1341; x_wconf 90' lang='lat' dir='ltr'>et</span> <span class='ocrx_word' id='word_1_331' title='bbox 1482 1308 1560 1341; x_wconf 89' lang='lat' dir='ltr'>socii</span> <span class='ocrx_word' id='word_1_332' title='bbox 1585 1308 1729 1342; x_wconf 88' lang='lat' dir='ltr'>eiusdem</span> <span class='ocrx_word' id='word_1_333' title='bbox 1755 1309 1941 1352; x_wconf 90' lang='lat' dir='ltr'>provinciae</span> 
     </span>
     <span class='ocr_line' id='line_1_71' title="bbox 1205 1361 1944 1404; baseline 0.004 -11"><span class='ocrx_word' id='word_1_334' title='bbox 1205 1361 1290 1394; x_wconf 89' lang='lat' dir='ltr'>inter</span> <span class='ocrx_word' id='word_1_335' title='bbox 1325 1367 1432 1404; x_wconf 89' lang='lat' dir='ltr'>partes</span> <span class='ocrx_word' id='word_1_336' title='bbox 1464 1361 1626 1404; x_wconf 80' lang='lat' dir='ltr'>praefatas</span> <span class='ocrx_word' id='word_1_337' title='bbox 1664 1362 1703 1395; x_wconf 91' lang='lat' dir='ltr'>de</span> <span class='ocrx_word' id='word_1_338' title='bbox 1734 1367 1843 1396; x_wconf 88' lang='lat' dir='ltr'>cetero</span> <span class='ocrx_word' id='word_1_339' title='bbox 1868 1373 1944 1396; x_wconf 90' lang='lat' dir='ltr'>ser-</span> 
     </span>
     <span class='ocr_line' id='line_1_72' title="bbox 1204 1414 1944 1457; baseline 0.003 -11"><span class='ocrx_word' id='word_1_340' title='bbox 1204 1415 1308 1446; x_wconf 87' lang='lat' dir='ltr'>vanda</span> <span class='ocrx_word' id='word_1_341' title='bbox 1332 1414 1480 1447; x_wconf 84' lang='lat' dir='ltr'>ordinata</span> <span class='ocrx_word' id='word_1_342' title='bbox 1504 1414 1574 1453; x_wconf 83' lang='lat' dir='ltr'>fuit,</span> <span class='ocrx_word' id='word_1_343' title='bbox 1595 1420 1692 1457; x_wconf 90' lang='lat' dir='ltr'>prout</span> <span class='ocrx_word' id='word_1_344' title='bbox 1709 1415 1893 1448; x_wconf 88' lang='lat' dir='ltr'>continetur</span> <span class='ocrx_word' id='word_1_345' title='bbox 1909 1415 1944 1449; x_wconf 89' lang='lat' dir='ltr'>in</span> 
     </span>
     <span class='ocr_line' id='line_1_73' title="bbox 1205 1466 1943 1511; baseline 0.001 -11"><span class='ocrx_word' id='word_1_346' title='bbox 1205 1467 1336 1501; x_wconf 86' lang='lat' dir='ltr'>decreto</span> <span class='ocrx_word' id='word_1_347' title='bbox 1361 1466 1438 1500; x_wconf 88' lang='lat' dir='ltr'>dieti</span> <span class='ocrx_word' id='word_1_348' title='bbox 1463 1467 1594 1510; x_wconf 88' lang='lat' dir='ltr'>capituli</span> <span class='ocrx_word' id='word_1_349' title='bbox 1616 1468 1776 1510; x_wconf 83' lang='lat' dir='ltr'>generalis</span> <span class='ocrx_word' id='word_1_350' title='bbox 1801 1469 1943 1511; x_wconf 89' lang='lat' dir='ltr'>desuper</span> 
     </span>
     <span class='ocr_line' id='line_1_74' title="bbox 1205 1520 1939 1564; baseline 0.001 -11"><span class='ocrx_word' id='word_1_351' title='bbox 1205 1524 1364 1560; x_wconf 84' lang='lat' dir='ltr'>emanato,</span> <span class='ocrx_word' id='word_1_352' title='bbox 1378 1520 1500 1553; x_wconf 88' lang='lat' dir='ltr'>tenoris</span> <span class='ocrx_word' id='word_1_353' title='bbox 1518 1520 1572 1563; x_wconf 89' lang='lat' dir='ltr'>qui</span> <span class='ocrx_word' id='word_1_354' title='bbox 1589 1521 1743 1564; x_wconf 85' lang='lat' dir='ltr'>sequitur,</span> <span class='ocrx_word' id='word_1_355' title='bbox 1769 1521 1939 1554; x_wconf 82' lang='lat' dir='ltr'>videlicet:</span> 
     </span>
     <span class='ocr_line' id='line_1_75' title="bbox 1211 1572 1942 1614; baseline 0.004 -10"><span class='ocrx_word' id='word_1_356' title='bbox 1211 1585 1223 1603; x_wconf 78' lang='lat' dir='ltr'>&lt;t</span> <span class='ocrx_word' id='word_1_357' title='bbox 1240 1572 1296 1605; x_wconf 91' lang='lat' dir='ltr'>Die</span> <span class='ocrx_word' id='word_1_358' title='bbox 1322 1572 1486 1613; x_wconf 85' lang='lat' dir='ltr'>mercurii,</span> <span class='ocrx_word' id='word_1_359' title='bbox 1505 1573 1630 1606; x_wconf 87' lang='lat' dir='ltr'>scilicet</span> <span class='ocrx_word' id='word_1_360' title='bbox 1645 1584 1752 1614; x_wconf 82' lang='lat' dir='ltr'>xxvm,</span> <span class='ocrx_word' id='word_1_361' title='bbox 1771 1584 1878 1607; x_wconf 87' lang='lat' dir='ltr'>coram</span> <span class='ocrx_word' id='word_1_362' title='bbox 1903 1574 1942 1607; x_wconf 93' lang='lat' dir='ltr'>il-</span> 
     </span>
     <span class='ocr_line' id='line_1_76' title="bbox 1205 1625 1940 1669; baseline 0.004 -12"><span class='ocrx_word' id='word_1_363' title='bbox 1205 1625 1397 1659; x_wconf 88' lang='lat' dir='ltr'>lustrissimo</span> <span class='ocrx_word' id='word_1_364' title='bbox 1418 1626 1548 1659; x_wconf 91' lang='lat' dir='ltr'>domino</span> <span class='ocrx_word' id='word_1_365' title='bbox 1569 1626 1682 1659; x_wconf 88' lang='lat' dir='ltr'>Bussio</span> <span class='ocrx_word' id='word_1_366' title='bbox 1708 1632 1858 1660; x_wconf 90' lang='lat' dir='ltr'>statutum</span> <span class='ocrx_word' id='word_1_367' title='bbox 1883 1632 1940 1669; x_wconf 89' lang='lat' dir='ltr'>est,</span> 
     </span>
     <span class='ocr_line' id='line_1_77' title="bbox 1207 1677 1944 1722; baseline 0.004 -11"><span class='ocrx_word' id='word_1_368' title='bbox 1207 1679 1303 1722; x_wconf 80' lang='lat' dir='ltr'>quod,</span> <span class='ocrx_word' id='word_1_369' title='bbox 1319 1677 1537 1713; x_wconf 84' lang='lat' dir='ltr'>cumCastella</span> <span class='ocrx_word' id='word_1_370' title='bbox 1548 1685 1637 1713; x_wconf 87' lang='lat' dir='ltr'>vetus</span> <span class='ocrx_word' id='word_1_371' title='bbox 1654 1685 1685 1713; x_wconf 90' lang='lat' dir='ltr'>et</span> <span class='ocrx_word' id='word_1_372' title='bbox 1701 1691 1783 1714; x_wconf 89' lang='lat' dir='ltr'>nova</span> <span class='ocrx_word' id='word_1_373' title='bbox 1800 1681 1944 1714; x_wconf 86' lang='lat' dir='ltr'>habeant</span> 
     </span>
     <span class='ocr_line' id='line_1_78' title="bbox 1207 1731 1945 1776; baseline 0.004 -12"><span class='ocrx_word' id='word_1_374' title='bbox 1207 1732 1429 1765; x_wconf 87' lang='lat' dir='ltr'>alternativam</span> <span class='ocrx_word' id='word_1_375' title='bbox 1454 1732 1486 1765; x_wconf 92' lang='lat' dir='ltr'>in</span> <span class='ocrx_word' id='word_1_376' title='bbox 1511 1731 1618 1766; x_wconf 84' lang='lat' dir='ltr'>officio</span> <span class='ocrx_word' id='word_1_377' title='bbox 1636 1733 1888 1776; x_wconf 86' lang='lat' dir='ltr'>provincialatus</span> <span class='ocrx_word' id='word_1_378' title='bbox 1912 1739 1945 1767; x_wconf 88' lang='lat' dir='ltr'>et</span> 
     </span>
     <span class='ocr_line' id='line_1_79' title="bbox 1208 1784 1942 1829; baseline 0.004 -12"><span class='ocrx_word' id='word_1_379' title='bbox 1208 1785 1296 1823; x_wconf 88' lang='lat' dir='ltr'>socii,</span> <span class='ocrx_word' id='word_1_380' title='bbox 1321 1784 1403 1817; x_wconf 87' lang='lat' dir='ltr'>itaut</span> <span class='ocrx_word' id='word_1_381' title='bbox 1427 1786 1557 1829; x_wconf 87' lang='lat' dir='ltr'>quando</span> <span class='ocrx_word' id='word_1_382' title='bbox 1582 1786 1790 1829; x_wconf 86' lang='lat' dir='ltr'>provincialis</span> <span class='ocrx_word' id='word_1_383' title='bbox 1825 1792 1872 1820; x_wconf 90' lang='lat' dir='ltr'>est</span> <span class='ocrx_word' id='word_1_384' title='bbox 1905 1797 1942 1820; x_wconf 85' lang='lat' dir='ltr'>ex</span> 
     </span>
     <span class='ocr_line' id='line_1_80' title="bbox 1207 1838 1942 1881; baseline 0.004 -11"><span class='ocrx_word' id='word_1_385' title='bbox 1207 1840 1271 1871; x_wconf 72' lang='lat' dir='ltr'>una</span> <span class='ocrx_word' id='word_1_386' title='bbox 1286 1838 1434 1876; x_wconf 87' lang='lat' dir='ltr'>Castella,</span> <span class='ocrx_word' id='word_1_387' title='bbox 1459 1838 1564 1872; x_wconf 89' lang='lat' dir='ltr'>socius</span> <span class='ocrx_word' id='word_1_388' title='bbox 1590 1838 1676 1872; x_wconf 88' lang='lat' dir='ltr'>illius</span> <span class='ocrx_word' id='word_1_389' title='bbox 1706 1839 1748 1872; x_wconf 90' lang='lat' dir='ltr'>sit</span> <span class='ocrx_word' id='word_1_390' title='bbox 1782 1850 1819 1873; x_wconf 88' lang='lat' dir='ltr'>ex</span> <span class='ocrx_word' id='word_1_391' title='bbox 1855 1840 1942 1881; x_wconf 73' lang='lat' dir='ltr'>alia,</span> 
     </span>
     <span class='ocr_line' id='line_1_81' title="bbox 1209 1891 1946 1935; baseline 0.004 -12"><span class='ocrx_word' id='word_1_392' title='bbox 1209 1896 1239 1924; x_wconf 82' lang='lat' dir='ltr'>et</span> <span class='ocrx_word' id='word_1_393' title='bbox 1263 1891 1295 1923; x_wconf 90' lang='lat' dir='ltr'>in</span> <span class='ocrx_word' id='word_1_394' title='bbox 1320 1891 1425 1934; x_wconf 82' lang='lat' dir='ltr'>spatio</span> <span class='ocrx_word' id='word_1_395' title='bbox 1452 1891 1583 1934; x_wconf 85' lang='lat' dir='ltr'>triginta</span> <span class='ocrx_word' id='word_1_396' title='bbox 1613 1897 1750 1935; x_wconf 85' lang='lat' dir='ltr'>quatuor</span> <span class='ocrx_word' id='word_1_397' title='bbox 1785 1902 1946 1926; x_wconf 86' lang='lat' dir='ltr'>annorum</span> 
     </span>
     <span class='ocr_line' id='line_1_82' title="bbox 1208 1943 1946 1989; baseline 0.003 -13"><span class='ocrx_word' id='word_1_398' title='bbox 1208 1954 1325 1987; x_wconf 82' lang='lat' dir='ltr'>magna</span> <span class='ocrx_word' id='word_1_399' title='bbox 1349 1944 1446 1976; x_wconf 85' lang='lat' dir='ltr'>suerit</span> <span class='ocrx_word' id='word_1_400' title='bbox 1470 1943 1683 1988; x_wconf 85' lang='lat' dir='ltr'>inaequalitas</span> <span class='ocrx_word' id='word_1_401' title='bbox 1716 1945 1749 1978; x_wconf 92' lang='lat' dir='ltr'>in</span> <span class='ocrx_word' id='word_1_402' title='bbox 1780 1945 1946 1989; x_wconf 89' lang='lat' dir='ltr'>praeiudi-</span> 
     </span>
     <span class='ocr_line' id='line_1_83' title="bbox 1208 1995 1947 2038; baseline 0.004 -9"><span class='ocrx_word' id='word_1_403' title='bbox 1208 1997 1292 2029; x_wconf 88' lang='lat' dir='ltr'>cium</span> <span class='ocrx_word' id='word_1_404' title='bbox 1317 1995 1474 2030; x_wconf 84' lang='lat' dir='ltr'>Castellae</span> <span class='ocrx_word' id='word_1_405' title='bbox 1491 1998 1616 2038; x_wconf 81' lang='lat' dir='ltr'>veteris,</span> <span class='ocrx_word' id='word_1_406' title='bbox 1643 2003 1677 2030; x_wconf 90' lang='lat' dir='ltr'>ut</span> <span class='ocrx_word' id='word_1_407' title='bbox 1700 1998 1888 2031; x_wconf 84' lang='lat' dir='ltr'>alternativa</span> <span class='ocrx_word' id='word_1_408' title='bbox 1912 1999 1947 2032; x_wconf 91' lang='lat' dir='ltr'>in</span> 
     </span>
     <span class='ocr_line' id='line_1_84' title="bbox 1208 2050 1947 2095; baseline 0.001 -12"><span class='ocrx_word' id='word_1_409' title='bbox 1208 2056 1374 2092; x_wconf 87' lang='lat' dir='ltr'>posterum</span> <span class='ocrx_word' id='word_1_410' title='bbox 1392 2050 1574 2093; x_wconf 86' lang='lat' dir='ltr'>aequaliter</span> <span class='ocrx_word' id='word_1_411' title='bbox 1591 2056 1808 2091; x_wconf 87' lang='lat' dir='ltr'>mensuretur,</span> <span class='ocrx_word' id='word_1_412' title='bbox 1827 2051 1854 2084; x_wconf 86' lang='lat' dir='ltr'>si</span> <span class='ocrx_word' id='word_1_413' title='bbox 1871 2061 1947 2095; x_wconf 92' lang='lat' dir='ltr'>pro-</span> 
     </span>
     <span class='ocr_line' id='line_1_85' title="bbox 1209 2103 1946 2147; baseline 0.003 -12"><span class='ocrx_word' id='word_1_414' title='bbox 1209 2103 1354 2136; x_wconf 87' lang='lat' dir='ltr'>vincialis</span> <span class='ocrx_word' id='word_1_415' title='bbox 1380 2103 1420 2136; x_wconf 89' lang='lat' dir='ltr'>sit</span> <span class='ocrx_word' id='word_1_416' title='bbox 1440 2103 1472 2136; x_wconf 93' lang='lat' dir='ltr'>in</span> <span class='ocrx_word' id='word_1_417' title='bbox 1497 2104 1658 2146; x_wconf 84' lang='lat' dir='ltr'>gubernio</span> <span class='ocrx_word' id='word_1_418' title='bbox 1683 2115 1742 2147; x_wconf 90' lang='lat' dir='ltr'>per</span> <span class='ocrx_word' id='word_1_419' title='bbox 1766 2104 1946 2138; x_wconf 90' lang='lat' dir='ltr'>triennium</span> 
     </span>
    </p>
   </div>
   <div class='ocr_carea' id='block_1_18' title="bbox 1209 2199 1950 2671">
    <p class='ocr_par' dir='ltr' id='par_1_21' title="bbox 1209 2199 1950 2671">
     <span class='ocr_line' id='line_1_86' title="bbox 1244 2199 1946 2234; baseline 0.001 -7"><span class='ocrx_word' id='word_1_420' title='bbox 1244 2201 1254 2227; x_wconf 88' lang='grc'>1</span> <span class='ocrx_word' id='word_1_421' title='bbox 1278 2200 1305 2227; x_wconf 91' lang='lat' dir='ltr'>ln</span> <span class='ocrx_word' id='word_1_422' title='bbox 1321 2202 1408 2227; x_wconf 80' lang='lat' dir='ltr'>const.</span> <span class='ocrx_word' id='word_1_423' title='bbox 1429 2199 1493 2226; x_wconf 76' lang='lat' dir='ltr'>edit.</span> <span class='ocrx_word' id='word_1_424' title='bbox 1524 2205 1640 2234; x_wconf 77' lang='lat' dir='ltr'>mocxctt,</span> <span class='ocrx_word' id='word_1_425' title='bbox 1662 2199 1705 2227; x_wconf 80' lang='lat' dir='ltr'>die</span> <span class='ocrx_word' id='word_1_426' title='bbox 1724 2199 1758 2226; x_wconf 69' lang='lat'>22</span> <span class='ocrx_word' id='word_1_427' title='bbox 1777 2200 1946 2234; x_wconf 85' lang='lat' dir='ltr'>novembris,</span> 
     </span>
     <span class='ocr_line' id='line_1_87' title="bbox 1209 2244 1947 2281; baseline 0.001 -9"><span class='ocrx_word' id='word_1_428' title='bbox 1209 2245 1303 2280; x_wconf 82' lang='lat' dir='ltr'>pontif.</span> <span class='ocrx_word' id='word_1_429' title='bbox 1324 2251 1354 2277; x_wconf 89' lang='lat'>11,</span> <span class='ocrx_word' id='word_1_430' title='bbox 1375 2244 1552 2278; x_wconf 86' lang='lat' dir='ltr'>reperiuntur</span> <span class='ocrx_word' id='word_1_431' title='bbox 1571 2245 1681 2271; x_wconf 84' lang='lat' dir='ltr'>decreta</span> <span class='ocrx_word' id='word_1_432' title='bbox 1700 2245 1878 2279; x_wconf 81' lang='lat' dir='ltr'>capitulorum</span> <span class='ocrx_word' id='word_1_433' title='bbox 1897 2254 1947 2281; x_wconf 84' lang='lat' dir='ltr'>ge-</span> 
     </span>
     <span class='ocr_line' id='line_1_88' title="bbox 1210 2288 1946 2324; baseline 0.003 -9"><span class='ocrx_word' id='word_1_434' title='bbox 1210 2289 1341 2316; x_wconf 83' lang='lat' dir='ltr'>neralium</span> <span class='ocrx_word' id='word_1_435' title='bbox 1369 2297 1418 2324; x_wconf 89' lang='lat' dir='ltr'>pro</span> <span class='ocrx_word' id='word_1_436' title='bbox 1448 2296 1514 2324; x_wconf 75' lang='lat' dir='ltr'>pace</span> <span class='ocrx_word' id='word_1_437' title='bbox 1543 2288 1687 2323; x_wconf 85' lang='lat' dir='ltr'>utriusque</span> <span class='ocrx_word' id='word_1_438' title='bbox 1707 2289 1946 2324; x_wconf 72' lang='lat' dir='ltr'>Congregationis3</span> 
     </span>
     <span class='ocr_line' id='line_1_89' title="bbox 1210 2331 1947 2368; baseline 0.001 -9"><span class='ocrx_word' id='word_1_439' title='bbox 1210 2334 1235 2359; x_wconf 88' lang='lat' dir='ltr'>in</span> <span class='ocrx_word' id='word_1_440' title='bbox 1252 2337 1338 2359; x_wconf 87' lang='lat' dir='ltr'>const.</span> <span class='ocrx_word' id='word_1_441' title='bbox 1355 2332 1397 2359; x_wconf 90' lang='lat' dir='ltr'>ed.</span> <span class='ocrx_word' id='word_1_442' title='bbox 1414 2339 1541 2365; x_wconf 66' lang='lat' dir='ltr'>MDCXClV,</span> <span class='ocrx_word' id='word_1_443' title='bbox 1554 2332 1598 2358; x_wconf 89' lang='lat' dir='ltr'>die</span> <span class='ocrx_word' id='word_1_444' title='bbox 1613 2332 1628 2358; x_wconf 89' lang='grc'>9</span> <span class='ocrx_word' id='word_1_445' title='bbox 1644 2331 1784 2363; x_wconf 74' lang='lat' dir='ltr'>februarii,</span> <span class='ocrx_word' id='word_1_446' title='bbox 1795 2334 1890 2368; x_wconf 82' lang='lat' dir='ltr'>pontif.</span> <span class='ocrx_word' id='word_1_447' title='bbox 1905 2341 1947 2367; x_wconf 76' lang='grc' dir='ltr'>ιιι,</span> 
     </span>
     <span class='ocr_line' id='line_1_90' title="bbox 1209 2375 1948 2412; baseline 0.003 -9"><span class='ocrx_word' id='word_1_448' title='bbox 1209 2377 1363 2404; x_wconf 82' lang='lat' dir='ltr'>declaratur</span> <span class='ocrx_word' id='word_1_449' title='bbox 1383 2377 1517 2412; x_wconf 84' lang='lat' dir='ltr'>quoddam</span> <span class='ocrx_word' id='word_1_450' title='bbox 1534 2375 1616 2403; x_wconf 86' lang='lat' dir='ltr'>Breve</span> <span class='ocrx_word' id='word_1_451' title='bbox 1636 2377 1707 2404; x_wconf 81' lang='lat' dir='ltr'>circa</span> <span class='ocrx_word' id='word_1_452' title='bbox 1722 2377 1876 2412; x_wconf 84' lang='lat' dir='ltr'>superiores</span> <span class='ocrx_word' id='word_1_453' title='bbox 1891 2386 1948 2405; x_wconf 88' lang='lat' dir='ltr'>mo-</span> 
     </span>
     <span class='ocr_line' id='line_1_91' title="bbox 1210 2420 1949 2456; baseline 0.003 -9"><span class='ocrx_word' id='word_1_454' title='bbox 1210 2421 1311 2448; x_wconf 84' lang='lat' dir='ltr'>nalium</span> <span class='ocrx_word' id='word_1_455' title='bbox 1324 2420 1544 2447; x_wconf 82' lang='lat' dir='ltr'>Excalceatarum</span> <span class='ocrx_word' id='word_1_456' title='bbox 1560 2421 1636 2456; x_wconf 85' lang='lat' dir='ltr'>regni</span> <span class='ocrx_word' id='word_1_457' title='bbox 1653 2420 1794 2453; x_wconf 77' lang='lat' dir='ltr'>Franciae3</span> <span class='ocrx_word' id='word_1_458' title='bbox 1811 2425 1838 2448; x_wconf 81' lang='lat' dir='ltr'>et</span> <span class='ocrx_word' id='word_1_459' title='bbox 1852 2421 1877 2448; x_wconf 90' lang='lat' dir='ltr'>in</span> <span class='ocrx_word' id='word_1_460' title='bbox 1889 2421 1949 2449; x_wconf 90' lang='lat' dir='ltr'>Cle-</span> 
     </span>
     <span class='ocr_line' id='line_1_92' title="bbox 1212 2464 1947 2501; baseline 0.003 -10"><span class='ocrx_word' id='word_1_461' title='bbox 1212 2466 1308 2492; x_wconf 85' lang='lat' dir='ltr'>mentis</span> <span class='ocrx_word' id='word_1_462' title='bbox 1322 2464 1354 2491; x_wconf 86' lang='lat' dir='ltr'>xt</span> <span class='ocrx_word' id='word_1_463' title='bbox 1372 2468 1457 2491; x_wconf 83' lang='lat' dir='ltr'>const.</span> <span class='ocrx_word' id='word_1_464' title='bbox 1479 2465 1522 2491; x_wconf 91' lang='lat' dir='ltr'>ed.</span> <span class='ocrx_word' id='word_1_465' title='bbox 1546 2471 1648 2498; x_wconf 72' lang='lat' dir='ltr'>mocon,</span> <span class='ocrx_word' id='word_1_466' title='bbox 1665 2465 1708 2492; x_wconf 84' lang='lat' dir='ltr'>die</span> <span class='ocrx_word' id='word_1_467' title='bbox 1727 2465 1763 2491; x_wconf 77' lang='lat'>24</span> <span class='ocrx_word' id='word_1_468' title='bbox 1780 2466 1947 2501; x_wconf 87' lang='lat' dir='ltr'>novembris,</span> 
     </span>
     <span class='ocr_line' id='line_1_93' title="bbox 1211 2508 1950 2545; baseline 0.001 -9"><span class='ocrx_word' id='word_1_469' title='bbox 1211 2509 1305 2545; x_wconf 85' lang='lat' dir='ltr'>pontif.</span> <span class='ocrx_word' id='word_1_470' title='bbox 1321 2515 1351 2542; x_wconf 83' lang='grc' dir='ltr'>Π,</span> <span class='ocrx_word' id='word_1_471' title='bbox 1372 2512 1445 2536; x_wconf 82' lang='lat' dir='ltr'>extat</span> <span class='ocrx_word' id='word_1_472' title='bbox 1463 2508 1603 2535; x_wconf 85' lang='lat' dir='ltr'>decretum</span> <span class='ocrx_word' id='word_1_473' title='bbox 1624 2508 1771 2535; x_wconf 84' lang='lat' dir='ltr'>cardinalis</span> <span class='ocrx_word' id='word_1_474' title='bbox 1789 2509 1950 2544; x_wconf 82' lang='lat' dir='ltr'>protectoris</span> 
     </span>
     <span class='ocr_line' id='line_1_94' title="bbox 1211 2553 1948 2581; baseline 0 -1"><span class='ocrx_word' id='word_1_475' title='bbox 1211 2554 1282 2580; x_wconf 83' lang='lat' dir='ltr'>eirca</span> <span class='ocrx_word' id='word_1_476' title='bbox 1301 2553 1467 2580; x_wconf 84' lang='lat' dir='ltr'>erectionem</span> <span class='ocrx_word' id='word_1_477' title='bbox 1487 2553 1739 2580; x_wconf 71' lang='lat' dir='ltr'>cordraternitatum</span> <span class='ocrx_word' id='word_1_478' title='bbox 1765 2557 1792 2580; x_wconf 82' lang='lat' dir='ltr'>et</span> <span class='ocrx_word' id='word_1_479' title='bbox 1820 2553 1948 2581; x_wconf 89' lang='lat' dir='ltr'>distribu-</span> 
     </span>
     <span class='ocr_line' id='line_1_95' title="bbox 1211 2597 1948 2635; baseline 0.004 -11"><span class='ocrx_word' id='word_1_480' title='bbox 1211 2598 1311 2626; x_wconf 88' lang='lat' dir='ltr'>tionem</span> <span class='ocrx_word' id='word_1_481' title='bbox 1329 2597 1513 2632; x_wconf 83' lang='lat' dir='ltr'>scapularium</span> <span class='ocrx_word' id='word_1_482' title='bbox 1540 2606 1588 2633; x_wconf 86' lang='lat' dir='ltr'>pro</span> <span class='ocrx_word' id='word_1_483' title='bbox 1615 2597 1831 2635; x_wconf 78' lang='lat' dir='ltr'>Congregatione</span> <span class='ocrx_word' id='word_1_484' title='bbox 1849 2598 1948 2634; x_wconf 76' lang='lat' dir='ltr'>Rispa-</span> 
     </span>
     <span class='ocr_line' id='line_1_96' title="bbox 1211 2642 1519 2671; baseline -0.003 -1"><span class='ocrx_word' id='word_1_485' title='bbox 1211 2643 1271 2670; x_wconf 86' lang='lat' dir='ltr'>niae</span> <span class='ocrx_word' id='word_1_486' title='bbox 1291 2642 1519 2671; x_wconf 79' lang='lat' dir='ltr'>Excalceatorum.</span> 
     </span>
    </p>
   </div>
   <div class='ocr_carea' id='block_1_19' title="bbox 1979 1578 2135 1601">
    <p class='ocr_par' dir='ltr' id='par_1_22' title="bbox 1979 1578 2135 1601">
     <span class='ocr_line' id='line_1_97' title="bbox 1979 1578 2135 1601; baseline 0.006 -1"><span class='ocrx_word' id='word_1_487' title='bbox 1979 1578 2090 1601; x_wconf 75' lang='lat' dir='ltr'>Decretum</span> <span class='ocrx_word' id='word_1_488' title='bbox 2100 1584 2135 1601; x_wconf 72' lang='lat' dir='ltr'>ca·</span> 
     </span>
    </p>
   </div>
   <div class='ocr_carea' id='block_1_20' title="bbox 1951 1607 2050 1633">
    <p class='ocr_par' dir='ltr' id='par_1_23' title="bbox 1951 1607 2050 1633">
     <span class='ocr_line' id='line_1_98' title="bbox 1951 1607 2050 1633; baseline 0.02 -8"><span class='ocrx_word' id='word_1_489' title='bbox 1951 1607 2050 1633; x_wconf 72' lang='lat' dir='ltr'>pilulam.</span> 
     </span>
    </p>
   </div>
   <div class='ocr_carea' id='block_1_21' title="bbox 2228 2020 2254 3225">
    <p class='ocr_par' dir='ltr' id='par_1_24' title="bbox 2228 2020 2254 3225">
     <span class='ocr_line' id='line_1_99' title="bbox 2228 2020 2254 3225; baseline 0 0"><span class='ocrx_word' id='word_1_490' title='bbox 2228 2020 2254 3225; x_wconf 95' lang='lat' dir='ltr'> </span> 
     </span>
    </p>
   </div>
  </div>
 </body>
</html>
