2227 3225
65 247 116 277 An.
130 246 160 276 C.
183 247 250 275 t'tco

97 363 206 383 Decretum
219 368 242 382 sa

69 393 118 409 eran
133 389 253 415 Congu-pm

69 418 139 436 tionis.

114 2168 248 2190 Confirmatio

63 2195 126 2217 relati
140 2195 228 2217 decreti.

859 252 1068 276 INNOCENTtt's
1095 254 1112 276 X
1119 254 1138 276 tt
1164 255 1212 278 Pr.

263 308 343 340 pace
361 304 393 330 et
413 299 535 342 quiete,
555 299 811 332 confirmationis
830 301 929 332 robur
949 301 1003 333 ad-

264 350 400 393 iungere
425 351 629 394 dignaretur:
655 352 768 385 cadem
787 352 1002 395 Conarcg‘atio

263 403 475 436 cardinalium
490 414 657 447 persuum
677 405 844 437 decretum
859 405 910 436 die
924 415 1001 438 xvttt

262 456 340 489 iunii
366 456 504 499 proximi
531 457 922 500 praeteriticatamitum,
950 469 1003 491 au-

262 509 329 542 dito
356 519 457 552 super
475 511 665 553 praemissis
683 511 803 544 dilecto
821 511 916 544 etiam
936 512 1002 544 tilio

260 568 475 605 procuratore
500 565 643 607 generali
670 564 799 597 Ordinis
824 565 1002 606 praedicti,

261 620 293 648 et
319 619 442 650 attenta
467 617 627 650 relatione
665 618 860 651 venerabilis
895 618 1002 650 fratris

261 669 363 701 nostri
391 669 544 703 Alderani
573 670 715 713 episcopi
742 671 898 703 Ostiensis
919 671 1004 703 eius--

261 722 335 755 dem
360 722 391 755 S.
411 722 447 757 R.
461 723 495 756 E.
523 724 697 756 cardinalis
712 723 797 767 Cybo
813 724 1003 767 nuncupati,

260 775 389 808 Ordinis
415 776 593 818 supradicti
619 776 704 819 apud
727 787 786 809 nos
804 782 833 809 et
853 776 1001 808 Sanctam

260 828 375 861 Scdem
401 829 621 871 Apostolicam
638 830 844 872 protectoris,
864 830 1003 872 desuper

259 881 337 924 ipsis
364 882 585 916 cardinalibus
611 883 714 923 sacta,
748 884 928 927 supplicem
966 884 1004 916 li-

259 933 383 967 bellum
401 934 461 967 sibi
477 945 575 978 super
597 935 713 968 iisdem
728 936 915 979 praemissis
932 947 1005 979 por-

260 992 385 1021 rectum
410 987 553 1031 benigne
574 989 696 1022 remisit
714 989 820 1022 eidem
839 990 1002 1022 Alderauo

261 1040 420 1085 episeopo
439 1041 598 1075 cardinali
614 1047 645 1075 et
662 1042 851 1086 protectori,
864 1048 907 1081 ut,
919 1043 1002 1076 veris

261 1093 476 1127 existentibus
501 1095 665 1135 narratis,
692 1100 723 1129 et
748 1101 908 1139 quatenus
949 1106 1002 1128 ex-

259 1146 372 1190 pedire
397 1147 596 1188 censuisset,
622 1149 756 1192 petitam
783 1147 1001 1182 confirmatio-

260 1209 335 1232 nem
360 1209 419 1243 pro
444 1211 501 1234 suo
526 1200 661 1235 arbitrio
686 1206 716 1234 et
737 1202 908 1245 prudentia
926 1212 1002 1235 con-

261 1251 404 1285 cederet.
432 1252 523 1286 Unde
542 1253 611 1297 ipse
627 1255 808 1287 Alderanus
828 1254 1000 1298 episcopus

260 1306 435 1340 cardinalis
461 1312 492 1340 et
516 1312 683 1350 protector
709 1308 873 1341 decretum
899 1308 1002 1341 edidit

261 1359 386 1393 tenoris
419 1359 474 1404 qui
508 1360 680 1404 sequitur,
706 1361 876 1394 videlieet:
907 1374 919 1391 <t
948 1361 1001 1395 At-

261 1414 424 1453 deranus,
450 1413 661 1446 miseratione
695 1413 801 1447 divina
826 1414 998 1457 episcopus

260 1466 417 1500 Ostiensis
443 1473 474 1500 et
500 1466 743 1507 veliternensis,
769 1467 799 1500 S.
821 1467 857 1499 [t.
878 1467 911 1500 E.
932 1478 1001 1501 car-

261 1520 387 1560 dinalis,
414 1519 509 1563 Cybo,
537 1519 616 1552 sacri
644 1520 774 1562 collegii
802 1520 942 1554 decanus
969 1527 1000 1553 et

261 1573 359 1607 totius
398 1573 527 1606 Ordinis
568 1573 668 1606 sancti
713 1573 873 1606 Francisci
916 1574 999 1618 apud

259 1627 409 1661 Sanctam
434 1627 550 1661 Sedem
576 1632 755 1670 protector.
784 1627 917 1660 Utentes
952 1637 998 1660 ar-

260 1681 358 1714 bitrio
384 1691 442 1724 per
467 1680 700 1724 antescriptum
722 1681 888 1713 decretum
907 1681 999 1714 nobis

260 1745 277 1767 a
297 1736 388 1767 sacra
403 1734 663 1777 Congregatione
681 1735 829 1773 remisso,
850 1734 1001 1778 verisque

260 1787 437 1830 compertis
462 1787 622 1827 narratis,
654 1792 816 1820 oratorum
849 1787 1001 1830 precibus

260 1841 403 1884 benigne
430 1841 599 1881 inclinati,
627 1846 741 1874 tenore
766 1840 999 1884 praesentium,

260 1893 452 1928 auctoritate
486 1893 632 1926 eiusdem
669 1904 781 1926 sacrae
816 1894 1001 1936 Congrcga-

260 1947 369 1987 tionis,
384 1947 518 1991 petitam
543 1947 825 1980 confirmationem
852 1946 1001 1980 concedi-

260 2011 331 2034 mus
357 2006 389 2034 et
415 2000 628 2045 impartimur.
656 2001 768 2034 Datum
795 2000 918 2034 Romae
951 2011 1001 2034 xix

260 2054 341 2087 iunii
374 2064 474 2088 MDCC.
502 2073 545 2077 ——
570 2055 606 2087 A.
635 2053 809 2087 cardinalis
838 2053 936 2086 CYBO.
958 2073 1001 2076 —

260 2106 283 2140 Ι.
310 2106 350 2140 Μ.
379 2117 420 2140 DE
445 2106 520 2140 Gxts
543 2107 740 2141 secretarius
767 2119 796 2139 n.

304 2161 318 2204 ᾖ
339 2159 370 2193 2.
391 2160 468 2194 Cum
486 2167 605 2201 autem,
625 2161 706 2194 sicut
721 2161 826 2194 dietus
840 2160 999 2194 Antonius

259 2214 355 2249 nobis
380 2215 519 2248 subinde
545 2216 663 2259 exponi
690 2216 777 2255 feeit,
800 2215 870 2260 ipse
888 2215 1000 2248 decre-

259 2273 326 2301 tum
351 2268 565 2309 huiusmodi,
591 2279 655 2313 quo
690 2268 811 2302 firmius
850 2269 999 2302 subsistat

259 2327 292 2355 et
316 2326 466 2355 servetur
491 2321 654 2361 exactius,
688 2322 888 2366 apostolicae
924 2332 1000 2355 con-

258 2373 451 2408 firmationis
484 2380 613 2407 nostrae
644 2375 826 2418 patrocinio
853 2386 999 2409 commu-

258 2428 322 2460 niri
348 2438 556 2471 summopere
583 2428 765 2462 desideret:
799 2439 869 2469 nos,
895 2429 997 2473 ipsius

258 2481 392 2515 Antonii
418 2482 500 2515 votis
526 2482 588 2515 hac
613 2483 646 2515 in
671 2493 715 2523 re,
742 2488 899 2526 quantum
926 2494 997 2516 cum

258 2534 396 2568 Domino
410 2545 592 2579 possumus,
611 2535 835 2569 favorabiliter
852 2546 998 2570 annuere

258 2588 427 2629 volentes,
453 2599 593 2633 eumque
618 2600 635 2623 a
660 2590 824 2634 quibusvis
862 2600 995 2624 excom-

258 2641 502 2684 municationis,
529 2643 756 2688 suspensionis
772 2648 804 2678 et
820 2644 997 2687 interdicti,

345 2704 426 2735 Bult.
445 2705 531 2736 Rom.
552 2721 586 2728 —
609 2706 670 2738 Vol.
690 2707 750 2740 XX.
897 2708 946 2738 119

1688 247 1751 279 025

1047 301 1183 344 aliisque
1194 302 1427 335 ecclesiasticis
1440 304 1621 341 sententiis,
1641 305 1788 337 censuris

1046 358 1078 385 et
1103 354 1227 396 poenis,
1243 366 1260 386 a
1287 355 1354 387 iure
1380 356 1429 387 vel
1455 355 1494 387 ab
1518 356 1658 395 bomine,
1677 358 1787 399 quavis

1047 406 1219 439 occasione
1244 409 1291 440 vel
1318 410 1412 440 causa
1431 407 1511 447 latis,
1531 408 1555 439 si
1575 409 1690 450 quibus
1709 420 1788 452 ‹pio-

1047 459 1229 492 tnodolibet
1245 460 1420 493 innodatus
1435 460 1553 499 existit,
1576 462 1614 493 atl
1638 462 1787 496 ellectum

1047 512 1269 554 praesentium
1303 513 1465 545 dumtaxat
1492 515 1784 557 consequendum,

1048 565 1163 598 barum
1188 566 1272 599 serie
1305 567 1508 600 absolventes
1540 572 1571 599 et
1604 567 1786 600 absolutum

1048 618 1115 651 sore
1152 625 1347 658 censentes,
1385 619 1683 662 supplicationibus
1719 620 1788 653 eius

1048 672 1178 705 nomine
1204 672 1296 704 nobis
1323 683 1421 716 super
1447 673 1509 705 lioe
1532 673 1700 706 humiliter
1717 684 1787 716 por-

1048 724 1142 756 rectis
1168 725 1334 764 inclinati,
1360 725 1527 758 decretum
1550 725 1786 768 praeinsertum

1047 788 1062 808 a
1091 783 1270 810 memorato
1296 778 1459 811 Altlerano
1494 779 1648 822 episcopo
1681 780 1787 812 cardi-

1047 830 1110 862 nali
1134 836 1165 862 et
1186 836 1372 873 protectore
1396 831 1525 870 editum,
1542 838 1571 863 ut
1589 833 1784 874 praefertur,

1047 883 1238 915 auctoritate
1260 884 1456 926 apostolica,
1491 890 1601 916 tenore
1637 895 1788 927 praesen-

1049 934 1136 974 tium,
1157 936 1388 969 confirmamus
1416 942 1447 969 et
1472 936 1704 980 approbamus,
1725 937 1788 970 illi-

1047 998 1109 1030 que
1132 988 1326 1022 inviolabilis
1346 989 1544 1032 apostolicae
1564 989 1722 1023 firmitatis
1740 1000 1787 1023 ro-

1047 1041 1106 1073 bur
1139 1041 1326 1081 adiicimus,
1360 1053 1395 1075 ac
1431 1053 1545 1076 omnes
1572 1049 1603 1075 et
1639 1043 1786 1086 singulos

1046 1093 1125 1126 iuris
1146 1100 1178 1127 et
1200 1094 1271 1127 sacti
1295 1095 1454 1136 desectus,
1491 1095 1515 1128 si
1554 1096 1608 1139 qui
1646 1096 1786 1140 desuper

1046 1147 1294 1190 quomodolibet
1311 1148 1561 1188 intervenerint,
1582 1149 1783 1192 supplemus.

1089 1199 1152 1243 ξῧ.
1174 1200 1413 1240 Decernentes‚
1436 1201 1567 1234 easdem
1598 1208 1787 1244 praesentes

1045 1253 1168 1286 litteras
1182 1263 1312 1297 semper
1325 1253 1441 1294 sirmas,
1456 1254 1577 1287 validas
1592 1260 1624 1288 et
1641 1256 1787 1289 efficaces

1046 1305 1183 1339 existere
1211 1311 1241 1339 et
1267 1308 1357 1345 sore,
1383 1317 1523 1350 suosque.
1557 1309 1721 1351 plenarios
1755 1317 1787 1344 et

1044 1359 1190 1402 integros
1218 1361 1349 1393 ellectus
1375 1362 1484 1394 sortiri
1511 1368 1541 1395 et
1566 1362 1727 1403 obtinere,
1749 1375 1785 1397 ac

1044 1413 1119 1452 illis,
1145 1415 1183 1446 ad
1220 1424 1302 1457 (pios
1341 1421 1465 1457 spectat
1500 1420 1529 1448 et
1555 1426 1612 1458 pro
1641 1422 1785 1461 tempore

1044 1467 1317 1510 ‹piandocumque
1336 1469 1508 1511 spectabit,
1528 1470 1558 1502 in
1584 1471 1735 1503 omnibus
1755 1477 1787 1504 et

1043 1529 1104 1562 per
1122 1520 1231 1553 omnia
1259 1522 1449 1563 plenissime
1474 1522 1661 1566 suffragari,
1690 1530 1722 1557 et
1746 1525 1785 1557 ab

1044 1572 1089 1605 eis
1122 1574 1302 1616 respective
1335 1575 1570 1610 inviolabiliter
1594 1578 1782 1618 observari,

1043 1626 1154 1670 sicque
1181 1628 1213 1660 in
1247 1629 1435 1671 praemissis
1461 1640 1522 1673 per
1556 1641 1784 1675 quoscumque

1045 1679 1168 1713 iudices
1188 1681 1369 1715 ordinarios
1402 1689 1433 1715 et
1465 1684 1653 1726 delegatos,
1688 1687 1783 1719 etiam

1044 1744 1213 1767 causarum
1232 1736 1340 1778 palatii
1359 1737 1531 1779 apostolici
1550 1739 1724 1779 auditores,
1738 1740 1784 1772 iu—

1045 1787 1145 1820 dicari
1169 1794 1201 1820 et
1222 1788 1350 1821 definiri
1373 1790 1514 1831 debere,
1536 1802 1571 1824 ac
1603 1792 1728 1826 irritum
1754 1799 1785 1826 et

1046 1841 1159 1880 inane,
1181 1841 1206 1873 si
1233 1852 1324 1875 secus
1346 1853 1444 1886 super
1465 1844 1514 1876 liis
1548 1855 1565 1877 a
1595 1856 1757 1888 quoquam
1775 1873 1782 1886 ‚

1045 1894 1155 1937 quavis
1176 1895 1380 1935 auctoritate,
1402 1897 1543 1930 scienter
1560 1898 1609 1930 vel
1631 1897 1785 1941 ignoran-

1046 1952 1108 1987 ter,
1128 1948 1305 1991 contigerit
1325 1950 1486 1983 attentari.
1670 1948 1673 1951 ’

1089 2001 1103 2044 ἓ
1128 2001 1159 2034 4.
1187 2001 1254 2035 Non
1280 2003 1484 2036 obstantibus
1516 2005 1721 2047 praemissis,
1748 2018 1785 2039 ac

1044 2055 1330 2089 constitutionibus
1364 2063 1391 2090 et
1422 2058 1683 2092 ordinationibus
1708 2071 1784 2103 apo-

1044 2108 1179 2149 stolicis,
1197 2119 1336 2150 necnon,
1356 2115 1514 2154 quatenus
1532 2122 1612 2155 opus
1630 2112 1678 2154 sit,
1692 2123 1784 2156 prae-

1044 2161 1204 2195 dictorum
1240 2162 1370 2196 Ordinis
1396 2169 1428 2196 et
1452 2164 1662 2207 provinciae,
1687 2167 1783 2200 etiam

1042 2214 1237 2257 iuramento,
1256 2216 1503 2251 confirmatione
1528 2219 1715 2262 apostolica,
1735 2223 1782 2254 vel

1043 2269 1153 2312 quavis
1177 2268 1331 2303 firmitate
1357 2270 1421 2304 alia
1452 2270 1626 2313 roboratis,
1658 2274 1783 2306 statutis

1043 2327 1074 2355 et
1098 2323 1404 2364 consuetudinibus,
1430 2324 1611 2368 privilegiis
1637 2337 1780 2370 quoque,

1042 2375 1176 2409 indultis
1201 2382 1233 2410 et
1256 2377 1374 2410 litteris
1399 2378 1587 2421 apostolicis
1605 2379 1636 2412 in
1656 2385 1784 2412 contra-

1043 2429 1125 2463 rium
1151 2430 1405 2473 praemissorum
1432 2432 1684 2475 quomodolibet
1708 2443 1784 2466 con-

1042 2483 1153 2523 cessis,
1180 2483 1379 2517 consirmatis
1401 2490 1432 2517 et
1454 2484 1636 2525 innovads3
1663 2485 1781 2529 quibus

1043 2538 1196 2570 omnibus
1234 2544 1265 2571 et
1303 2538 1441 2581 singulis
1459 2565 1466 2578 ‚
1492 2538 1623 2571 illorum
1649 2543 1780 2573 tenores

1043 2591 1270 2634 praesentibus
1297 2602 1358 2635 pro
1389 2592 1485 2634 plene
1520 2597 1553 2625 et
1584 2591 1783 2625 sufficienter

1043 2644 1204 2689 expressis
1230 2654 1267 2679 ac
1291 2644 1330 2679 de
1359 2645 1459 2680 verbo
1493 2644 1534 2679 ad
1566 2645 1700 2680 verbum
1735 2646 1782 2680 in-

1799 257 1846 283 Au.
1868 256 1896 283 t).
1915 257 1981 283 t700

1820 1217 1941 1240 Clausulas.

1866 2014 1955 2040 Dei-ngat
1962 2022 1981 2036 tt)

1795 2042 1957 2062 Contrariorum.
