2227 3225
109 251 159 277 An.
178 251 206 277 C.
230 246 297 277 10:00

888 249 1072 272 ALEvANDEu
1097 248 1152 270 vill
1176 248 1224 270 Pr.

302 305 333 332 ct
358 299 530 338 interdicti,
557 299 692 342 aliisque
719 297 947 332 ecclesiasticis
973 307 1044 329 sen—

302 354 426 394 tentiis,
455 353 601 387 censuris
628 359 656 386 et
683 353 809 396 poenis,
844 362 861 384 a
894 351 964 383 iure
994 350 1042 382 vel

303 407 343 440 ab
369 407 512 446 bomine,
536 407 648 450 quavis
673 398 847 440 occasione
874 405 921 437 vel
947 405 1043 436 causa

303 461 387 500 latis,
404 467 435 494 et
455 471 512 504 per
533 471 587 494 vos
613 460 764 499 incursis,
786 464 817 492 et
842 457 960 502 quibus
986 467 1042 489 vos

304 515 400 559 eti—am
437 514 617 558 apostolica
653 513 845 552 auct-oritate
871 510 1042 554 illaqueari

303 567 486 611 contigerit,
518 567 643 600 etiamsi
681 567 845 599 absolutio
880 565 975 599 nobis
1013 570 1043 597 et

303 621 551 654 successoribus
573 621 694 654 nostris
719 619 870 653 Romanis
882 617 1044 651 Pontifici-

302 675 362 708 bus
386 685 446 719 pro
472 680 620 718 tempore
651 673 863 707 existentibus
893 671 1045 715 speciali-

305 735 353 761 ter
377 729 426 761 vel
453 728 653 771 generaliter
677 721 839 760 reservata
864 726 990 763 existat,
1013 730 1044 757 et

303 792 586 825 quorumcumque
626 787 774 814 votorum
814 786 845 813 et
880 778 1042 812 Ecclesiae

303 840 551 878 praeceptorum
578 833 905 877 transgressionibus,
938 832 1044 865 homi·

303 889 387 921 cidio
420 888 553 928 casuali,
580 899 734 921 manuum
759 888 974 921 violentarum
1010 885 1042 917 in

302 941 432 985 quasvis
475 952 631 984 personas
670 942 765 975 etiam
806 939 1042 973 ecclesiasticas

303 996 383 1037 (uon
414 1000 522 1028 tamen
556 995 728 1038 episcopos
756 995 809 1028 ‘vel
842 994 923 1027 alios
954 1003 1044 1036 supe-

302 1048 408 1081 riores
433 1049 611 1092 praelatos)
639 1048 677 1081 de
695 1047 874 1092 praeterito
896 1045 1044 1079 iniectio-

303 1102 408 1142 nibus,
435 1113 491 1135 seu
527 1102 654 1135 consilii
691 1103 740 1135 vel
779 1101 897 1134 favoris
936 1100 974 1132 ad
1011 1100 1041 1132 id

304 1155 591 1197 praestationibus,
605 1155 798 1187 ieiuniorum
812 1153 1043 1187 omissionibus

304 1208 384 1249 (non
410 1214 516 1241 tamen
542 1208 742 1241 recitationis
768 1208 920 1240 horarum
947 1216 1045 1238 cano·

303 1261 458 1301 nicarum,
485 1261 690 1304 aliorumque
717 1261 899 1293 divinorum
925 1259 1045 1292 osticio-

302 1315 398 1357 rum),
426 1320 457 1347 et
483 1315 623 1357 denique
658 1315 697 1346 ab
729 1314 880 1347 omnibus
912 1319 941 1345 et
969 1311 1041 1355 qui-

302 1367 506 1411 buscumque
533 1368 603 1400 aliis
627 1368 743 1399 vestris
764 1367 915 1410 peccatis,
942 1365 1045 1398 crimi-

302 1421 399 1454 nibus
433 1426 465 1453 et
490 1420 687 1460 excessibus,
716 1430 751 1453 ac
779 1419 913 1457 delictis,
943 1429 1044 1461 quan-

303 1480 508 1517 tumcumque
524 1473 674 1516 gravibus
690 1479 719 1506 et
736 1473 932 1511 enormibus,
949 1471 1042 1504 ctiam

302 1527 419 1560 talibus
456 1532 596 1570 propter
631 1537 714 1569 quae
740 1526 841 1559 Sedes
878 1525 1044 1568 praedicta

301 1579 419 1613 merito
435 1580 632 1613 consulenda
650 1580 746 1620 soret,
766 1578 918 1612 videlicet
934 1589 949 1611 a
968 1588 1042 1610 cou-

301 1633 400 1666 tentis
425 1633 458 1665 in
482 1633 600 1666 litteris
622 1633 673 1665 die
691 1633 815 1666 Coenac
834 1631 959 1665 Domini
986 1641 1043 1674 pu-

301 1686 415 1719 blicari
442 1687 618 1727 consuetis,
645 1688 745 1719 semel
773 1691 896 1719 tantum
922 1685 953 1717 in
981 1684 1042 1716 vita

303 1745 335 1772 ct
360 1739 474 1773 mortis
501 1740 655 1778 articulo,
679 1739 708 1772 in
736 1739 869 1782 reliquis
894 1749 969 1771 vero
996 1738 1042 1770 di-

303 1799 375 1826 ctae
408 1793 483 1826 Sedi
521 1793 824 1836 quomodocumque
857 1792 1041 1830 reservatis,

304 1845 440 1888 aliisque
476 1846 643 1888 quibusvis
675 1846 825 1885 casibus,
867 1847 967 1878 semel
1007 1845 1039 1877 in

304 1909 398 1938 anno,
418 1898 696 1931 confessionibus¹
722 1899 838 1931 vestris
865 1899 1041 1941 diligenter

305 1951 442 1991 auditis,
469 1951 539 1983 sine
573 1957 678 1983 tamen
712 1951 847 1984 alicuius
876 1952 1041 1995 praeiudi-

304 2004 378 2044 cio,
412 2004 602 2037 auctoritate
636 2005 815 2047 apostolic-‘⁴1
848 2005 1039 2044 absolvere,

303 2063 336 2089 et
359 2057 450 2090 vobis
467 2067 526 2100 pro
543 2056 722 2089 commissis
740 2057 974 2100 poenitentiam
993 2057 1041 2090 in-

296 2109 439 2153 iungere
464 2115 648 2149 satutarem,
672 2121 730 2143 nec
756 2121 820 2143 non
846 2117 917 2144 vota
942 2122 1040 2154 quae-

117 2437 215 2459 Paenlta:
226 2442 292 2460 trans-

108 2466 188 2485 fverint·
209 2473 292 2491 pensi..-

108 2498 144 2512 u.»-
171 2499 236 2518 usque
265 2493 290 2513 ad

108 2519 198 2539 ducatos
240 2522 291 2540 tres-

107 2548 199 2567 tuntum.

303 2174 438 2207 cumque
480 2164 736 2206 (ultramarino,
776 2165 966 2198 visitationis
1004 2165 1040 2199 li-

301 2217 421 2250 minum
441 2218 610 2251 beatorum
637 2218 721 2251 Petri
747 2224 776 2251 et
803 2219 892 2252 Pauli
918 2225 1041 2263 aposto-

300 2271 419 2310 lorum,
444 2271 663 2314 castitatisque
696 2277 725 2304 ct
758 2272 927 2314 religionis
960 2272 1040 2304 votis

302 2325 467 2357 dumtaxat
483 2325 640 2367 exceptis)
658 2323 690 2356 in
709 2324 770 2357 alia
787 2324 914 2367 pietatis
940 2335 1040 2368 opera

302 2383 499 2411 commutare
525 2379 639 2410 valeat.

346 2432 359 2473 ξ
378 2430 431 2463 10.
451 2430 609 2473 Vobisque
629 2430 776 2471 ulterius,
801 2436 831 2463 et
849 2431 1039 2473 cuicumque

301 2491 442 2517 vestrum
467 2484 669 2526 respective,
697 2489 729 2515 ut
755 2484 949 2527 quicumque
977 2484 1038 2516 loci

301 2536 462 2570 (latimarii
501 2537 547 2569 vel
584 2537 730 2570 canonici
768 2538 1036 2580 metrtqwlitaua-

340 2612 347 2632 1
375 2608 459 2633 turba
479 2608 566 2634 semel
585 2608 614 2635 in
631 2616 725 2642 anno,
746 2608 971 2643 confessionibus
992 2616 1039 2634 uos

300 2653 424 2681 addimus
440 2659 478 2688 kr..
500 2652 548 2688 T.)-

1740 232 1781 272 ί27

1087 306 1157 328 rum
1183 306 1236 328 seu
1263 296 1396 328 aliarum
1417 296 1650 328 cathedralium
1673 297 1823 329 ecclesia-

1087 359 1164 387 rum,
1188 355 1240 381 aut
1264 359 1424 392 personae
1443 349 1473 380 in
1494 349 1649 391 dignitate
1676 350 1823 382 ecclesia—

1087 402 1164 435 stica
1199 402 1415 441 constitutae,
1451 407 1512 434 tam
1550 402 1581 434 in
1619 403 1701 435 dicta
1735 404 1823 436 curia

1087 466 1181 498 quam
1207 462 1295 488 extra
1320 466 1400 495 eam,
1427 456 1465 488 ad
1492 456 1523 487 id
1549 466 1608 498 per
1634 467 1690 488 vos
1716 467 1823 499 respe-

1087 509 1166 541 ctive
1193 520 1301 542 coram
1324 509 1449 541 notario
1475 514 1507 541 et
1533 509 1664 541 testibus
1689 509 1751 542 side
1777 509 1823 541 di-

1087 564 1157 605 gnis
1175 563 1316 606 eligendi
1335 574 1389 596 seu
1409 563 1587 604 eligendae,
1607 573 1822 606 quascumque

1087 616 1262 659 pensiones
1279 627 1410 655 annuas,
1423 616 1513 648 vobis
1529 626 1625 658 super
1639 626 1823 649 mensarum

1087 669 1294 702 abbatialium
1320 680 1375 702 seu
1401 669 1627 712 capitularium
1649 680 1684 701 ac
1701 669 1825 712 episco-

1087 723 1206 766 palium
1248 729 1278 756 et
1318 723 1642 766 archiepiscopalium
1679 734 1715 755 ac
1747 734 1827 766 quo-

1088 786 1299 820 rumcumque
1324 776 1559 809 beneficiorum
1585 776 1822 810 ecclesiastico-

1087 840 1169 869 rum,
1185 841 1256 863 eum
1273 832 1348 862 eura
1368 835 1396 861 et
1419 829 1487 863 sine
1505 832 1589 868 cura,
1610 830 1823 862 saecularium

1087 889 1118 916 ct
1136 883 1322 926 quorumvis
1340 882 1495 915 Ordinum
1515 888 1544 915 et
1569 883 1756 916 militiarum
1774 893 1825 916 re-

1088 936 1266 978 gularium,
1293 936 1387 970 etiam
1420 936 1592 979 hospitalis
1628 936 1658 969 S.
1694 936 1823 969 Ioannis

1087 989 1368 1033 Hierosolvmitani
1393 1016 1401 1030 ,
1443 990 1749 1032 quomodocumque
1793 995 1826 1022 et

1087 1043 1366 1086 qualitercumque
1382 1043 1638 1086 qualificatorum
1655 1043 1822 1083 fructibus,

1088 1096 1279 1134 redditibus,
1305 1097 1526 1139 proventibus,
1552 1096 1684 1136 iuribus,
1704 1097 1825 1130 obven-

1088 1150 1231 1182 tionibus
1257 1155 1287 1181 et
1312 1150 1606 1189 distributionibus,
1629 1150 1724 1183 etiam
1746 1161 1824 1194 quo-

1090 1203 1232 1243 tidianis,
1252 1214 1323 1242 seu,
1342 1204 1470 1236 illarum
1488 1205 1571 1243 loco,
1591 1204 1730 1245 fructus,
1750 1204 1824 1236 red-

1089 1257 1184 1295 ditus,
1206 1262 1392 1299 proventus,
1412 1256 1494 1296 iura,
1521 1257 1750 1297 obventiones,
1777 1257 1824 1289 di-

1089 1310 1299 1342 stributiones
1322 1316 1351 1342 et
1377 1312 1609 1350 emolumenta,
1631 1311 1720 1343 vobis
1738 1321 1823 1343 nunc

1088 1368 1119 1394 et
1144 1373 1203 1405 pro
1234 1369 1377 1405 tempore
1405 1363 1568 1405 assignata
1601 1369 1632 1395 et
1662 1370 1824 1397 reservata

1088 1428 1124 1449 ac
1150 1416 1352 1456 reservanda,
1372 1426 1430 1458 pro
1451 1419 1574 1448 summa
1598 1417 1748 1450 videlicet
1766 1423 1825 1451 tre-

1088 1475 1257 1502 centorum
1294 1470 1484 1502 ducatorum
1522 1470 1590 1502 auri
1622 1471 1660 1503 de
1693 1470 1823 1503 Camera

1087 1524 1191 1566 quoad
1217 1523 1359 1565 singulos
1385 1529 1534 1563 vestrum,
1554 1524 1823 1568 quandocumque

1087 1577 1179 1610 alicui
1207 1582 1345 1609 vestrum
1371 1577 1548 1620 respective
1579 1578 1756 1620 placuerit,
1783 1579 1824 1610 si-

1087 1631 1150 1663 mul
1172 1631 1219 1663 vel
1247 1630 1438 1669 successive,
1456 1631 1488 1663 in
1510 1635 1575 1663 toto
1600 1632 1649 1663 vel
1670 1631 1701 1663 in
1721 1636 1822 1674 parte,

1087 1684 1182 1717 etiam
1209 1684 1241 1716 in
1273 1683 1446 1716 cuiuslibet
1469 1689 1611 1716 vestrum
1636 1684 1749 1717 mortis
1774 1695 1824 1717 ar-

1087 1738 1200 1777 ticulo,
1225 1747 1351 1769 cassare
1379 1742 1409 1769 et
1435 1737 1637 1780 extinguere,
1666 1748 1712 1777 ac,
1738 1743 1824 1780 post-

1085 1801 1178 1833 quam
1197 1794 1338 1823 cassatae
1357 1796 1387 1823 et
1409 1790 1568 1823 extinctae
1596 1790 1724 1828 suerint,
1745 1791 1822 1824 alias

1084 1845 1206 1877 similes
1231 1844 1405 1887 pensiones
1431 1855 1552 1876 annuas
1577 1855 1676 1886 super
1700 1845 1822 1877 eisdem

1086 1898 1249 1937 fructibus,
1275 1897 1471 1937 redditibus,
1499 1898 1721 1940 proventibus,
1747 1898 1823 1930 iuri-

1084 1952 1157 1991 bus,
1177 1943 1426 1984 obventionibus
1445 1957 1475 1983 et
1494 1951 1731 1991 emolumentis,
1751 1962 1818 1991 seu,

1085 2005 1212 2037 illarum
1237 2006 1319 2043 loco,
1341 2004 1474 2043 fructus,
1494 2004 1656 2043 redditus,
1683 2015 1822 2047 proven-

1085 2063 1144 2096 tus,
1169 2059 1247 2097 iura,
1269 2058 1491 2096 obventiones,
1518 2058 1764 2090 distributiones
1791 2061 1821 2091 et

1084 2112 1302 2144 emolumenta
1326 2110 1523 2150 huiusmodi,
1549 2121 1650 2154 usque
1676 2111 1714 2143 ad
1737 2121 1822 2143 sum-

1083 2175 1167 2197 mam
1189 2169 1219 2197 et
1241 2164 1451 2207 quantitatem
1470 2163 1680 2207 praedictam,
1699 2164 1753 2196 uni
1771 2165 1820 2197 vel

1084 2218 1231 2260 pluribus
1263 2217 1334 2250 aliis
1366 2217 1518 2260 personis
1554 2217 1649 2249 etiam
1682 2228 1740 2260 per
1764 2228 1819 2250 vos

1084 2271 1306 2311 nominandis,
1334 2270 1430 2303 etiam
1455 2280 1697 2313 quaecumque,
1729 2276 1821 2313 quot-

1084 2335 1220 2367 cumque
1254 2329 1284 2357 et
1314 2324 1561 2367 qualiacumque
1586 2322 1744 2356 beneficia
1770 2334 1820 2355 ec-

1083 2378 1262 2412 elesiastica
1280 2377 1502 2410 obtinentibus
1518 2382 1547 2409 ct
1564 2377 1818 2420 expectantibus,

1083 2431 1220 2470 clericis,
1232 2441 1287 2463 seu
1303 2430 1445 2463 clericali
1463 2430 1653 2462 charactere
1669 2429 1817 2471 insigniri

1082 2485 1281 2525 volentibus,
1308 2484 1404 2517 etiam
1433 2484 1499 2523 eis,
1526 2484 1633 2526 quoad
1660 2483 1817 2523 vixerint,

1082 2549 1138 2569 seu
1172 2548 1282 2570 eorum
1314 2537 1599 2580 procuratoribus,
1627 2537 1664 2569 ad
1690 2537 1721 2568 ist
1747 2546 1820 2578 spe-

1082 2591 1162 2623 ciale
1189 2590 1229 2622 ab
1255 2590 1300 2622 eis
1326 2590 1511 2622 mandatum
1538 2589 1746 2626 habentibus,
1769 2588 1819 2619 iis-

1083 2645 1155 2677 dem
1180 2644 1277 2677 modo
1304 2649 1332 2676 et
1358 2644 1460 2675 forma
1485 2643 1601 2685 quibus
1626 2641 1715 2674 vobis
1741 2641 1819 2674 assi-

1830 250 1879 275 An.
1898 249 1924 274 C.
1948 249 2017 277 1100
