2227 3225
134 240 187 266 An.
204 239 235 267 C.
258 240 321 268 1691
906 243 1116 266 ixxocizztrics
1142 244 1185 267 xii
1210 244 1258 266 rr.
1736 236 1800 269 5379
1854 246 1906 272 An.
1922 245 1950 273 C.
1974 246 2037 274 tce:

329 290 395 323 rius
420 292 593 333 generalis,
620 291 696 324 satis
729 301 892 334 superque
918 291 1065 324 decrevi·
1106 296 1201 324 vetur
1225 292 1316 331 ordo,
1342 301 1436 334 quem
1463 291 1547 324 infra
1575 292 1608 324 in
1630 302 1701 336 cap.
1727 303 1777 326 xix
1802 294 1847 326 De

328 354 416 384 mus,
440 343 526 376 unde
551 354 611 387 per
635 343 774 377 dictum¹
801 343 940 377 osticium
973 345 1064 377 nullo
1107 343 1221 376 ordine
1245 343 1378 377 sedendi
1401 344 1581 377 statuimus.

327 397 423 430 modo
439 407 553 430 vacare
570 397 786 440 permittimus
806 397 940 430 durante
959 397 1065 440 spatio
1152 406 1172 428 t.
1201 398 1276 429 tium
1313 396 1469 439 magister
1499 397 1627 429 Ordinis
1653 398 1734 430 intra
1759 403 1844 431 tem·
1893 411 1962 432 cim
1977 413 2002 433 v.

327 459 363 482 ac
388 454 531 492 tempore
555 450 725 482 vicariatus
743 450 913 492 generalis,
940 449 1064 482 etiamsi
1108 460 1168 493 pus
1194 450 1241 482 sui
1268 450 1437 493 regiminis
1464 456 1625 491 teneatur,
1653 462 1714 494 per
1738 462 1771 484 se
1796 452 1846 485 vel
1872 437 2041 489 pssssvlkilllss'ffl

327 502 500 535 triennium
519 503 589 535 talis
603 503 765 546 prioratus
781 503 960 545 expleatur.
979 501 1066 533 Tunc
1108 514 1168 546 per
1201 504 1310 542 alium,
1336 508 1439 536 totum
1474 503 1627 537 Ordinem
1652 504 1791 544 visitare,
1817 496 1972 538 &regmae
2004 495 2041 514 ‘¹⁰'

327 565 416 598 ergo,
432 555 507 598 quia
520 555 553 588 in
571 556 641 599 ipso
656 555 796 599 capitulo
808 555 952 597 generali
968 554 1064 587 etiam
1109 556 1315 598 provincialis
1332 556 1442 589 itidem
1464 556 1513 589 bis
1535 562 1633 590 totam
1648 557 1848 600 provinciam

326 614 399 652 post
426 609 539 642 factam
565 609 759 642 electionem
788 608 933 651 magistri
959 608 1065 640 adhue
1108 608 1140 641 in
1166 620 1224 642 suo
1247 609 1397 649 triennio,
1417 615 1471 642 aut.
1488 610 1613 652 quoties
1635 611 1847 653 compellatus

327 662 417 705 prior
442 662 718 695 Barchinonensis
746 661 837 704 (sive
863 662 903 694 sit
929 661 1066 694 vicarius
1109 662 1204 695 suerit
1223 663 1410 706 specialiter
1427 674 1443 696 a
1462 664 1612 697 fratribus
1633 665 1683 697 vel
1705 665 1850 706 postulet

328 716 489 758 generalis
509 715 576 748 sive
595 716 676 758 non)
694 725 804 748 vocem
825 720 857 748 et
876 715 981 748 locum
997 724 1066 758 pos·
1108 725 1215 748 rerum
1237 723 1392 757 eventus,
1416 727 1481 750 non
1501 716 1739 760 importunam¹
1761 718 1835 750 duci

327 769 413 803 sidet
437 779 537 812 usque
562 769 602 802 ad
619 769 717 802 finem
734 769 875 812 capituli,
890 774 1066 812 propterca
1108 780 1177 801 mus
1195 769 1328 803 sormam
1348 770 1539 803 visitationis
1563 770 1603 803 ab
1620 770 1698 814 ipsis
1715 771 1766 804 vel
1784 770 1848 803 suis

327 822 556 856 constituimus
579 827 616 855 ut
635 823 798 866 praefatus
823 822 955 862 mensis,
982 821 1066 853 iutra
1108 821 1326 855 visitatoribus
1344 822 1508 856 faciendae
1527 823 1604 856 iuris
1623 828 1655 856 et
1674 823 1848 867 aequitatis

328 886 424 919 quem
449 875 525 908 dicti
552 876 784 908 conventuales
809 875 952 918 priorem
971 875 1066 916 elige·
1109 875 1234 917 legibus
1262 876 1446 909 instituere.

327 939 361 962 re
383 934 546 970 tenentur,
568 939 741 962 excurrere
768 939 831 961 non
850 928 984 971 incipiat
1006 928 1063 960 uisi
1152 937 1185 960 11.
1221 928 1328 962 Primo
1353 929 1438 962 enim
1473 929 1630 972 magister
1660 930 1849 973 ingrediens

327 993 346 1014 a
370 982 421 1015 die
458 982 665 1015 authenticae
699 982 835 1015 notitiae
869 991 1068 1014 consumma·
1108 981 1235 1014 visitare
1256 982 1391 1015 alicuius
1406 983 1591 1026 provinciae
1606 984 1730 1023 domos,
1753 983 1850 1016 debet

329 1035 426 1068 tionis
455 1035 588 1078 capituli
625 1036 664 1068 ab
690 1035 759 1068 eius
791 1034 965 1068 secretario
991 1040 1067 1067 atte-
1108 1034 1201 1068 simul
1226 1035 1443 1069 visitationem
1468 1036 1676 1080 provincialis
1701 1037 1846 1079 aggredi,

329 1094 445 1122 stante.
1108 1088 1193 1121 unde
1210 1115 1217 1128 ,
1243 1088 1268 1121 si
1294 1095 1468 1132 antequam
1494 1090 1627 1122 accedat
1653 1090 1692 1123 ad
1717 1091 1849 1123 domum

372 1152 413 1175 lx.
439 1141 515 1175 Cum
541 1147 648 1175 autem
672 1142 763 1185 prior
788 1140 1065 1174 Barchinonensis
1109 1141 1280 1184 capitalem
1295 1142 1487 1185 provinciae,
1502 1143 1780 1186 ubiprovincialis
1799 1143 1850 1176 ad-

328 1195 514 1238 praedictus
546 1195 614 1227 iure
645 1194 907 1234 constitutionis,
932 1198 1065 1227 vacante
1109 1200 1168 1235 est,
1194 1195 1319 1238 aliquas
1354 1202 1565 1230 occurrentes
1595 1197 1706 1230 domos
1738 1197 1770 1229 in
1799 1197 1849 1229 via

329 1249 406 1281 sede
425 1248 570 1290 magistri
588 1253 661 1281 ante
682 1249 848 1291 expletum
864 1247 1065 1287 sexennium,
1108 1249 1239 1282 visitare
1267 1256 1425 1293 oporteat,
1453 1250 1485 1283 in
1510 1251 1587 1294 ipsis
1613 1251 1709 1283 etiam
1732 1251 1772 1284 de
1797 1261 1847 1284 re-

329 1302 362 1335 in
384 1301 493 1334 officio
522 1301 630 1334 vicarii
670 1301 831 1344 generalis
857 1301 953 1333 totius
979 1300 1068 1333 Ordi-
1086 1284 1089 1309 ἱ
1109 1302 1228 1343 gimine
1255 1308 1286 1335 et
1309 1303 1442 1345 reliquis
1467 1304 1505 1336 ad
1524 1303 1755 1346 provincialem
1780 1315 1850 1347 spe—

328 1355 462 1387 niseum
479 1355 576 1397 plena
595 1353 818 1386 iurisdictione
836 1353 995 1391 succedat,
1015 1353 1068 1385 de-
1109 1355 1270 1387 etantibus
1296 1355 1479 1398 disquirere
1511 1356 1644 1399 incipiat
1669 1357 1848 1390 secundum

328 1407 489 1440 cernimus
505 1413 535 1440 et
555 1407 735 1447 statuimus,
752 1412 802 1446 ut,
825 1407 862 1445 si,
881 1407 1009 1449 quando
1024 1406 1067 1438 di·
1109 1407 1244 1440 sormam
1270 1408 1406 1441 inferius
1434 1409 1634 1442 tradendam.

328 1465 414 1494 ctum
446 1460 636 1493 vicariatum
669 1460 805 1499 adierit,
832 1460 928 1492 suerit
961 1459 1064 1491 solum
1152 1470 1198 1494 111.
1224 1461 1364 1505 Insuper
1388 1473 1405 1494 a
1430 1462 1621 1505 provinciali
1648 1463 1686 1495 de
1714 1463 1846 1496 fratrum

326 1518 564 1557 praesentatus,
591 1513 661 1556 ipso
695 1513 778 1546 facto
803 1517 942 1556 propter
967 1511 1067 1553 digni-
1108 1514 1251 1546 moribus
1266 1514 1362 1547 debet
1380 1515 1557 1558 inquirere,
1576 1526 1610 1548 ac
1629 1516 1741 1549 fratres
1758 1517 1847 1560 ipsos

327 1572 426 1601 tatem
452 1566 549 1600 officii
575 1566 783 1609 supremique
811 1565 908 1598 totius
940 1565 1068 1598 Ordinis
1109 1567 1141 1599 in
1167 1567 1302 1608 singulis
1329 1568 1477 1600 domibus
1503 1568 1695 1611 interrogari
1722 1569 1745 1602 si
1773 1570 1848 1613 quid

327 1619 502 1662 magisterii
521 1619 552 1651 in
579 1629 643 1662 quo
669 1619 821 1658 succedit,
840 1619 994 1661 magister
1012 1619 1068 1650 lia·
1109 1621 1338 1654 emendatione
1365 1621 1498 1663 dignum
1525 1621 1665 1654 habeant
1682 1623 1767 1655 circa
1791 1623 1848 1656 ho-

327 1672 451 1713 beatur‚
473 1673 515 1705 sit
539 1678 571 1705 et
587 1672 787 1713 nominetur,
807 1673 905 1705 modo
924 1673 1067 1705 lectur-ae
1110 1683 1184 1706 uum
1214 1673 1452 1717 utilitatemque
1486 1674 1672 1718 provinciae
1707 1676 1850 1708 revelan-

327 1725 529 1765 curricula‚a
543 1725 829 1758 constitutionibus
843 1725 992 1758 ordinata
1009 1735 1067 1768 pro
1110 1727 1195 1758 dum.
1221 1727 1265 1759 De
1292 1727 1409 1770 quibus
1442 1728 1592 1760 omnibus
1618 1728 1685 1761 eius
1710 1739 1849 1762 commu-

328 1778 425 1811 simili
451 1779 563 1820 gradu,
593 1789 665 1811 cum
698 1778 933 1821 approbatione
960 1778 1068 1811 delini·
1109 1790 1183 1812 nem
1206 1779 1423 1813 visitationem
1455 1781 1551 1814 simul
1578 1787 1610 1814 et
1635 1782 1847 1824 particulares

328 1832 403 1864 torii
428 1842 504 1864 suae
528 1831 713 1874 provinciae
746 1832 807 1864 iam
833 1831 1020 1864 confecerit.
1109 1833 1278 1866 domorum
1303 1839 1438 1877 peragat
1465 1840 1496 1867 et
1520 1836 1705 1868 concludat.

371 1895 401 1917 x.
428 1884 610 1928 Antiquitas
635 1890 742 1918 autem
769 1885 864 1917 huius
890 1884 1065 1927 magisterii
1153 1898 1194 1920 iv.
1225 1886 1256 1920 Si
1289 1887 1490 1920 visitationes
1524 1887 1599 1920 istas
1633 1899 1698 1921 non
1725 1899 1784 1932 per
1809 1899 1843 1922 se

328 1943 364 1970 ut
387 1943 512 1971 certum
536 1938 658 1981 ubique
679 1939 786 1971 locum
804 1938 957 1978 obtineat,
981 1938 1067 1970 inter
1086 1922 1089 1954 Ι
1109 1940 1262 1983 magister
1286 1940 1472 1983 adimpleat,
1499 1941 1595 1974 dehet
1619 1952 1748 1984 semper
1774 1953 1845 1976 eum

326 1991 500 2034 magistros
521 2001 596 2024 suae
614 1991 801 2034 provinciae
816 1992 996 2035 computari
1016 1991 1068 2024 de·
1108 1993 1306 2026 visitatorem
1332 1994 1454 2037 eligere
1481 1994 1535 2038 qui
1569 1994 1611 2027 sit
1639 2001 1764 2035 aetate,
1795 1995 1846 2028 lit-

326 2043 382 2077 bet
406 2054 423 2077 a
447 2044 499 2077 die
524 2054 587 2088 qua
609 2045 797 2078 vicariatum
816 2046 1001 2087 generalem
1020 2055 1067 2077 as·
1109 2047 1196 2085 teris,
1216 2047 1376 2089 religione
1395 2057 1430 2080 ac
1455 2048 1600 2080 moribus
1629 2050 1842 2091 approbatus,

326 2098 478 2141 sumpsit;
493 2098 517 2130 si
532 2108 608 2131 vero
623 2098 777 2141 magister
791 2099 829 2131 de
844 2109 979 2131 numero
990 2109 1065 2131 suae
1108 2100 1158 2132 cui
1185 2100 1413 2133 auctoritatem
1437 2111 1526 2133 suam
1551 2100 1584 2133 in
1610 2101 1739 2144 scriptis
1763 2112 1843 2134 con-

325 2151 511 2193 provinciae
529 2151 619 2194 prius
638 2151 790 2191 extiterit,
803 2152 1064 2195 exemptionibus
1108 2153 1199 2192 serat,
1225 2159 1386 2197 quatenus
1412 2153 1451 2186 ad
1473 2153 1583 2186 omnia
1607 2154 1773 2197 praedicta
1791 2166 1845 2197 ge-

326 2203 532 2246 provineialis
557 2204 709 2247 (perinde
736 2215 771 2237 ae
795 2204 819 2237 si
839 2210 923 2238 esset
939 2205 1065 2237 functus
1107 2207 1209 2240 renda
1229 2206 1291 2239 sibi
1310 2206 1464 2250 expedire
1482 2206 1642 2240 videatur.
1662 2207 1690 2240 Is
1710 2207 1846 2251 insuper

324 2257 472 2299 praefato
496 2258 643 2300 munere>
669 2258 808 2300 gaudeat
831 2269 903 2290 cum
929 2269 1063 2302 praece·
1083 2227 1087 2298 l
1107 2260 1204 2293 debet
1226 2270 1298 2293 esse
1324 2261 1410 2300 zelo,
1435 2260 1609 2303 prudentia
1634 2265 1666 2293 et
1695 2260 1845 2303 benigni·

326 2309 436 2342 dentia
461 2310 500 2343 ad
525 2310 674 2344 exteros²
694 2311 868 2354 magistros
887 2322 963 2344 suae
989 2322 1064 2354 pro·
1082 2302 1087 2386 ί
1107 2319 1170 2346 tate
1197 2313 1374 2356 praeditus,
1399 2319 1624 2347 verumtamen
1647 2314 1700 2357 qui
1726 2320 1842 2357 potens

325 2361 458 2404 vinciae,
478 2369 509 2396 et
528 2364 601 2397 loco
627 2364 815 2397 immediato
840 2370 913 2408 post
939 2365 1062 2408 eosqui
1107 2367 1147 2399 sit
1171 2367 1354 2410 irrumpere
1379 2367 1595 2410 iniquitatem,
1615 2378 1654 2400 ne
1675 2369 1725 2400 vel
1753 2368 1843 2401 sorti-

326 2416 541 2458 provinciales
578 2417 698 2451 suerint
729 2423 762 2451 et
786 2419 993 2462 postmodum
1020 2419 1064 2451 su-
1106 2420 1218 2453 tudine
1243 2420 1338 2452 nimis
1362 2425 1504 2461 terreat,
1530 2422 1580 2454 vel
1615 2421 1715 2454 victus
1742 2421 1844 2453 suavi-

327 2469 391 2501 turi
417 2476 509 2511 sunt;
536 2470 622 2504 inter
647 2471 739 2504 illum
765 2477 870 2505 autem
897 2477 928 2504 et
949 2482 1063 2515 expro-
1106 2478 1170 2506 tate
1196 2484 1261 2506 non
1287 2472 1422 2513 adeat⁴³·,
1449 2484 1533 2516 quae
1558 2474 1668 2507 omnia
1692 2474 1844 2507 similiter

326 2528 490 2555 curatores
504 2525 673 2566 generales
689 2524 851 2558 Romanae
869 2525 980 2558 Curiae
999 2535 1064 2558 ser·
1105 2526 1296 2569 provinciali
1322 2526 1481 2560 vicariove
1502 2527 1691 2570 provinciali
1712 2527 1842 2560 subiun-

363 2594 374 2619 1
395 2592 492 2619 Forsan
504 2595 686 2628 praedictum
704 2604 752 2630 pro
764 2605 819 2631 per
835 2597 941 2623 [It-'ctum
957 2597 993 2622 (rt-
1011 2596 1060 2631 T.).
1142 2599 1149 2622 t
1171 2598 1262 2623 Potius
1278 2597 1336 2631 lege
1356 2598 1560 2632 importunum
1579 2600 1616 2628 (n.
1633 2598 1681 2631 n).

362 2637 378 2663 2
399 2638 511 2665 Videtur
532 2639 673 2674 legendum
693 2644 799 2669 celeres
817 2644 853 2673 (κ.
876 2643 924 2675 Γ).
1138 2641 1154 2667 2
1174 2642 1286 2667 vittatus
1307 2642 1448 2678 legendum
1468 2643 1574 2669 audeat
1592 2645 1632 2678 (Β.
1648 2643 1698 2676 Τ.).
