2254 3225
199 190 247 216 An.
267 189 295 216 c.
317 188 382 215 1690
428 178 469 212 82

391 235 482 275 locis,
506 236 544 270 ad
571 246 653 279 quae
677 235 775 269 iidem
792 233 971 279 presbyteri
997 243 1055 276 per
1071 230 1127 264 Or-

393 288 535 322 dinarios
559 289 681 322 fuerint
704 289 743 321 ad
769 287 965 321 exercendas
1000 284 1127 317 missio-

391 352 449 375 nes
473 341 659 386 specialiter
679 340 811 380 evocati,
831 345 861 373 et
878 339 933 371 ubi
947 348 1013 371 non
1032 340 1127 369 erunt

392 394 590 428 missionarii
608 393 878 437 Congregationis
893 389 1127 424 venerabilium

392 448 527 481 fratrum
561 453 749 480 nostrorum
785 445 816 478 S.
843 445 881 478 R.
908 444 941 476 E.
981 441 1129 475 cardina-

391 501 472 534 lium
498 500 638 542 negotiis
664 498 892 542 propagandae
924 495 1013 528 Fidei
1038 503 1129 537 prae-

392 554 584 597 positorum,
610 563 645 585 ac
663 552 805 584 iniuncta
826 560 883 593 pro
902 548 996 582 modo
1013 547 1128 589 culpae

393 606 596 650 poenitentia
622 605 766 644 salutari,
792 603 927 646 aliisque
949 611 1029 644 quae
1065 601 1130 632 fue-

393 660 456 692 rint
481 659 689 701 iniungenda,
717 657 905 690 auctoritate
939 654 1127 697 apostolica,

394 718 505 746 tenore
530 711 760 756 praesentium,
786 709 1008 743 concedimus.

222 780 383 811 lndutvfntiain
439 767 453 809 ἓ
479 766 509 798 02.
538 765 722 803 Praeterea,
750 763 787 796 de
815 761 1048 804 omnipotentis
1074 759 1128 792 Dei

202 812 250 830 actu
282 807 385 827 tunsionis

202 841 239 862 μ..
255 840 317 853 unu-2
340 834 385 852 vice
396 818 618 852 misericordia
635 828 671 850 ac
700 817 868 849 beatorum
887 814 972 847 Petri
992 818 1023 846 et
1039 813 1129 846 Pauli

201 860 276 908 {hid
303 862 615 914 ⁸⁰¹’²⁰¹²'apostolorum
651 869 720 901 eius
763 868 954 901 auctoritaie
994 866 1128 907 contisi,

397 925 545 958 omnibus
588 929 620 956 et
657 923 790 965 singulis
828 921 1024 964 presbyteris
1065 924 1130 953 tam

396 977 500 1010 dictae
524 975 794 1018 Congregationis
820 985 915 1018 quam
945 973 991 1006 illi
1018 983 1130 1015 aggre-

396 1030 477 1073 gatis
502 1028 694 1072 praedictis,
722 1033 754 1060 ct
777 1027 847 1060 aliis
874 1026 1050 1066 mittendis,
1075 1025 1129 1059 ubi

395 1088 503 1115 tamen
521 1093 584 1115 non
604 1086 700 1114 erunt
718 1080 910 1112 missionarii
927 1079 1130 1123 supradictae

395 1133 660 1176 Congregationis
685 1133 723 1165 de
750 1132 961 1175 Propagauda
985 1132 1075 1172 Fide,
1101 1138 1131 1164 et

395 1187 466 1219 aliis
492 1186 658 1228 utriusque
680 1195 772 1217 sexus
790 1184 1071 1224 christifidelibus,
1092 1184 1130 1217 ad

395 1249 477 1282 quos
503 1238 564 1282 ipsi
590 1237 740 1270 mittendi
761 1237 968 1277 accesserint,
987 1242 1130 1270 nostram

395 1296 426 1325 et
450 1291 660 1334 apostolicam
682 1290 949 1323 benedictionem
968 1300 1026 1333 per
1044 1300 1132 1333 prae·

394 1349 503 1377 sentes
520 1343 733 1386 impertimus,
754 1353 894 1375 necnon
917 1342 1037 1375 eisdem
1057 1353 1131 1376 vere

394 1396 640 1440 poenitentibus
678 1401 709 1428 et
749 1395 923 1434 confessis,
965 1406 1001 1427 ac
1041 1397 1132 1428 sacra

395 1450 624 1483 communione
660 1449 802 1489 refectis,
830 1448 883 1491 qui
910 1459 970 1491 pro
1002 1454 1131 1480 sanetae

394 1503 556 1536 Romanae
591 1502 755 1535 Ecclesiae
790 1501 975 1545 praedictae
1014 1502 1132 1533 exalta-

394 1557 493 1596 tione,
517 1555 702 1599 principum
728 1555 979 1587 christianorum
1002 1554 1130 1594 unione,

394 1609 575 1642 infidelium
602 1607 824 1647 conversione,
844 1608 1017 1640 haeresum
1039 1608 1134 1640 extir-

394 1662 545 1705 patione,
571 1666 667 1704 prout
692 1660 866 1702 unicuique
892 1665 1047 1701 suggeret
1079 1660 1133 1692 de-

393 1715 490 1753 votio,
517 1714 586 1757 pias
611 1714 650 1746 ad
676 1713 776 1745 Deum
808 1723 920 1755 preces
947 1711 1131 1753 effuderint,

394 1767 572 1810 plenariam
599 1766 743 1798 omnium
768 1771 975 1808 peccatorum
1000 1776 1131 1798 suorum

396 1819 632 1862 indulgentiam
649 1824 680 1851 et
705 1818 940 1859 remissionem,
961 1829 1022 1861 pro
1039 1818 1132 1851 unica

396 1873 465 1905 vice
491 1877 671 1911 tant11m‚0t
695 1872 727 1903 in
753 1877 823 1904 actu
850 1871 1035 1914 praedictae
1061 1871 1133 1903 mis-

397 1925 510 1965 sionis,
534 1924 724 1957 auctoritate
751 1930 783 1957 et
809 1930 923 1957 tenore
948 1924 1130 1967 praedictis,

397 1978 601 2012 concedimus
626 1982 656 2011 et
681 1978 867 2021 elargimur.
888 1979 1062 2011 llortantes
1082 1989 1133 2011 ve-

397 2032 559 2065 nerabiles
586 2032 697 2065 fratres
722 2032 932 2074 patriarchas,
965 2032 1130 2074 primates,

398 2085 654 2128 archipiscopos,
679 2085 848 2128 episcopos
873 2091 905 2117 et
929 2084 1010 2117 alios
1033 2085 1132 2117 eccle·
1153 2079 1154 2115 ἶ

399 2138 515 2170 siarum
543 2138 715 2180 praelatos,
735 2143 885 2177 rectores,
913 2148 949 2170 ac
966 2137 1055 2171 verbi
1077 2137 1131 2170 Dei

398 2190 651 2234 praedicatores,
675 2195 708 2222 ut
743 2191 774 2222 in
809 2191 875 2223 suis
911 2191 1046 2234 quisque
1083 2202 1133 2223 ec-

399 2243 513 2283 clesiis,
529 2254 601 2276 curn
627 2245 768 2287 populus
795 2244 1000 2287 frequentior
1025 2244 1131 2284 fuerit,

400 2300 589 2338 praesentes
615 2295 739 2328 litteras
766 2301 797 2329 et
816 2297 924 2329 omnia
942 2296 1036 2330 ineis
1056 2307 1133 2329 con-

399 2354 488 2380 tenta
513 2348 680 2391 publicent
705 2354 735 2381 et
759 2350 917 2392 publicari
944 2349 1067 2389 faciant,
1098 2360 1133 2382 ac

401 2411 528 2434 omnem
555 2401 673 2434 eisdem
706 2403 904 2445 preshyteris
936 2408 966 2435 et
991 2403 1062 2436 aliis
1089 2403 1133 2436 fa-

400 2464 511 2486 vorem
536 2459 568 2485 et
592 2454 741 2486 auxilium
767 2455 797 2486 in
824 2456 1011 2498 praemissis
1040 2467 1131 2499 prae-

400 2513 495 2539 stent.
523 2507 751 2540 Praesentibus
771 2508 809 2540 ad
832 2509 1037 2552 septennium
1065 2514 1132 2542 tan-

402 2564 465 2593 tum
491 2559 642 2593 valituri5.

968 182 1144 209 Bt‘LLARImt
1169 181 1186 204 R
1192 180 1233 204 OM
1239 180 1322 205 ANUM

1503 208 1507 209 ⁷
1560 201 1562 204 ,
1687 204 1691 207 ,
1909 176 1959 203 An.
1981 176 2010 203 c.
2032 177 2098 204 iar-0

1213 229 1228 272 ἓ
1249 228 1279 262 3.
1300 227 1456 260 Volumus
1475 229 1634 259 autem‘ut
1651 225 1794 269 ipsarum
1811 235 1905 269 prae·
1950 241 2098 268 Trmnmmo-

1169 280 1310 314 sentium
1341 278 1568 322 transumptis,
1595 279 1690 311 etiam
1719 279 1902 322 impressis,
1915 273 1960 289 '⁰¹¹²
1977 270 2036 289 Μ’·

1169 343 1264 365 manu
1284 331 1420 365 alicuius
1440 330 1558 364 notarii
1575 331 1707 374 publici,
1723 341 1778 364 seu
1800 332 1903 365 dictae

1170 385 1438 428 Congregationis
1459 383 1619 417 Missionis
1641 385 1804 417 secretarii
1830 385 1904 418 sub-

1171 438 1312 481 scriptis,
1340 442 1371 471 et
1395 437 1504 480 sigillo
1522 447 1683 481 personae
1700 438 1734 470 in
1752 438 1904 471 ecclesia-

1171 492 1252 524 stica
1276 491 1435 534 dignitate
1459 491 1653 524 constitutae
1679 501 1735 523 seu
1761 491 1905 525 eiusdem

1171 544 1429 586 Congregatione
1458 543 1604 584 munitis,
1632 543 1744 576 eadem
1770 554 1904 586 prorsus

1171 598 1250 630 tides
1276 597 1444 638 habeatur,
1464 607 1545 640 quae
1566 596 1796 640 praesentibus
1814 597 1906 630 adhi-

1171 652 1304 684 beretur
1319 651 1344 684 si
1366 651 1473 683 forent
1489 650 1654 683 exhibitae
1675 651 1726 683 vel
1743 655 1904 683 ostensae.

1215 704 1327 736 Datum
1353 704 1480 744 Romae,
1499 703 1584 745 apud
1609 703 1637 736 S.
1659 703 1790 736 Mariam
1815 703 1907 736 Maio-

1172 767 1249 797 rem,
1269 756 1329 789 sub
1356 757 1475 790 annulo
1502 755 1687 796 Piscatoris,
1710 756 1761 789 die
1782 766 1800 788 v
1819 761 1907 789 octo-

1172 809 1249 849 bris,
1275 818 1394 849 nncxc,
1420 809 1627 852 pontificatus
1652 809 1755 841 nostri
1782 818 1866 842 anno
1880 819 1902 842 1.

1208 872 1266 900 Dat.
1284 872 1328 900 die
1342 873 1359 901 5
1374 872 1492 900 octobris
1510 872 1586 907 1090,
1604 871 1697 908 pontif.
1720 879 1791 899 anno
1806 877 1825 899 1.

1391 994 1511 1027 xxvut
1536 993 1594 1036 (αι.
1617 992 1685 1037 27).

1174 1064 1395 1107 Confirmatur
1425 1063 1585 1096 decretum
1619 1063 1802 1097 cardinalis
1834 1075 1909 1109 pro-

1218 1119 1344 1151 {eastris
1379 1128 1475 1160 super
1499 1118 1724 1150 controversiis
1756 1117 1794 1149 de
1827 1118 1909 1150 resi-

1215 1172 1327 1204 dentia?
1365 1171 1540 1214 qeneralz's‚
1578 1171 1643 1204 loco
1680 1170 1908 1213 capitulorum,

1217 1224 1359 1268 aliisque
1385 1225 1471 1256 inter
1494 1224 1673 1267 ycneralem
1700 1228 1729 1256 et
1753 1223 1912 1267 quosdam

1217 1278 1385 1320 retiqiosos
1422 1277 1557 1310 Ordinis
1595 1277 1634 1310 B.
1677 1276 1815 1309 Ioannis
1850 1276 1911 1309 Dei

1219 1331 1486 1374 Conyreyalz'onis
1511 1330 1715 1373 Hispaniae¹.

1363 1401 1531 1428 Alexander
1546 1401 1624 1434 Papa
1644 1401 1722 1433 vm,

1316 1448 1351 1473 ad
1371 1446 1505 1472 futuram
1525 1445 1571 1472 rei
1591 1446 1769 1472 memoriam.

1219 1500 1233 1542 g
1251 1499 1280 1532 1.
1301 1499 1420 1542 Nuper,
1434 1509 1494 1542 pro
1512 1502 1600 1542 parte
1616 1498 1811 1532 dilectorum
1830 1498 1910 1532 fitio—
1947 1510 2105 1531 messmam:-

1922 1542 1965 1558 Futn
1983 1541 2105 1557 coutrover-

1175 1562 1245 1584 rum
1264 1552 1410 1584 moderni
1437 1551 1615 1594 superioris
1642 1552 1805 1594 generalis
1830 1552 1910 1585 Con·
1921 1563 1998 1609 sapum
2011 1564 2105 1593 comme

1176 1605 1374 1647 greg-ationis
1404 1604 1579 1647 Hispaniae
1607 1604 1735 1638 Ordinis
1761 1606 1795 1638 B.
1823 1590 2104 1643 ioan-{ffutue'titssiif'mu

1176 1658 1225 1690 nis
1251 1658 1317 1698 Dei,
1336 1669 1371 1690 ac
1398 1657 1557 1690 Francisci
1584 1658 1702 1691 Pretell
1728 1663 1759 1691 et
1778 1658 1909 1691 Franci-

1176 1710 1218 1743 sci
1241 1711 1372 1743 Alvarez
1390 1711 1428 1743 de
1448 1710 1592 1743 Azevedo
1608 1711 1742 1743 fratrum
1757 1721 1909 1755 expresse

1176 1763 1396 1806 professorum
1430 1763 1665 1806 provinciarum
1693 1763 1851 1797 Castellae
1879 1770 1910 1797 et

1176 1817 1392 1858 portugalliae
1419 1817 1521 1849 dictae
1546 1816 1828 1858 Congregassonis,
1853 1828 1911 1850 no-

1175 1871 1225 1903 bis
1248 1870 1426 1912 expositum
1445 1869 1512 1909 fuit,
1532 1870 1616 1912 quod
1637 1870 1721 1912 (cum
1736 1870 1814 1902 alias
1833 1881 1911 1903 non-

1176 1924 1283 1956 nullae
1309 1922 1549 1955 controversiae
1576 1923 1660 1955 inter
1685 1923 1834 1956 eumdem
1859 1934 1911 1956 su-

1175 1976 1340 2019 periorem
1367 1977 1554 2017 generalem
1580 1986 1616 2008 ex
1641 1978 1715 2015 una,
1743 1986 1779 2008 ac
1805 1976 1909 2009 dictos

1153 2054 1154 2059 ,
1175 2029 1386 2061 Franciseum
1427 2029 1465 2060 de
1502 2028 1619 2061 Pretell
1645 2034 1677 2061 et
1701 2028 1909 2062 Franciseum

1176 2083 1305 2114 Alrarez
1331 2082 1369 2114 de
1395 2081 1551 2121 Amr-edo,
1582 2087 1644 2113 tam
1663 2082 1796 2124 proprio
1815 2092 1910 2124 quam

1175 2134 1399 2178 saecun-aterio
1424 2134 1555 2167 nomine
1571 2134 1763 2167 dilectorum
1788 2135 1911 2177 pariter

1175 2188 1315 2222 filiorum
1353 2188 1437 2220 Petri
1478 2187 1663 2220 Fcrnandez
1700 2187 1739 2219 de
1779 2187 1908 2230 Arnon,

1176 2240 1361 2284 Hieronymi
1388 2239 1534 2273 Bacherii
1561 2244 1592 2272 et
1617 2240 1755 2272 aliorum
1777 2240 1910 2273 fratrum

1214 2348 1221 2374 l
1246 2347 1406 2374 Confirmata
1426 2345 1501 2372 fuere
1531 2344 1639 2371 decreta
1668 2344 1805 2371 cuiusdam
1834 2345 1908 2380 capi-

1176 2393 1223 2419 tuli
1242 2390 1394 2418 intermedii
1415 2389 1448 2416 ab
1478 2389 1632 2415 innocentio
1662 2389 1695 2415 xt
1726 2393 1825 2415 constzt
1864 2389 1907 2417 ed.

1176 2442 1344 2466 rinctxxxw,
1374 2436 1417 2461 die
1449 2435 1478 2460 17
1508 2434 1623 2467 augusti,
1655 2433 1748 2468 pontif.
1777 2440 1808 2465 x;
1839 2439 1865 2460 et
1893 2443 1909 2461 a

1174 2482 1310 2508 Clemente
1330 2479 1360 2506 M
1383 2483 1521 2505 revocatae
1540 2478 1780 2504 conventualitates
1799 2479 1904 2505 constit.

1175 2526 1217 2553 ed.
1238 2531 1336 2552 nocem
1359 2523 1442 2559 (mate
1464 2523 1528 2549 edit.
1544 2522 1623 2548 Malu.
1640 2522 1713 2557 legit.
1729 2523 1908 2558 noemma)

1174 2571 1217 2598 die
1240 2570 1270 2597 10
1289 2568 1361 2602 maii,
1383 2566 1475 2603 pontif.
1497 2572 1536 2593 ιιι.
