2227 3225
110 248 160 274 nn.
179 246 208 274 C.
228 246 296 274 ¹689

150 1509 213 1530 Fides
238 1512 293 1530 tran-

110 1540 247 1562 sumptorum.

303 297 341 330 de
367 307 431 329 non
456 295 676 329 concedendis
701 294 913 337 indulgentiis
939 294 976 326 ad
999 294 1042 325 iu-

302 355 382 391 star,
399 360 434 383 ac
451 360 728 393 quorumcumque
743 348 898 381 Ordinum
917 353 947 381 et
965 358 1043 380 con-

303 402 540 446 gregationum,
567 402 633 435 sive
663 402 885 435 institutorum
918 401 1044 443 regula-

296 456 395 496 rium,
432 456 528 489 etiam
562 455 767 495 iuramento,
798 454 1043 488 confirmatione

291 510 495 553 ‘apostoliam
516 511 565 543 vel
591 509 877 554 quavistirmitate
904 508 964 541 alia
992 518 1044 540 ro-

295 551 434 604 'boi-atis,
451 563 579 596 statutis
605 568 636 596 et
661 561 967 602 consuetudinibus,
984 561 1044 604 pri-

294 614 430 660 }vilegiis
455 627 596 660 quoque,
622 616 754 649 indultis
780 621 811 648 et
835 615 950 648 litteris
969 625 1044 657 apo-

302 670 436 709 stolicis,
461 669 581 702 eisdem
603 669 787 708 Ordinibus,
815 667 1044 710 congregatio-

304 723 398 755 nibus
425 727 457 756 et
481 721 646 761 institutis,
671 721 868 764 illorumque
893 719 1043 763 personis

304 775 555 819 quomodolibet
585 774 769 813 concessis,
796 773 983 816 approbatis
1012 778 1044 805 et

302 829 485 868 innovatis,
513 828 628 871 quibus
653 827 804 860 omnibus
830 831 862 859 et
886 826 1039 868 singulis,

304 881 428 914 etiamsi
454 882 493 914 de
529 880 592 913 illis
617 890 795 923 eorumque
822 879 899 912 totis
925 878 1044 911 tenori-

302 935 362 967 bus
387 933 551 977 specialis‚
578 932 738 976 specifica,
765 942 916 976 expressa
941 937 971 964 et
996 931 1044 963 in-

303 987 441 1027 dividua,
465 997 531 1020 nou
553 991 658 1019 autem
684 996 745 1029 per
769 986 930 1018 clausulas
951 995 1044 1027 gene-

302 1041 387 1073 rales
423 1040 509 1073 idem
545 1039 787 1083 importantes,
825 1038 948 1072 mentio
985 1048 1043 1070 seu

303 1092 435 1136 quaevis
459 1093 522 1125 alia
547 1092 713 1136 expressio
739 1092 890 1125 habenda
918 1096 972 1124 aut
989 1091 1045 1124 ali-

303 1156 366 1189 qua
383 1145 445 1178 alia
463 1145 622 1188 exquisita
637 1145 738 1178 forma
752 1145 790 1178 ad
807 1145 870 1177 hoc
888 1144 1045 1176 servanda

305 1200 397 1239 soret,
419 1199 549 1232 illorum
576 1204 707 1231 tenores
734 1198 961 1241 praesentibus
987 1208 1045 1240 pro

304 1251 501 1284 sufficienter
521 1251 693 1294 expressis,
721 1261 756 1283 ac
782 1250 915 1283 sormam
942 1250 975 1282 in
1000 1250 1045 1282 eis

306 1304 456 1337 traditam
480 1314 540 1348 pro
565 1306 693 1336 servata
711 1304 880 1341 habentes
900 1303 960 1335 hac
978 1303 1044 1335 vice

303 1357 511 1400 specialiter,
538 1357 726 1389 nominatim
764 1361 796 1388 et
827 1366 980 1399 expresse
1006 1356 1044 1388 ad

305 1410 455 1444 effectum
482 1410 734 1454 praemissorum
760 1410 968 1452 derogamus3
995 1419 1046 1441 ce-

304 1464 447 1508 terisque
476 1464 646 1498 contrariis
671 1463 939 1507 quibuscumque.

349 1517 364 1560 ἓ
378 1517 409 1550 7.
425 1517 464 1550 Ut
481 1522 588 1550 autem
601 1521 792 1560 praesentes
807 1521 946 1556 nostrae,
962 1526 1043 1558 quae

304 1569 345 1602 ad
368 1569 496 1612 singula
520 1571 590 1603 loca
611 1569 730 1602 deferri
750 1579 815 1602 non
835 1574 980 1612 possunt,
1006 1568 1043 1601 ad

304 1622 449 1656 omnium
469 1622 617 1656 notitiam
641 1622 762 1655 facilius
788 1621 971 1661 deveniant,
990 1632 1045 1654 vo-

304 1676 411 1708 lumus
436 1681 472 1708 ut
495 1675 683 1708 earumdem
708 1675 931 1718 praesentium
962 1680 1044 1708 tran-

304 1729 449 1772 sumptis,
474 1729 524 1762 vel
550 1729 718 1772 exemplis,
743 1729 839 1761 etiam
864 1728 1042 1771 impressis,

305 1792 404 1814 manu
430 1781 564 1814 alicuius
588 1781 709 1814 notarii
740 1781 863 1824 publici
896 1781 1041 1814 subscri-

306 1833 382 1876 ptis,
400 1839 433 1866 et
452 1834 560 1875 sigillo
578 1844 739 1876 personae
766 1833 797 1866 in
824 1834 1046 1867 ecclesiastica

307 1886 465 1928 dignitate
482 1885 675 1919 constitutae
693 1886 838 1926 munitis,
860 1887 982 1930 ubique
1000 1888 1047 1920 lo-

307 1950 416 1972 corum
442 1945 474 1972 et
498 1939 643 1982 gentium
669 1940 783 1972 eadem
809 1950 942 1982 prorsus
965 1940 1045 1972 fides

307 1992 475 2032 habeatur,
496 2002 578 2034 quae
602 1992 778 2025 haberetur
795 1992 873 2035 ipsis
897 2003 1048 2036 praesen—

306 2045 393 2077 tibus
412 2045 439 2077 si
460 2045 566 2078 forent
584 2045 749 2078 exhibitae
767 2046 818 2078 vel
835 2051 1000 2078 ostensae.

350 2097 464 2130 Datum
489 2098 623 2137 Romae,
650 2098 736 2141 apud
761 2097 792 2130 S.
826 2098 958 2131 Mariam
984 2099 1047 2131 Ma-

307 2150 422 2189 iorem,
461 2150 523 2182 sub
558 2151 679 2183 annulo
708 2150 897 2190 piscatoris,
933 2151 985 2184 die
1015 2162 1046 2184 xx

306 2203 490 2236 decembris
508 2213 696 2245 MDCLxxmx,
714 2204 918 2247 pontificatus
944 2206 1046 2238 nostri

307 2266 392 2289 anno
418 2266 440 2289 L

340 2317 403 2345 Dat.
423 2317 467 2346 die
482 2318 512 2346 11
532 2318 684 2346 decembris
703 2319 781 2354 1689,
797 2319 895 2355 pontis.
912 2327 984 2348 auno
1000 2326 1018 2346 1.

658 2477 693 2510 V.

309 2572 527 2616 Confirmatitr
543 2575 730 2608 constitutio
749 2573 920 2609 Clementis
936 2575 986 2607 IX
1010 2573 1048 2607 de

350 2637 413 2659 non
436 2627 583 2670 eliyendo
608 2629 641 2660 in
665 2628 810 2660 abbatem
832 2628 967 2662 Ordinis
997 2628 1043 2661 Ci-

891 245 1076 269 ALEXANDER
1102 245 1156 268 vni
1181 244 1229 268 pr.
1739 233 1774 270 tt

1127 293 1307 326 sterciensis
1331 293 1475 338 aliquem
1500 304 1564 327 non
1584 305 1727 338 expresse
1748 307 1824 340 pro-

1127 346 1249 388 fessum
1274 345 1295 378 ¹.

1281 438 1448 465 Alexander
1468 438 1546 472 Papa
1565 439 1640 471 vm,

1223 483 1259 508 ad
1275 482 1409 508 futuram
1428 483 1473 509 rei
1493 484 1678 509 memoriam.

1829 249 1877 273 in.
1895 248 1923 274 c.
1949 244 2012 276 ¹835

1129 561 1278 594 Debitum
1299 562 1473 605 pastoralis
1497 562 1606 602 officii,
1633 574 1698 606 quo
1724 563 1827 598 Eccle·
1863 577 1980 599 Exordium.

1087 614 1154 647 siae
1172 614 1357 647 Catholicae
1383 616 1534 657 regimini
1561 615 1668 648 divina
1686 617 1826 660 disposi-

1087 666 1173 699 tione
1194 668 1429 710 praesidemus,
1448 678 1508 700 nos
1527 669 1692 709 admonet,
1710 675 1745 702 ut
1760 670 1825 710 illa,

1086 731 1168 763 quae
1189 731 1206 752 a
1232 720 1382 753 Romanis
1402 721 1612 754 Pontificibus
1636 723 1828 765 praedeces-

1086 773 1214 806 soribus
1238 774 1358 806 nostris
1376 784 1435 817 pro
1454 775 1572 807 salubri
1598 775 1827 818 religiosorum

1086 825 1228 858 virorum
1253 826 1409 859 Altissimi
1441 827 1608 871 obsequiis
1643 829 1701 861 sub
1737 824 1832 862 suavi*

1087 879 1169 911 vitae
1188 880 1385 912 monasticae
1404 880 1479 923 iugo
1497 881 1753 924 mancipatorum
1781 882 1827 916 di-

1087 932 1231 965 rectione
1257 938 1288 965 et
1313 934 1473 976 gubernio
1492 935 1625 977 provide
1651 936 1827 969 constituta

1087 996 1157 1018 esse
1183 985 1428 1028 dignoscuntur,
1459 997 1523 1030 quo
1549 987 1686 1021 solidius
1711 999 1827 1032 peren-

1087 1044 1176 1077 nent,
1201 1050 1271 1072 cum
1297 1039 1327 1072 id
1353 1050 1369 1072 a
1386 1040 1481 1072 nobis
1507 1041 1639 1083 petitur,
1657 1042 1825 1084 apostolici

1086 1093 1272 1126 muniminis
1296 1093 1399 1126 nostri
1424 1093 1590 1136 praesidio
1620 1095 1827 1128 constabilia-

1088 1157 1172 1179 mus.

1132 1199 1146 1241 ξ
1171 1200 1202 1232 t.
1226 1200 1312 1233 Alias
1339 1200 1502 1243 siquidem
1528 1207 1718 1235 emanarunt
1742 1213 1759 1235 a
1784 1203 1828 1236 se-

1089 1252 1157 1284 licis
1176 1253 1411 1285 reeordationis
1428 1253 1591 1287 Clemente
1610 1255 1718 1287 Falx
1736 1267 1828 1299 prae-

1088 1306 1262 1338 decessore
1282 1312 1391 1339 nostro
1412 1307 1539 1340 litterae
1557 1308 1588 1340 in
1608 1308 1702 1341 simili
1725 1310 1827 1342 forma

1088 1359 1196 1392 Brevis
1222 1359 1343 1391 tenoris
1369 1360 1423 1401 qui
1449 1361 1612 1402 sequitur,
1639 1361 1812 1395 videlicet:

1280 1411 1424 1445 Clemens
1449 1413 1544 1455 Papa
1570 1413 1631 1453 IX,

1179 1464 1222 1497 ad
1244 1469 1435 1508 perpetuam
1460 1466 1509 1497 rei
1532 1467 1734 1500 memoriani.

1131 1517 1165 1550 ln
1183 1518 1312 1551 sublimi
1331 1518 1420 1551 Sedis
1438 1519 1641 1562 Apostolicae
1660 1521 1742 1554 solio
1761 1532 1826 1555 me-

1089 1571 1158 1605 ritis
1184 1571 1261 1604 lieet
1281 1571 1460 1614 imparibus
1486 1572 1593 1605 divina
1617 1573 1828 1617 dispositione

1088 1625 1264 1663 constituti,
1294 1635 1453 1667 prospero
1487 1625 1639 1669 felicique
1672 1627 1828 1661 Ordinum

1087 1677 1354 1717 monasticorum,
1384 1678 1436 1720 qui
1471 1678 1526 1711 Dei
1556 1679 1731 1712 Ecclesiam
1762 1681 1829 1713 lau-

1089 1731 1204 1764 dabilis
1230 1731 1484 1764 conversationis
1509 1731 1646 1775 aliisque
1668 1733 1828 1776 multipli-

1088 1784 1176 1816 cibus
1194 1784 1317 1816 meritis
1336 1790 1504 1823 exornant,
1524 1785 1617 1817 statui
1640 1791 1736 1828 atque
1755 1797 1828 1818 con-

1089 1837 1265 1869 servationi
1284 1837 1426 1869 libenter
1451 1838 1664 1877 consulimus,
1689 1838 1770 1870 sicut
1795 1839 1827 1871 in

1088 1889 1226 1922 Domino
1244 1889 1419 1922 salubriter
1439 1889 1593 1932 expedire
1616 1891 1825 1923 arbitramur.

1089 1943 1212 1985 Exponi
1237 1943 1397 1985 siquidem
1430 1943 1524 1976 nobis
1550 1953 1652 1986 nuper
1680 1944 1757 1976 fecit
1781 1944 1829 1976 di-

1090 1997 1189 2028 lectus
1217 1995 1302 2028 silius
1332 2002 1526 2038 procurator
1551 1997 1712 2039 generalis
1737 1996 1830 2030 Ordi-

1090 2049 1138 2081 nis
1163 2049 1394 2089 Cisterciensis,
1424 2050 1519 2093 quod,
1550 2060 1621 2082 cum
1652 2050 1755 2083 felicis
1782 2061 1831 2083 re-

1090 2102 1290 2136 cordationis
1315 2103 1496 2135 Alexander
1513 2103 1598 2146 Papa
1617 2103 1667 2135 Vll
1691 2104 1829 2146 praede-

1089 2166 1196 2188 cessor
1221 2161 1331 2188 noster
1356 2166 1416 2198 per
1440 2156 1593 2198 quasdam
1630 2167 1704 2189 suas
1731 2157 1762 2188 in
1788 2157 1830 2189 si-

1089 2209 1156 2241 mili
1185 2208 1285 2241 forma
1312 2208 1421 2241 Brevis
1447 2209 1540 2241 Decet
1566 2209 1616 2242 die
1641 2220 1690 2243 xlx
1716 2210 1827 2252 aprilis

1088 2272 1228 2296 unetxw
1255 2272 1355 2305 super
1374 2262 1604 2295 reformatione
1623 2263 1768 2304 generali
1786 2263 1829 2295 di-

1089 2317 1130 2348 cti
1159 2315 1285 2348 Ordinis
1307 2321 1470 2348 emanatas
1498 2315 1622 2348 litteras
1653 2315 1738 2348 inter
1767 2316 1830 2348 alia

1089 2368 1305 2412 prohibuerit,
1341 2379 1381 2401 ne
1417 2368 1502 2401 ullus
1539 2368 1571 2400 in
1605 2373 1772 2411 posterum
1794 2368 1828 2400 in

1089 2423 1239 2455 abbatem
1276 2422 1465 2464 generalem
1501 2421 1630 2454 Ordinis
1671 2420 1829 2465 praedicti

1124 2503 1135 2529 1
1159 2502 1278 2530 Laudata
1298 2502 1455 2530 constitutio
1469 2501 1615 2529 Clementis
1630 2500 1661 2527 IX
1681 2500 1724 2527 hic
1744 2500 1829 2526 reser-

1091 2552 1143 2581 tur,
1164 2548 1189 2574 in
1210 2556 1262 2582 qua
1290 2547 1318 2574 tit
1338 2547 1437 2574 mentio
1463 2546 1599 2574 constitut.
1620 2544 1761 2572 Alexandri
1781 2544 1828 2570 Vll

1089 2600 1170 2627 super
1204 2592 1311 2618 Ordinis
1344 2592 1551 2622 reformatione,
1582 2598 1651 2626 quae
1680 2590 1750 2616 edita
1778 2588 1829 2615 suit

1091 2643 1214 2669 uncum,
1235 2636 1277 2663 die
1300 2637 1332 2663 19
1351 2636 1452 2671 aprilis,
1475 2635 1570 2671 pontif.
1592 2641 1637 2661 xu.

1896 1210 2022 1232 Cnnsli'ntto

1838 1238 1949 1259 Clementis
1965 1239 1997 1259 ΙᾸ.
