2254 3225
240 296 292 324 An.
309 295 339 325 c.
361 294 430 323 1700
476 285 540 319 920

434 354 493 378 seu
526 344 665 388 quilibet
700 344 853 385 curialis,
889 349 944 377 aut
980 345 1179 388 quicumque

434 398 525 438 alius,
552 403 587 430 ut
611 409 719 441 supra,
738 399 777 432 ad
798 398 934 441 gratiam
952 399 1004 431 vel
1022 398 1177 431 iustitiam

434 451 467 484 in
493 451 638 484 Romana
663 451 757 485 Curia
782 452 1025 495 impetrandam
1053 456 1178 484 utcum-

434 515 496 548 que
522 505 718 548 deputatus,
746 504 874 537 etiamsi
909 504 1151 537 ecclesiasticus
1168 530 1176 544 ,

434 558 612 591 saecularis
628 584 635 597 ,
659 568 717 590 seu
750 557 889 590 cuiusvis
915 557 1055 589 instituti
1081 556 1178 589 etiam

434 611 621 644 necessario
636 610 841 653 exprimendi
857 610 1028 652 regularis,
1046 610 1178 643 notulas

435 676 491 698 seu
509 664 600 698 listas
624 663 768 696 omnium
789 667 821 696 et
841 663 1040 705 singularum
1060 673 1179 705 expen-

434 728 552 758 sarum,
567 716 696 760 quoties
715 727 769 749 eas
781 716 1018 759 principalibus
1038 726 1094 748 seu
1109 725 1179 748 cor-

435 769 680 814 responsalibus
705 774 794 802 extra
819 769 948 803 Curiam
968 768 1177 809 transmittet,

435 828 583 857 teneatur
617 823 752 867 propria
776 833 871 855 manu
897 822 1122 863 subscribere;
1148 828 1179 856 et

434 876 650 910 nihilominus
676 882 748 919 post
766 875 889 918 gratiae
907 886 966 908 seu
983 886 1099 908 causae
1118 885 1178 919 per

434 930 639 971 sententiam,
654 930 704 963 vel
722 929 889 963 decretum
910 929 972 962 vim
997 929 1177 962 sententiae

434 985 558 1018 habens
575 1012 582 1025 ,
603 990 657 1017 aut
681 994 742 1027 per
765 984 961 1027 rescriptum
986 983 1019 1016 in
1045 983 1178 1027 quibus-

434 1049 573 1081 cumque
598 1038 816 1071 tribunalibus
845 1036 1099 1080 expeditionem,
1127 1037 1177 1070 vel

434 1101 683 1135 quamcumque,
702 1090 891 1131 concordia,
919 1090 1176 1130 renunciatione,

434 1151 537 1178 morte
563 1145 764 1188 principalis,
784 1150 839 1178 aut
859 1145 923 1178 alia
947 1144 1059 1188 quavis
1084 1145 1178 1177 causa

434 1199 608 1239 mediante,
636 1198 863 1239 cessationem,
890 1197 1033 1241 exceptis
1059 1197 1179 1229 dumta-

434 1257 487 1284 xat
512 1251 671 1294 negotiis,
698 1261 780 1294 quae
803 1251 834 1283 in
860 1250 1006 1284 eiusdem
1031 1249 1062 1282 S.
1083 1250 1120 1282 R.
1140 1249 1175 1282 E.

435 1304 649 1338 cardinalium
675 1315 733 1337 seu
759 1304 830 1337 aliis
864 1303 1176 1346 congregationibus

436 1363 524 1390 extra
550 1358 671 1398 solium,
693 1363 728 1390 ut
753 1363 881 1395 vocant,
908 1357 1020 1400 perlici
1047 1348 1176 1397 solent,

434 1411 595 1454 integram
621 1411 765 1444 omnium
783 1416 813 1444 et
834 1411 1035 1453 singularum
1058 1420 1177 1453 expen-

435 1475 544 1497 sarum
569 1475 628 1507 per
652 1475 684 1497 se
704 1466 753 1497 vel
778 1475 837 1507 per
863 1463 942 1497 alios
968 1464 1001 1496 in
1027 1469 1095 1497 toto
1121 1474 1178 1497 ne-

436 1518 514 1561 gotii
552 1518 692 1551 decursu
732 1517 889 1550 factarum
931 1518 1099 1558 notulam,
1138 1517 1177 1550 iis

436 1571 533 1604 etiam
550 1569 708 1613 repetitis,
730 1581 813 1613 quae
832 1570 864 1602 in
890 1570 962 1603 aliis
976 1570 1096 1602 notulis
1115 1570 1179 1603 sor·
1199 1586 1201 1597 ι

436 1634 494 1657 san
523 1628 557 1656 ut
581 1633 678 1667 supra
703 1623 900 1656 transmissis
918 1623 1176 1663 continebantur,

437 1683 535 1722 atque
562 1677 658 1710 etiam
677 1688 833 1710 summam
858 1682 977 1710 certam
996 1687 1054 1720 pro
1075 1677 1179 1710 liono-

436 1731 529 1764 rariis
554 1731 614 1764 sibi
637 1731 766 1772 debitis,
786 1741 914 1764 necnon
940 1741 1054 1764 omnes
1078 1740 1177 1773 pecu-

436 1785 504 1818 nias
530 1796 547 1817 a
573 1784 808 1828 principalibus
840 1794 898 1816 seu
926 1783 1201 1826 cor1¹esponsali-,

435 1839 497 1871 bus
523 1848 562 1871 eo
587 1847 692 1880 usque
714 1837 852 1877 liabitas,
870 1838 955 1870 clare
974 1842 1006 1869 et
1026 1836 1177 1869 distincte

436 1891 554 1924 iterum
572 1890 703 1934 propria
727 1901 824 1923 manu
849 1890 1068 1930 subscribere,
1090 1890 1177 1922 etad

436 1944 538 1978 dictos
574 1944 773 1988 principales
814 1954 870 1977 seu
910 1944 1177 1987 corresponsales

437 1997 671 2038 transmittere,
702 1997 837 2041 eiusque
862 1997 990 2040 copiam
1016 1997 1176 2040 integram

436 2056 467 2085 et
503 2051 701 2084 uniformem
737 2050 933 2083 intitulatam
969 2049 1178 2093 duplicatum

435 2110 531 2138 notae
557 2104 670 2137 similis
697 2103 905 2137 transmissae
924 2103 956 2136 in
974 2103 1120 2146 partibus
1139 2103 1177 2136 ad

436 2159 532 2191 talem
558 2157 775 2201 principalem
812 2168 869 2190 seu
896 2157 1178 2200 corresponsalem

435 2212 558 2256 pariter
576 2211 711 2255 propria
731 2221 829 2244 manu
848 2211 1076 2254 subscriptam,
1094 2211 1179 2244 intra

437 2270 501 2299 tres
521 2275 649 2298 menses
669 2275 686 2298 a
707 2265 759 2298 die
785 2264 1001 2308 expeditionis
1030 2275 1088 2297 seu
1110 2275 1179 2298 sen-

437 2319 556 2353 tentiae
574 2318 764 2352 cessationis
783 2319 907 2361 negotii
926 2319 1175 2362 computandos,

436 2372 562 2406 notario
588 2383 705 2406 causae
730 2373 779 2406 vel
804 2372 932 2407 officiali
959 2373 999 2406 ad
1024 2374 1112 2406 hunc
1133 2372 1179 2406 es-

436 2427 556 2460 sectum
573 2426 604 2459 in
620 2426 878 2470 quibuscumque
893 2427 1016 2470 gratiae
1036 2426 1179 2459 tribuna-

435 2480 519 2512 libus
544 2479 729 2523 specialiter
751 2479 936 2523 deputando
961 2479 1071 2523 reipsa
1088 2479 1179 2513 exhi-

436 2534 516 2567 bere
542 2538 574 2566 et
597 2533 809 2576 consignare,
836 2533 944 2566 soluta
969 2533 1075 2566 eidem
1100 2543 1178 2567 con-

437 2588 516 2629 grua
540 2587 707 2627 mercede,
733 2586 860 2619 ratione
886 2585 1006 2619 laboris
1033 2592 1176 2627 tantum,

435 2649 497 2683 per
518 2639 706 2682 deputatam
725 2650 742 2672 a
766 2639 862 2672 nobis
882 2638 1178 2681 Congregationem

437 2693 591 2735 taxanda,
618 2693 657 2727 de
687 2692 835 2738 pecuniis
860 2692 1092 2737 principalium
1116 2704 1178 2738 pro

1007 296 1187 320 BULLARIUM
1211 295 1366 320 ROMANUM

1222 355 1361 388 quorum
1400 344 1611 379 indemnitate
1647 345 1679 379 id
1716 345 1846 388 agitur,
1876 345 1962 378 ultra

1200 414 1202 442 v,
1223 409 1319 441 quam
1344 399 1405 431 sub
1424 399 1538 442 poenis
1556 399 1772 442 infrascriptis
1798 398 1881 432 nihil
1899 409 1962 432 am-

1200 445 1306 494 ³plius
1333 452 1481 495 accipere
1506 452 1622 493 liceat3
1649 452 1710 496 ipsi
1735 462 1814 485 vero
1839 451 1959 485 notarii

1222 510 1254 536 et
1275 505 1428 537 officiales
1454 505 1601 538 eamdem
1637 505 1749 548 copiae
1774 516 1829 539 seu
1856 505 1959 549 dupli-

1221 555 1282 588 cati
1307 557 1552 599 expeditionem
1568 557 1601 589 in
1624 558 1782 600 peculiari
1803 558 1888 591 libro
1906 558 1961 591 ad-

1220 614 1355 649 notare,
1382 620 1417 642 ac
1441 610 1603 653 praefatas
1628 611 1738 653 copias
1763 612 1877 644 saltem
1902 621 1961 654 per

1222 662 1418 694 decennium
1436 673 1631 696 conservare
1649 669 1788 703 secreto,
1806 664 1888 696 itaut
1904 674 1961 697 ne-

1220 714 1309 755 mini,
1328 715 1390 748 nisi
1416 715 1575 748 interesse
1599 716 1735 749 habenti
1762 716 1812 749 vel
1837 716 1962 749 denun-

1221 767 1306 801 ciare
1331 768 1526 809 intendenti,
1545 769 1584 802 de
1610 771 1767 812 expressa
1793 774 1901 802 tamen
1918 769 1963 802 iu-

1222 822 1301 856 dicis
1319 833 1375 855 seu
1392 822 1525 856 alterius
1546 823 1737 866 superioriS,
1763 823 1847 867 apud
1866 833 1961 866 quem

1220 877 1388 919 negotium
1411 882 1516 909 actum
1535 877 1602 917 suit,
1617 877 1758 917 licentia,
1773 877 1960 919 ostendere,

1221 930 1280 963 sub
1302 930 1418 974 poenis
1441 930 1536 963 etiam
1555 930 1704 974 corporis
1731 930 1890 964 afflictivis
1909 941 1963 964 eo-

1219 984 1367 1016 rumdem
1391 983 1535 1017 iudicum
1566 985 1616 1017 vel
1647 984 1851 1027 superiorum
1877 984 1962 1017 arbi-

1221 1037 1284 1069 trio
1309 1036 1507 1079 infligendis,
1532 1037 1665 1070 omnino
1692 1036 1831 1069 debeant
1856 1041 1887 1070 et
1912 1041 1961 1070 te-

1220 1095 1371 1122 neantur.
1399 1088 1489 1127 Quod
1515 1090 1541 1122 si
1567 1089 1754 1133 praedictae
1778 1100 1960 1132 personae,

1220 1149 1256 1176 ut
1272 1154 1370 1186 supra
1384 1143 1598 1186 specificatae,
1613 1144 1759 1177 notulam
1779 1154 1836 1176 seu
1853 1143 1961 1177 listam

1199 1207 1239 1230 *a
1263 1197 1430 1241 praedicta
1455 1198 1494 1229 ab
1526 1197 1604 1240 ipsis
1641 1197 1826 1240 subscripta
1860 1197 1964 1230 diver-

1221 1261 1288 1283 sam
1306 1256 1339 1283 et
1359 1249 1539 1283 difformem
1565 1250 1803 1283 transmiserint
1821 1250 1859 1283 ad
1877 1250 1964 1294 prin-

1221 1304 1343 1347 cipales
1369 1304 1418 1337 vel
1445 1305 1722 1347 corresponsales,
1739 1305 1789 1337 vel
1815 1304 1964 1337 transmi-

1221 1358 1327 1391 serint
1350 1357 1460 1390 listam
1485 1368 1541 1390 seu
1566 1358 1711 1390 notulam
1732 1357 1771 1389 ab
1795 1355 1874 1401 ipsis
1897 1367 1962 1390 non

1222 1411 1449 1455 subscriptam,
1469 1416 1501 1444 et
1520 1410 1553 1443 in
1572 1409 1713 1453 epistola
1734 1411 1895 1453 separata,
1911 1410 1962 1443 vel

1223 1475 1282 1508 per
1307 1465 1470 1505 nuncium,
1490 1469 1545 1497 aut
1568 1463 1737 1504 indirecte,
1754 1473 1963 1507 quocumque

1221 1517 1329 1557 modo,
1347 1517 1426 1550 alias
1445 1528 1603 1560 expensas
1617 1518 1667 1550 vel
1682 1517 1815 1560 partitas
1832 1516 1964 1550 addide-

1221 1571 1294 1611 rint,
1321 1575 1408 1611 tunc‚
1426 1571 1453 1603 si
1478 1571 1615 1614 partitae
1638 1570 1821 1614 descriptae
1845 1570 1879 1603 in
1904 1581 1963 1604 no-

1199 1634 1200 1637 *
1222 1625 1287 1657 tuta
1307 1635 1361 1658 seu
1387 1625 1526 1668 epistola
1543 1626 1690 1668 separata
1708 1623 1773 1656 sint
1790 1624 1960 1665 confictae,

1199 1699 1200 1711 2
1221 1678 1375 1710 alteratae
1400 1682 1455 1710 aut
1477 1677 1586 1717 falsae,
1605 1678 1654 1710 vel
1679 1677 1870 1710 contineant
1893 1687 1963 1710 mu-

1220 1741 1300 1764 nera
1325 1731 1398 1763 data
1422 1732 1471 1764 vel
1497 1731 1604 1764 danda
1633 1731 1791 1764 ministris
1820 1730 1963 1764 iustitiae

1222 1784 1271 1816 vel
1298 1783 1432 1826 gratiae,
1450 1783 1518 1816 sive
1542 1783 1692 1816 omnibus
1717 1782 1788 1816 aliis
1813 1784 1963 1827 personis

1222 1837 1385 1880 expressis
1410 1837 1444 1870 in
1470 1837 1553 1870 dicta
1572 1836 1806 1870 constitutione
1825 1837 1964 1870 Alexan-

1222 1890 1272 1923 dri
1297 1890 1359 1930 vll,
1376 1891 1461 1923 ultra
1480 1901 1593 1924 omnes
1619 1890 1699 1923 alias
1720 1901 1842 1934 poenas
1867 1901 1964 1934 supra

1221 1942 1436 1987 specificatas,
1451 1944 1551 1987 plecti
1577 1944 1710 1984 debere,
1728 1949 1892 1987 tamquam
1911 1955 1963 1977 ve-

1199 2022 1201 2032 ,
1221 2008 1273 2030 ros
1299 1997 1394 2037 sures,
1413 1997 1560 2030 falsarios
1585 2002 1617 2030 et
1640 1997 1759 2029 iniuria
1784 1997 1961 2030 afficientes

1219 2050 1456 2093 magistratum,
1466 2050 1645 2094 respective
1655 2050 1768 2094 poenis
1780 2050 1866 2091 furti,
1880 2049 1961 2090 salsi,

1221 2110 1252 2137 et
1276 2104 1453 2145 similibus,
1479 2104 1512 2137 in
1548 2103 1619 2137 iure
1636 2130 1643 2144 ,
1676 2103 1962 2137 constitutionibus

1221 2157 1411 2202 apostolicis
1446 2162 1478 2191 et
1509 2157 1728 2190 bannimentis
1754 2157 1961 2200 generalibus

1220 2211 1326 2245 Status
1352 2210 1454 2244 nostri
1475 2210 1691 2243 Ecclesiastici
1709 2210 1859 2243 stabilitis
1884 2221 1962 2243 con-

1221 2270 1270 2298 tra
1293 2274 1389 2298 veros
1415 2264 1512 2304 sures,
1537 2263 1694 2303 falsarios,
1721 2268 1752 2296 et
1776 2262 1895 2295 iniuria
1919 2263 1961 2296 as-

1222 2319 1368 2352 ficientes
1393 2317 1630 2360 magistratum,
1657 2317 1745 2349 iuxta
1768 2316 1959 2360 qualitatem

1221 2371 1359 2415 partitae
1395 2372 1445 2405 vel
1479 2381 1621 2403 summae
1654 2371 1832 2410 alteratae,
1859 2369 1959 2403 salsae

1222 2425 1273 2457 vel
1299 2423 1476 2457 confictae:
1494 2423 1519 2456 si
1537 2428 1645 2456 autem
1668 2422 1807 2466 partitae
1828 2421 1893 2454 sint
1908 2432 1960 2455 ve-

1223 2488 1289 2518 rae,
1308 2482 1339 2510 et
1355 2487 1422 2510 non
1443 2477 1482 2510 de
1500 2475 1683 2520 prohibitis,
1703 2485 1768 2508 non
1783 2481 1888 2508 tamen
1908 2475 1961 2508 de-

1223 2532 1366 2575 scriptae
1392 2532 1425 2564 in
1449 2530 1612 2574 duplicato
1638 2529 1670 2562 in
1696 2529 1774 2562 actis
1803 2529 1959 2570 exhibito,

1222 2590 1257 2617 ut
1281 2595 1397 2628 supra,
1424 2589 1499 2616 tunc
1525 2589 1687 2625 tamquam
1712 2582 1962 2615 contravenien-

1222 2644 1270 2672 tes
1289 2638 1367 2671 huic
1380 2636 1603 2671 constitutioni
1621 2636 1718 2680 plecti
1737 2646 1833 2679 posse
1853 2637 1963 2680 poena

1222 2692 1393 2727 arbitraria
1410 2691 1507 2726 etiam
1524 2690 1673 2736 corporis
1698 2689 1855 2732 afflichvat,
1877 2689 1962 2727 ultra

1969 296 2017 324 An.
2030 296 2060 324 C.
2087 295 2157 324 ¹700
