2227 3225
945 262 1042 288 mnex
1068 262 1174 288 annun
1721 253 1784 287 955

374 322 405 351 et
428 327 445 350 a
470 316 628 351 Clemente
654 315 691 348 lx
718 316 924 355 confirmata,
959 316 1188 359 supprimitur,
1210 313 1284 353 8⁴24
1309 314 1343 353 b3
1377 313 1444 346 eius
1478 314 1637 348 facultates
1671 315 1824 359 quaedam

372 369 614 412 Congregationi
638 369 863 413 episcoporum
890 374 918 401 et
943 370 1136 412 regularium
1163 368 1363 407 trilmuntur‚
1388 368 1465 400 ibid.

285 422 497 466 Congregatio
522 422 550 456 S.
578 423 611 455 n.
638 422 670 455 E.
697 422 902 455 cardinalium
931 423 1043 456 Portus
1068 422 1150 455 Antii
1175 422 1319 464 erigitur,
1344 421 1409 453 9:34
1433 422 1449 451 Ι)
1476 433 1537 464 seq.

283 476 590 519 Congregationibus
615 477 790 509 charitatis
816 476 947 517 erectis,
973 482 1002 509 et
1034 476 1193 519 erigendis
1226 475 1437 517 indulgentias
1470 475 1636 509 nonnullas
1662 481 1828 519 perpetuas

375 530 533 563 concessit
559 530 757 564 Innocentius
779 530 849 570 XII,
876 530 937 563 587
964 530 980 562 b
1005 536 1034 563 et
1058 541 1120 573 seq.

284 582 573 627 Congregationum
599 585 627 617 S.
655 584 687 616 n.
716 584 747 616 li.
774 583 981 617 cardinalium
1007 583 1149 623 decreta,
1174 583 1246 617 eide
1270 584 1446 616 Decretum.

283 635 515 671 Conservatorii
541 637 668 670 Divinae
694 637 910 670 Providentiae
935 637 973 670 de
1000 637 1082 670 UrIJe
1107 637 1220 681 puellis
1245 637 1352 670 decem
1379 636 1517 669 subsidia
1550 636 1665 670 dotalia
1699 646 1734 669 ex
1761 637 1829 679 qui-

372 691 506 724 busdam
530 691 930 725 arcliiconsratcrnitatibus
956 697 985 724 et
1010 691 1320 725 confraternitatilius
1345 690 1514 733 assignavit
1541 690 1740 723 Innocentius
1766 690 1827 730 XII,

376 745 440 779 603
465 746 481 778 b
505 750 536 778 ct
559 756 621 789 seq.

284 798 537 834 Constantiniana
561 798 671 831 militia
696 803 814 838 aurata,
839 799 910 831 ride
935 798 1081 840 Magister
1107 808 1238 839 magnus
1265 798 1393 831 militiae
1418 804 1554 831 auratae.

284 852 530 887 Constitutiones
556 852 784 885 monachorum
809 852 1070 895 Congrcgationis
1098 852 1355 885 Silvestrinorum
1382 852 1609 885 confirmamur
1635 852 1673 884 ab
1699 852 1830 884 Alexan-

373 905 431 938 dro
449 905 533 946 VIII,
555 904 595 938 87
617 906 634 937 b
653 910 678 938 cl
703 916 774 949 sequ
804 905 876 937 item
899 905 1156 939 constitutionum
1182 906 1338 939 Mitiorum
1360 906 1618 939 Conventualium
1642 906 1829 949 particulam

371 958 539 1003 quamdam
565 958 649 992 circa
674 964 862 991 conventum
889 959 939 991 XII
965 960 1187 1002 Apostolorum
1213 960 1251 992 dc
1282 960 1362 993 Urbe
1395 962 1561 993 confirmat
1594 959 1674 991 idem
1703 960 1831 991 Alexan-

374 1012 431 1045 der
448 1012 523 1052 VIII,
545 1012 607 1045 157
626 1012 659 1051 123
685 1012 926 1046 constitutiones
951 1013 1083 1045 fratrum
1105 1013 1341 1056 Redemptionis
1358 1014 1559 1057 Captivorum
1578 1012 1702 1045 Ordinis
1721 1013 1750 1044 lt.
1771 1013 1831 1044 Ma-

374 1064 439 1098 riae
464 1065 502 1098 de
526 1065 669 1098 Mercede
693 1065 874 1098 reseruntur
899 1076 956 1110 per
981 1071 1143 1099 extensum
1158 1093 1165 1106 ,
1190 1065 1253 1099 232
1279 1066 1294 1099 b
1320 1073 1349 1098 et
1373 1077 1453 1110 .eeq.;
1486 1070 1516 1099 et
1541 1066 1769 1098 confirmantur
1793 1065 1832 1098 ab

373 1118 555 1152 Innocentio
585 1119 658 1158 XII,
682 1118 747 1151 404
772 1130 808 1158 (ι;
834 1120 1093 1153 constitutionum
1118 1120 1251 1152 fratrum
1281 1120 1406 1153 Ordinis
1438 1120 1488 1153 SS.
1517 1119 1676 1152 Trinitatis
1701 1119 1832 1151 Redem-

373 1172 490 1216 ptionis
510 1172 714 1216 Captivorum
739 1173 1003 1206 Discalceatorum
1030 1173 1291 1217 Congregationis
1316 1173 1483 1217 Hispaniae
1513 1173 1699 1216 particulam
1722 1182 1832 1216 quam-

373 1225 464 1266 dam,
489 1225 527 1258 de
558 1226 717 1258 nonnullis
747 1225 785 1258 ad
811 1226 951 1260 liabitum
978 1237 1040 1259 non
1074 1227 1282 1270 recipiendis,
1309 1227 1466 1260 moderari
1500 1227 1643 1270 permisit
1676 1226 1829 1258 Innocen-

374 1279 436 1312 tius
456 1279 530 1321 XII,
556 1278 620 1313 408
640 1291 658 1312 α
684 1286 714 1312 ct
738 1280 772 1319 b,
799 1280 1037 1313 constitutiones
1061 1280 1322 1323 Congregationis
1345 1281 1602 1325 presbyterorum
1624 1279 1831 1312 saecularium

373 1332 426 1366 SS.
460 1333 619 1367 Trinitatis
644 1334 845 1372 reseruntur,
871 1332 934 1366 4³28
959 1345 977 1366 α
1004 1339 1033 1366 et
1056 1345 1137 1377 δαίμ
1163 1339 1193 1367 et
1217 1334 1449 1366 confirmantur
1474 1333 1511 1365 ab
1537 1332 1648 1365 eodem
1674 1333 1830 1364 Innocen-

374 1386 417 1420 tio
443 1386 521 1427 ΧΠ,
547 1386 611 1419 436
640 1397 680 1426 a,
713 1387 951 1420 constitutiones
976 1388 1236 1430 Congregationis
1272 1387 1531 1431 presbyterorum
1564 1385 1771 1418 saecularium
1802 1385 1833 1416 in

374 1440 507 1482 collegio
532 1440 561 1473 S.
588 1440 701 1473 Luciae
726 1440 914 1473 Bononiensi
939 1441 1103 1474 Societatis
1128 1441 1197 1474 Iesu
1225 1442 1343 1484 pariter
1367 1439 1587 1479 confirmavit,
1613 1439 1676 1472 439
1701 1439 1738 1478 l1;
1764 1449 1834 1471 con-

377 1493 557 1527 stitutiones
580 1494 936 1526 archiconfraternitatis
961 1495 992 1527 S.
1021 1495 1203 1538 Hieronymi
1229 1494 1396 1528 Charitatis
1420 1493 1459 1526 de
1484 1493 1568 1526 Urbe
1594 1493 1700 1531 refert,
1725 1490 1789 1524 <2550
1814 1503 1833 1525 a

328 1574 330 1576 .
378 1552 409 1579 et
431 1557 502 1591 seq.;
527 1552 621 1590 atque
645 1547 821 1587 confirmat,
840 1546 904 1579 660
920 1559 939 1579 (ι
965 1554 994 1580 ct
1018 1560 1094 1592 seq.;
1123 1548 1363 1582 constitutiones
1388 1546 1649 1589 Congregationis
1669 1545 1836 1579 Chai-itatis

377 1601 406 1634 S.
431 1601 594 1646 Hippolyti
618 1602 649 1634 in
674 1601 769 1634 Indiis
793 1601 1062 1644 Occidentalibus,
1096 1602 1127 1634 in
1158 1601 1344 1644 religionem
1371 1605 1494 1633 erectae
1523 1604 1683 1638 recenset,
1709 1598 1773 1631 938
1798 1599 1833 1637 b,

378 1659 408 1689 et
429 1655 612 1697 confirmat,
637 1654 701 1688 943
725 1666 753 1688 a.

289 1708 518 1742 Conventiones
542 1719 759 1752 quascumque
784 1710 814 1741 in
839 1709 1042 1753 providendis
1067 1710 1217 1751 ecclesiis,
1242 1708 1414 1749 beneficiis,
1447 1719 1502 1741 scu
1527 1707 1736 1746 monasteriis,
1761 1717 1833 1740 cum

379 1762 582 1795 innovatione
606 1761 815 1806 quarumdam
841 1761 1107 1796 Constitutionum
1140 1763 1234 1796 simili
1260 1763 1298 1796 de
1335 1773 1368 1796 re
1405 1772 1440 1795 ac
1469 1761 1642 1795 adiectione
1678 1772 1832 1794 novarum

377 1826 562 1859 poenarum,
588 1815 750 1848 interdixit
774 1815 974 1848 Innocentius
999 1815 1073 1856 XII,
1101 1816 1163 1848 710*
1189 1828 1209 1849 a
1235 1821 1264 1849 et
1288 1827 1349 1859 seq.

291 1868 472 1902 Conventus
489 1869 541 1902 XII
566 1869 793 1912 Apostolorum
811 1869 849 1902 de
867 1869 960 1909 Urbe,
978 1869 1041 1903 1157
1060 1881 1096 1909 (13
1122 1870 1206 1902 circa
1225 1870 1308 1901 illius
1326 1869 1491 1909 familiam,
1517 1868 1703 1912 particulam
1722 1879 1832 1912 quam-

378 1923 450 1956 dam
475 1923 733 1956 constitutionum
759 1923 915 1956 Minoi-um
934 1923 1196 1957 Conventualium
1216 1922 1416 1956 confirmavit.
1433 1922 1608 1954 Alexander
1628 1922 1701 1961 vni,
1720 1922 1783 1955 1157
1802 1922 1830 1954 h.

289 1975 430 2011 Curiales
455 1982 485 2010 et
508 1976 708 2019 negotiorum
734 1981 886 2019 gestoreS,
908 1976 960 2019 qui
987 1977 1091 2009 affluis
1118 1976 1345 2020 principalibus
1370 1982 1479 2020 petunt
1504 1976 1621 2019 aliquid
1646 1986 1704 2019 pro
1729 1976 1831 2018 gratia

379 2031 427 2063 vel
452 2030 590 2071 iustitia,
615 2030 678 2064 917
704 2030 736 2070 b;
769 2035 880 2063 contra
912 2030 997 2073 ipsos
1021 2030 1277 2063 constitutionem
1303 2029 1468 2062 Alexandri
1495 2028 1545 2061 Vll
1581 2039 1676 2072 super
1700 2029 1779 2062 datis
1802 2034 1834 2061 et

379 2083 544 2127 promissis
569 2083 708 2116 extendit
731 2088 760 2116 et
783 2083 923 2116 declarat
947 2083 1148 2116 Innocentius
1167 2083 1232 2123 xli,
1250 2082 1312 2115 917
1330 2083 1347 2115 b
1365 2089 1395 2115 et
1411 2093 1494 2126 seq.;
1521 2081 1656 2115 curiales
1681 2082 1833 2125 praedicti

379 2143 410 2170 et
429 2143 571 2180 gestores
597 2142 742 2170 tenentur
778 2137 991 2170 transmittere
1023 2137 1163 2170 notulam
1188 2147 1282 2169 unam
1316 2146 1527 2180 expensarum
1553 2136 1590 2169 ad
1620 2136 1831 2180 principales,

380 2197 411 2225 et
434 2192 566 2225 alteram
591 2191 716 2224 tradere
739 2191 863 2224 notario
888 2192 935 2224 vel
960 2191 1096 2232 officiali,
1125 2191 1184 2223 sub
1202 2191 1296 2223 certis
1313 2191 1435 2234 poenis,
1464 2189 1527 2223 919
1552 2190 1584 2230 223
1614 2195 1724 2223 contra
1749 2190 1833 2234 ipsos

380 2246 514 2279 curiales
539 2251 570 2279 et
598 2245 799 2288 negotiorum
825 2250 967 2287 gestores
991 2255 1062 2278 reos
1087 2245 1265 2278 facultatem
1296 2245 1408 2287 agendi
1437 2244 1683 2288 principalibus,
1709 2244 1833 2277 notario

380 2305 411 2333 et
434 2300 560 2333 officiali
583 2299 752 2343 praedictis
776 2299 942 2338 concessit,
966 2298 1025 2331 9211
1051 2309 1080 2332 a.

290 2352 469 2396 Crucigeris
492 2363 564 2386 cum
590 2353 689 2386 rubea
714 2353 813 2393 stella,
838 2363 896 2397 per
921 2352 1120 2392 Bohemiam,
1146 2352 1299 2392 Silesiam,
1324 2352 1492 2385 Moraviam
1519 2357 1548 2385 et
1573 2351 1733 2384 Poloniam
1763 2351 1829 2384 exi-

379 2407 544 2448 stentibus,
571 2406 629 2441 sub
654 2407 765 2450 regula
784 2407 814 2440 S.
839 2406 1016 2449 Augustini,
1039 2406 1205 2450 privilegia
1228 2417 1245 2439 a
1269 2406 1429 2439 nonnullis
1457 2405 1660 2439 Pontificibus
1684 2415 1831 2437 concessa

380 2466 524 2494 recenset
546 2460 746 2494 Innocentius
772 2460 836 2501 XII,
862 2460 926 2493 609
951 2471 971 2492 α
996 2463 1025 2493 et
1049 2471 1131 2504 seq.;
1157 2460 1332 2503 crucigeris
1356 2460 1473 2493 eisdem
1502 2460 1614 2492 relatas
1644 2458 1829 2491 Pontificum

381 2513 636 2555 Constitutiones‚
661 2515 775 2558 quibus
800 2514 965 2558 privilegia
990 2513 1245 2546 concedebantur
1264 2525 1334 2547 cum
1352 2524 1448 2547 onere
1468 2523 1579 2546 census
1604 2512 1695 2544 unius
1720 2512 1831 2544 florcni

382 2567 412 2601 S.
437 2568 508 2602 Sedi
532 2568 742 2613 persolvendi,
767 2568 950 2601 timentibus
975 2578 1014 2600 ne
1038 2568 1078 2600 ob
1099 2578 1227 2601 censum
1252 2578 1315 2601 non
1340 2568 1477 2601 solutum
1498 2567 1597 2600 dictas
1617 2566 1734 2609 gratias
1758 2565 1833 2598 amin

383 2621 490 2663 serint,
514 2623 714 2656 confirmavit
737 2622 833 2663 idem,
859 2621 921 2655 7002
946 2622 963 2654 b
988 2627 1017 2654 et
1040 2633 1100 2666 seq.

293 2673 402 2711 Cultus
425 2675 703 2721 immemorabile,
727 2677 798 2713 vide
822 2676 952 2713 Decreta
977 2675 1237 2720 CongregationiS
1262 2676 1402 2711 Rituurn.
