2254 3225
303 254 339 279 Au
370 253 399 280 C.
420 252 485 280 1899
532 244 595 277 878

495 303 643 342 suetudo,
671 303 799 336 illorum
825 303 969 346 vestigiis
995 304 1230 343 inhaerentes,

495 355 534 388 de
583 357 820 390 venerabilium
866 358 996 390 fratrum
1046 363 1231 390 nostrorum

494 407 525 441 S.
554 409 590 441 R.
614 409 648 442 E.
677 410 890 442 cardinalium
925 421 1077 450 assensu,
1105 421 1233 443 univer-

495 462 569 494 salis
595 468 626 494 ct
644 463 769 495 maximi
790 464 821 495 in
842 464 902 496 hac
920 465 1002 496 alma
1021 464 1105 496 Urbe
1124 466 1233 496 nostra

494 515 625 548 iubilaei
652 517 907 549 celebrationem
934 517 964 548 in
990 527 1110 548 annum
1130 516 1233 559 proxi-

494 580 580 601 mum
606 579 710 607 unce,
745 580 762 601 a
788 570 900 610 primis
933 569 1076 612 vesperis
1106 569 1232 610 vigiliae

492 621 671 654 Nativitatis
686 622 806 655 domini
823 623 922 655 nostri
937 622 1005 655 lesu
1025 622 1141 655 Christi
1160 633 1235 665 pro-

493 676 576 708 xime
604 676 725 708 suturae
751 676 1026 714 inchoandam‚et
1052 687 1111 719 per
1130 681 1232 708 totum

493 739 613 760 annum
637 728 739 771 ipsum
760 727 947 765 finiendam,
969 729 1162 761 auctoritate
1178 729 1232 762 Dei

493 782 728 825 omnipotentis
753 788 784 815 et
806 783 973 815 beatorum
989 783 1072 815 Petri
1095 788 1126 815 et
1143 783 1231 815 Pauli

492 846 527 867 ac
553 838 682 874 nostra,
719 835 858 868 maximo
884 842 915 868 et
951 836 1231 874 superabundanti

491 889 590 920 nostri
617 888 723 921 cordis
743 889 859 930 gaudio
881 894 913 920 et
929 889 1172 929 exaltationem,
1194 890 1230 922 ad

491 941 592 985 ipsius
619 942 672 974 Dei
693 942 837 984 gloriam,
865 943 1044 975 catholicae
1070 943 1231 976 Ecclesiae

490 995 730 1035 exaltationem,
746 1006 781 1028 ac
798 996 896 1028 totius
921 996 1091 1029 christiani
1118 998 1230 1040 populi

491 1048 782 1082 sanctificationem
808 1049 982 1082 indicimus
999 1056 1030 1082 et
1048 1052 1233 1093 promulga-

490 1113 573 1135 mus.
594 1102 662 1140 Quo
684 1103 814 1146 quidem
831 1103 962 1136 iubilaei
981 1115 1064 1137 anno
1080 1105 1229 1143 durante,

488 1156 638 1189 omnibus
651 1156 821 1200 utriusque
839 1168 935 1190 sexus
954 1158 1232 1200 ctu-istindetitms,

490 1220 564 1242 vere
580 1210 822 1253 poenitentibus
837 1217 866 1243 et
881 1211 1050 1249 confessis,
1061 1212 1113 1255 qui
1127 1212 1231 1245 beato-

489 1273 557 1295 rum
573 1263 658 1296 Petri
674 1269 706 1297 et
723 1263 821 1303 Pauli,
840 1275 965 1297 necnon
983 1264 1014 1297 S.
1036 1264 1163 1297 loannis
1179 1265 1232 1298 La-

491 1317 672 1349 teranensis
694 1323 726 1350 et
752 1317 783 1350 S.
811 1317 926 1350 Mariae
948 1318 1074 1351 Maioris
1093 1319 1131 1351 de
1147 1318 1230 1352 Urbe

487 1370 636 1404 basilicas
663 1372 763 1404 semel
790 1373 903 1404 saltem
921 1372 953 1404 in
968 1372 1019 1405 die
1038 1383 1096 1415 per
1117 1373 1229 1416 trigin-

487 1428 517 1455 ta
553 1424 725 1457 continuos
758 1431 812 1457 aut
844 1425 1059 1468 interpolatos
1085 1426 1175 1466 dies,
1203 1427 1227 1459 si

487 1476 625 1510 Romani
646 1479 695 1510 vel
717 1478 843 1511 incolae
870 1477 977 1517 Urbis,
998 1479 1113 1512 sivero
1135 1490 1229 1523 pere-

487 1530 572 1573 grini
599 1537 653 1563 aut
671 1531 749 1564 alias
768 1531 892 1564 externi
913 1532 1043 1571 suerint,
1063 1543 1121 1576 per
1139 1533 1228 1576 quin-

486 1582 591 1616 decim
611 1584 724 1616 saltem
743 1583 810 1616 dies
830 1585 947 1617 devote
966 1585 1175 1626 visitaverint,
1197 1593 1229 1619 et

485 1647 545 1680 pro
571 1643 699 1670 sanctae
725 1637 887 1670 Ecclesiae
914 1639 1123 1679 exaltatione,
1152 1640 1228 1673 hae-

486 1701 595 1723 resum
617 1691 846 1734 exthpatione,
877 1692 1111 1726 catholicorum
1138 1694 1225 1737 prin-

486 1743 595 1786 cipum
625 1744 824 1785 concordia,
857 1751 888 1778 et
913 1746 1083 1778 christiani
1113 1748 1226 1790 populi

486 1797 588 1830 salute
618 1803 650 1830 et
681 1798 916 1841 tranquillitate
952 1799 1023 1842 pias
1056 1800 1095 1832 ad
1128 1800 1226 1833 Deum

486 1860 602 1893 preces
628 1849 819 1890 effuderint,
838 1851 1061 1894 plenissimam
1080 1853 1226 1886 omnium

485 1909 694 1946 peccatorum
733 1915 866 1937 suorum
898 1905 1152 1947 indulgentiam,
1179 1918 1228 1940 re·

484 1957 673 1990 missionem
699 1968 736 1990 ac
761 1957 889 1991 veniam
914 1958 1173 1993 misericorditer
1195 1961 1225 1993 in

485 2009 623 2043 Domino
649 2011 856 2044 concedimus
882 2017 913 2045 et
938 2012 1155 2056 impertimur.
1190 2014 1227 2047 Et

488 2064 643 2106 quoniam
669 2064 799 2098 evenire
824 2072 947 2109 potest,
973 2072 1009 2099 ut
1034 2078 1069 2099 ex
1097 2067 1144 2108 iis,
1172 2069 1224 2111 qui

486 2116 547 2148 hac
572 2117 611 2149 de
637 2120 732 2150 causa
756 2119 819 2151 iter
845 2120 990 2162 aggressi
1018 2121 1150 2162 suerint,
1177 2123 1225 2155 vel

485 2170 522 2202 ad
549 2169 667 2203 Urbem
693 2182 726 2204 se
753 2173 964 2213 contulerint,
995 2174 1094 2217 aliqui
1120 2175 1152 2207 in
1179 2176 1226 2208 via

485 2228 540 2255 aut
565 2224 661 2256 etiam
687 2224 718 2257 in
744 2225 813 2268 ipsa
839 2225 922 2259 Urbe
950 2227 1065 2260 morbo
1087 2229 1136 2261 vel
1166 2229 1226 2262 alia

485 2276 632 2318 legitima
657 2280 753 2310 causa
779 2279 901 2312 detenti
928 2286 982 2313 aut
1006 2287 1109 2314 morte
1135 2293 1227 2325 prae-

485 2330 596 2370 venti,
632 2331 804 2373 praesinito
842 2333 968 2366 dierum
996 2345 1132 2369 numero
1151 2347 1226 2369 ⁴non

485 2384 674 2426 completo,
706 2395 743 2417 ac
777 2396 816 2418 ne
849 2387 981 2430 quidem
1020 2389 1152 2422 sortasse
1179 2390 1227 2422 in-

484 2436 610 2477 choato,
638 2438 817 2480 praemissa
838 2441 955 2484 exequi
986 2447 1017 2474 et
1042 2443 1142 2477 dictas
1171 2445 1226 2477 ba-

484 2490 590 2523 silicas
604 2491 733 2525 visitare
749 2500 929 2536 nequeant:
948 2506 1017 2535 nos,
1033 2497 1105 2539 piae
1120 2509 1226 2541 prom-

483 2548 599 2587 taeque
633 2545 763 2579 illorum
795 2548 972 2589 voluntati,
1007 2556 1164 2593 quantum
1194 2552 1225 2584 in

483 2596 620 2631 Domino
646 2609 817 2642 possumus
834 2628 841 2640 ,
868 2601 1010 2644 benigne
1037 2604 1144 2637 favere
1171 2615 1226 2638 cu-

483 2649 622 2694 pientes,
640 2652 771 2685 eosdcm
788 2664 862 2687 vere
881 2655 1087 2698 poenitentes
1101 2662 1133 2691 et
1148 2669 1224 2691 con-

1071 255 1251 279 BULLARIUM
1276 255 1432 279 ROMANUM

1276 304 1374 337 sessos
1400 303 1584 347 praedictae
1610 302 1833 345 indulgentiae
1851 308 1882 336 et
1905 303 2017 336 remis-

1253 357 1377 391 1sionis
1403 357 1578 401 participes
1604 356 1740 401 perinde
1765 357 1833 390 fieri
1852 357 2013 396 volumus,

1276 421 1311 442 ac
1345 410 1371 442 si
1405 411 1505 443 dictas
1538 410 1688 444 basilicas
1722 411 1837 443 diebus
1875 421 1891 442 a
1924 409 2016 442 nobis

1277 463 1489 506 praescriptis
1516 463 1622 506 reipsa
1639 463 1839 503 visitassent;
1859 468 1902 503 ut,
1925 473 2018 506 prae-

1278 516 1348 548 fatis
1364 516 1612 549 necessitatibus
1626 516 1781 559 impediti,
1797 516 1950 549 desiderii
1969 515 2016 548 sui

1278 568 1427 600 ellectum
1462 569 1546 602 dono
1581 568 1690 602 Sancti
1726 569 1866 612 Spiritus
1902 579 2017 602 conse-

1278 626 1432 663 quantur.

1321 674 1379 716 ξὶ).
1400 673 1650 708 Sanctificamini
1670 674 1789 719 itaque,
1809 675 1862 708 filii
1881 675 2017 708 dilectis-

1278 791 1329 818 no,
1350 786 1383 813 ut
1401 792 1520 814 annum
1547 782 1664 815 merito
1690 788 1834 815 sanctum
1852 793 1869 814 a
1886 782 2017 814 maiori-

1277 834 1336 867 bus
1355 836 1576 878 appellatum,
1605 836 1680 878 quia
1713 836 1833 868 sanctis
1860 835 2015 879 operibus

1277 888 1450 931 specialius
1475 890 1714 932 praestitutum,
1742 890 1923 923 devotionis
1944 889 2020 922 reli-

1277 942 1387 983 giosae
1413 943 1651 976 consuetudine
1678 943 1860 975 celebretis.
1880 943 2019 976 Lavami-

1278 996 1318 1032 ni,
1345 996 1458 1028 mundi
1485 1001 1598 1035 estote,
1625 996 1749 1029 auferte
1781 997 1903 1029 malum
1928 997 2017 1039 cogi-

1277 1049 1433 1081 tationum
1458 1055 1637 1081 vestrarum
1677 1050 1716 1081 ab
1742 1049 1845 1082 oculis
1879 1049 2015 1089 Domini,

1277 1109 1318 1141 et,
1337 1104 1482 1136 renovati
1508 1103 1622 1146 spiritu
1643 1103 1759 1136 mentis
1786 1108 1922 1142 vestrae,
1946 1114 2018 1136 ora-

1276 1156 1419 1188 tionihus
1455 1156 1617 1196 insistite,
1643 1156 1847 1200 frequentate
1872 1156 2014 1198 ieiunia,

1276 1211 1501 1253 eleemosynas
1529 1215 1676 1252 erogate,
1704 1210 1823 1253 quibus
1850 1215 1881 1243 et
1906 1210 2017 1253 propi-

1276 1264 1366 1296 tiatio
1391 1263 1446 1296 Dei
1473 1263 1656 1306 quaeritur,
1691 1269 1723 1296 et
1747 1263 2016 1306 concupiscentia

1274 1317 1381 1350 carnis
1415 1317 1637 1359 extinguitur,
1671 1322 1703 1350 et
1740 1322 1908 1351 anteactae
1933 1318 2015 1352 vitae

1274 1370 1409 1404 crimina
1435 1371 1652 1403 redimuntur.
1673 1370 1729 1403 His
1746 1381 1847 1414 porro
1865 1370 2016 1405 christia-

1274 1435 1333 1457 nae
1349 1424 1430 1456 vitae
1449 1424 1649 1456 ornamentis
1671 1423 1831 1464 instructi,
1847 1424 2016 1459 virtutum-

1273 1488 1334 1520 que
1349 1478 1519 1520 praesidiis
1531 1478 1733 1517 communih,
1747 1478 1883 1521 impigra
1896 1479 2016 1523 piaque

1273 1530 1369 1562 animi
1385 1530 1551 1563 alacritate
1567 1531 1604 1563 ad
1627 1531 1710 1563 hanc
1724 1536 1865 1563 sanctam
1878 1531 1908 1564 in
1921 1532 2015 1565 terris

1273 1584 1430 1615 civitatem
1445 1584 1569 1623 Dei,tot
1585 1589 1770 1617 sanctorum
1785 1590 1959 1628 martyrum
1979 1595 2015 1618 ac

1273 1638 1452 1676 beatorum,
1478 1637 1653 1681 praecipue
1671 1639 1894 1681 apostolorum
1910 1638 2016 1672 Eccle-

1272 1690 1337 1723 siae
1362 1691 1545 1734 principum
1572 1692 1729 1724 memoria
1746 1693 2011 1734 praecellentem,

1273 1744 1360 1776 velut
1384 1744 1423 1776 ad
1450 1744 1602 1776 thronum
1629 1744 1751 1786 gratiae
1777 1745 1922 1778 accedite
1942 1756 2014 1778 cum

1273 1795 1400 1836 fiducia,
1423 1801 1457 1828 ut
1474 1797 1731 1830 misericordiam
1750 1798 2012 1841 consequamini;

1272 1849 1296 1881 si
1323 1850 1409 1882 enim
1436 1850 1577 1882 duorum
1602 1851 1652 1883 vel
1679 1851 1774 1883 trium
1795 1851 1940 1884 fidelium
1958 1851 2013 1895 plo

1272 1902 1454 1942 consensui,
1481 1903 1588 1936 omnia
1615 1915 1695 1947 quae
1713 1904 1934 1947 poposcerint,
1953 1905 2014 1938 Do-

1272 1956 1378 1988 minus
1403 1957 1597 1999 praestanda
1621 1957 1790 2000 promittit,
1817 1957 1893 2001 quid
1914 1958 2014 1991 dene-

1272 2009 1401 2051 gabitur
1427 2010 1604 2042 multorum
1630 2010 1766 2043 millium
1793 2010 1881 2054 plebi
1914 2021 2012 2044 unam

1272 2063 1509 2096 observantiam
1534 2064 1657 2107 pariter
1681 2063 1866 2107 exequenti,
1898 2069 1929 2097 et
1953 2075 2013 2108 per

1273 2127 1372 2149 unum
1399 2117 1547 2160 spiritum
1580 2117 1611 2149 in
1638 2117 1706 2160 ipsa
1743 2118 1911 2161 religionis
1941 2129 2014 2152 arce

1275 2171 1484 2203 concorditer
1509 2170 1732 2213 supplicanti?
1757 2170 1880 2213 Dirigat
1908 2171 2014 2205 Domi-

1272 2233 1332 2256 nus
1359 2234 1489 2266 gressus
1514 2229 1636 2256 vestros
1672 2223 1703 2256 in
1730 2223 1850 2256 semitis
1876 2224 1955 2264 suis,
1982 2230 2014 2257 et

1271 2275 1304 2308 in
1325 2287 1403 2319 pace
1422 2276 1560 2309 deducat
1577 2275 1648 2309 vos¹
1670 2275 1757 2308 velut
1775 2286 1852 2309 oves
1870 2287 2011 2319 pascuae

1271 2339 1348 2362 suae
1374 2330 1412 2362 ad
1439 2333 1602 2372 pastorem
1628 2329 1717 2362 vobis
1755 2330 1787 2362 in
1815 2330 1908 2362 terris
1934 2330 2013 2364 divi-

1271 2383 1356 2416 nitus
1378 2384 1589 2416 constitutum
1612 2383 1778 2416 humiliter
1796 2384 2009 2426 confluentes,

1270 2441 1305 2468 ut
1329 2437 1384 2479 qui
1412 2447 1509 2469 unum
1536 2447 1653 2480 corpus
1678 2447 1786 2469 sumus
1816 2437 1847 2469 in
1873 2437 2010 2479 Christo,

1269 2490 1439 2523 unanimes
1455 2489 1707 2523 honorificemus
1719 2490 1831 2530 Deum,
1849 2497 1879 2524 et
1893 2491 1925 2524 in
1940 2502 2013 2524 san-

1270 2548 1339 2576 ctae
1365 2543 1539 2582 Ecclesiae,
1566 2553 1647 2586 quae
1674 2554 1738 2576 una
1756 2549 1803 2576 est
1822 2544 1939 2577 dilecta
1956 2544 2011 2577 Dei

1269 2595 1389 2636 nostri,
1424 2596 1652 2629 communione
1690 2597 1824 2630 invicem
1857 2598 2012 2630 collaete-

1307 2661 1316 2686 1
1341 2658 1410 2685 Edit.
1432 2659 1515 2686 Μαίη.
1538 2659 1601 2694 legit
1618 2668 1668 2686 iios
1689 2668 1736 2696 pro
1756 2668 1804 2689 ros
1822 2662 1861 2696 (tt.
1879 2662 1929 2697 T.).

2020 254 2070 280 An.
2091 256 2120 282 C.
2143 256 2210 283 ¹699

2090 691 2212 712 metiantur

1994 729 1999 734 ·
2029 724 2100 739 omnes
2113 720 2139 739 ad
2155 719 2212 739 bona

1277 727 1362 767 simi,
1390 734 1420 760 et
1445 734 1636 772 praeparate
1663 729 1759 762 corda
1783 733 1889 762 vestra
1910 729 2212 794 D⁰m¹‘gt‘'1·ffl⁸²²¹¹¹¹¹¹·

1993 782 1999 787 ·
2043 780 2126 795 laeum.
