2254 3225
200 216 250 244 An.
267 215 297 243 c.
320 214 388 242 ¹690
430 205 474 239 54

391 265 477 306 legio
502 264 701 307 apostolico,
726 264 777 297 cni
803 273 866 296 non
893 268 941 296 est
967 263 1123 295 hactenus

392 317 424 349 in
451 317 559 360 aliquo
585 318 786 360 derogatum,
806 314 887 350 sore⁴
910 313 1124 358 dignoscitur)

394 370 441 403 sic
476 371 573 414 longe
609 371 740 413 lateque
777 374 955 413 propagata
990 368 1054 408 sit,
1092 372 1128 398 ut

395 422 567 466 episcopus
603 423 846 456 Machaonensis
884 433 942 466 pro
979 427 1126 463 tempore

396 476 537 509 existens
562 477 601 509 ad
632 476 721 509 illam
747 477 882 519 eiusque
908 476 988 508 sines
1016 475 1056 507 ob
1081 475 1129 506 lo-

397 539 510 562 corum
547 529 731 562 distantiam
757 535 974 567 transmeare,
1001 532 1029 559 et
1064 526 1130 557 sin-

398 583 547 625 gulorum
577 582 709 623 vultus',
742 588 776 615 ut
807 582 993 625 episcopum
1027 580 1130 617 decet,

398 635 560 678 inspicere
580 663 588 676 ,
629 636 770 678 aliasque
809 639 917 677 partes
957 633 1034 665 boni
1075 642 1130 674 pa-

398 689 496 721 storis
521 689 552 720 in
577 689 763 721 universum
794 696 945 720 exercere
972 690 1128 727 nequeat,

400 741 552 784 quodque
585 741 671 773 illius
706 740 830 772 incolae
864 744 895 771 ct
931 738 1131 770 habitatores

400 794 533 837 proprio
564 793 782 826 noscebantur
812 797 940 835 pastore
973 790 1131 831 indigere,

400 846 455 889 qui
492 846 675 889 praesentia
712 847 769 877 sua
802 855 838 876 ac
878 843 985 875 divino
1017 852 1132 884 ceope-

401 904 491 931 rante
517 898 637 941 Spiritu
663 897 861 940 pontificalia
879 896 985 928 onmia
1010 896 1042 927 in
1067 894 1131 928 illis

401 951 548 995 partibus
584 959 736 983 exercere
772 954 885 992 posset
918 954 949 981 et
984 948 1131 988 deberet,

401 1014 538 1046 cumque
564 1004 595 1035 in
620 1005 656 1036 ea
681 1008 770 1045 parte
796 1002 878 1034 adsit
911 1001 995 1033 inter
1027 1006 1134 1033 cetera

402 1067 502 1089 unum
523 1056 679 1098 oppidum
694 1056 733 1088 de
750 1054 884 1087 Nankim
904 1060 1133 1096 nuncupatum,

403 1108 628 1151 amplitudine,
647 1107 809 1139 fertilitate
824 1111 855 1138 et
868 1106 1134 1139 commerciorum

403 1160 585 1204 frequentia
607 1160 746 1200 celebre,
773 1159 823 1191 et³
847 1159 879 1190 in
905 1159 991 1191 dicto
1013 1159 1134 1202 oppido

404 1215 443 1248 de
468 1214 602 1246 tlankim
628 1224 691 1245 una
716 1213 852 1245 ecclesia
872 1213 987 1244 Bentae
1013 1213 1134 1254 Virgini

404 1267 520 1307 dicata,
547 1268 646 1299 altera
671 1266 750 1298 inibi
777 1266 950 1306 existente,
978 1266 1082 1298 maior
1106 1272 1138 1299 et

403 1319 605 1363 principalis,
632 1319 682 1351 cui
709 1318 850 1363 eiusdem
883 1319 968 1362 regis
994 1319 1136 1352 Lusitani

404 1372 596 1405 missionarii
622 1372 812 1411 inserviunt,
830 1377 862 1405 et
882 1373 913 1405 in
939 1383 1001 1416 qua
1022 1374 1136 1405 missae

405 1431 437 1459 et
460 1426 522 1458 alia
547 1425 654 1458 divina
679 1425 782 1457 officia
807 1426 1016 1458 celebrantur
1041 1432 1071 1459 et
1092 1437 1139 1459 ec-

407 1479 587 1512 clesiastica
622 1484 823 1511 sacramenta
859 1479 1136 1518 administrantur,

408 1532 598 1575 iampridem
632 1537 739 1564 erecta
775 1537 806 1564 et
845 1532 976 1564 fundata
1011 1533 1136 1573 existat,

407 1595 480 1617 cuin
506 1584 646 1617 sacrario
671 1584 709 1617 ad
735 1585 877 1617 divinum
904 1586 1025 1618 cultum
1056 1586 1141 1618 sulli-

408 1638 532 1671 cienter
555 1637 731 1676 instructo,
758 1643 998 1681 proptereaque
1019 1639 1141 1671 dIcttnn

409 1691 565 1734 oppidum
587 1691 625 1723 de
651 1690 786 1723 Naukim
805 1702 821 1723 a
840 1691 978 1724 dioecesi
998 1692 1141 1725 Machao-

409 1744 501 1776 nensi
527 1743 763 1783 dismembrari,
790 1750 821 1776 et
846 1744 877 1776 in
900 1744 1073 1784 civitatem,
1096 1745 1142 1777 di-

410 1801 557 1839 ctamque
587 1795 756 1828 ecclesiam
789 1797 903 1829 Beatae
938 1797 1074 1839 Virginis
1111 1798 1141 1830 in

410 1848 629 1881 cathedralem
655 1848 747 1891 erigi,
774 1855 806 1881 et
831 1849 863 1881 in
886 1852 921 1882 ea
946 1851 1142 1883 catholicum

411 1902 587 1934 antistitem
612 1907 643 1934 et
669 1908 828 1945 pastorem
853 1904 1022 1947 proprium
1056 1905 1144 1936 insti-

412 1954 466 1994 tui,
493 1955 545 1997 qui
571 1954 642 1987 illos
667 1955 774 1988 adhuc
799 1956 924 1989 debiles
943 1957 974 1989 in
994 1957 1061 2000 ipsa
1082 1957 1143 1990 sule

413 2007 614 2047 confirmare,
639 2013 671 2041 et
695 2009 815 2042 maiora
845 2010 1018 2043 seminaria
1053 2012 1145 2053 plan-

414 2065 491 2100 tare,
507 2060 726 2104 dominicique
747 2062 839 2095 ovilis
856 2069 948 2106 septa
966 2063 1143 2103 aedificare,

414 2119 585 2156 ceteraque
625 2114 822 2157 pontificalia
859 2117 967 2149 omnia
1007 2117 1039 2149 in
1082 2117 1145 2150 illis

414 2166 559 2209 partibus
592 2178 740 2200 exercere
775 2168 918 2211 poterit⁴
942 2174 973 2202 ct
1005 2170 1143 2210 debeat,

415 2219 549 2251 omnino
574 2220 758 2262 expcdiret3
787 2222 842 2254 et⁵
866 2222 1047 2255 devotionis
1071 2233 1146 2255 suae

417 2272 486 2304 zelo
504 2272 627 2312 ductus,
645 2274 772 2316 populis
791 2275 823 2306 in
842 2274 904 2307 illis
930 2275 1075 2318 partibus
1096 2276 1148 2308 de-

417 2324 566 2366 gentibus
580 2327 749 2360 consulere
762 2327 938 2370 plurimum
954 2333 1148 2371 exoptasset,

453 2420 466 2447 1
489 2420 517 2447 ln
532 2421 598 2448 locis
614 2423 707 2457 parall.
724 2422 823 2459 legitur
837 2433 894 2451 esse
908 2425 946 2459 (n.
961 2425 1008 2457 T.).

453 2465 469 2491 2
489 2465 605 2492 Pessime
617 2467 659 2494 ed.
672 2467 749 2494 Main.
762 2468 779 2494 l.
792 2469 884 2496 cultus
900 2478 946 2503 pro
960 2469 1147 2504 vt‹llus(n.T.).

454 2509 470 2536 3
489 2509 626 2536 Coniunct.
648 2514 673 2538 el
694 2521 740 2538 nos
761 2513 882 2539 addimus
901 2518 937 2547 (n.
956 2513 1004 2548 T.)-

454 2554 471 2579 4
490 2555 582 2587 Aptius
602 2555 658 2589 lege
677 2557 762 2590 possit
784 2562 818 2586 (n.
840 2558 888 2591 T.).

453 2598 470 2625 5
489 2598 628 2626 Coniunct.
651 2602 676 2627 et
696 2609 743 2627 nos
762 2601 884 2628 addimus
903 2602 930 2638 (n
960 2601 1008 2637 Τ.).

967 212 1144 237 numanati
1168 212 1322 236 nomunn
1909 207 1958 235 An.
1974 206 2003 234 C.
2024 206 2092 234 16Ὼο

1168 272 1203 292 ae
1229 262 1322 293 nobis
1355 271 1454 304 super
1485 260 1548 293 hoc
1580 270 1639 302 per
1672 259 1740 292 eius
1775 258 1901 292 litteras

1169 313 1336 346 humiliter
1359 315 1592 357 supplicasset:

1212 367 1226 409 ἓ
1251 366 1282 399 02.
1315 367 1436 400 Idcirco
1461 378 1535 409 nos,
1569 371 1694 403 matura
1717 380 1816 413 super
1849 370 2093 431 hisd,ntff.⁵s¹²²mh''·''¹⁰

1927 418 1943 431 lC
1957 418 1961 431 l

1170 431 1240 452 cnm
1278 422 1443 454 nonnullis
1477 423 1714 457 venerabilibus
1749 413 2094 469 fratribuSadioecesi‘l'lfl!

1171 473 1289 505 nostris
1313 473 1344 505 S.
1364 474 1400 506 R.
1426 474 1460 506 Ε.
1488 475 1706 509 cardinalibus
1731 467 2035 521 congi¹ega-⁶²¹³⁰¹¹⁹¹⁴³¹'

1172 525 1268 557 tionis
1293 526 1496 568 particularis
1528 526 1567 559 de
1591 528 1803 571 Propaganda
1826 530 1904 564 Fide

1172 588 1271 620 snper
1296 579 1392 610 rebus
1417 578 1580 611 Indiarurn
1605 580 1814 615 Orientalium
1832 594 1905 626 spe-

1172 630 1299 662 cialiter
1312 630 1495 673 deputatae,
1510 631 1559 663 cui
1576 633 1742 675 negotium
1761 635 1907 670 dismem-

1174 682 1329 715 brationis
1353 688 1385 715 et
1405 684 1578 716 erectionis
1598 685 1783 720 huiusmodi
1801 689 1907 722 diseu-

1175 735 1318 767 tiendum
1343 746 1360 767 a
1384 736 1478 768 nobis
1503 737 1669 771 remissum
1701 740 1813 780 suerat.
1850 743 1907 775 lia-

1175 787 1238 819 bita
1265 787 1509 829 deliberatione,
1528 791 1684 833 oppidum
1705 794 1907 836 praedictum

1175 841 1213 873 ile
1246 840 1381 874 'Nankim
1415 842 1589 885 episcopali
1627 850 1659 877 et
1693 846 1777 880 civili
1814 849 1906 882 titulo

1176 894 1308 935 dignun]
1342 895 1529 937 iudicantes,
1562 897 1689 941 piisque
1722 900 1797 932 dicti
1823 901 1907 934 Petri

1177 947 1261 988 regis
1288 948 1368 980 votis
1387 948 1526 981 libenter
1544 957 1735 992 annuentes,
1755 953 1793 985 de
1812 965 1909 987 vene-

1177 1000 1327 1032 rabilium
1368 1000 1499 1033 fratrum
1540 1009 1727 1037 nostrorum
1763 1006 1909 1040 eiusdem

1177 1053 1289 1085 §.r-E.
1317 1053 1530 1087 cardinalium
1548 1057 1687 1090 consilio
1712 1064 1742 1091 et
1758 1069 1908 1101 assensu,

1179 1106 1283 1149 deque
1297 1107 1495 1150 apostolicae
1513 1110 1682 1151 potcstatis
1697 1112 1910 1153 plenitudine,

1179 1160 1335 1203 oppidum
1361 1160 1399 1193 de
1424 1160 1559 1193 Nankim
1578 1163 1777 1205 praedictum
1796 1166 1835 1198 ab
1859 1177 1911 1198 or-

1180 1212 1305 1245 dinaria
1333 1212 1556 1247 iurisdictione
1587 1216 1733 1259 episcopi
1766 1218 1913 1252 Machao-

1180 1265 1301 1305 nensis,
1340 1266 1517 1308 apostolica
1546 1269 1755 1309 auctoritate,
1801 1277 1912 1304 tenore

1181 1319 1412 1361 praesentium,
1438 1326 1595 1362 pei-'petuo
1622 1331 1842 1365 segregamus,
1868 1325 1914 1357 di-

1182 1371 1329 1412 vidimus,
1361 1382 1548 1414 separamus
1581 1379 1611 1406 ct
1636 1375 1914 1417 dismembramns,

1182 1424 1335 1467 illudque,
1362 1435 1397 1457 ac
1422 1425 1490 1458 eius
1525 1427 1646 1459 clerum
1679 1435 1710 1460 et
1742 1431 1913 1472 populum,

1182 1478 1287 1520 quoad
1316 1478 1421 1519 legem
1457 1478 1682 1512 dioecesanam
1709 1481 1746 1513 ab
1772 1482 1915 1525 episcopi

1183 1531 1425 1563 Maeliaonensis
1439 1532 1674 1573 superioritate,
1693 1533 1916 1568 iurisdictione

1184 1589 1354 1626 potestate,
1373 1583 1587 1623 subiectione,
1605 1585 1787 1620 visitatione
1802 1593 1832 1620 et
1846 1598 1918 1620 cor-

1184 1637 1327 1670 rectione
1345 1647 1478 1679 prorsus
1497 1637 1664 1670 eximimus
1683 1645 1714 1671 et
1731 1640 1916 1680 liberamus,

1184 1701 1221 1722 ac
1246 1690 1403 1733 oppidum
1429 1690 1466 1722 de
1493 1689 1624 1722 Nankim
1650 1692 1848 1733 praedictum
1874 1694 1917 1725 ci-

1185 1743 1300 1783 vitatis,
1324 1743 1476 1785 illiusque
1500 1743 1622 1775 incolas
1642 1744 1756 1777 civium
1775 1746 1918 1788 nomine,

1186 1796 1280 1828 titulo
1306 1800 1337 1827 et
1373 1796 1498 1828 honore
1536 1796 1736 1837 decoramus,
1773 1797 1917 1841 illudque

1186 1849 1218 1881 in
1243 1848 1413 1889 civitatem,
1439 1859 1522 1891 quae
1549 1849 1587 1881 de
1612 1848 1745 1883 Nankim
1771 1851 1919 1884 denomi-

1188 1908 1292 1941 netur,
1313 1907 1344 1935 et
1363 1902 1395 1934 in
1413 1912 1452 1935 eo
1470 1902 1586 1934 dictam
1605 1903 1776 1936 ecclesiam
1802 1905 1918 1937 Beatae

1188 1956 1309 1998 Virgini
1335 1956 1472 1989 dicatam
1503 1955 1536 1988 in
1569 1956 1787 1989 cathedralem
1813 1959 1919 1990 eccle-

1187 2010 1266 2042 siam
1301 2009 1361 2041 sub
1395 2008 1596 2041 invocatione
1628 2009 1770 2041 eiusdem
1804 2010 1918 2043 Beatae

1188 2062 1339 2106 Virginis,
1364 2072 1423 2104 pro
1447 2071 1512 2093 uno
1537 2061 1690 2103 episcopo
1716 2061 1753 2094 de
1784 2061 1918 2095 Nankim

1189 2115 1413 2158 nuncupando,
1441 2113 1494 2156 qui
1524 2113 1570 2146 illi
1596 2113 1731 2155 praesit,
1758 2124 1793 2146 ac
1818 2116 1920 2148 eccle-

1189 2168 1266 2201 siam
1291 2168 1393 2210 ipsam
1418 2167 1457 2199 ad
1483 2167 1617 2198 sormam
1642 2167 1839 2200 cathedralis
1872 2178 1921 2200 ec-

1189 2222 1307 2254 clesiae
1333 2219 1435 2261 redigi
1468 2219 1571 2259 saciat,
1603 2230 1729 2252 necnon
1762 2220 1793 2252 in
1828 2222 1864 2253 ea
1890 2226 1920 2253 ct

1190 2275 1294 2307 dictae
1333 2273 1470 2306 civitatis
1510 2283 1545 2305 ac
1581 2272 1724 2305 ciusdem
1765 2274 1920 2307 ecclesiae

1191 2327 1330 2361 dioecesi
1357 2331 1403 2359 tot
1434 2326 1620 2367 dignitates,
1652 2326 1857 2359 canonicatus
1890 2332 1920 2360 et

1191 2379 1413 2423 praebendas,
1439 2379 1564 2421 aliaque
1589 2378 1747 2411 beneficia
1772 2381 1923 2412 ecclesia-

1191 2434 1283 2472 stica,
1326 2443 1398 2465 cum
1434 2434 1510 2464 cura
1550 2437 1581 2464 et
1612 2432 1680 2464 sine
1713 2434 1807 2471 cura,
1845 2439 1924 2475 quot

1192 2487 1270 2519 inibi
1304 2486 1410 2518 (livino
1443 2485 1540 2518 cultui
1567 2491 1596 2517 et
1623 2485 1727 2518 dictae
1765 2486 1922 2519 ecclesiae

1191 2540 1321 2572 servitio
1343 2549 1377 2570 ac
1402 2537 1608 2571 ecclesiastici
1636 2538 1712 2570 cleri
1736 2539 1841 2571 decori
1862 2538 1922 2571 sibi

1192 2593 1388 2626 vidcbuntur
1401 2590 1582 2631 convenire,
1603 2591 1640 2623 dc
1662 2591 1818 2634 praedicti
1840 2592 1924 2625 Petri
