<?xml version="1.0" encoding="UTF-8"?>
<!DOCTYPE html PUBLIC "-//W3C//DTD XHTML 1.0 Transitional//EN"
    "http://www.w3.org/TR/xhtml1/DTD/xhtml1-transitional.dtd">
<html xmlns="http://www.w3.org/1999/xhtml" xml:lang="en" lang="en">
 <head>
  <title>
</title>
<meta http-equiv="Content-Type" content="text/html;charset=utf-8" />
  <meta name='ocr-system' content='tesseract 3.04.00' />
  <meta name='ocr-capabilities' content='ocr_page ocr_carea ocr_par ocr_line ocrx_word'/>
</head>
<body>
  <div class='ocr_page' id='page_1' title='image "./bullarumdiplomat20cath_1062.png"; bbox 0 0 2254 3225; ppageno 0'>
   <div class='ocr_carea' id='block_1_1' title="bbox 439 222 1347 263">
    <p class='ocr_par' dir='ltr' id='par_1_1' title="bbox 439 222 1347 263">
     <span class='ocr_line' id='line_1_1' title="bbox 439 222 1347 263; baseline 0.008 -7"><span class='ocrx_word' id='word_1_1' title='bbox 439 222 506 257; x_wconf 82' lang='lat'>974</span> <span class='ocrx_word' id='word_1_2' title='bbox 986 237 1169 262; x_wconf 61' lang='lat' dir='ltr'>numanum</span> <span class='ocrx_word' id='word_1_3' title='bbox 1193 237 1347 263; x_wconf 68' lang='lat' dir='ltr'>Romnum</span> 
     </span>
    </p>
   </div>
   <div class='ocr_carea' id='block_1_2' title="bbox 392 286 1938 1181">
    <p class='ocr_par' dir='ltr' id='par_1_2' title="bbox 393 286 1938 760">
     <span class='ocr_line' id='line_1_2' title="bbox 483 286 1935 339; baseline 0.006 -20"><span class='ocrx_word' id='word_1_4' title='bbox 483 296 538 320; x_wconf 90' lang='lat' dir='ltr'>nes</span> <span class='ocrx_word' id='word_1_5' title='bbox 555 286 659 321; x_wconf 87' lang='lat' dir='ltr'>denuo</span> <span class='ocrx_word' id='word_1_6' title='bbox 679 293 764 321; x_wconf 91' lang='lat' dir='ltr'>motu</span> <span class='ocrx_word' id='word_1_7' title='bbox 783 289 914 333; x_wconf 88' lang='lat' dir='ltr'>proprio</span> <span class='ocrx_word' id='word_1_8' title='bbox 932 290 1129 324; x_wconf 83' lang='lat' dir='ltr'>confirmavit</span> <span class='ocrx_word' id='word_1_9' title='bbox 1147 297 1176 325; x_wconf 88' lang='lat' dir='ltr'>et</span> <span class='ocrx_word' id='word_1_10' title='bbox 1193 292 1231 325; x_wconf 88' lang='lat' dir='ltr'>ad</span> <span class='ocrx_word' id='word_1_11' title='bbox 1255 302 1364 326; x_wconf 91' lang='lat' dir='ltr'>omnes</span> <span class='ocrx_word' id='word_1_12' title='bbox 1388 291 1520 325; x_wconf 77' lang='lat' dir='ltr'>Ordines</span> <span class='ocrx_word' id='word_1_13' title='bbox 1545 292 1691 334; x_wconf 79' lang='lat' dir='ltr'>extendit,</span> <span class='ocrx_word' id='word_1_14' title='bbox 1713 293 1775 329; x_wconf 79' lang='lat'>597</span> <span class='ocrx_word' id='word_1_15' title='bbox 1802 294 1835 336; x_wconf 85' lang='lat' dir='ltr'>b;</span> <span class='ocrx_word' id='word_1_16' title='bbox 1861 305 1935 339; x_wconf 89' lang='lat' dir='ltr'>pro-</span> 
     </span>
     <span class='ocr_line' id='line_1_3' title="bbox 482 341 1938 391; baseline 0.006 -19"><span class='ocrx_word' id='word_1_17' title='bbox 482 345 618 374; x_wconf 86' lang='lat' dir='ltr'>tectores</span> <span class='ocrx_word' id='word_1_18' title='bbox 642 341 793 375; x_wconf 85' lang='lat' dir='ltr'>Ordinum</span> <span class='ocrx_word' id='word_1_19' title='bbox 820 343 1012 386; x_wconf 78' lang='lat' dir='ltr'><strong>regularium</strong></span> <span class='ocrx_word' id='word_1_20' title='bbox 1037 355 1076 377; x_wconf 91' lang='lat' dir='ltr'>ne</span> <span class='ocrx_word' id='word_1_21' title='bbox 1101 355 1133 378; x_wconf 91' lang='lat' dir='ltr'>se</span> <span class='ocrx_word' id='word_1_22' title='bbox 1158 345 1301 389; x_wconf 81' lang='lat' dir='ltr'>ingerant</span> <span class='ocrx_word' id='word_1_23' title='bbox 1326 346 1356 378; x_wconf 92' lang='lat' dir='ltr'>in</span> <span class='ocrx_word' id='word_1_24' title='bbox 1382 346 1515 389; x_wconf 79' lang='lat' dir='ltr'>negotiis</span> <span class='ocrx_word' id='word_1_25' title='bbox 1539 347 1805 391; x_wconf 71' lang='lat' dir='ltr'>particularibus,</span> <span class='ocrx_word' id='word_1_26' title='bbox 1830 349 1938 382; x_wconf 87' lang='lat' dir='ltr'>statuit</span> 
     </span>
     <span class='ocr_line' id='line_1_4' title="bbox 482 392 1937 445; baseline 0.007 -20"><span class='ocrx_word' id='word_1_27' title='bbox 482 392 586 435; x_wconf 88' lang='lat' dir='ltr'>idem,</span> <span class='ocrx_word' id='word_1_28' title='bbox 612 394 708 435; x_wconf 77' lang='lat' dir='ltr'>ibicl.;</span> <span class='ocrx_word' id='word_1_29' title='bbox 734 396 916 429; x_wconf 85' lang='lat' dir='ltr'>eorumdem</span> <span class='ocrx_word' id='word_1_30' title='bbox 949 397 1147 431; x_wconf 87' lang='lat' dir='ltr'>facultatibus</span> <span class='ocrx_word' id='word_1_31' title='bbox 1179 399 1353 439; x_wconf 72' lang='lat' dir='ltr'>revocatis,</span> <span class='ocrx_word' id='word_1_32' title='bbox 1377 399 1619 443; x_wconf 77' lang='lat' dir='ltr'>Congregationi</span> <span class='ocrx_word' id='word_1_33' title='bbox 1653 401 1873 445; x_wconf 86' lang='lat' dir='ltr'>episcoporum</span> <span class='ocrx_word' id='word_1_34' title='bbox 1907 406 1937 435; x_wconf 88' lang='lat' dir='ltr'>et</span> 
     </span>
     <span class='ocr_line' id='line_1_5' title="bbox 483 447 1936 498; baseline 0.006 -19"><span class='ocrx_word' id='word_1_35' title='bbox 483 447 675 489; x_wconf 75' lang='lat' dir='ltr'>regularium</span> <span class='ocrx_word' id='word_1_36' title='bbox 702 459 812 481; x_wconf 83' lang='lat' dir='ltr'>omnes</span> <span class='ocrx_word' id='word_1_37' title='bbox 837 450 1053 492; x_wconf 77' lang='lat' dir='ltr'>appellationis</span> <span class='ocrx_word' id='word_1_38' title='bbox 1079 451 1194 493; x_wconf 78' lang='lat' dir='ltr'>gradus</span> <span class='ocrx_word' id='word_1_39' title='bbox 1219 452 1373 485; x_wconf 78' lang='lat' dir='ltr'>concessit</span> <span class='ocrx_word' id='word_1_40' title='bbox 1398 453 1490 495; x_wconf 80' lang='lat' dir='ltr'>idem,</span> <span class='ocrx_word' id='word_1_41' title='bbox 1509 453 1572 487; x_wconf 83' lang='grc'>598</span> <span class='ocrx_word' id='word_1_42' title='bbox 1590 465 1626 494; x_wconf 78' lang='grc' dir='ltr'>(ι;</span> <span class='ocrx_word' id='word_1_43' title='bbox 1653 455 1813 488; x_wconf 74' lang='lat' dir='ltr'>facultates</span> <span class='ocrx_word' id='word_1_44' title='bbox 1833 455 1936 498; x_wconf 84' lang='lat' dir='ltr'>aliqua</span> 
     </span>
     <span class='ocr_line' id='line_1_6' title="bbox 481 500 1935 552; baseline 0.006 -20"><span class='ocrx_word' id='word_1_45' title='bbox 481 500 604 542; x_wconf 78' lang='lat' dir='ltr'>agendi,</span> <span class='ocrx_word' id='word_1_46' title='bbox 630 501 676 534; x_wconf 82' lang='lat' dir='ltr'>vel</span> <span class='ocrx_word' id='word_1_47' title='bbox 702 501 822 544; x_wconf 86' lang='lat' dir='ltr'>aliquos</span> <span class='ocrx_word' id='word_1_48' title='bbox 847 501 1027 545; x_wconf 84' lang='lat' dir='ltr'>deputandi,</span> <span class='ocrx_word' id='word_1_49' title='bbox 1052 503 1090 536; x_wconf 85' lang='lat' dir='ltr'>ad</span> <span class='ocrx_word' id='word_1_50' title='bbox 1115 514 1227 537; x_wconf 81' lang='lat' dir='ltr'>novam</span> <span class='ocrx_word' id='word_1_51' title='bbox 1253 505 1385 538; x_wconf 88' lang='lat' dir='ltr'>formam</span> <span class='ocrx_word' id='word_1_52' title='bbox 1413 507 1569 539; x_wconf 71' lang='lat' dir='ltr'>revocavit</span> <span class='ocrx_word' id='word_1_53' title='bbox 1593 507 1693 549; x_wconf 88' lang='lat' dir='ltr'>idem,</span> <span class='ocrx_word' id='word_1_54' title='bbox 1719 508 1801 548; x_wconf 80' lang='grc'>599;</span> <span class='ocrx_word' id='word_1_55' title='bbox 1827 514 1935 552; x_wconf 89' lang='lat' dir='ltr'>prote-</span> 
     </span>
     <span class='ocr_line' id='line_1_7' title="bbox 482 554 1936 604; baseline 0.006 -19"><span class='ocrx_word' id='word_1_56' title='bbox 482 558 604 586; x_wconf 85' lang='lat' dir='ltr'>ctorum</span> <span class='ocrx_word' id='word_1_57' title='bbox 630 554 791 587; x_wconf 81' lang='lat' dir='ltr'>facultates</span> <span class='ocrx_word' id='word_1_58' title='bbox 823 555 1127 598; x_wconf 79' lang='lat' dir='ltr'>Congregationibus</span> <span class='ocrx_word' id='word_1_59' title='bbox 1152 557 1358 590; x_wconf 76' lang='lat' dir='ltr'>cardinalium</span> <span class='ocrx_word' id='word_1_60' title='bbox 1385 559 1621 601; x_wconf 85' lang='lat' dir='ltr'>conceduntur,</span> <span class='ocrx_word' id='word_1_61' title='bbox 1653 560 1738 600; x_wconf 78' lang='lat' dir='ltr'>ibe&#39;d.;</span> <span class='ocrx_word' id='word_1_62' title='bbox 1774 567 1936 604; x_wconf 88' lang='lat' dir='ltr'>protector</span> 
     </span>
     <span class='ocr_line' id='line_1_8' title="bbox 482 607 1936 655; baseline 0.005 -16"><span class='ocrx_word' id='word_1_63' title='bbox 482 612 512 639; x_wconf 87' lang='lat' dir='ltr'>et</span> <span class='ocrx_word' id='word_1_64' title='bbox 537 607 657 640; x_wconf 86' lang='lat' dir='ltr'>vocales</span> <span class='ocrx_word' id='word_1_65' title='bbox 682 607 712 639; x_wconf 92' lang='lat' dir='ltr'>in</span> <span class='ocrx_word' id='word_1_66' title='bbox 737 607 942 642; x_wconf 83' lang='lat' dir='ltr'>electionibus</span> <span class='ocrx_word' id='word_1_67' title='bbox 978 609 1132 643; x_wconf 88' lang='lat' dir='ltr'>humanos</span> <span class='ocrx_word' id='word_1_68' title='bbox 1167 615 1327 654; x_wconf 83' lang='lat' dir='ltr'>respectus</span> <span class='ocrx_word' id='word_1_69' title='bbox 1354 617 1383 644; x_wconf 91' lang='lat' dir='ltr'>et</span> <span class='ocrx_word' id='word_1_70' title='bbox 1408 618 1536 645; x_wconf 90' lang='lat' dir='ltr'>conatus</span> <span class='ocrx_word' id='word_1_71' title='bbox 1569 619 1788 655; x_wconf 83' lang='lat' dir='ltr'>contemnant,</span> <span class='ocrx_word' id='word_1_72' title='bbox 1814 613 1878 648; x_wconf 77' lang='lat'>599</span> <span class='ocrx_word' id='word_1_73' title='bbox 1903 614 1936 655; x_wconf 75' lang='lat' dir='ltr'>b;</span> 
     </span>
     <span class='ocr_line' id='line_1_9' title="bbox 481 659 1756 710; baseline 0.006 -18"><span class='ocrx_word' id='word_1_74' title='bbox 481 659 564 692; x_wconf 88' lang='lat' dir='ltr'>circa</span> <span class='ocrx_word' id='word_1_75' title='bbox 585 664 781 704; x_wconf 89' lang='lat' dir='ltr'>protectores</span> <span class='ocrx_word' id='word_1_76' title='bbox 804 661 982 705; x_wconf 84' lang='lat' dir='ltr'>praedictos</span> <span class='ocrx_word' id='word_1_77' title='bbox 1006 663 1155 696; x_wconf 91' lang='lat' dir='ltr'>nonnulla</span> <span class='ocrx_word' id='word_1_78' title='bbox 1180 663 1239 696; x_wconf 87' lang='lat' dir='ltr'>alia</span> <span class='ocrx_word' id='word_1_79' title='bbox 1265 664 1488 706; x_wconf 80' lang='lat' dir='ltr'>decernuntur,</span> <span class='ocrx_word' id='word_1_80' title='bbox 1512 664 1576 698; x_wconf 81' lang='lat'>600</span> <span class='ocrx_word' id='word_1_81' title='bbox 1601 666 1617 698; x_wconf 81' lang='lat' dir='ltr'><em>b</em></span> <span class='ocrx_word' id='word_1_82' title='bbox 1643 671 1671 699; x_wconf 90' lang='lat' dir='ltr'>et</span> <span class='ocrx_word' id='word_1_83' title='bbox 1695 678 1756 710; x_wconf 81' lang='lat' dir='ltr'>seq.</span> 
     </span>
     <span class='ocr_line' id='line_1_10' title="bbox 393 712 1234 760; baseline 0.005 -15"><span class='ocrx_word' id='word_1_84' title='bbox 393 712 629 746; x_wconf 78' lang='lat' dir='ltr'>provinciarum</span> <span class='ocrx_word' id='word_1_85' title='bbox 655 713 776 755; x_wconf 81' lang='lat' dir='ltr'>divisio,</span> <span class='ocrx_word' id='word_1_86' title='bbox 801 715 871 747; x_wconf 71' lang='lat' dir='ltr'>vide</span> <span class='ocrx_word' id='word_1_87' title='bbox 896 715 1031 749; x_wconf 87' lang='lat' dir='ltr'>Minores</span> <span class='ocrx_word' id='word_1_88' title='bbox 1056 716 1234 760; x_wconf 86' lang='lat' dir='ltr'>Capuccini.</span> 
     </span>
    </p>

    <p class='ocr_par' dir='ltr' id='par_1_3' title="bbox 393 766 1936 1082">
     <span class='ocr_line' id='line_1_11' title="bbox 393 766 1935 810; baseline 0.006 -12"><span class='ocrx_word' id='word_1_89' title='bbox 393 766 572 799; x_wconf 84' lang='lat' dir='ltr'>Provincias</span> <span class='ocrx_word' id='word_1_90' title='bbox 596 767 702 810; x_wconf 90' lang='lat' dir='ltr'>plures</span> <span class='ocrx_word' id='word_1_91' title='bbox 727 767 815 810; x_wconf 80' lang='lat' dir='ltr'>regni</span> <span class='ocrx_word' id='word_1_92' title='bbox 842 768 988 802; x_wconf 85' lang='lat' dir='ltr'>Sinarum</span> <span class='ocrx_word' id='word_1_93' title='bbox 1007 780 1023 802; x_wconf 91' lang='lat' dir='ltr'>a</span> <span class='ocrx_word' id='word_1_94' title='bbox 1041 770 1238 803; x_wconf 74' lang='lat' dir='ltr'>dioecesibus</span> <span class='ocrx_word' id='word_1_95' title='bbox 1267 771 1430 804; x_wconf 60' lang='lat' dir='ltr'>Peltinensi</span> <span class='ocrx_word' id='word_1_96' title='bbox 1456 777 1486 805; x_wconf 89' lang='lat' dir='ltr'>et</span> <span class='ocrx_word' id='word_1_97' title='bbox 1511 772 1703 806; x_wconf 77' lang='lat' dir='ltr'>Nankinensi</span> <span class='ocrx_word' id='word_1_98' title='bbox 1724 772 1935 807; x_wconf 89' lang='lat' dir='ltr'>dismembra-</span> 
     </span>
     <span class='ocr_line' id='line_1_12' title="bbox 483 819 1936 872; baseline 0.007 -20"><span class='ocrx_word' id='word_1_99' title='bbox 483 819 526 852; x_wconf 69' lang='lat' dir='ltr'>rit</span> <span class='ocrx_word' id='word_1_100' title='bbox 552 820 751 854; x_wconf 84' lang='lat' dir='ltr'>Innocentius</span> <span class='ocrx_word' id='word_1_101' title='bbox 776 821 840 862; x_wconf 81' lang='grc' dir='ltr'>ΧΠ,</span> <span class='ocrx_word' id='word_1_102' title='bbox 866 832 979 866; x_wconf 86' lang='lat' dir='ltr'>easque</span> <span class='ocrx_word' id='word_1_103' title='bbox 1003 824 1161 857; x_wconf 81' lang='lat' dir='ltr'>commisit</span> <span class='ocrx_word' id='word_1_104' title='bbox 1183 824 1308 857; x_wconf 71' lang='lat' dir='ltr'>vicariis</span> <span class='ocrx_word' id='word_1_105' title='bbox 1332 825 1523 868; x_wconf 83' lang='lat' dir='ltr'>apostolicis,</span> <span class='ocrx_word' id='word_1_106' title='bbox 1543 826 1607 859; x_wconf 74' lang='lat'>764</span> <span class='ocrx_word' id='word_1_107' title='bbox 1623 837 1642 859; x_wconf 85' lang='grc' dir='ltr'><em>α</em></span> <span class='ocrx_word' id='word_1_108' title='bbox 1660 831 1690 860; x_wconf 90' lang='lat' dir='ltr'>et</span> <span class='ocrx_word' id='word_1_109' title='bbox 1709 838 1788 871; x_wconf 83' lang='lat' dir='ltr'>seq.;</span> <span class='ocrx_word' id='word_1_110' title='bbox 1809 829 1936 872; x_wconf 77' lang='lat' dir='ltr'>provin-</span> 
     </span>
     <span class='ocr_line' id='line_1_13' title="bbox 482 873 1935 924; baseline 0.007 -19"><span class='ocrx_word' id='word_1_111' title='bbox 482 873 562 906; x_wconf 88' lang='lat' dir='ltr'>ciam</span> <span class='ocrx_word' id='word_1_112' title='bbox 588 874 759 907; x_wconf 81' lang='lat' dir='ltr'>Arrabidae</span> <span class='ocrx_word' id='word_1_113' title='bbox 785 875 938 907; x_wconf 71' lang='lat' dir='ltr'>lllinorum</span> <span class='ocrx_word' id='word_1_114' title='bbox 967 876 1220 909; x_wconf 80' lang='lat' dir='ltr'>Reformatorum</span> <span class='ocrx_word' id='word_1_115' title='bbox 1253 877 1282 910; x_wconf 91' lang='lat' dir='ltr'>in</span> <span class='ocrx_word' id='word_1_116' title='bbox 1316 878 1472 912; x_wconf 81' lang='lat' dir='ltr'>Lusitania</span> <span class='ocrx_word' id='word_1_117' title='bbox 1505 880 1730 924; x_wconf 85' lang='lat' dir='ltr'>comprehendi</span> <span class='ocrx_word' id='word_1_118' title='bbox 1763 881 1795 914; x_wconf 92' lang='lat' dir='ltr'>in</span> <span class='ocrx_word' id='word_1_119' title='bbox 1819 882 1935 915; x_wconf 90' lang='lat' dir='ltr'>consti-</span> 
     </span>
     <span class='ocr_line' id='line_1_14' title="bbox 481 927 1935 974; baseline 0.007 -15"><span class='ocrx_word' id='word_1_120' title='bbox 481 927 600 960; x_wconf 86' lang='lat' dir='ltr'>tutione</span> <span class='ocrx_word' id='word_1_121' title='bbox 637 927 803 961; x_wconf 78' lang='lat' dir='ltr'>Alexandri</span> <span class='ocrx_word' id='word_1_122' title='bbox 839 929 887 961; x_wconf 69' lang='lat' dir='ltr'>x&#39;lt</span> <span class='ocrx_word' id='word_1_123' title='bbox 922 929 958 961; x_wconf 89' lang='lat' dir='ltr'>de</span> <span class='ocrx_word' id='word_1_124' title='bbox 994 930 1167 973; x_wconf 78' lang='lat' dir='ltr'>privilegiis</span> <span class='ocrx_word' id='word_1_125' title='bbox 1208 931 1445 974; x_wconf 77' lang='lat' dir='ltr'>provinciarum</span> <span class='ocrx_word' id='word_1_126' title='bbox 1486 933 1671 966; x_wconf 91' lang='lat' dir='ltr'>eorumdem</span> <span class='ocrx_word' id='word_1_127' title='bbox 1714 934 1869 968; x_wconf 83' lang='lat' dir='ltr'>Minorum</span> <span class='ocrx_word' id='word_1_128' title='bbox 1902 936 1935 968; x_wconf 91' lang='lat' dir='ltr'>in</span> 
     </span>
     <span class='ocr_line' id='line_1_15' title="bbox 481 979 1934 1031; baseline 0.007 -20"><span class='ocrx_word' id='word_1_129' title='bbox 481 979 630 1023; x_wconf 72' lang='lat' dir='ltr'>Hispania</span> <span class='ocrx_word' id='word_1_130' title='bbox 656 986 686 1013; x_wconf 89' lang='lat' dir='ltr'>et</span> <span class='ocrx_word' id='word_1_131' title='bbox 706 981 800 1013; x_wconf 93' lang='lat' dir='ltr'>lndiis</span> <span class='ocrx_word' id='word_1_132' title='bbox 826 981 1087 1024; x_wconf 83' lang='lat' dir='ltr'>Occidentalibus‚</span> <span class='ocrx_word' id='word_1_133' title='bbox 1109 983 1249 1017; x_wconf 76' lang='lat' dir='ltr'>decrevit</span> <span class='ocrx_word' id='word_1_134' title='bbox 1274 984 1483 1029; x_wconf 83' lang='lat' dir='ltr'>Congregatio</span> <span class='ocrx_word' id='word_1_135' title='bbox 1508 986 1731 1031; x_wconf 86' lang='lat' dir='ltr'>episcoporum</span> <span class='ocrx_word' id='word_1_136' title='bbox 1758 993 1788 1021; x_wconf 90' lang='lat' dir='ltr'>et</span> <span class='ocrx_word' id='word_1_137' title='bbox 1811 989 1934 1031; x_wconf 84' lang='lat' dir='ltr'>regula-</span> 
     </span>
     <span class='ocr_line' id='line_1_16' title="bbox 482 1032 1393 1082; baseline 0.008 -18"><span class='ocrx_word' id='word_1_138' title='bbox 482 1032 576 1073; x_wconf 88' lang='lat' dir='ltr'>rium,</span> <span class='ocrx_word' id='word_1_139' title='bbox 602 1033 691 1066; x_wconf 90' lang='lat' dir='ltr'>euius</span> <span class='ocrx_word' id='word_1_140' title='bbox 716 1033 876 1067; x_wconf 89' lang='lat' dir='ltr'>decretum</span> <span class='ocrx_word' id='word_1_141' title='bbox 904 1036 1118 1077; x_wconf 78' lang='lat' dir='ltr'>confirmatur,</span> <span class='ocrx_word' id='word_1_142' title='bbox 1144 1036 1209 1070; x_wconf 73' lang='lat'>784</span> <span class='ocrx_word' id='word_1_143' title='bbox 1233 1049 1252 1070; x_wconf 81' lang='lat' dir='ltr'>a</span> <span class='ocrx_word' id='word_1_144' title='bbox 1279 1044 1308 1070; x_wconf 88' lang='lat' dir='ltr'>et</span> <span class='ocrx_word' id='word_1_145' title='bbox 1333 1050 1393 1082; x_wconf 77' lang='lat' dir='ltr'>seq.</span> 
     </span>
    </p>

    <p class='ocr_par' dir='ltr' id='par_1_4' title="bbox 392 1085 1936 1181">
     <span class='ocr_line' id='line_1_17' title="bbox 392 1085 1936 1136; baseline 0.006 -19"><span class='ocrx_word' id='word_1_146' title='bbox 392 1085 633 1119; x_wconf 78' lang='lat' dir='ltr'>Psalmodiensis</span> <span class='ocrx_word' id='word_1_147' title='bbox 659 1087 783 1120; x_wconf 82' lang='lat' dir='ltr'>abbatia</span> <span class='ocrx_word' id='word_1_148' title='bbox 808 1090 1027 1132; x_wconf 78' lang='lat' dir='ltr'>supprimitur,</span> <span class='ocrx_word' id='word_1_149' title='bbox 1055 1091 1214 1134; x_wconf 78' lang='lat' dir='ltr'>ipsiusque</span> <span class='ocrx_word' id='word_1_150' title='bbox 1241 1102 1348 1124; x_wconf 81' lang='lat' dir='ltr'>mensa</span> <span class='ocrx_word' id='word_1_151' title='bbox 1374 1102 1500 1125; x_wconf 88' lang='lat' dir='ltr'>mensae</span> <span class='ocrx_word' id='word_1_152' title='bbox 1521 1092 1691 1136; x_wconf 86' lang='lat' dir='ltr'>episcopali</span> <span class='ocrx_word' id='word_1_153' title='bbox 1712 1093 1863 1127; x_wconf 81' lang='lat' dir='ltr'>Alesiensi</span> <span class='ocrx_word' id='word_1_154' title='bbox 1882 1104 1936 1127; x_wconf 89' lang='lat' dir='ltr'>an-</span> 
     </span>
     <span class='ocr_line' id='line_1_18' title="bbox 481 1140 765 1181; baseline 0.007 -10"><span class='ocrx_word' id='word_1_155' title='bbox 481 1140 626 1181; x_wconf 82' lang='lat' dir='ltr'>nectitur,</span> <span class='ocrx_word' id='word_1_156' title='bbox 652 1141 715 1175; x_wconf 55' lang='lat'>6026</span> <span class='ocrx_word' id='word_1_157' title='bbox 741 1142 765 1173; x_wconf 70' lang='lat' dir='ltr'>h.</span> 
     </span>
    </p>
   </div>
   <div class='ocr_carea' id='block_1_3' title="bbox 1148 1250 1172 1288">
    <p class='ocr_par' dir='ltr' id='par_1_5' title="bbox 1148 1250 1172 1288">
     <span class='ocr_line' id='line_1_19' title="bbox 1148 1250 1172 1288; baseline 0 0"><span class='ocrx_word' id='word_1_158' title='bbox 1148 1250 1172 1288; x_wconf 79' lang='lat' dir='ltr'>Q</span> 
     </span>
    </p>
   </div>
   <div class='ocr_carea' id='block_1_4' title="bbox 392 1352 1966 1458">
    <p class='ocr_par' dir='ltr' id='par_1_6' title="bbox 392 1352 1966 1458">
     <span class='ocr_line' id='line_1_20' title="bbox 392 1352 1966 1402; baseline 0.006 -18"><span class='ocrx_word' id='word_1_159' title='bbox 392 1352 604 1391; x_wconf 83' lang='lat' dir='ltr'>Quaestiones.</span> <span class='ocrx_word' id='word_1_160' title='bbox 631 1353 731 1398; x_wconf 86' lang='lat' dir='ltr'>Super</span> <span class='ocrx_word' id='word_1_161' title='bbox 756 1355 938 1398; x_wconf 85' lang='lat' dir='ltr'>quaestione</span> <span class='ocrx_word' id='word_1_162' title='bbox 963 1355 1000 1387; x_wconf 85' lang='lat' dir='ltr'>de</span> <span class='ocrx_word' id='word_1_163' title='bbox 1026 1355 1218 1390; x_wconf 85' lang='lat' dir='ltr'>institutione</span> <span class='ocrx_word' id='word_1_164' title='bbox 1243 1356 1481 1390; x_wconf 87' lang='lat' dir='ltr'>Carmelitarum</span> <span class='ocrx_word' id='word_1_165' title='bbox 1507 1368 1525 1391; x_wconf 84' lang='lat' dir='ltr'>a</span> <span class='ocrx_word' id='word_1_166' title='bbox 1544 1357 1708 1402; x_wconf 89' lang='lat' dir='ltr'>prophetis</span> <span class='ocrx_word' id='word_1_167' title='bbox 1733 1358 1799 1392; x_wconf 88' lang='lat' dir='ltr'>Elia</span> <span class='ocrx_word' id='word_1_168' title='bbox 1822 1365 1853 1393; x_wconf 87' lang='lat' dir='ltr'>et</span> <span class='ocrx_word' id='word_1_169' title='bbox 1873 1359 1966 1395; x_wconf 62' lang='lat' dir='ltr'>Eli-e,</span> 
     </span>
     <span class='ocr_line' id='line_1_21' title="bbox 481 1406 1924 1458; baseline 0.006 -19"><span class='ocrx_word' id='word_1_170' title='bbox 481 1416 534 1439; x_wconf 89' lang='lat' dir='ltr'>seo</span> <span class='ocrx_word' id='word_1_171' title='bbox 559 1406 716 1440; x_wconf 90' lang='lat' dir='ltr'>silentium</span> <span class='ocrx_word' id='word_1_172' title='bbox 739 1413 926 1452; x_wconf 87' lang='lat' dir='ltr'>perpetuum</span> <span class='ocrx_word' id='word_1_173' title='bbox 953 1408 1011 1441; x_wconf 86' lang='lat' dir='ltr'>sub</span> <span class='ocrx_word' id='word_1_174' title='bbox 1036 1410 1370 1444; x_wconf 77' lang='lat' dir='ltr'>excommunicationis</span> <span class='ocrx_word' id='word_1_175' title='bbox 1388 1413 1491 1455; x_wconf 72' lang='lat' dir='ltr'>poena</span> <span class='ocrx_word' id='word_1_176' title='bbox 1508 1411 1692 1456; x_wconf 89' lang='lat' dir='ltr'>imponitur,</span> <span class='ocrx_word' id='word_1_177' title='bbox 1710 1411 1774 1446; x_wconf 81' lang='lat'>863</span> <span class='ocrx_word' id='word_1_178' title='bbox 1791 1412 1807 1447; x_wconf 81' lang='lat' dir='ltr'><em>b</em></span> <span class='ocrx_word' id='word_1_179' title='bbox 1824 1419 1855 1448; x_wconf 90' lang='lat' dir='ltr'>et</span> <span class='ocrx_word' id='word_1_180' title='bbox 1872 1425 1924 1458; x_wconf 79' lang='lat' dir='ltr'>seq</span> 
     </span>
    </p>
   </div>
   <div class='ocr_carea' id='block_1_5' title="bbox 1149 1571 1173 1604">
    <p class='ocr_par' dir='ltr' id='par_1_7' title="bbox 1149 1571 1173 1604">
     <span class='ocr_line' id='line_1_22' title="bbox 1149 1571 1173 1604; baseline 0 0"><span class='ocrx_word' id='word_1_181' title='bbox 1149 1571 1173 1604; x_wconf 75' lang='lat' dir='ltr'>R</span> 
     </span>
    </p>
   </div>
   <div class='ocr_carea' id='block_1_6' title="bbox 393 1672 1935 2685">
    <p class='ocr_par' dir='ltr' id='par_1_8' title="bbox 393 1672 1933 1813">
     <span class='ocr_line' id='line_1_23' title="bbox 393 1672 1932 1717; baseline 0.006 -13"><span class='ocrx_word' id='word_1_182' title='bbox 393 1672 539 1715; x_wconf 77' lang='lat' dir='ltr'>Regaliae</span> <span class='ocrx_word' id='word_1_183' title='bbox 575 1673 811 1715; x_wconf 84' lang='lat' dir='ltr'>extensionem,</span> <span class='ocrx_word' id='word_1_184' title='bbox 853 1676 901 1708; x_wconf 81' lang='lat' dir='ltr'>eui</span> <span class='ocrx_word' id='word_1_185' title='bbox 931 1676 1033 1709; x_wconf 89' lang='lat' dir='ltr'>clerus</span> <span class='ocrx_word' id='word_1_186' title='bbox 1063 1676 1258 1717; x_wconf 86' lang='lat' dir='ltr'>Gallicanus,</span> <span class='ocrx_word' id='word_1_187' title='bbox 1297 1677 1327 1709; x_wconf 91' lang='lat' dir='ltr'>in</span> <span class='ocrx_word' id='word_1_188' title='bbox 1361 1677 1498 1711; x_wconf 86' lang='lat' dir='ltr'>comitiis</span> <span class='ocrx_word' id='word_1_189' title='bbox 1530 1678 1646 1711; x_wconf 89' lang='lat' dir='ltr'>habitis</span> <span class='ocrx_word' id='word_1_190' title='bbox 1682 1679 1808 1712; x_wconf 88' lang='lat' dir='ltr'>Parisiis</span> <span class='ocrx_word' id='word_1_191' title='bbox 1850 1690 1932 1713; x_wconf 87' lang='lat' dir='ltr'>anno</span> 
     </span>
     <span class='ocr_line' id='line_1_24' title="bbox 482 1730 1933 1775; baseline 0.005 -16"><span class='ocrx_word' id='word_1_192' title='bbox 482 1736 652 1760; x_wconf 76' lang='lat' dir='ltr'>MDCLxxxn</span> <span class='ocrx_word' id='word_1_193' title='bbox 678 1732 898 1771; x_wconf 42' lang='lat' dir='ltr'>congregatus</span> <span class='ocrx_word' id='word_1_194' title='bbox 917 1739 1077 1762; x_wconf 72' lang='lat' dir='ltr'>assensum</span> <span class='ocrx_word' id='word_1_195' title='bbox 1097 1731 1306 1773; x_wconf 82' lang='lat' dir='ltr'>praestiterat,</span> <span class='ocrx_word' id='word_1_196' title='bbox 1327 1730 1445 1762; x_wconf 86' lang='lat' dir='ltr'>nullam</span> <span class='ocrx_word' id='word_1_197' title='bbox 1464 1731 1633 1764; x_wconf 75' lang='lat' dir='ltr'>declaravit</span> <span class='ocrx_word' id='word_1_198' title='bbox 1656 1732 1832 1766; x_wconf 83' lang='lat' dir='ltr'>Alexander</span> <span class='ocrx_word' id='word_1_199' title='bbox 1856 1732 1933 1775; x_wconf 82' lang='lat' dir='ltr'>vlu,</span> 
     </span>
     <span class='ocr_line' id='line_1_25' title="bbox 483 1779 576 1813; baseline 0.011 -2"><span class='ocrx_word' id='word_1_200' title='bbox 483 1779 576 1813; x_wconf 75' lang='lat' dir='ltr'><em>67‘b.</em></span> 
     </span>
    </p>

    <p class='ocr_par' dir='ltr' id='par_1_9' title="bbox 394 1833 1935 2092">
     <span class='ocr_line' id='line_1_26' title="bbox 394 1833 1935 1882; baseline 0.005 -17"><span class='ocrx_word' id='word_1_201' title='bbox 394 1833 566 1876; x_wconf 81' lang='lat' dir='ltr'>Regulares</span> <span class='ocrx_word' id='word_1_202' title='bbox 592 1833 801 1867; x_wconf 84' lang='lat' dir='ltr'>confessarios</span> <span class='ocrx_word' id='word_1_203' title='bbox 825 1834 864 1867; x_wconf 85' lang='lat' dir='ltr'>ab</span> <span class='ocrx_word' id='word_1_204' title='bbox 889 1835 957 1868; x_wconf 90' lang='lat' dir='ltr'>aliis</span> <span class='ocrx_word' id='word_1_205' title='bbox 975 1836 1165 1880; x_wconf 87' lang='lat' dir='ltr'>approbatos</span> <span class='ocrx_word' id='word_1_206' title='bbox 1183 1837 1297 1870; x_wconf 89' lang='lat' dir='ltr'>iterum</span> <span class='ocrx_word' id='word_1_207' title='bbox 1319 1836 1427 1870; x_wconf 88' lang='lat' dir='ltr'>deberi</span> <span class='ocrx_word' id='word_1_208' title='bbox 1447 1838 1617 1882; x_wconf 88' lang='lat' dir='ltr'>approbari</span> <span class='ocrx_word' id='word_1_209' title='bbox 1634 1838 1673 1871; x_wconf 87' lang='lat' dir='ltr'>ab</span> <span class='ocrx_word' id='word_1_210' title='bbox 1690 1838 1857 1873; x_wconf 83' lang='lat' dir='ltr'>Ordinario</span> <span class='ocrx_word' id='word_1_211' title='bbox 1874 1839 1935 1873; x_wconf 91' lang='lat' dir='ltr'>loci</span> 
     </span>
     <span class='ocr_line' id='line_1_27' title="bbox 480 1886 1934 1937; baseline 0.006 -18"><span class='ocrx_word' id='word_1_212' title='bbox 480 1886 642 1919; x_wconf 89' lang='lat' dir='ltr'>decretum</span> <span class='ocrx_word' id='word_1_213' title='bbox 668 1887 929 1930; x_wconf 81' lang='lat' dir='ltr'>Congregationis</span> <span class='ocrx_word' id='word_1_214' title='bbox 961 1889 1183 1933; x_wconf 84' lang='lat' dir='ltr'>episcoporum</span> <span class='ocrx_word' id='word_1_215' title='bbox 1221 1896 1251 1923; x_wconf 89' lang='lat' dir='ltr'>et</span> <span class='ocrx_word' id='word_1_216' title='bbox 1289 1891 1483 1934; x_wconf 78' lang='lat' dir='ltr'>regularium</span> <span class='ocrx_word' id='word_1_217' title='bbox 1516 1892 1547 1925; x_wconf 92' lang='lat' dir='ltr'>in</span> <span class='ocrx_word' id='word_1_218' title='bbox 1580 1894 1673 1926; x_wconf 79' lang='lat' dir='ltr'>causa</span> <span class='ocrx_word' id='word_1_219' title='bbox 1704 1893 1850 1926; x_wconf 85' lang='lat' dir='ltr'>Lusitana</span> <span class='ocrx_word' id='word_1_220' title='bbox 1875 1903 1934 1937; x_wconf 88' lang='lat' dir='ltr'>pro</span> 
     </span>
     <span class='ocr_line' id='line_1_28' title="bbox 481 1940 1933 1988; baseline 0.006 -17"><span class='ocrx_word' id='word_1_221' title='bbox 481 1940 690 1983; x_wconf 74' lang='lat' dir='ltr'>exequutione</span> <span class='ocrx_word' id='word_1_222' title='bbox 703 1941 934 1974; x_wconf 89' lang='lat' dir='ltr'>constitutionis</span> <span class='ocrx_word' id='word_1_223' title='bbox 949 1942 1116 1976; x_wconf 91' lang='lat' dir='ltr'>Clementis</span> <span class='ocrx_word' id='word_1_224' title='bbox 1134 1944 1158 1977; x_wconf 80' lang='lat' dir='ltr'>X</span> <span class='ocrx_word' id='word_1_225' title='bbox 1185 1944 1289 1977; x_wconf 83' lang='lat' dir='ltr'>favore</span> <span class='ocrx_word' id='word_1_226' title='bbox 1314 1940 1552 1978; x_wconf 88' lang='lat' dir='ltr'>Ordinariorum</span> <span class='ocrx_word' id='word_1_227' title='bbox 1579 1946 1796 1988; x_wconf 85' lang='lat' dir='ltr'>confirmatur,</span> <span class='ocrx_word' id='word_1_228' title='bbox 1810 1946 1874 1980; x_wconf 74' lang='lat'>849</span> <span class='ocrx_word' id='word_1_229' title='bbox 1899 1947 1933 1987; x_wconf 77' lang='lat'>113</span> 
     </span>
     <span class='ocr_line' id='line_1_29' title="bbox 482 1994 1934 2043; baseline 0.005 -17"><span class='ocrx_word' id='word_1_230' title='bbox 482 1994 555 2026; x_wconf 90' lang='lat' dir='ltr'>item</span> <span class='ocrx_word' id='word_1_231' title='bbox 576 1999 685 2028; x_wconf 87' lang='lat' dir='ltr'>contra</span> <span class='ocrx_word' id='word_1_232' title='bbox 710 1995 872 2038; x_wconf 80' lang='lat' dir='ltr'>regulares</span> <span class='ocrx_word' id='word_1_233' title='bbox 897 1996 1120 2029; x_wconf 82' lang='lat' dir='ltr'>aromatariam</span> <span class='ocrx_word' id='word_1_234' title='bbox 1145 2003 1326 2030; x_wconf 79' lang='lat' dir='ltr'>exercentes</span> <span class='ocrx_word' id='word_1_235' title='bbox 1360 1998 1521 2032; x_wconf 85' lang='lat' dir='ltr'>decretum</span> <span class='ocrx_word' id='word_1_236' title='bbox 1547 1999 1806 2043; x_wconf 78' lang='lat' dir='ltr'>Congregationis</span> <span class='ocrx_word' id='word_1_237' title='bbox 1831 2000 1934 2033; x_wconf 83' lang='lat' dir='ltr'>visita-</span> 
     </span>
     <span class='ocr_line' id='line_1_30' title="bbox 483 2047 1441 2092; baseline 0.005 -13"><span class='ocrx_word' id='word_1_238' title='bbox 483 2047 575 2079; x_wconf 88' lang='lat' dir='ltr'>tionis</span> <span class='ocrx_word' id='word_1_239' title='bbox 599 2048 789 2091; x_wconf 80' lang='lat' dir='ltr'>apostolicae</span> <span class='ocrx_word' id='word_1_240' title='bbox 813 2049 851 2081; x_wconf 92' lang='lat' dir='ltr'>de</span> <span class='ocrx_word' id='word_1_241' title='bbox 877 2049 959 2082; x_wconf 85' lang='lat' dir='ltr'>Urbe</span> <span class='ocrx_word' id='word_1_242' title='bbox 984 2050 1200 2092; x_wconf 79' lang='lat' dir='ltr'>confirmatur,</span> <span class='ocrx_word' id='word_1_243' title='bbox 1227 2050 1290 2084; x_wconf 63' lang='grc'>946</span> <span class='ocrx_word' id='word_1_244' title='bbox 1315 2062 1333 2084; x_wconf 82' lang='lat' dir='ltr'>a</span> <span class='ocrx_word' id='word_1_245' title='bbox 1361 2057 1389 2084; x_wconf 87' lang='lat' dir='ltr'>et</span> <span class='ocrx_word' id='word_1_246' title='bbox 1415 2052 1441 2084; x_wconf 83' lang='lat' dir='ltr'>b.</span> 
     </span>
    </p>

    <p class='ocr_par' dir='ltr' id='par_1_10' title="bbox 393 2099 1269 2147">
     <span class='ocr_line' id='line_1_31' title="bbox 393 2099 1269 2147; baseline 0.003 -14"><span class='ocrx_word' id='word_1_247' title='bbox 393 2099 530 2143; x_wconf 83' lang='lat' dir='ltr'>Regulae</span> <span class='ocrx_word' id='word_1_248' title='bbox 555 2100 774 2143; x_wconf 85' lang='lat' dir='ltr'>Cancellariae,</span> <span class='ocrx_word' id='word_1_249' title='bbox 799 2103 871 2135; x_wconf 72' lang='lat' dir='ltr'>vide</span> <span class='ocrx_word' id='word_1_250' title='bbox 895 2102 1106 2136; x_wconf 85' lang='lat' dir='ltr'>Cancellariae</span> <span class='ocrx_word' id='word_1_251' title='bbox 1131 2104 1269 2147; x_wconf 83' lang='lat' dir='ltr'>regulae.</span> 
     </span>
    </p>

    <p class='ocr_par' dir='ltr' id='par_1_11' title="bbox 393 2152 1933 2308">
     <span class='ocr_line' id='line_1_32' title="bbox 393 2152 1933 2204; baseline 0.005 -19"><span class='ocrx_word' id='word_1_252' title='bbox 393 2152 455 2185; x_wconf 83' lang='lat' dir='ltr'>Rex</span> <span class='ocrx_word' id='word_1_253' title='bbox 481 2153 663 2187; x_wconf 83' lang='lat' dir='ltr'>Galliarum.</span> <span class='ocrx_word' id='word_1_254' title='bbox 694 2155 738 2187; x_wconf 92' lang='lat' dir='ltr'>Illi</span> <span class='ocrx_word' id='word_1_255' title='bbox 766 2155 812 2188; x_wconf 89' lang='lat' dir='ltr'>ius</span> <span class='ocrx_word' id='word_1_256' title='bbox 837 2156 1020 2189; x_wconf 86' lang='lat' dir='ltr'>nominandi</span> <span class='ocrx_word' id='word_1_257' title='bbox 1046 2157 1091 2189; x_wconf 83' lang='lat' dir='ltr'>vel</span> <span class='ocrx_word' id='word_1_258' title='bbox 1118 2157 1335 2200; x_wconf 85' lang='lat' dir='ltr'>praesentandi</span> <span class='ocrx_word' id='word_1_259' title='bbox 1363 2158 1399 2190; x_wconf 84' lang='lat' dir='ltr'>ad</span> <span class='ocrx_word' id='word_1_260' title='bbox 1425 2158 1589 2191; x_wconf 87' lang='lat' dir='ltr'>ecclesiam</span> <span class='ocrx_word' id='word_1_261' title='bbox 1616 2159 1807 2193; x_wconf 87' lang='lat' dir='ltr'>Alesiensem</span> <span class='ocrx_word' id='word_1_262' title='bbox 1833 2170 1933 2204; x_wconf 86' lang='lat' dir='ltr'>nuper</span> 
     </span>
     <span class='ocr_line' id='line_1_33' title="bbox 482 2207 1931 2252; baseline 0.005 -13"><span class='ocrx_word' id='word_1_263' title='bbox 482 2207 512 2239; x_wconf 85' lang='lat' dir='ltr'>in</span> <span class='ocrx_word' id='word_1_264' title='bbox 538 2208 749 2241; x_wconf 85' lang='lat' dir='ltr'>cathedralem</span> <span class='ocrx_word' id='word_1_265' title='bbox 776 2215 924 2249; x_wconf 83' lang='lat' dir='ltr'>erectam,</span> <span class='ocrx_word' id='word_1_266' title='bbox 943 2210 1096 2243; x_wconf 83' lang='lat' dir='ltr'>concessit</span> <span class='ocrx_word' id='word_1_267' title='bbox 1120 2211 1319 2244; x_wconf 88' lang='lat' dir='ltr'>Innocentius</span> <span class='ocrx_word' id='word_1_268' title='bbox 1344 2212 1405 2252; x_wconf 82' lang='grc' dir='ltr'>ΧΠ,</span> <span class='ocrx_word' id='word_1_269' title='bbox 1423 2211 1486 2245; x_wconf 65' lang='grc'>699</span> <span class='ocrx_word' id='word_1_270' title='bbox 1504 2211 1533 2252; x_wconf 82' lang='lat' dir='ltr'>b;</span> <span class='ocrx_word' id='word_1_271' title='bbox 1552 2212 1653 2244; x_wconf 88' lang='lat' dir='ltr'>eidem</span> <span class='ocrx_word' id='word_1_272' title='bbox 1679 2212 1726 2245; x_wconf 88' lang='lat' dir='ltr'>ius</span> <span class='ocrx_word' id='word_1_273' title='bbox 1750 2213 1931 2246; x_wconf 89' lang='lat' dir='ltr'>nominandi</span> 
     </span>
     <span class='ocr_line' id='line_1_34' title="bbox 482 2260 1930 2308; baseline 0.006 -16"><span class='ocrx_word' id='word_1_274' title='bbox 482 2260 519 2293; x_wconf 87' lang='lat' dir='ltr'>ad</span> <span class='ocrx_word' id='word_1_275' title='bbox 546 2261 760 2305; x_wconf 85' lang='lat' dir='ltr'>episcopatum</span> <span class='ocrx_word' id='word_1_276' title='bbox 787 2263 975 2303; x_wconf 76' lang='lat' dir='ltr'>Blesensem‚</span> <span class='ocrx_word' id='word_1_277' title='bbox 993 2274 1092 2307; x_wconf 84' lang='lat' dir='ltr'>nuper</span> <span class='ocrx_word' id='word_1_278' title='bbox 1116 2265 1235 2308; x_wconf 89' lang='lat' dir='ltr'>pariter</span> <span class='ocrx_word' id='word_1_279' title='bbox 1260 2270 1410 2306; x_wconf 88' lang='lat' dir='ltr'>ereetum,</span> <span class='ocrx_word' id='word_1_280' title='bbox 1439 2266 1593 2299; x_wconf 89' lang='lat' dir='ltr'>concessit</span> <span class='ocrx_word' id='word_1_281' title='bbox 1617 2266 1710 2308; x_wconf 81' lang='lat' dir='ltr'>idem,</span> <span class='ocrx_word' id='word_1_282' title='bbox 1729 2265 1791 2299; x_wconf 87' lang='grc'>798</span> <span class='ocrx_word' id='word_1_283' title='bbox 1811 2278 1831 2300; x_wconf 84' lang='grc' dir='ltr'><em>α</em></span> <span class='ocrx_word' id='word_1_284' title='bbox 1856 2273 1886 2300; x_wconf 91' lang='lat' dir='ltr'>et</span> <span class='ocrx_word' id='word_1_285' title='bbox 1905 2267 1930 2299; x_wconf 85' lang='lat' dir='ltr'>b.</span> 
     </span>
    </p>

    <p class='ocr_par' dir='ltr' id='par_1_12' title="bbox 393 2312 1932 2685">
     <span class='ocr_line' id='line_1_35' title="bbox 393 2312 1932 2360; baseline 0.005 -15"><span class='ocrx_word' id='word_1_286' title='bbox 393 2312 455 2346; x_wconf 82' lang='lat' dir='ltr'>Rex</span> <span class='ocrx_word' id='word_1_287' title='bbox 478 2314 696 2357; x_wconf 76' lang='lat' dir='ltr'>Portugalliae.</span> <span class='ocrx_word' id='word_1_288' title='bbox 715 2315 757 2348; x_wconf 89' lang='lat' dir='ltr'>De</span> <span class='ocrx_word' id='word_1_289' title='bbox 778 2316 859 2349; x_wconf 76' lang='lat' dir='ltr'>illius</span> <span class='ocrx_word' id='word_1_290' title='bbox 874 2317 1127 2360; x_wconf 87' lang='lat' dir='ltr'>iurepatronatus</span> <span class='ocrx_word' id='word_1_291' title='bbox 1141 2329 1208 2351; x_wconf 83' lang='lat' dir='ltr'>esse</span> <span class='ocrx_word' id='word_1_292' title='bbox 1226 2319 1390 2351; x_wconf 86' lang='lat' dir='ltr'>ecclesiam</span> <span class='ocrx_word' id='word_1_293' title='bbox 1406 2320 1666 2353; x_wconf 86' lang='lat' dir='ltr'>Machaonensem</span> <span class='ocrx_word' id='word_1_294' title='bbox 1691 2330 1727 2353; x_wconf 82' lang='lat' dir='ltr'>ex</span> <span class='ocrx_word' id='word_1_295' title='bbox 1751 2319 1932 2353; x_wconf 87' lang='lat' dir='ltr'>fundatione</span> 
     </span>
     <span class='ocr_line' id='line_1_36' title="bbox 482 2367 1931 2417; baseline 0.006 -18"><span class='ocrx_word' id='word_1_296' title='bbox 482 2367 529 2400; x_wconf 76' lang='lat' dir='ltr'>vel</span> <span class='ocrx_word' id='word_1_297' title='bbox 547 2367 717 2409; x_wconf 87' lang='lat' dir='ltr'>dotatione,</span> <span class='ocrx_word' id='word_1_298' title='bbox 743 2379 797 2401; x_wconf 82' lang='lat' dir='ltr'>seu</span> <span class='ocrx_word' id='word_1_299' title='bbox 822 2370 987 2412; x_wconf 79' lang='lat' dir='ltr'>privilegio</span> <span class='ocrx_word' id='word_1_300' title='bbox 1019 2371 1208 2414; x_wconf 87' lang='lat' dir='ltr'>apostolico,</span> <span class='ocrx_word' id='word_1_301' title='bbox 1235 2372 1284 2405; x_wconf 90' lang='lat' dir='ltr'>cui</span> <span class='ocrx_word' id='word_1_302' title='bbox 1310 2383 1372 2406; x_wconf 91' lang='lat' dir='ltr'>non</span> <span class='ocrx_word' id='word_1_303' title='bbox 1398 2379 1442 2406; x_wconf 88' lang='lat' dir='ltr'>est</span> <span class='ocrx_word' id='word_1_304' title='bbox 1457 2373 1608 2407; x_wconf 88' lang='lat' dir='ltr'>hactenus</span> <span class='ocrx_word' id='word_1_305' title='bbox 1623 2374 1818 2417; x_wconf 88' lang='lat' dir='ltr'>derogatum,</span> <span class='ocrx_word' id='word_1_306' title='bbox 1841 2373 1931 2407; x_wconf 84' lang='lat' dir='ltr'>docet</span> 
     </span>
     <span class='ocr_line' id='line_1_37' title="bbox 481 2421 1931 2470; baseline 0.004 -17"><span class='ocrx_word' id='word_1_307' title='bbox 481 2421 656 2454; x_wconf 80' lang='lat' dir='ltr'>Alexander</span> <span class='ocrx_word' id='word_1_308' title='bbox 670 2421 744 2464; x_wconf 87' lang='lat' dir='ltr'>Vlll⁷</span> <span class='ocrx_word' id='word_1_309' title='bbox 761 2422 802 2455; x_wconf 75' lang='lat'>53</span> <span class='ocrx_word' id='word_1_310' title='bbox 819 2422 835 2454; x_wconf 84' lang='lat' dir='ltr'><em>b</em></span> <span class='ocrx_word' id='word_1_311' title='bbox 853 2428 882 2455; x_wconf 89' lang='lat' dir='ltr'>et</span> <span class='ocrx_word' id='word_1_312' title='bbox 900 2423 939 2455; x_wconf 84' lang='lat'>57</span> <span class='ocrx_word' id='word_1_313' title='bbox 959 2424 992 2463; x_wconf 83' lang='lat' dir='ltr'>b;</span> <span class='ocrx_word' id='word_1_314' title='bbox 1010 2425 1137 2467; x_wconf 70' lang='lat' dir='ltr'>regilius</span> <span class='ocrx_word' id='word_1_315' title='bbox 1160 2425 1368 2468; x_wconf 78' lang='lat' dir='ltr'>Portugalliae</span> <span class='ocrx_word' id='word_1_316' title='bbox 1394 2427 1630 2470; x_wconf 83' lang='lat' dir='ltr'>iuspatronatus</span> <span class='ocrx_word' id='word_1_317' title='bbox 1656 2433 1685 2460; x_wconf 90' lang='lat' dir='ltr'>et</span> <span class='ocrx_word' id='word_1_318' title='bbox 1709 2427 1931 2470; x_wconf 86' lang='lat' dir='ltr'>praesentandi</span> 
     </span>
     <span class='ocr_line' id='line_1_38' title="bbox 482 2474 1932 2523; baseline 0.006 -17"><span class='ocrx_word' id='word_1_319' title='bbox 482 2474 520 2507; x_wconf 87' lang='lat' dir='ltr'>ad</span> <span class='ocrx_word' id='word_1_320' title='bbox 537 2474 752 2518; x_wconf 86' lang='lat' dir='ltr'>episcopatum</span> <span class='ocrx_word' id='word_1_321' title='bbox 773 2475 912 2519; x_wconf 87' lang='lat' dir='ltr'>aliasque</span> <span class='ocrx_word' id='word_1_322' title='bbox 932 2476 1096 2519; x_wconf 77' lang='lat' dir='ltr'>dignitates</span> <span class='ocrx_word' id='word_1_323' title='bbox 1113 2484 1142 2510; x_wconf 86' lang='lat' dir='ltr'>et</span> <span class='ocrx_word' id='word_1_324' title='bbox 1163 2479 1314 2512; x_wconf 83' lang='lat' dir='ltr'>beneficia</span> <span class='ocrx_word' id='word_1_325' title='bbox 1331 2481 1480 2513; x_wconf 86' lang='lat' dir='ltr'>ecclesiae</span> <span class='ocrx_word' id='word_1_326' title='bbox 1499 2480 1642 2521; x_wconf 80' lang='lat' dir='ltr'>Nankim,</span> <span class='ocrx_word' id='word_1_327' title='bbox 1660 2490 1761 2523; x_wconf 88' lang='lat' dir='ltr'>nuper</span> <span class='ocrx_word' id='word_1_328' title='bbox 1780 2480 1810 2512; x_wconf 93' lang='lat' dir='ltr'>in</span> <span class='ocrx_word' id='word_1_329' title='bbox 1829 2481 1932 2514; x_wconf 86' lang='lat' dir='ltr'>cathe-</span> 
     </span>
     <span class='ocr_line' id='line_1_39' title="bbox 482 2527 1930 2577; baseline 0.005 -17"><span class='ocrx_word' id='word_1_330' title='bbox 482 2527 601 2560; x_wconf 86' lang='lat' dir='ltr'>dralem</span> <span class='ocrx_word' id='word_1_331' title='bbox 620 2534 752 2570; x_wconf 88' lang='lat' dir='ltr'>erectae,</span> <span class='ocrx_word' id='word_1_332' title='bbox 767 2529 937 2562; x_wconf 80' lang='lat' dir='ltr'>reservavit</span> <span class='ocrx_word' id='word_1_333' title='bbox 955 2535 984 2562; x_wconf 88' lang='lat' dir='ltr'>et</span> <span class='ocrx_word' id='word_1_334' title='bbox 1001 2532 1155 2564; x_wconf 84' lang='lat' dir='ltr'>concessit</span> <span class='ocrx_word' id='word_1_335' title='bbox 1173 2532 1266 2573; x_wconf 85' lang='lat' dir='ltr'>idem,</span> <span class='ocrx_word' id='word_1_336' title='bbox 1290 2532 1331 2565; x_wconf 83' lang='lat'>56</span> <span class='ocrx_word' id='word_1_337' title='bbox 1348 2544 1384 2573; x_wconf 84' lang='lat' dir='ltr'>a;</span> <span class='ocrx_word' id='word_1_338' title='bbox 1403 2534 1519 2567; x_wconf 86' lang='lat' dir='ltr'>eisdem</span> <span class='ocrx_word' id='word_1_339' title='bbox 1541 2533 1669 2577; x_wconf 88' lang='lat' dir='ltr'>aequale</span> <span class='ocrx_word' id='word_1_340' title='bbox 1694 2533 1930 2577; x_wconf 87' lang='lat' dir='ltr'>iuspatronatus</span> 
     </span>
     <span class='ocr_line' id='line_1_40' title="bbox 483 2583 1928 2631; baseline 0.005 -18"><span class='ocrx_word' id='word_1_341' title='bbox 483 2587 511 2613; x_wconf 75' lang='lat' dir='ltr'>et</span> <span class='ocrx_word' id='word_1_342' title='bbox 527 2583 748 2626; x_wconf 84' lang='lat' dir='ltr'>praesentandi</span> <span class='ocrx_word' id='word_1_343' title='bbox 766 2583 869 2627; x_wconf 89' lang='lat' dir='ltr'>quoad</span> <span class='ocrx_word' id='word_1_344' title='bbox 887 2583 1049 2616; x_wconf 90' lang='lat' dir='ltr'>ecclesiam</span> <span class='ocrx_word' id='word_1_345' title='bbox 1065 2585 1102 2618; x_wconf 86' lang='lat' dir='ltr'>de</span> <span class='ocrx_word' id='word_1_346' title='bbox 1121 2585 1238 2626; x_wconf 82' lang='lat' dir='ltr'>Pekim,</span> <span class='ocrx_word' id='word_1_347' title='bbox 1253 2596 1354 2630; x_wconf 91' lang='lat' dir='ltr'>nuper</span> <span class='ocrx_word' id='word_1_348' title='bbox 1372 2587 1490 2631; x_wconf 89' lang='lat' dir='ltr'>pariter</span> <span class='ocrx_word' id='word_1_349' title='bbox 1505 2587 1534 2619; x_wconf 92' lang='lat' dir='ltr'>in</span> <span class='ocrx_word' id='word_1_350' title='bbox 1552 2586 1766 2619; x_wconf 87' lang='lat' dir='ltr'>cathedralem</span> <span class='ocrx_word' id='word_1_351' title='bbox 1780 2592 1928 2630; x_wconf 84' lang='lat' dir='ltr'>erectam,</span> 
     </span>
     <span class='ocr_line' id='line_1_41' title="bbox 483 2636 1929 2685; baseline 0.006 -17"><span class='ocrx_word' id='word_1_352' title='bbox 483 2636 636 2669; x_wconf 73' lang='lat' dir='ltr'>eoncessit</span> <span class='ocrx_word' id='word_1_353' title='bbox 661 2636 753 2679; x_wconf 77' lang='lat' dir='ltr'>idem,</span> <span class='ocrx_word' id='word_1_354' title='bbox 772 2636 812 2670; x_wconf 84' lang='lat'>57</span> <span class='ocrx_word' id='word_1_355' title='bbox 837 2637 870 2678; x_wconf 68' lang='lat' dir='ltr'>b,</span> <span class='ocrx_word' id='word_1_356' title='bbox 895 2637 1064 2682; x_wconf 88' lang='lat' dir='ltr'>praedictis</span> <span class='ocrx_word' id='word_1_357' title='bbox 1089 2638 1206 2674; x_wconf 84' lang='lat' dir='ltr'>dictum</span> <span class='ocrx_word' id='word_1_358' title='bbox 1234 2640 1468 2685; x_wconf 80' lang='lat' dir='ltr'>iuspatronatus</span> <span class='ocrx_word' id='word_1_359' title='bbox 1486 2646 1515 2674; x_wconf 83' lang='lat' dir='ltr'>et</span> <span class='ocrx_word' id='word_1_360' title='bbox 1538 2640 1758 2684; x_wconf 83' lang='lat' dir='ltr'>praesentandi</span> <span class='ocrx_word' id='word_1_361' title='bbox 1777 2651 1812 2676; x_wconf 84' lang='lat' dir='ltr'>ex</span> <span class='ocrx_word' id='word_1_362' title='bbox 1836 2640 1929 2676; x_wconf 89' lang='lat' dir='ltr'>meris</span> 
     </span>
    </p>
   </div>
  </div>
 </body>
</html>
