2254 3225
232 243 273 264 ἐεῑ.
291 236 319 263 22.

344 237 411 263 1093
457 228 521 260 571)

264 1511 332 1542 (husa
358 1512 409 1533 dicti

260 1544 262 1547 -
284 1543 294 1551 a

412 285 564 318 omnibus
599 289 631 316 et
666 283 815 326 singulis,
851 283 982 315 illorum
1019 286 1150 317 tenores

412 338 641 381 praesentibus
678 348 736 380 pro
762 338 859 380 plene
898 340 928 368 et
953 335 1152 368 sufficienter

413 392 577 434 expressis
609 401 645 423 ac
678 390 717 423 de
747 390 845 423 verbo
878 390 918 422 ad
942 389 1078 421 verbum
1103 386 1152 418 in-

414 444 509 477 sertis
529 444 695 483 habentes,
717 443 782 476 illis
801 442 880 476 alias
901 442 934 474 in
955 451 1014 473 suo
1032 440 1152 472 robore

414 498 646 541 permansuris,
668 498 707 530 ad
722 496 977 540 praemissorum
994 493 1152 533 effectum,

415 552 476 585 hac
494 552 562 585 vice
582 552 756 590 dumtaxat,
770 548 956 592 specialiter
973 551 1005 579 et
1025 556 1154 589 expres-

416 615 448 637 se
467 605 661 646 derogamus
679 614 686 643 ;
702 601 882 644 ceterisque
899 598 1072 633 contrariis
1089 598 1155 641 qui-

415 659 628 700 buscurnque.

460 710 575 742 Datum
594 710 726 748 Romae,
745 707 832 751 apud
850 706 880 740 S.
903 705 1034 739 Mariam
1057 704 1156 737 Maio-

416 774 492 802 rem,
512 763 572 795 sub
597 761 716 794 annulo
743 760 922 800 piscatoris,
942 759 994 793 die
1013 769 1053 792 xx
1071 763 1156 791 octo-

417 817 483 848 bris
494 825 652 855 nncxcm,
667 813 875 857 pontificatus
887 812 989 846 nostri
1007 822 1093 845 anno
1104 822 1151 845 111.

451 877 510 904 Dat.
531 877 575 903 die
591 876 625 904 20
644 875 763 904 octobris
780 875 859 909 1693,
877 873 973 910 pontif.
989 881 1061 900 anno
1080 879 1117 899 ιιι.

727 990 845 1024 LXXII.

419 1063 638 1105 Confirnmrur
684 1061 846 1094 decretum
891 1058 1157 1103 Conyreqatiom's

463 1115 616 1156 convitii,
643 1125 705 1158 quo
737 1113 920 1147 conceditur
948 1113 1082 1145 vicariis
1105 1122 1157 1155 qe-

462 1168 629 1201 moralibus
666 1167 801 1201 Ordinis
826 1167 945 1199 Bealcce
969 1165 1096 1198 Mariae
1121 1165 1157 1198 de

463 1221 604 1254 Mercede
630 1220 862 1264 redemptionis
897 1219 1097 1262 captivorum
1122 1219 1157 1251 in

462 1275 573 1308 Iasliis
597 1274 738 1318 facullas
764 1272 919 1306 efficiendi
943 1272 1106 1316 inquietos
1130 1275 1158 1305 el

463 1327 700 1372 incorrigyihi'les
716 1326 735 1360 ⁴.

595 1390 788 1418 Innocentius
814 1390 892 1424 Papa
911 1390 979 1423 xu,

561 1436 597 1462 ad
617 1436 750 1462 futuram
770 1434 814 1461 rei
834 1434 1014 1461 memoriam.

466 1498 528 1541 gl.
550 1497 667 1540 Nuper,
686 1507 745 1540 pro
764 1503 855 1539 parte
878 1496 984 1529 dilecti
1011 1494 1068 1528 filii
1090 1504 1157 1528 rno-

392 1554 396 1558 ’
421 1552 512 1584 derni
538 1551 649 1583 vicarii
676 1556 708 1582 ct
736 1549 957 1593 procuratoris
994 1548 1157 1591 generalis

419 1605 547 1638 Ordinis
573 1605 706 1636 fratrum
732 1604 849 1636 Beatac
874 1602 990 1634 Mariae
1016 1602 1054 1634 de
1078 1601 1158 1634 Mer-

420 1659 498 1691 cede
509 1656 747 1700 redemptionis
759 1655 966 1698 captivorum,
981 1654 1158 1697 Congrega-

422 1711 502 1744 tioni
535 1709 774 1743 venerabilium
808 1709 940 1741 fratrum
968 1713 1157 1741 nostrorum

421 1764 451 1797 S.
480 1764 517 1796 R.
544 1763 580 1796 E.
614 1761 828 1795 cardinalium
866 1761 1000 1794 Concilii
1026 1761 1159 1793 Triden-

422 1817 480 1849 tini
501 1816 716 1859 interpretum
735 1814 884 1858 exposito
910 1814 996 1857 quod
1022 1814 1108 1855 (cum
1125 1813 1158 1845 in

422 1869 714 1904 constitutionibus
740 1867 815 1900 dicti
842 1867 990 1909 Ordinis,
1016 1877 1086 1910 cap.
1106 1876 1158 1907 vl,

423 1923 499 1956 dist.
511 1933 538 1963 v,
549 1922 608 1955 soli
624 1922 779 1964 magistro
791 1921 1002 1964 generalipro
1015 1926 1159 1963 tempore

423 1976 572 2009 existenti
588 1975 733 2009 eiusdem
747 1973 885 2014 Ordinis,
896 1984 969 2006 cum
978 1972 1160 2005 assistentia

424 2035 533 2062 tamen
559 2040 613 2062 sex
639 2028 867 2070 religiosorum
893 2027 996 2070 ipsius
1021 2026 1159 2066 Ordinis,

423 2083 585 2115 tribuatur
610 2082 743 2115 facultas
762 2080 980 2123 cognoscendi
1000 2080 1038 2113 de
1053 2079 1160 2112 causis

424 2136 558 2169 fratrum
585 2134 803 2178 inquietorum
831 2138 861 2166 ct
890 2132 1160 2175 incorrigibilium

424 2188 528 2232 ipsius
554 2181 682 2221 Ordinis
700 2214 707 2228 ,
736 2187 835 2227 itant,
862 2191 1035 2230 postquam
1061 2186 1100 2219 de
1124 2185 1162 2218 iis

426 2241 649 2285 congnovcrit,
686 2245 783 2284 atque
809 2240 840 2273 in
865 2240 928 2273 illis
962 2239 1106 2273 rationes
1132 2244 1163 2272 et

427 2294 687 2328 circumstantias
713 2304 730 2326 a
754 2293 1039 2326 constitutionibus
1069 2303 1163 2336 prae-

427 2348 521 2382 dictis
546 2347 716 2391 requisitas
735 2347 848 2380 adesse
867 2346 1072 2390 compererit,
1093 2346 1162 2389 ipse

464 2447 475 2473 1
498 2444 526 2471 In
546 2443 627 2471 huius
646 2442 783 2470 Pontificis
803 2442 939 2470 constitut.
962 2442 1025 2470 edit.
1047 2449 1162 2474 nncxei,

428 2489 472 2516 die
491 2490 505 2516 7
526 2486 689 2519 decembris,
706 2490 780 2521 pont·
796 2493 814 2518 1,
831 2490 902 2512 extat
915 2486 1081 2513 confirmatio
1098 2494 1163 2512 con-

428 2534 597 2561 stitutionum
626 2533 707 2559 liuius
733 2531 854 2564 Ordinis,
875 2535 901 2557 et
920 2531 946 2557 in
967 2531 1111 2557 Clementis
1131 2530 1163 2557 Xl

430 2579 566 2607 constitut.
582 2577 623 2605 ed.
639 2583 741 2610 nnccn,
759 2576 800 2602 die
816 2576 850 2602 ⁵29
865 2575 962 2610 martii,
980 2580 1052 2610 pont.
1069 2581 1096 2610 11,
1113 2575 1164 2602 ha-

430 2624 508 2651 betur
528 2622 683 2651 earumdem
703 2619 863 2648 moderatio.

999 231 1177 256 BULLARIUM
1203 231 1356 254 ROMANUM

1194 279 1285 311 solus
1311 277 1467 318 magister
1492 274 1656 317 generalis
1682 273 1720 306 ad
1739 272 1932 306 sententiam

1195 341 1306 363 eorum
1322 329 1501 369 eiectionis,
1516 328 1602 360 iuxta
1616 328 1748 360 forman]
1764 327 1796 359 in
1809 326 1933 359 eisdem

1195 381 1480 415 constitutionibus
1494 379 1739 423 praescriptam,
1751 377 1933 422 procedere

1195 435 1317 478 possit,
1344 433 1430 467 Ordo
1463 443 1540 466 vero
1565 432 1728 475 praefatus
1760 432 1856 473 longe
1887 430 1934 463 la-

1197 492 1293 531 teque
1319 486 1453 520 diffusus
1479 486 1511 518 in
1536 485 1635 518 Indiis
1665 484 1859 527 reperiatur)
1884 483 1934 515 in-

1197 540 1380 584 quietorum
1417 544 1448 572 et
1487 537 1762 580 incorrigibilium
1799 536 1933 567 fratrum

1197 592 1384 625 huiusmodi
1411 592 1443 633 in
1470 596 1532 623 tam
1557 590 1687 622 remotis
1713 587 1859 632 partibus
1883 586 1934 619 de-

1198 645 1341 688 gentium
1375 643 1536 677 scandalis
1574 647 1606 675 ct
1633 639 1934 685 perturbationibus

1198 702 1418 741 opportunum
1442 695 1621 728 remedium
1647 693 1806 727 adbibere
1822 691 1936 735 nequi-

1197 751 1271 790 bat;
1299 760 1334 782 ac
1359 748 1497 792 proinde
1523 757 1582 791 pro
1609 752 1700 790 parte
1726 745 1803 779 dicti
1822 744 1933 778 vicarii

1198 808 1229 836 et
1248 801 1473 846 procuratoris
1495 799 1655 843 generalis
1672 798 1847 843 praedictis
1867 807 1935 830 ear-

1199 854 1362 888 dinalibus
1394 854 1587 896 supplicato,
1624 856 1660 883 ut
1685 850 1722 883 ad
1748 849 1828 883 dnos
1853 848 1937 881 vica-

1199 908 1263 941 rios
1290 908 1460 951 generales
1492 906 1568 939 dicti
1593 903 1721 938 Ordinis
1754 903 1787 936 in
1811 902 1936 936 eisdem

1199 960 1297 994 lndiis
1322 965 1560 1004 commorantes
1593 956 1752 1002 praedicti
1788 954 1937 999 magistri

1198 1012 1361 1056 generalis
1394 1011 1580 1045 facultatem
1610 1011 1785 1044 extendere
1823 1008 1936 1051 digna-

1199 1071 1298 1107 retur,
1327 1066 1408 1098 itaut
1433 1075 1545 1098 eorum
1564 1064 1713 1108 quilibet,
1729 1062 1841 1096 itidem
1865 1070 1937 1094 cum

1200 1118 1381 1152 assistentia
1407 1117 1541 1150 aliorum
1567 1127 1619 1149 sex
1647 1116 1832 1159 digniorum
1861 1113 1938 1147 reli-

1200 1171 1363 1214 giosorum
1389 1171 1419 1203 in
1446 1170 1576 1203 casibus
1610 1167 1814 1208 necessariis,
1851 1167 1938 1199 iuxta

1199 1224 1385 1258 earumdem
1402 1222 1668 1256 constitutionum
1686 1220 1936 1265 praescriptum,

1199 1278 1238 1311 ad
1263 1277 1484 1321 inquietorum
1511 1282 1542 1310 et
1576 1275 1852 1318 incorrigibilium
1878 1274 1939 1306 fra-

1201 1337 1284 1365 trum
1309 1331 1497 1364 liuiusmodi
1528 1330 1725 1363 eiectionem
1757 1327 1939 1372 procedere

1199 1384 1320 1428 possit;
1348 1395 1410 1427 qua
1435 1383 1561 1416 ratione
1587 1381 1746 1425 regularis
1770 1381 1939 1414 observan-

1201 1436 1263 1469 tiae
1295 1447 1330 1469 ac
1361 1436 1459 1469 divini
1486 1435 1609 1468 servitii
1643 1433 1878 1467 conservationi
1905 1433 1937 1465 in

1200 1490 1344 1533 partibus
1354 1488 1548 1532 supradictis
1560 1493 1744 1532 opportune
1754 1488 1938 1520 consultum

1200 1543 1300 1575 foret:
1326 1541 1488 1574 enmnavit
1504 1552 1520 1573 a
1538 1541 1707 1585 praedicta
1726 1538 1938 1573 cardinalium

1200 1595 1458 1638 Congrcgatione
1487 1595 1652 1628 decretum
1672 1593 1795 1627 tenoris
1815 1592 1868 1636 qui
1888 1602 1939 1625 se-

1201 1648 1325 1692 quitur,
1355 1648 1522 1681 videlicet:
1562 1659 1574 1678 a
1600 1647 1656 1680 Die
1688 1656 1707 1679 v
1740 1645 1938 1689 septembris

1199 1710 1345 1734 nocxcnt
1377 1711 1467 1733 sacra
1499 1699 1716 1742 Congregatio
1750 1698 1939 1732 eminentis-

1201 1755 1353 1787 simorum
1380 1754 1411 1787 S.
1439 1754 1475 1787 lt.
1503 1753 1538 1786 Ε.
1567 1753 1781 1786 cardinalium
1803 1751 1937 1785 Concilii

1201 1807 1379 1840 Tridentini
1394 1807 1619 1851 interpretum,
1641 1809 1763 1840 attenta
1779 1805 1938 1839 relatione

1202 1861 1450 1895 eminentissimi
1488 1861 1611 1894 domini
1647 1860 1821 1893 cardinalis
1851 1859 1939 1892 Otto-

1201 1914 1277 1948 boni
1302 1914 1430 1947 Ordinis
1454 1914 1611 1958 praedicti
1636 1912 1841 1958 protectoris,
1866 1922 1939 1946 cen-

1202 1968 1264 2000 suit
1288 1968 1420 2011 petitam
1446 1967 1609 2000 facultatis
1628 1966 1851 2000 extensionem
1869 1975 1940 1999 con-

1203 2021 1273 2055 cedi
1289 2032 1394 2065 posse,
1415 2022 1496 2054 facto
1512 2020 1612 2054 verbo
1627 2031 1701 2053 cum
1714 2019 1939 2060 Sanctissimo,

1204 2081 1236 2108 et
1259 2076 1339 2108 facta
1366 2085 1425 2118 per
1454 2074 1665 2107 secretarium
1692 2073 1752 2106 sub
1778 2072 1830 2106 die
1853 2082 1942 2106 xxvn

1203 2129 1348 2162 eiusdem
1375 2128 1494 2161 mensis
1516 2127 1684 2167 relatione,
1703 2126 1861 2159 Sanctitas
1879 2125 1941 2158 Sua

1203 2182 1345 2226 benigne
1371 2182 1496 2222 annuit,
1525 2182 1699 2215 accedente
1711 2190 1872 2214 consensu
1888 2189 1942 2222 ge-

1204 2235 1324 2269 neralis
1349 2245 1407 2278 pro
1437 2240 1593 2278 tempore,
1621 2239 1653 2267 et
1676 2234 1764 2266 iuxta
1794 2242 1941 2266 normam

1205 2288 1238 2321 in
1264 2289 1396 2322 decreto
1423 2288 1461 2321 dc
1486 2287 1640 2331 apostatis
1665 2292 1696 2320 et
1722 2285 1834 2320 eiectis
1852 2295 1942 2329 prae·

1205 2343 1409 2376 scribendam
1436 2354 1466 2374 ».

1249 2397 1264 2439 ἓ
1288 2395 1318 2429 02.
1346 2395 1423 2429 Cum
1449 2399 1568 2434 autem,
1603 2393 1684 2426 sicut
1720 2393 1824 2425 dictus
1848 2391 1938 2425 vica-

1206 2450 1272 2482 rius
1299 2454 1329 2481 et
1354 2451 1544 2491 procurator
1561 2446 1723 2489 generalis
1748 2445 1843 2479 nobis
1868 2446 1942 2479 sub·

1206 2503 1281 2536 inde
1307 2502 1423 2545 exponi
1460 2501 1557 2541 fecit,
1584 2500 1652 2543 ipse
1690 2500 1855 2532 decretum
1881 2499 1942 2532 hu-

1207 2555 1358 2595 iusmodi,
1378 2565 1441 2598 qno
1467 2553 1587 2585 firmius
1619 2552 1788 2593 subsistat,
1813 2557 1943 2596 aposto-

1209 2609 1290 2642 licae
1315 2606 1574 2642 confirmationis
1600 2612 1731 2640 nostrae
1757 2605 1935 2650 patrocini<-

1939 224 1991 250 An.
2008 223 2037 250 C.
2058 221 2125 249 tro.)

2002 2396 2138 2418 Confirmatio

1953 2423 2015 2445 relati
2030 2424 2120 2446 decreto
