2254 3225
203 231 250 256 Αιι.
270 229 296 256 c.
320 228 387 256 1695
432 219 497 252 696

394 282 495 319 gatos,
521 277 619 310 etiam
640 286 810 310 causarum
829 277 939 321 palatii
957 276 1150 320 apostolici·
1147 298 1149 322 t

974 226 1151 252 BULLAl’tlUM
1174 226 1326 251 Romnum

1911 224 1960 250 An.
1978 224 2006 250 C.
2031 222 2060 250 16
2074 224 2096 251 ’5

1493 274 1578 308 CV.ll

394 331 571 372 ³Ud¹t0res
598 341 634 364 ³⁰
659 342 727 364 ‘³¹⁰5
751 331 783 364 S·
810 331 848 364 R·
874 331 909 364 E·
937 323 1149 369 0³¹d¹¹¹a¹⁰S
1147 346 1363 384 'Declaratur
1386 346 1570 379 constitutio
1595 344 1780 378 Innocentzi
1797 343 1845 377 XI
1867 343 1904 375 de

394 384 491 416 etiam
506 385 544 417 de
562 385 661 417 latere
679 386 803 427 legatos
815 390 845 417 et
859 384 1062 427 Apostolicae
1073 383 1127 416 Se-

395 436 443 470 dis
468 437 610 477 nuntios,
637 438 757 470 aliosve
783 437 951 480 quoslibet
975 446 1128 479 quacum-

394 499 456 532 que
470 490 728 533 praeeminentia
742 494 772 524 et
785 495 945 533 potestate
959 489 1129 530 fungentes

394 548 427 576 et
449 544 628 583 suncturos,
652 543 779 577 sublata
803 543 848 575 eis
872 547 903 575 et
928 552 1038 574 eorum
1064 540 1129 574 cui-

394 597 474 630 libet
498 598 609 641 quavis
645 597 739 629 aliter
771 595 932 628 iudicandi
966 600 998 628 et
1033 594 1130 626 inter-

394 650 545 693 pretandi
570 650 720 682 facultate
751 654 784 681 et
818 647 1017 685 auctoritate,
1050 647 1129 679 iudi-

394 702 460 735 cari
486 708 517 735 et
536 701 663 735 deliniri
700 701 836 740 debere,
864 711 900 732 ac
939 699 1066 732 irritum
1101 704 1131 732 et

393 756 500 795 inane,
527 755 553 788 si
579 765 671 788 secus
704 764 802 797 super
828 753 879 786 his
904 765 920 786 a
946 763 1127 796 quoquam,

395 809 507 852 quavis
528 808 732 848 auctoritate,
746 807 885 840 scienter
908 808 956 840 vel
983 806 1130 849 ignoran-

395 869 452 903 ter,
480 862 653 904 contigerit
677 861 842 894 attentari.

438 916 452 958 §
483 915 516 948 4.
543 915 613 948 Non
650 914 857 948 obstantibus
889 913 1128 946 constitutioni-

393 968 453 1001 bus
478 974 510 1001 et
545 968 808 1001 ordinationibus
846 966 1054 1009 apostolicis,
1079 977 1126 1007 ac,

393 1027 552 1064 quatenus
578 1031 659 1064 opus
677 1020 724 1060 sit,
748 1020 823 1053 dicti
844 1019 972 1052 Ordinis
993 1019 1128 1062 eiusque

393 1074 667 1107 monasteriorum
704 1083 1003 1117 quorumcumque,
1035 1073 1128 1105 etiarn

392 1127 586 1167 iuramento,
606 1126 851 1159 confirmatione
871 1125 1058 1169 apostolica,
1080 1127 1128 1159 vel

393 1180 504 1223 quavis
536 1179 686 1212 firmitate
712 1179 774 1212 alia
799 1177 975 1218 roboratis,
1001 1178 1127 1211 statutis

393 1238 425 1265 et
460 1232 762 1273 consuetudinibus,
787 1231 966 1275 privilegiis
984 1241 1126 1274 quoque,

391 1286 527 1319 indultis
548 1291 580 1318 et
601 1285 717 1318 litteris
746 1284 934 1328 apostolicis
952 1284 985 1316 in
1003 1290 1129 1318 contra-

390 1339 475 1372 rium
506 1338 758 1382 praemissorum
783 1338 1031 1381 quomodolibet
1053 1348 1129 1371 con-

391 1392 501 1431 cessis,
529 1391 724 1424 confirmatis
751 1396 784 1424 et
807 1390 984 1431 innovatis;
1012 1391 1129 1434 quibus

391 1444 541 1478 omnibus
551 1450 582 1477 et
593 1444 738 1487 singulis,
749 1444 879 1477 illorum
891 1449 1021 1476 tenores
1039 1455 1129 1488 prae-

390 1497 536 1530 sentibus
553 1507 613 1541 pro
624 1499 721 1540 plene
739 1502 771 1530 et
788 1496 987 1530 sufficienter
1004 1507 1129 1540 expres-

389 1550 432 1583 sis
450 1561 485 1583 ac
508 1551 547 1583 de
570 1550 670 1583 verbo
695 1550 734 1582 ad
757 1551 893 1583 verbum
918 1549 1046 1583 insertis
1072 1551 1127 1583 ha-

389 1605 514 1644 hentes,
534 1604 599 1637 illis
613 1604 692 1636 alias
710 1604 743 1636 in
764 1614 822 1637 suo
840 1604 958 1636 robore
977 1614 1127 1646 perman-

390 1656 488 1696 suris,
515 1657 554 1689 ad
584 1656 838 1700 praemissorum
870 1656 1039 1696 effectum,
1065 1657 1127 1690 hac

389 1711 458 1743 vice
488 1710 660 1749 dumtaxat,
690 1709 877 1752 specialiter
908 1714 940 1742 et
975 1720 1126 1753 expresse

391 1764 602 1806 derogamus;
629 1762 812 1806 ceterisque
847 1763 1019 1796 contrariis
1056 1765 1127 1806 qui-

390 1817 604 1859 buscumque.

434 1869 505 1912 §5-
539 1868 694 1901 Volumus
730 1873 836 1901 autem
868 1874 904 1900 ut
939 1869 1124 1901 earumdem

389 1922 609 1965 praesentium
628 1922 808 1954 litterarum
824 1922 1051 1965 transumptis,
1070 1933 1125 1955 seu

390 1975 559 2018 exemplis,
586 1974 681 2008 etiam
707 1975 884 2018 impressis,
910 1985 1003 2007 manu
1026 1975 1126 2008 alicu-

390 2029 439 2062 ius
466 2029 585 2061 notarii
603 2028 725 2071 publici
751 2028 953 2071 subscriptis,
973 2034 1004 2061 et
1021 2029 1125 2071 sigillo

389 2092 549 2126 personae
571 2081 603 2114 in
624 2081 861 2114 eccelesiastica
879 2082 1035 2124 dignitate
1053 2093 1126 2115 con-

269 927 383 952 nomano

200 955 360 975 contrariorum.

237 1878 298 1898 Fidus
325 1880 379 1899 tran-

196 1907 333 1930 sumptorum.

390 2135 521 2167 stitutae
559 2134 710 2174 munitis,
738 2134 851 2167 eadem
885 2146 1020 2177 prorsus
1046 2135 1125 2168 fides

391 2193 455 2220 tam
479 2188 512 2220 in
536 2187 657 2220 iudicio
675 2198 771 2231 quam
789 2193 879 2220 extra
896 2188 976 2221 illud
1003 2189 1125 2232 ubique

390 2241 539 2274 locorum
565 2241 744 2280 habeatur,
771 2252 853 2284 quae
880 2241 1056 2274 haberetur
1080 2242 1127 2285 ip-

390 2292 433 2325 sis
454 2293 679 2336 praesentibus
705 2293 728 2325 si
757 2293 861 2326 forent
888 2294 1050 2326 exhibitae
1075 2295 1124 2327 vel

391 2352 554 2380 ostensae.

434 2399 548 2432 Datum
575 2399 703 2439 Romae,
731 2400 816 2442 apud
849 2400 879 2433 S.
908 2400 1036 2433 Mariam
1062 2401 1125 2434 Ma-

390 2453 514 2492 iorem,
537 2453 598 2485 sub
624 2453 744 2485 annulo
782 2452 973 2493 piscatoris,
1000 2455 1049 2486 die
1076 2465 1124 2488 xm

390 2505 470 2538 iunii
489 2515 624 2545 iuncxcv‚
640 2505 846 2548 pontificatus
864 2506 963 2538 nostri
979 2517 1063 2539 anuo
1083 2518 1121 2540 iv.

425 2568 484 2594 Dat.
509 2567 551 2593 die
573 2567 601 2594 21
626 2567 691 2593 iunii
716 2566 792 2599 1695,
816 2567 911 2601 pontif.
935 2576 1006 2594 auno
1022 2575 1057 2595 iv.

1214 399 1396 431 executione
1418 399 1550 442 requtue
1572 399 1712 441 fratrum
1740 397 1904 429 Minora-m

1213 452 1246 485 S.
1273 451 1444 484 francisci
1468 451 1506 484 de
1531 450 1745 485 Observantiti
1761 449 1781 483 ¹.

1353 531 1547 558 Innocentius
1567 531 1646 564 Papa
1664 531 1729 563 ΧΠ,

1326 575 1362 602 ad
1381 575 1513 602 futuram
1533 575 1578 602 roi
1597 575 1780 603 memoriam.

1215 646 1229 688 ἓ
1247 645 1278 678 1.
1299 642 1383 678 Alias
1401 656 1418 678 a
1438 645 1790 680 felicisrecordationis
1809 646 1907 680 Inno·
1975 658 2100 679 Constatura

1172 698 1277 731 centio
1296 699 1354 731 PP.
1378 699 1415 731 XI
1433 699 1683 741 piaedecessore
1697 705 1808 733 nostro
1827 710 1909 733 ema
1918 685 2057 732 ἷιῖἿοιῗιῗζΪῖᾎι
2053 684 2101 731 ιζ’

1173 757 1290 784 narunt
1331 761 1389 794 pro
1425 751 1544 784 Ordine
1580 751 1716 784 fratrum
1751 747 1937 785 Minorumm
1919 745 1983 761 ‘¹''²”¹'

1172 803 1202 836 S.
1230 803 1390 835 Francisci
1415 803 1455 836 de
1480 803 1689 837 observantia
1705 810 1908 848 nuncupato-

1173 868 1241 890 rum
1266 858 1393 891 litterae
1419 858 1451 890 in
1472 858 1569 891 simili
1595 859 1697 891 forma
1719 859 1841 900 Brevis,
1869 865 1910 892 te-

1173 913 1258 944 noris
1273 912 1328 955 qui
1343 913 1498 955 sequitur,
1515 912 1681 946 videlicet:
1701 913 1910 946 Innocentius

1173 966 1240 998 ΡΡ.
1269 965 1317 998 XI
1337 965 1379 997 ad
1407 969 1598 1008 perpetuam
1626 965 1675 998 rei
1699 967 1904 999 memoriam.

1172 1017 1364 1051 Sollicitudo
1396 1017 1541 1061 (reliqua
1572 1018 1645 1050 vide
1674 1022 1753 1050 tomo
1779 1029 1909 1062 praece-

1171 1071 1262 1102 denti
1275 1071 1297 1113 ).

1206 1134 1305 1161 Datum
1322 1133 1432 1168 Romae,
1448 1134 1521 1169 apud
1537 1133 1562 1160 S.
1579 1133 1689 1161 Mariam
1705 1134 1843 1168 Maiorem,
1859 1134 1910 1161 sub

1171 1179 1270 1205 annulo
1291 1179 1447 1213 Piscatoris,
1468 1178 1511 1205 die
1531 1185 1566 1205 xx
1585 1179 1741 1206 novembris
1762 1185 1910 1213 MDCLxxtx,

1172 1223 1344 1258 pontificatus
1364 1223 1448 1250 nostri
1468 1231 1538 1250 anno
1558 1229 1593 1250 lv,

1215 1286 1229 1329 ἓ
1253 1285 1284 1318 2.
1312 1285 1388 1319 Cum
1414 1291 1531 1326 autem,
1555 1286 1639 1319 sicut
1662 1286 1802 1319 dilectus
1826 1286 1910 1319 filius
1921 1298 2103 1354 „pfflbss'ss‘f'st'ss

1171 1339 1397 1375 Bonaventura
1421 1339 1557 1372 Poerius
1581 1338 1730 1371 minister
1747 1339 1925 1382 generalis
1921 1357 1967 1377 pn
1959 1354 2007 1374 ιιιι,
2022 1357 2067 1396 qum'
2075 1351 2103 1369 vi

1171 1392 1247 1425 dicti
1272 1392 1401 1425 Ordinis
1428 1391 1521 1425 nobis
1545 1403 1651 1435 nuper
1675 1392 1792 1436 exponi
1825 1392 1909 1433 fecit,
1921 1381 2046 1424 'elugi'
2009 1410 2051 1423 «ιιι
2042 1384 2103 1423 ιῖιῗῖιῖἆ

1171 1445 1320 1478 nonnulli
1345 1445 1527 1477 visitatoies
1553 1455 1589 1477 ex
1626 1447 1760 1487 utraque
1790 1437 1939 1477 familia¹¹
1943 1436 2033 1451 'm
2036 1432 2064 1449 ἰ’

1171 1498 1317 1531 eiusdem
1328 1497 1456 1531 Ordinis
1468 1504 1530 1530 tam
1543 1498 1580 1530 de
1591 1497 1799 1530 observantia
1813 1508 1907 1541 quam

1171 1551 1343 1583 Reformati
1371 1550 1504 1583 dubium
1534 1550 1562 1583 ei
1589 1551 1840 1593 proposuerint,
1868 1561 1908 1583 an

1170 1614 1280 1636 eorum
1307 1603 1549 1646 religiosorum,
1576 1603 1631 1646 qui
1652 1603 1746 1636 vitam
1765 1614 1909 1636 commu-

1170 1667 1243 1689 nem
1268 1657 1300 1689 in
1324 1656 1407 1689 victu
1432 1662 1463 1689 et
1486 1656 1617 1697 vestitu,
1645 1656 1737 1689 chori
1756 1656 1908 1699 frequen-

1172 1710 1222 1749 tia,
1249 1710 1309 1742 iter
1333 1709 1471 1752 pedibus
1496 1710 1633 1752 agendo,
1655 1709 1793 1753 aliisque
1819 1709 1908 1742 sirni-

1170 1763 1252 1795 libus
1268 1774 1284 1795 a
1303 1764 1415 1805 regula
1432 1762 1643 1805 praescriptis
1659 1762 1821 1805 rigoribus
1839 1773 1907 1795 non

1170 1817 1355 1856 observant,
1374 1815 1470 1858 idque
1497 1826 1534 1848 ex
1558 1815 1754 1848 infirmitatis
1780 1815 1845 1848 sive
1862 1817 1908 1849 al-

1170 1869 1270 1901 terius
1288 1869 1501 1911 impotentiae
1516 1870 1622 1907 causa,
1638 1879 1720 1911 quae
1738 1878 1802 1909 eos,
1820 1869 1907 1901 iuxta

1170 1928 1289 1955 textum
1314 1924 1446 1964 regulae
1472 1927 1502 1954 et
1527 1921 1798 1955 constitutionum
1829 1922 1906 1955 dicti

1169 1975 1308 2015 Ordinis,
1336 1981 1475 2014 excusat,
1501 1975 1647 2018 adeoque
1680 1986 1696 2008 a
1731 1981 1908 2017 transgres-

1170 2029 1270 2061 sionis
1295 2030 1391 2072 culpa
1409 2029 1530 2069 eximit,
1552 2029 1670 2061 electio
1689 2029 1721 2061 in
1739 2030 1906 2072 praelatos

1170 2083 1235 2115 sivo
1261 2082 1448 2124 superiores
1474 2081 1507 2114 in
1526 2082 1641 2114 eodem
1659 2082 1778 2115 Ordine
1803 2082 1906 2115 valida

1170 2135 1220 2174 sit,
1248 2145 1360 2177 eaque,
1375 2134 1402 2166 si
1427 2134 1506 2166 alias
1531 2134 1688 2167 canonice
1715 2135 1907 2177 sactarepe-

1170 2188 1279 2227 riatur,
1306 2192 1337 2220 et
1362 2187 1408 2220 illi
1434 2186 1614 2220 officiorum
1631 2214 1638 2227 ,
1666 2188 1705 2220 ad
1731 2198 1814 2230 quae
1840 2188 1907 2222 sue-

1170 2241 1235 2273 rint
1258 2239 1369 2280 electi,
1394 2239 1562 2282 ceteroqui
1588 2240 1653 2272 sint
1677 2250 1828 2283 capaces,
1866 2242 1905 2274 ab

1169 2293 1247 2336 ipsis
1271 2292 1491 2326 visitatoribus
1516 2291 1700 2325 confirmari
1736 2293 1840 2336 possit
1875 2300 1908 2327 et.

1170 2347 1300 2387 debeat;
1326 2346 1396 2389 ipse
1416 2356 1492 2379 vero
1514 2346 1739 2379 Bonaventura
1759 2346 1907 2380 minister

1205 2445 1216 2470 1
1239 2443 1269 2470 ln
1288 2443 1370 2469 huius
1391 2442 1529 2469 Pontificis
1553 2442 1661 2469 constit.
1683 2442 1747 2469 edit.
1772 2450 1904 2478 uncxclv,

1170 2488 1262 2522 pontif.
1283 2494 1321 2522 111,
1343 2488 1432 2522 agitur
1451 2487 1484 2514 de
1504 2486 1635 2514 electione
1654 2488 1838 2521 procuratoris
1858 2496 1905 2523 ge-

1169 2531 1312 2564 neralis,et
1327 2531 1354 2557 in
1371 2534 1458 2558 const.
1471 2531 1534 2558 edil.
1550 2538 1667 2561 MDcxcv.
1683 2531 1726 2558 die
1740 2532 1774 2558 12
1790 2537 1906 2567 septem-

1169 2577 1235 2610 bris,
1257 2575 1353 2611 pontis.
1374 2582 1400 2609 v,
1416 2575 1448 2602 de
1465 2575 1544 2604 modo
1565 2576 1680 2611 eligendi
1695 2576 1823 2605 officiales
1842 2585 1904 2614 pro-

1170 2621 1271 2649 vinciae
1291 2620 1437 2649 Romanae.
