2254 3225
236 296 274 321 Αη
308 295 333 319 tl.
360 294 426 319 ¹710

473 285 536 317 Oto

431 343 500 384 ista,
527 353 638 375 verunt
664 342 697 375 in
723 343 874 375 omnibus
900 343 972 375 aliis
999 342 1177 376 occasioni-

430 396 500 436 bus,
519 395 551 428 in
570 396 687 439 quibus
707 395 835 428 tractari
854 395 994 429 debeant
1011 395 1176 438 graviores

432 459 482 481 res
501 448 783 491 Congu-gationis,
798 448 968 481 habebunt
985 454 1091 482 votum
1111 454 1175 481 tam

431 502 650 535 consultirum
677 513 772 544 quani
798 502 894 534 etiarn
920 501 1175 541 decisivu1n‚ae-

431 556 525 598 quale
545 555 742 588 ineuntibus
762 560 834 588 voto
850 555 954 587 fratris
974 555 1104 587 maioris
1122 565 1175 597 ge-

430 609 570 648 11e1·aIIs;
599 608 641 640 ita
668 614 699 640 et
719 608 823 641 taliter
840 614 874 640 ut
895 607 973 640 illud
994 607 1173 640 subiectum

430 661 571 693 indictis
584 661 800 693 electionibus
816 661 973 693 habeatur
987 671 1045 703 pro
1059 661 1174 698 electo,

430 721 461 748 ct
487 714 541 747 itta
567 714 726 746 sententia
755 715 953 756 praevaleat,
982 713 1012 745 in
1040 712 1122 756 qno¹
1145 719 1175 746 et

430 769 463 801 in
483 779 545 811 qua
562 778 616 799 scu
638 767 755 810 quibus:
775 772 946 798 concurrat
964 766 1066 799 maior
1086 778 1172 809 pars3

430 828 462 854 et
488 822 519 854 in
546 833 620 854 casu
643 833 705 864 quo
725 821 841 864 aliquis
859 821 992 853 istoruni
1012 820 1174 860 deiiceret,

430 881 462 907 et
488 882 697 908 remanerent
723 874 927 907 solumunodo
954 879 1095 916 quatuor
1121 884 1175 905 vo-

432 934 545 969 tantes,
567 935 597 961 et
623 929 729 961 forent
755 927 845 960 dirisi
874 928 903 959 in
926 931 1031 970 partes
1056 937 1175 969 aequa—

429 983 487 1022 les,
506 988 615 1014 votare
635 980 764 1013 debebit
784 986 978 1023 procurator
996 980 1171 1023 generalis.

428 1035 498 1068 Alia
525 1034 643 1068 deinde
670 1033 775 1067 ollii-ia
794 1034 920 1066 minora
943 1034 1173 1077 cuiuscumque

428 1088 611 1131 hospitalis,
627 1093 661 1119 ut
674 1093 744 1119 suut
762 1088 995 1131 procuratoris,
1012 1087 1174 1125 sacristae,

429 1142 673 1186 (lispens.·1toris‚
712 1142 882 1181 ianitoris,
909 1141 1172 1185 eleemosynarii,

427 1197 523 1238 vulgo
549 1200 725 1236 cert-alere,
758 1195 924 1239 provideri
958 1195 1125 1228 debebunt
1158 1204 1174 1226 a

429 1249 527 1282 fratre
554 1249 669 1282 maiori
698 1248 867 1292 hospitali.
889 1249 921 1281 In
948 1259 1022 1281 casu
1049 1248 1174 1281 diutur-

428 1314 488 1336 nae
516 1302 712 1335 intirn‘titatis
739 1307 793 1334 aut
818 1302 1022 1335 necessariae
1057 1301 1174 1334 absen-

431 1357 494 1390 tiae
513 1357 621 1389 fratris
640 1356 771 1389 maioris
789 1356 962 1398 generalis,
985 1356 1088 1399 possit
1113 1356 1174 1389 iste

430 1411 608 1453 subrogare
647 1410 906 1453 praesidentem,
934 1409 1011 1452 qui,
1037 1409 1174 1442 durante

430 1464 516 1497 dicto
542 1463 788 1506 impedimento,
804 1462 1101 1505 Congregationem
1129 1473 1176 1495 re-

430 1523 483 1558 gat
512 1522 544 1549 et
577 1517 752 1559 gubernet,
787 1521 818 1547 et
849 1515 1009 1548 interesse
1041 1515 1174 1548 debebit.

431 1570 553 1613 primus
579 1569 810 1609 eonsiliat‘ius3
839 1575 869 1601 et
896 1569 926 1601 in
960 1579 1035 1601 casu
1067 1569 1173 1602 obitus

431 1628 486 1655 aut
510 1622 725 1666 depositionis
744 1622 900 1655 illiustnct
919 1622 1025 1655 fratris
1042 1622 1173 1655 maioris

431 1676 607 1719 generalis,
642 1676 795 1708 idcnnnet
820 1675 944 1718 primns
970 1675 1175 1708 consiliarius

431 1730 607 1763 succedere
628 1728 762 1762 debebit
779 1729 810 1761 in
831 1729 990 1771 gubernio
1011 1729 1098 1762 illius
1116 1740 1174 1772 pro

431 1789 498 1818 toto
524 1794 562 1816 eo
589 1789 744 1826 tempore,
773 1782 859 1825 quod
886 1791 945 1824 pro
974 1782 1114 1814 triennio
1141 1782 1175 1814 ti-

431 1837 553 1870 niendo
568 1835 744 1880 supererit,
761 1842 834 1878 post
849 1836 935 1878 quod
955 1842 1175 1879 congregetur

431 1891 607 1935 capitulum
634 1891 788 1933 generale
814 1900 872 1933 pro
899 1891 980 1922 nova
1005 1890 1174 1930 electione,

431 1951 462 1977 et
487 1954 553 1977 non
572 1943 684 1986 prius:
705 1949 732 1976 et
753 1953 828 1975 casu
847 1954 910 1985 qno
930 1943 1066 1976 durante
1088 1943 1175 1976 dicto

431 1998 573 2031 triennio
600 1997 696 2029 vitani
722 2007 793 2029 cuni
819 2002 924 2029 morte
959 2003 1198 2030 commutaret*

432 2051 636 2085 consiliarius
669 2050 787 2094 aliquis
821 2056 875 2083 aut
906 2056 1098 2094 procurator
1125 2062 1176 2093 ge-

433 2104 569 2143 neralis,
596 2109 649 2137 aut
677 2104 775 2136 frater
800 2104 903 2137 maior
927 2104 1095 2137 cniusdam
1121 2105 1177 2137 do-

432 2169 516 2199 inus,
544 2158 643 2191 frater
663 2157 766 2190 maior
792 2157 954 2201 generalis
978 2169 1049 2190 cum
1076 2158 1177 2191 consi—

433 2211 534 2244 liariis
552 2211 716 2254 provideat
744 2211 829 2243 (licta
854 2211 960 2244 ot'ticia
981 2212 1019 2244 (le
1038 2213 1175 2255 persona

434 2265 560 2304 idonea,
588 2275 669 2307 quae
695 2263 824 2307 quidem
851 2265 966 2297 durare
993 2276 1050 2298 seu
1081 2266 1178 2298 conti·

432 2327 532 2351 nual'e
552 2317 682 2350 debebit
703 2318 908 2351 solummodo
923 2328 1025 2361 usque
1044 2319 1083 2351 ad
1104 2324 1177 2351 tcm-

433 2381 494 2413 pus
513 2370 651 2413 proximi
671 2370 800 2414 capituli
820 2372 992 2414 generalis,
1009 2372 1085 2415 quia
1104 2376 1178 2404 tuno

434 2434 547 2456 omnes
573 2423 729 2456 officiales
755 2424 903 2457 renovari
931 2424 1108 2463 debebunt,
1125 2431 1177 2457 aut

434 2476 586 2520 eligendo
613 2487 733 2517 novos,
760 2483 815 2509 aut
840 2477 1062 2511 confirmando
1099 2479 1178 2511 anti-

434 2541 527 2573 quos,
554 2541 624 2562 cuni
651 2530 781 2563 evidens
801 2530 1071 2573 Congregationis
1092 2531 1178 2564 ntili-

436 2589 480 2616 tas
506 2583 668 2621 adfuerim
698 2584 794 2616 frater
819 2590 926 2617 autem
953 2584 1056 2617 maior
1080 2594 1178 2627 gene—

435 2636 520 2677 ralis,
548 2637 601 2680 qui
629 2637 802 2669 triennium
835 2647 928 2669 suum
962 2637 1177 2680 compleverit

470 2699 482 2726 t
507 2697 592 2727 Voces
611 2698 642 2726 1⁴12
665 2707 719 2734 qao
740 2707 787 2727 nos
808 2698 930 2727 addimus
951 2700 988 2735 (n.
1006 2700 1055 2733 r,).

1012 292 1193 316 nouantem
1218 292 1375 316 RostANt'n

1219 344 1310 375 nullo
1335 342 1433 375 modo
1459 341 1574 384 reeligi
1600 340 1702 384 possit
1731 339 1771 373 ad
1801 339 1888 373 idem
1912 338 1959 373 os-

1219 394 1325 429 ticium
1343 422 1350 435 ,
1377 393 1438 428 nisi
1475 399 1551 437 post
1585 392 1672 427 atiud
1698 393 1896 434 triennium,
1927 397 1959 426 et

1218 448 1366 482 similiter
1396 453 1591 491 procurator
1622 447 1806 490 generalis,
1831 445 1892 479 nisi
1925 445 1959 478 in

1219 512 1291 534 casu
1320 511 1383 544 quo
1405 501 1431 534 is
1449 501 1572 534 electus
1592 500 1705 533 suisset
1721 510 1793 532 cum
1812 498 1958 533 omnium

1218 560 1311 595 voto·,
1334 560 1364 587 et
1385 555 1481 587 aliter
1499 553 1658 594 faciendo,
1676 552 1791 587 electio
1819 553 1911 586 nulla
1927 557 1960 586 et

1219 608 1309 640 irrita
1334 607 1387 640 sit.

1262 672 1293 694 v.
1312 660 1453 694 Fundari
1470 670 1536 693 non
1555 659 1660 703 possit
1674 670 1756 693 nova
1774 659 1887 693 domus
1904 664 1959 692 aut
1997 670 2026 690 ne
2042 669 2102 689 mns-
2117 669 2154 689 ao.

1968 697 2037 716 mitum
2051 699 2071 716 el
2083 697 2155 717 §istm-

1220 715 1385 758 hospitale
1410 725 1468 747 seu
1494 712 1738 746 xenodochium
1759 712 1882 756 absque
1902 712 2023 746 Or-me.

1219 769 1339 802 dinarii
1362 768 1505 807 licentia,
1524 767 1555 800 in
1573 766 1832 800 conformitatem
1850 766 1961 800 decre-

1221 827 1326 855 torum
1353 822 1435 854 sacri
1461 820 1597 854 Concilii
1620 819 1801 854 Tridentini
1827 824 1859 853 et
1882 830 1962 853 con-

1219 876 1426 909 stitutionum
1452 875 1716 917 apostolicarum,
1735 879 1767 906 et
1790 873 1860 907 sine
1884 883 1961 906 con-

1219 939 1318 962 sensu
1345 928 1476 971 capituli
1497 926 1670 970 generalis,
1692 932 1725 959 et
1749 925 1782 959 in
1806 936 1882 959 casu
1909 936 1961 958 ur-

1218 982 1333 1025 genti,
1366 981 1420 1024 qui
1463 980 1687 1013 fundationem
1727 978 1857 1013 differre
1896 989 1960 1012 non

1220 1035 1386 1079 permittat
1409 1031 1528 1077 usque¹
1555 1032 1593 1065 ad
1619 1032 1740 1066 (lictum
1765 1032 1959 1075 capitulum,

1219 1088 1287 1121 sine
1323 1087 1427 1120 fratris
1460 1085 1592 1119 maioris
1627 1085 1793 1128 generalis
1826 1084 1959 1128 eiusque

1219 1141 1480 1174 consiliariorum
1505 1149 1693 1179 eonsensu·‚
1720 1148 1784 1172 non
1810 1143 1962 1182 accepte-

1221 1201 1269 1227 tur
1293 1205 1375 1228 nova
1400 1194 1528 1234 domus,
1552 1193 1578 1226 si
1611 1202 1677 1226 non
1711 1191 1815 1236 possit
1846 1192 1959 1225 saltem

1219 1248 1438 1288 substentare,
1464 1247 1551 1279 ultra
1571 1246 1705 1278 fratrem
1731 1245 1887 1278 maiorem
1913 1245 1961 1278 10-

1218 1302 1332 1342 ealem,
1360 1305 1500 1344 quatuor
1524 1299 1639 1332 fratres
1663 1303 1696 1332 et
1721 1308 1822 1331 unum
1854 1308 1960 1331 saeer-

1219 1355 1345 1394 dotem‚
1372 1360 1404 1388 et
1428 1354 1543 1387 domus
1568 1353 1633 1386 sint
1657 1352 1823 1396 simplices
1847 1356 1881 1385 et
1904 1352 1962 1384 hn-

1219 1408 1313 1441 miles
1339 1408 1461 1451 absque
1487 1406 1701 1447 curiositate·,
1736 1405 1822 1438 inter
1847 1405 1962 1439 domos

1220 1464 1368 1497 fundatas
1395 1469 1426 1497 et
1449 1462 1632 1496 sundandas
1668 1461 1809 1505 primum
1834 1471 1963 1505 semper

1218 1522 1355 1560 occupet
1378 1517 1486 1550 locum
1521 1515 1578 1549 itta
1609 1515 1641 1548 S.
1671 1514 1837 1558 Hippolyti
1865 1514 1963 1548 Mexi-

1217 1580 1321 1609 cana,
1357 1580 1439 1612 quae
1478 1567 1645 1601 ordinaria
1684 1567 1746 1600 erit
1782 1567 1962 1601 residentia

1219 1623 1328 1656 fratris
1355 1623 1490 1655 maioris
1514 1621 1678 1664 generalis
1702 1619 1857 1664 illiusque
1882 1631 1960 1654 con-

1218 1677 1416 1710 siliariorum
1433 1687 1440 1716 ;
1461 1674 1594 1708 debebit
1610 1679 1716 1707 auten]
1743 1673 1848 1707 dictus
1864 1673 1964 1708 frater

1218 1730 1322 1763 maior
1340 1728 1501 1771 generalis
1527 1726 1658 1760 visitare
1683 1727 1800 1759 saltem
1826 1726 1964 1769 singulis

1219 1783 1312 1816 annis
1337 1792 1396 1825 per
1422 1792 1455 1814 se
1481 1785 1534 1813 aut
1562 1780 1660 1813 alium
1683 1779 1884 1814 visitatorem
1909 1780 1964 1813 de-

1219 1838 1360 1879 legatum
1387 1845 1500 1868 ornnes
1526 1834 1641 1871 domus
1658 1832 1788 1867 Ordinis
1808 1833 1965 1868 distantes

1219 1901 1236 1922 a
1261 1889 1383 1922 Mexico
1400 1898 1465 1921 non
1491 1888 1666 1930 plusquam
1692 1892 1871 1920 tercentum
1896 1887 1965 1921 mil-

1220 1943 1362 1983 liaribus,
1382 1947 1414 1975 et
1439 1940 1633 1974 remotiores
1651 1941 1754 1973 semel
1775 1941 1890 1974 saltem
1910 1940 1964 1973 du-

1220 2003 1312 2030 rante
1338 1997 1407 2029 eius
1435 1994 1591 2027 triennio.

1262 2061 1306 2084 vt.
1334 2048 1490 2082 Similiter
1516 2047 1554 2080 ad
1581 2047 1700 2080 dictam
1727 2047 1857 2080 domum
1889 2057 1962 2081 san-

1219 2157 1366 2190 infirmos
1386 2162 1418 2189 et
1435 2156 1702 2189 convalescentes
1722 2155 1762 2188 ad
1784 2161 1906 2188 terram
1922 2155 1962 2188 de

1220 2212 1412 2254 Huastepet‚
1439 2215 1470 2242 et
1494 2209 1667 2252 providere
1694 2209 1740 2241 eis
1759 2209 1799 2241 de
1817 2208 1914 2242 mulis
1933 2213 1964 2242 et

1220 2264 1372 2298 omnibus
1405 2262 1601 2296 necessariis
1626 2262 1665 2295 ad
1692 2260 1841 2294 effectum
1873 2270 1963 2294 recu-

1219 2318 1356 2362 perandi
1389 2317 1550 2354 salutetis,
1586 2314 1738 2348 similiter
1770 2313 1874 2347 dictae
1907 2313 1964 2347 do-

1221 2383 1290 2405 mus
1312 2371 1373 2404 erit
1397 2370 1526 2403 mittere
1549 2369 1587 2402 ad
1608 2369 1739 2402 hortum
1753 2367 1963 2401 Veraeerucis

1220 2425 1425 2469 provisiones
1451 2429 1483 2456 et
1508 2421 1707 2456 necessarios
1732 2420 1898 2454 ministros
1924 2420 1964 2454 ad

1221 2477 1460 2522 recipiendum,
1486 2482 1520 2508 ut
1545 2476 1670 2514 dicitur,
1688 2474 1813 2507 flottam
1834 2473 1964 2507 navium

1221 2532 1259 2564 ab
1296 2529 1463 2574 Hispaniis
1498 2527 1750 2567 advenientem,
1777 2527 1815 2560 ad
1842 2526 1966 2560 eondu-

1221 2584 1343 2617 cendos
1370 2592 1532 2626 pauperes
1559 2586 1591 2614 et
1616 2580 1762 2613 infirmos
1792 2579 1831 2613 ad
1858 2579 1966 2623 hospi-

1221 2637 1308 2678 talia,
1333 2636 1443 2679 ibique
1471 2645 1526 2668 eos
1550 2634 1712 2667 sanandos
1731 2644 1803 2667 eum
1821 2633 1966 2677 applica-

1258 2701 1267 2727 1
1292 2699 1361 2727 Edit.
1379 2698 1458 2726 Main.
1477 2697 1538 2734 tegit
1561 2700 1645 2734 ιιίιμιε
1663 2705 1710 2734 pro
1733 2705 1821 2732 usque
1841 2697 1878 2732 (n.
1895 2697 1942 2733 τ.).

1962 289 2012 316 An.
2032 288 2062 317 C.
2075 289 2152 318 ¹700

2001 2052 2031 2073 no
2059 2051 2159 2072 oneribus

1973 2079 2047 2100 dormi.-
2069 2079 2092 2100 ὃ.
2108 2078 2160 2105 nup-

1221 2103 1261 2137 cti
1288 2102 1454 2146 Hippolyti
1473 2101 1630 2144 spectabit
1652 2101 1782 2134 mittere
1799 2111 1961 2145 pauperes
1974 2106 2047 2133 notiti-
