2227 3225
128 257 174 283 An.
193 255 220 283 Γ..
245 256 310 283 16Ἷ4

152 844 248 864 Coun-nt
258 851 310 865 ἱΓυιιι

129 872 245 896 dei-tigano.

893 254 1101 279 INNOCENTlUS
1127 254 1172 277 ΧΠ
1196 255 1244 278 Pr.

321 305 359 338 de
384 305 484 338 latere
519 305 642 348 legatos
673 309 703 337 et
729 303 933 347 Apostolieae
958 303 1050 336 Sedis

319 358 456 391 nuncios
472 385 479 398 ,
500 364 531 390 et
555 358 634 391 alios
661 358 823 401 quoslibet
850 366 1052 400 quacumque

319 411 576 455 praeeminentia
601 417 632 444 et
656 416 814 455 potestate
833 411 1001 453 fungentes
1022 414 1054 442 et

319 464 492 503 functuros,
514 465 640 497 sublata
658 464 703 497 eis
728 469 758 497 et
783 475 895 497 eorum
922 463 1053 496 cuilibet

319 517 430 560 quavis
456 517 550 550 aliter
575 517 736 550 iudicandi
762 522 794 550 et
819 515 1053 560 interpretandi

319 570 468 604 facultate
494 575 525 604 et
549 570 749 610 auctoritate,
775 569 908 602 iudicari
927 575 958 602 et
979 567 1055 602 deli-

319 621 381 655 niri
404 623 534 663 debere,
554 633 589 656 ac
606 623 731 655 irritum
749 628 779 655 et
793 622 897 662 inane,
917 622 942 654 si
963 631 1055 654 secus

320 685 420 719 super
452 676 503 709 his
536 687 553 709 a
581 686 754 719 quoquam,
781 675 891 719 quavis
921 674 1056 708 auetori-

322 733 395 769 tate,
422 729 561 762 scienter
591 730 639 762 vel
661 729 859 773 ignoranter,
884 727 1058 771 contigerit

321 781 484 814 attentari.

365 834 380 877 ξ
404 833 434 866 Ιι.
463 834 533 868 Non
559 834 762 868 obstantibus
788 833 992 878 praemissis,
1012 842 1057 873 ac,

322 892 480 930 quatenus
495 898 574 931 opus
594 888 644 927 sit,
664 890 773 921 nostra
793 892 824 921 et
841 886 1056 921 Cancellariae

323 940 528 983 Apostolicae
547 942 658 984 regula
679 941 718 974 de
740 940 808 973 iure
827 940 974 984 quaesito
992 950 1056 972 non

323 994 480 1034 tollendo,
502 993 640 1037 aliisque
658 994 943 1027 constitutionibus
961 999 991 1026 et
1009 1003 1059 1025 or-

324 1046 545 1080 dinationibus
581 1047 794 1090 apostolicis,
820 1057 946 1080 necnon
983 1045 1059 1079 dicti

323 1099 450 1133 Ordinis
471 1127 478 1140 ,
511 1100 620 1133 aliisve
646 1100 831 1144 quibusvis,
858 1101 953 1133 etiam
978 1099 1060 1132 iura-

323 1158 443 1193 mento,
459 1152 702 1186 confirmatione
721 1153 905 1197 apostolica,
919 1154 970 1186 vel
988 1163 1060 1196 qua-

323 1206 368 1239 vis
395 1205 544 1239 tirmitate
577 1206 639 1239 alia
669 1207 850 1247 roboratis,
876 1205 1004 1239 statutis
1030 1210 1062 1238 et

324 1259 637 1299 consuetudinibus,
664 1259 760 1292 etiam
796 1258 1061 1292 immemorabili-

323 1311 395 1352 bus,
418 1312 595 1355 privilegiis
620 1323 772 1356 quoque,
793 1312 926 1345 indultis
952 1316 986 1344 et
1010 1311 1061 1344 lit-

327 1365 403 1398 teris
428 1366 624 1408 apostolicis,
643 1366 700 1398 sub
716 1366 975 1409 quibuscumque
993 1375 1061 1398 ver-

323 1419 439 1451 borum
465 1419 630 1452 tenoribus
657 1425 688 1451 et
705 1419 824 1457 formis,
843 1429 879 1451 ac
904 1429 974 1451 cum
993 1418 1061 1461 qui-

324 1471 432 1504 busvis
457 1472 553 1505 etiam
585 1472 862 1515 derogatoriarum
890 1473 1061 1514 derogato-

324 1525 399 1566 riis,
426 1525 561 1569 aliisque
593 1526 826 1559 efficacioribus
859 1531 889 1558 et
922 1524 1060 1557 insolitis

325 1579 501 1617 clausulis,
540 1578 805 1621 irritantibusque
839 1584 871 1611 et
905 1578 974 1610 aliis
1000 1577 1057 1610 de-

325 1632 434 1671 cretis,
454 1631 549 1664 etiam
575 1636 680 1671 motu,
706 1631 841 1664 scientia
866 1636 897 1664 et
921 1637 1061 1674 potesta-

325 1684 365 1716 tis
394 1684 598 1728 plenitudine
631 1685 772 1727 paribus,
803 1684 833 1716 in
867 1694 986 1726 genere
1012 1684 1062 1716 vel

325 1737 356 1769 in
376 1737 491 1780 specie,
510 1746 564 1769 seu
584 1737 662 1770 alias
680 1737 925 1780 quomodolibet
946 1736 975 1769 in
992 1747 1062 1769 con-

327 1790 460 1822 trarium
487 1790 739 1833 praemissorum
776 1790 958 1829 concessis,
988 1800 1060 1822 con-

326 1841 460 1875 firmatis
493 1847 525 1875 et
554 1842 735 1881 innovatis;
763 1842 878 1885 quibus
913 1842 1062 1875 omnibus

327 1900 359 1927 et
384 1895 537 1938 singulis,
571 1895 695 1927 etiamsi
730 1906 788 1937 pro
815 1895 944 1928 illorum
978 1895 1060 1927 suffi-

328 1947 426 1980 cienti
469 1947 680 1989 derogatione
721 1948 758 1980 de
793 1947 854 1980 illis
886 1957 1062 1990 eorumque

329 2000 404 2032 totis
431 2000 599 2032 tenoribus
624 2000 772 2043 specialis
789 2027 796 2039 ,
819 1999 985 2043 specifica,
1012 2010 1064 2032 ex-

327 2062 439 2096 pressa
463 2059 495 2086 et
520 2053 698 2093 individua,
715 2064 749 2085 ac
768 2054 806 2086 de
826 2054 924 2086 verbo
942 2053 979 2085 ad
999 2064 1064 2085 rer-

327 2107 415 2147 hum,
433 2117 498 2139 non
517 2112 623 2140 autem
642 2118 701 2150 per
718 2108 877 2140 clausulas
895 2107 1063 2150 generales

328 2160 414 2193 idern
440 2160 672 2203 importantes,
705 2161 824 2194 mentio
850 2172 904 2193 seu
935 2160 1064 2204 quaevis

328 2213 391 2246 alia
416 2214 581 2257 expressio
608 2214 757 2247 habenda
790 2220 841 2246 aut
870 2214 977 2256 aliqua
1003 2214 1064 2246 alia

329 2265 491 2309 exquisita
516 2267 616 2299 forma
641 2267 679 2299 ad
706 2267 769 2299 hoc
787 2267 944 2299 servanda
970 2267 1064 2306 soret,

328 2318 459 2351 illorum
485 2319 629 2352 omnium
648 2324 679 2351 et
694 2319 897 2362 singulorum
924 2324 1062 2358 tenores,

329 2371 460 2412 formas,
488 2382 596 2405 causas
622 2377 653 2405 et
675 2373 862 2406 occasiones
888 2373 1064 2416 praesenti-

328 2423 389 2456 bus
412 2435 470 2468 pro
496 2426 592 2468 plene
619 2431 649 2458 et
674 2426 872 2459 sufficienter
893 2426 1062 2470 expressis,

329 2476 467 2518 insertis,
482 2479 614 2511 servatis
630 2484 661 2512 et
675 2478 866 2522 specificatis
886 2480 1064 2522 respective

331 2529 500 2571 habentes,
525 2531 588 2564 illis
613 2532 691 2565 alias
716 2532 747 2564 in
770 2543 828 2565 suo
854 2532 970 2566 robore
996 2543 1064 2575 per-

330 2583 509 2623 mansuris,
538 2585 575 2616 ad
612 2585 860 2627 praemissorum
894 2585 1063 2625 effectum,

333 2635 391 2667 liac
406 2635 472 2667 vice
488 2637 658 2677 dumtaxat,
674 2638 858 2681 specialiter
872 2643 902 2672 et
917 2648 1064 2681 expresse

1096 302 1298 345 derogamus,
1318 306 1349 334 et
1365 301 1552 343 derogatum
1572 311 1643 333 esse
1663 301 1829 339 volumus;

1095 356 1278 399 ceterisque
1304 355 1475 388 contrariis
1501 354 1764 397 quibuscumque¹

1140 409 1154 452 ἓ
1185 409 1215 441 5.

1095 462 1318 505 praesentium
1336 462 1515 495 litterarum
1535 459 1757 502 transumptis,
1776 452 1848 491 seut

1095 515 1272 558 exemplis,
1300 515 1395 547 etiam
1427 513 1609 557 impressis,
1645 522 1740 544 manu
1780 511 1836 544 ali-

1096 567 1186 600 cuius
1212 567 1329 600 notarii
1354 567 1477 610 publici
1502 566 1713 608 subscriptis,
1745 569 1776 596 et
1795 564 1837 596 si-

1098 619 1176 662 gillo
1200 631 1359 663 personae
1381 621 1413 652 in
1439 619 1658 653 ecclesiastiea
1679 617 1837 659 dignitate

1098 674 1293 707 constitutae
1311 673 1452 714 munitis,
1466 673 1579 706 eadem
1596 681 1732 716 prorsus
1757 670 1837 702 tides

1099 727 1131 759 in
1148 727 1269 760 iudicio
1295 732 1327 759 et
1350 731 1437 759 extra
1457 725 1536 758 illud
1561 724 1732 762 habeatur,
1754 732 1837 765 quae

1098 779 1178 823 ipsis
1210 779 1438 823 praesentibus
1470 778 1646 812 haberetur
1677 777 1705 810 si
1730 776 1840 809 forent

1100 832 1267 866 exhibitae
1293 834 1342 866 rel
1361 837 1527 866 ostensae.

1143 887 1256 920 Datum
1274 887 1404 927 Romae,
1426 886 1511 930 apud
1537 885 1568 918 S.
1604 884 1744 923 Petrum,
1779 881 1839 915 sub

1100 942 1222 974 annulo
1243 941 1428 981 piscatoris,
1450 940 1501 973 die
1521 950 1539 973 v
1554 938 1666 982 aprilis
1685 946 1836 975 uncxciV,

1101 993 1311 1038 pontificatus
1328 993 1430 1026 nostri
1449 1003 1533 1025 anno
1552 1002 1601 1026 iu.

1137 1055 1195 1083 Dat.
1218 1055 1261 1082 die
1282 1056 1297 1082 5
1318 1055 1410 1091 aprilis
1434 1055 1511 1087 1094,
1534 1053 1630 1089 pontif.
1653 1060 1696 1080 ιιι.
1719 1058 1757 1078 ιιι.

1392 1196 1552 1231 LXXXIX.

1103 1278 1270 1312 Statuitur
1297 1282 1334 1310 ut
1365 1282 1558 1321 procurator
1581 1277 1745 1320 yenerali's
1774 1277 1842 1319 fra-

1149 1336 1236 1364 trum
1271 1331 1437 1364 Minorum
1474 1332 1578 1363 sancti
1609 1331 1781 1364 Francisci
1804 1330 1841 1362 de

1148 1384 1363 1418 observantia
1398 1388 1426 1415 el
1459 1384 1719 1426 Reformatorum
1743 1383 1842 1424 eliya—

1148 1441 1200 1469 tur
1224 1437 1260 1469 in
1284 1437 1427 1479 capitulo
1451 1436 1608 1479 generali,
1629 1440 1657 1468 et
1677 1437 1714 1468 de
1733 1446 1842 1467 seuten-

1147 1491 1201 1522 nt‘o
1227 1491 1262 1522 in
1288 1490 1478 1522 sexennium
1494 1489 1515 1521 ¹.

1281 1569 1481 1596 Innocentius
1502 1569 1580 1603 Papa
1600 1569 1662 1595 XlI⁴

1252 1614 1287 1640 ad
1307 1614 1439 1640 futuram
1460 1614 1504 1640 rei
1526 1614 1708 1640 memoriam.

1148 1684 1162 1727 ἓ
1183 1684 1214 1717 1.
1234 1684 1310 1718 Cum
1341 1695 1399 1718 nos
1433 1695 1554 1728 nuper,
1581 1683 1658 1727 per2
1683 1684 1843 1718 nostram⁸
1880 1694 1958 1714 sunm
1979 1697 1999 1714 nt
2018 1695 2037 1714 n.

1820 1739 1825 1743 ,
1853 1721 1946 1741 τιιὶιῑιοᾌ.

1104 1748 1200 1781 super
1213 1738 1437 1771 moderatione
1454 1738 1636 1771 facultatum
1653 1749 1843 1780 quorumvis

1105 1791 1200 1823 eliam
1214 1790 1245 1823 S.
1263 1790 1297 1822 R.
1311 1791 1344 1823 E.
1358 1791 1568 1823 cardinalium
1582 1790 1734 1823 Ordinum
1750 1802 1844 1833 regu-

1106 1842 1221 1875 larium
1248 1843 1467 1886 quorumlibet
1485 1843 1568 1886 apud
1588 1853 1647 1875 nos
1671 1848 1702 1875 et
1726 1843 1843 1877 Sedent

1107 1896 1324 1938 Apostolicam
1343 1901 1565 1938 protectorum
1584 1897 1702 1928 editam
1723 1896 1844 1929 consti-

1109 1948 1280 1988 tutionem,
1295 1949 1378 1980 inter
1389 1949 1459 1988 alia,
1471 1959 1706 1992 quamcumque
1720 1950 1843 1982 eisdem

1107 2001 1346 2044 protectoribus
1364 2004 1539 2035 nonnullos
1557 2002 1712 2035 Ordinum
1731 2003 1844 2035 buius-

1107 2053 1194 2086 modi
1233 2053 1418 2096 superiores
1453 2064 1510 2086 seu
1546 2054 1708 2087 ministros
1744 2055 1843 2098 depu-

1108 2105 1196 2138 tandi
1222 2107 1409 2139 attributam
1442 2112 1636 2149 potestatem
1667 2108 1843 2140 sustuleri-

1107 2169 1175 2191 mus
1201 2165 1233 2191 et
1257 2159 1544 2201 abrogaverinms,
1571 2161 1841 2204 superiorumque

1107 2222 1163 2244 seu
1189 2212 1412 2245 ministrorum
1446 2212 1629 2246 huiusmodi
1664 2214 1842 2247 electiones

1107 2265 1145 2297 ad
1179 2275 1343 2298 sacrorum
1379 2276 1539 2298 canonum
1566 2277 1621 2299 scu
1647 2267 1846 2309 regularium

1107 2319 1297 2352 eorumdem
1326 2318 1483 2352 Ordinum
1511 2319 1731 2353 institutorum
1761 2320 1845 2353 limi-

1143 2426 1153 2452 1
1172 2425 1237 2452 Vide
1253 2428 1337 2452 const.
1355 2433 1444 2460 praec.
1463 2426 1490 2452 In
1505 2430 1591 2453 const⁴
1610 2426 1653 2452 ed⁴
1670 2433 1785 2458 nucxcu,
1802 2426 1845 2454 die

1109 2471 1140 2497 17
1155 2471 1230 2503 maii,
1246 2470 1341 2505 pontis.
1358 2477 1375 2503 1,
1388 2471 1476 2505 agitur
1490 2470 1521 2497 de
1536 2471 1651 2506 quadam
1667 2472 1842 2503 altei·nativA;

1107 2518 1133 2541 et
1147 2515 1174 2540 in
1191 2518 1278 2541 const.
1294 2515 1338 2540 edi
1355 2521 1468 2548 Mocxcv,
1483 2515 1526 2541 die
1543 2515 1574 2541 12
1590 2515 1762 2550 septembris,
1778 2523 1845 2549 pon-

1108 2558 1147 2584 tif.
1164 2565 1190 2589 V,
1207 2558 1238 2584 de
1253 2558 1384 2585 electione
1398 2558 1623 2593 guardianorum,
1640 2559 1818 2593 aliorumque.

1142 2602 1159 2628 2
1179 2601 1328 2636 Praeposit.
1347 2611 1401 2637 per
1420 2611 1469 2629 nos
1489 2602 1613 2629 addimus
1635 2606 1671 2637 (fl.
1687 2608 1736 2634 τ.).

1144 2646 1158 2673 3
1180 2646 1250 2672 Edit.
1274 2647 1352 2673 nain.
1376 2648 1439 2683 legit
1461 2652 1586 2675 nostrum
1610 2655 1649 2683 m.
1669 2649 1719 2683 Τ.).

1905 446 1931 463 [ω

1731 242 1794 276 619
1841 251 1888 277 An.
1906 250 1933 277 e.
1959 250 2023 277 ieet

1247 408 1400 442 Volumus
1435 414 1540 441 autem
1576 412 1611 439 ut
1647 406 1832 439 earumdem
1883 417 1944 437 rai-u
1969 420 2025 436 nan-

1855 449 1900 469 uuip
1939 451 1977 463 uua,
