2227 3225
84 225 131 252 An.
153 222 180 251 C.
198 223 267 251 17130

878 219 1010 241 mationa
1022 219 1027 240 l
1037 219 1084 241 lb>
1112 219 1151 240 itt
1177 219 1224 241 1²1¹.

278 270 483 305 existentium
510 269 541 303 S.
562 269 599 302 R.
619 268 654 301 E.
675 267 887 301 cardinalium
912 267 1023 300 Conci-

279 324 312 359 lii
338 322 519 356 Tridentini
545 322 760 365 interpretum
781 332 815 353 ac
840 320 1021 364 respective

279 375 419 419 negotiis
438 381 470 408 et
487 374 782 408 consultationibus
797 374 1022 417 episcoporum

279 434 311 463 et
342 427 542 471 regularium
571 427 835 471 praepositorum
867 427 1021 466 decreta,

279 482 399 516 dudum
415 482 567 515 damnata
581 492 616 514 ac
631 481 815 524 reprobata,
836 491 899 524 qna
921 480 1022 513 innixi

277 535 428 579 plerique
454 535 583 568 illarum
619 535 761 578 partium
794 534 966 577 privilegia
993 539 1024 566 et

278 589 404 623 indulta
422 599 480 633 per
500 588 624 622 litteras
649 587 843 631 apostolicas
869 598 926 631 pro
951 598 1023 620 cru-

279 643 361 676 ciata
397 643 507 675 sancta
541 647 719 681 emanatas,
748 651 815 681 seu,
840 647 875 673 ut
901 646 1023 680 vocant,

279 697 417 732 Bullam
435 697 616 737 Gradatae,
650 697 693 730 ita
718 696 932 739 intelligenda
953 706 1023 729 esse

280 751 485 791 existimant,
523 756 555 783 ut
593 751 729 783 facultas
764 750 795 782 in
823 749 940 782 litteris
967 760 1023 781 seu

282 807 372 839 Bulla
390 805 575 838 huiusmodi
596 804 865 838 christifidelibus
887 803 1025 836 attribu-

282 865 312 891 ta
341 857 518 891 confitendi
549 863 681 901 peccata
706 868 763 890 sua
792 857 926 890 cuilibet
952 867 1025 889 con-

280 911 417 945 fessario
454 921 512 954 per
547 921 786 954 quemcumque
819 909 1048 954 Ordinariuim

281 964 320 997 ad
361 964 587 997 confessiones
629 964 807 997 audiendas
843 963 1048 1007 ap1n·ob‹'it01

281 1018 390 1051 locum
417 1017 536 1050 habeat
569 1023 600 1050 et
633 1017 755 1049 habere
782 1021 951 1050 censeatur
983 1022 1049 1054 fet-5

283 1070 376 1103 iamsi
410 1070 436 1104 is
470 1081 534 1104 non
566 1071 661 1104 fuerit
694 1070 883 1103 Ordinarius
911 1071 971 1103 loci
995 1070 1025 1102 in

283 1134 348 1168 quo
374 1124 595 1157 confessiones
619 1124 780 1167 praefatas
800 1125 903 1167 excipi
925 1125 1027 1157 conti-

283 1177 389 1221 gerit:
408 1177 485 1210 hinc
504 1183 553 1210 est
578 1177 664 1220 quod
689 1188 758 1218 nos,
778 1188 814 1211 ex
840 1178 950 1211 debito
972 1189 1027 1222 pa·

283 1230 411 1263 storalis
436 1230 541 1270 officii,
568 1231 653 1274 quod
681 1231 856 1264 humilitati
895 1237 1025 1265 nostrae

283 1284 406 1317 meritis
439 1284 515 1317 licet
551 1290 581 1317 et
617 1284 738 1316 viribus
776 1285 873 1327 longe
912 1285 1026 1328 impari

284 1337 446 1371 commisit
462 1337 568 1370 divina
587 1338 742 1381 dignatio,
769 1338 949 1372 animarum
976 1350 1027 1382 pe·
1049 1349 1051 1384 g

284 1392 396 1426 riculis
426 1391 458 1424 in
485 1402 518 1424 re
547 1392 624 1424 tanti
650 1392 815 1432 momenti,
850 1393 953 1435 qualis
980 1399 1051 1425 est:

284 1445 528 1479 sacramentalis
555 1445 727 1485 confessio,
751 1452 907 1488 quantum
934 1446 1028 1479 nobis
1050 1478 1051 1484 ,

1066 265 1245 299 Tridentini
1273 272 1304 298 et
1329 266 1566 308 praedictarum
1605 265 1808 299 constitutio-

1066 329 1142 351 num
1177 319 1438 362 apostolicarum,
1465 319 1580 352 adeout
1615 319 1807 353 confessarii

1068 378 1130 405 tam
1158 373 1344 405 saeculares
1364 383 1458 415 quam
1478 373 1655 415 regulares,
1670 373 1808 416 quicum-

1045 438 1128 470 *que
1154 426 1201 460 illi
1229 427 1305 466 sint,
1334 426 1365 458 in
1391 425 1453 458 vim
1479 425 1584 458 dictae
1611 427 1719 459 Bullac
1738 426 1809 459 Cru-

1045 481 1171 520 ,ciatae
1211 492 1227 512 a
1263 479 1510 523 poenitentibus
1551 479 1588 512 ad
1629 479 1808 512 audiendas

1067 545 1180 567 eorum
1196 534 1448 567 sacramentales
1463 532 1687 567 confessiones
1705 533 1809 573 electi,

1068 588 1251 621 nullatenus
1285 587 1507 620 confessiones
1540 586 1726 619 huiusmodi
1754 597 1809 619 au-

1067 641 1135 674 dire
1153 641 1280 674 valeant
1297 641 1365 673 sine
1385 640 1624 684 approbatione
1649 638 1810 673 Ordinarii

1068 700 1099 727 et
1124 695 1267 738 episcopi
1294 694 1480 727 dioecesani
1502 694 1576 733 loci,
1603 694 1633 726 in
1660 703 1723 736 quo
1748 693 1811 736 ipsi

1068 747 1276 791 poenitentes
1303 748 1425 790 degunt
1450 753 1481 780 et
1506 746 1723 780 confessarios
1754 745 1812 779 eli-

1069 807 1156 843 gunt,
1183 802 1232 833 vel
1270 801 1307 833 ad
1346 800 1554 844 excipiendas
1587 799 1810 833 confessiones

1070 854 1254 898 requirunt,
1274 865 1333 887 nec
1352 854 1390 886 ad
1413 853 1475 887 hoc
1500 852 1668 895 suflragari
1693 863 1812 895 appro-

1070 907 1233 940 bationem
1256 907 1355 939 semel
1380 907 1428 939 vel
1456 906 1580 949 pluries
1606 905 1645 938 ab
1672 905 1742 938 aliis
1758 904 1813 937 Or-

1070 959 1202 992 dinariis
1229 959 1364 992 aliorum
1399 960 1544 992 locorum
1570 964 1601 992 et
1627 958 1813 991 dioecesum

1070 1013 1248 1053 obtentam,
1277 1012 1401 1045 etiamsi
1439 1011 1643 1055 poenitentes
1681 1010 1813 1044 illorum

1069 1065 1327 1102 Ordhrariormn,
1355 1065 1406 1108 qui
1435 1064 1652 1097 confessarios
1691 1064 1812 1096 electos

1070 1119 1314 1162 approbassent,
1342 1118 1462 1150 subditi
1489 1118 1615 1158 forent·‚
1635 1116 1815 1150 confessio-

1071 1183 1126 1205 nes
1152 1177 1257 1205 autem
1283 1172 1377 1205 aliter
1413 1178 1441 1205 et
1477 1177 1586 1205 contra
1626 1171 1813 1204 carumdem

1071 1226 1292 1270 praesentium
1319 1226 1521 1269 aliarumque
1561 1225 1814 1269 apostolicarum

1072 1280 1341 1313 constitutionum
1361 1281 1495 1312 formam
1515 1279 1669 1323 deinceps
1696 1279 1814 1312 facien-

1073 1334 1127 1366 das
1157 1340 1187 1367 et
1219 1333 1427 1377 excipiendas
1453 1333 1642 1376 respective,
1669 1338 1815 1376 praeter-

1073 1398 1169 1431 quam
1195 1388 1226 1420 in
1249 1398 1322 1421 casu
1349 1387 1554 1420 necessitatis
1574 1387 1605 1419 in
1628 1387 1740 1420 mortis
1765 1397 1816 1419 ar-

1074 1443 1180 1481 ticulo,
1207 1441 1312 1474 nullas
1343 1440 1423 1481 fore,
1457 1439 1563 1472 irritas
1591 1445 1622 1473 et
1641 1439 1812 1480 invalidas,

1699 208 1762 240 ⁴³2¹.)
1809 217 1857 243 An.
1881 217 1907 242 n.
1929 216 1997 242 iton

285 1510 321 1533 ex
358 1500 422 1532 alto
461 1499 663 1536 conceditur,
701 1501 837 1541 paterna
870 1500 1027 1532 charitate
1049 1503 1051 1548 l
1072 1501 1102 1528 ct
1129 1494 1347 1528 confessarios
1362 1494 1432 1537 ipso
1449 1493 1516 1526 iure
1536 1503 1710 1536 suspensos
1729 1504 1813 1535 esse,

284 1562 458 1587 occurrere
478 1552 655 1596 cupientes,
675 1562 799 1585 necnon
826 1552 1030 1585 constitutio·
1050 1551 1052 1595 l
1073 1554 1104 1581 et
1129 1548 1226 1581 etiam
1254 1547 1357 1590 rigide
1382 1547 1565 1591 puniendos
1593 1547 1630 1580 ab
1657 1546 1734 1590 ipsis
1760 1547 1817 1580 Or-

284 1607 379 1641 nibus
404 1611 436 1640 et
461 1606 602 1639 decretis
636 1606 830 1649 supradietis
855 1606 1030 1639 inhaeren-
1050 1603 1052 1616 ⁵
1074 1601 1208 1635 dinariis
1246 1601 1402 1634 locorum.
1437 1600 1540 1633 I‘orro
1576 1611 1816 1644 quamcumque

287 1667 345 1702 tes,
367 1661 405 1693 de
430 1659 667 1693 venerabilium
694 1660 825 1692 fratrum
846 1665 1029 1693 nostrorum
1050 1679 1053 1707 4
1073 1656 1269 1689 contrariam
1296 1654 1483 1698 opinionem
1513 1660 1672 1697 tamquam
1693 1654 1816 1695 falsam,

287 1714 433 1748 eiusdem
458 1713 488 1747 S.
510 1713 547 1745 R.
568 1713 602 1746 E.
635 1713 858 1751 cardinalium,
889 1709 1053 1756 primuml
1076 1709 1293 1749 temerariam,
1329 1708 1553 1740 scandalosam
1593 1713 1623 1740 et
1659 1707 1691 1740 in
1725 1708 1816 1751 praxi

287 1767 421 1811 quidem
447 1766 643 1810 supradictis
669 1767 807 1809 negotiis
841 1772 871 1799 et
905 1768 1030 1800 consul-
1051 1759 1053 1771 ¹
1074 1763 1306 1807 perniciosam,
1325 1767 1497 1805 praetenso
1517 1761 1631 1805 quovis
1653 1761 1816 1795 contrario

288 1820 464 1854 tationibus
501 1820 728 1863 episcoporum
766 1825 797 1852 et
832 1820 1029 1863 regularium
1074 1828 1133 1849 usu
1171 1816 1395 1859 contrariaque
1440 1815 1677 1848 consuetudine
1720 1815 1816 1848 etiam

287 1874 565 1918 praepositorum,
586 1873 725 1906 subinde
746 1884 821 1906 vero
841 1874 936 1906 etiam
954 1873 1031 1906 alio-
1051 1862 1053 1886 ³
1074 1869 1299 1914 antiquissima
1323 1868 1456 1902 minime
1475 1868 1691 1908 obstantibus,
1714 1873 1815 1909 motu,

288 1938 359 1962 rum
383 1928 416 1961 in
443 1929 508 1960 tota
533 1926 703 1970 republica
722 1927 898 1960 christiana
921 1933 1031 1960 contra
1051 1929 1053 1944 ¹
1074 1923 1218 1963 scientia,
1245 1923 1483 1956 deliberatione
1505 1928 1535 1955 et
1562 1922 1729 1966 potestatis
1755 1924 1818 1966 ple-

288 1981 486 2015 haereticam
522 1980 713 2023 pravitatem
752 1980 953 2023 generalium
984 1981 1031 2014 in-
1052 1989 1054 2024 ς
1074 1977 1222 2010 nitudine
1247 1976 1392 2021 paribus,
1417 1976 1533 2009 harum
1556 1976 1660 2017 serie,
1687 1976 1818 2009 damna-

288 2035 482 2080 quisitorum
501 2045 518 2067 a
538 2033 620 2067 Sede
636 2034 821 2078 Apostolica
847 2035 1032 2078 specialiter

290 2090 530 2134 deputatorum,
557 2087 611 2131 qui
637 2087 827 2131 opinionem
853 2089 1031 2132 praefatam
1053 2111 1055 2121 .

291 2154 329 2177 ex
354 2143 485 2185 integro
511 2141 739 2174 examinarunt
772 2152 906 2185 remque
935 2148 1032 2175 totam

288 2201 415 2230 mature
442 2195 674 2235 discusserunt,
700 2195 850 2235 consilio,
875 2206 910 2228 ac
936 2196 1031 2228 etiam

289 2255 378 2285 motu
404 2251 551 2295 proprio,
576 2255 607 2283 et
644 2260 681 2282 ex
718 2250 804 2283 certa
842 2249 977 2283 scientia
1004 2255 1032 2282 et

289 2306 415 2339 matura
433 2303 672 2338 deliberatione
691 2304 821 2343 nostris,
840 2304 944 2348 deque
963 2315 1033 2347 apo-

291 2359 424 2393 stolicae
459 2357 629 2402 potestatis
668 2357 872 2401 plenitudine
888 2385 895 2397 ,
921 2361 1033 2391 tenore
1054 2353 1056 2367 ¹

291 2412 515 2455 praesentium
541 2410 747 2444 decernimus
768 2415 800 2443 et
820 2411 1033 2451 declaramus,

292 2466 415 2499 Bullam
431 2464 597 2499 Cruciatae
618 2469 748 2498 sanctae
766 2463 848 2498 nihil
867 2464 941 2497 novi
956 2463 1033 2497 iuris

1052 2026 1054 2064 ἦ
1075 2042 1143 2065 mus
1159 2037 1190 2064 et
1204 2031 1430 2075 reprobamus,
1446 2030 1712 2074 contrariumque
1726 2041 1818 2063 usum

1076 2096 1111 2118 ac
1129 2084 1324 2118 contrariam
1344 2084 1615 2116 consuetudinem
1630 2083 1817 2117 huiusmodi

1076 2139 1204 2182 penitus
1239 2143 1269 2172 et
1296 2138 1428 2171 omnino
1454 2137 1649 2180 abrogamus
1676 2143 1707 2170 et
1739 2137 1819 2170 abo-

1053 2219 1055 2225 ,
1076 2194 1190 2226 lemus.
1212 2193 1255 2225 Ac
1279 2191 1419 2235 proinde
1445 2191 1596 2224 omnibus
1623 2196 1653 2224 et
1679 2190 1816 2234 singulis

1076 2245 1342 2279 christifidelibus
1368 2245 1600 2289 cuiuscumque
1618 2250 1729 2285 status,
1749 2255 1819 2287 gra-

1077 2300 1145 2339 dus,
1182 2299 1379 2332 conditionis
1405 2303 1435 2332 et
1461 2299 1629 2342 dignitatis
1667 2298 1815 2337 existant,

1077 2353 1174 2387 etiam
1200 2351 1351 2397 specifica
1384 2358 1416 2386 et
1452 2352 1618 2385 individua
1653 2351 1817 2385 mentione

1078 2413 1109 2441 et
1135 2407 1342 2451 expressione
1380 2407 1500 2449 dignis,
1528 2416 1568 2439 ne
1601 2405 1819 2449 supradictam

1078 2461 1268 2505 opinionem
1293 2461 1417 2501 docere,
1440 2460 1531 2500 tueri,
1557 2464 1611 2492 aut
1636 2458 1675 2491 ad
1696 2458 1820 2502 praxim

292 2518 473 2559 induxisse,
499 2519 689 2562 nullumque
723 2518 930 2561 privilegium
961 2528 1035 2551 con·
1079 2515 1243 2549 deducere
1260 2515 1373 2558 quovis
1387 2514 1483 2547 modo
1498 2513 1639 2546 audeant
1657 2522 1713 2545 seu
1732 2522 1820 2555 prae·

294 2570 397 2603 tinere
424 2570 529 2613 quoad
566 2569 839 2614 approbationem
871 2569 1035 2602 confessa·
1079 2573 1219 2609 sumant,
1247 2568 1307 2601 sub
1332 2569 1439 2611 poena
1475 2564 1819 2599 excommunicationis

293 2623 417 2657 riorum
442 2627 554 2656 contra
575 2623 707 2657 formam
733 2623 880 2656 eiusdem
899 2622 1033 2656 Cone-ilii
1079 2633 1137 2667 per
1162 2621 1431 2657 contrafacientes
1470 2620 1539 2664 ipso
1578 2620 1658 2653 facto
1697 2618 1819 2663 absque

371 2685 452 2717 Eun.
467 2686 549 2716 Rom.
566 2701 598 2707 -
619 2687 679 2716 Vol.
695 2686 755 2716 XX.
902 2686 952 2714 117
