2254 3225
227 265 262 290 *ln
296 264 322 290 (ἶ,
344 263 403 289 ‘sm
455 254 517 286 925)ss-

259 693 415 744 „intratam
492 733 498 739 .
575 733 581 738 .
792 731 797 735 .
842 731 847 736 .

231 753 257 766 n„
274 748 292 765 ‹·1
314 751 414 771 semanno
425 734 516 778 pedit
540 738 635 766 etiam
668 737 702 764 ut
727 736 887 764 tertiarios
920 740 984 763 non
1017 733 1162 772 praeter-

233 773 337 793 tertiarioi
344 778 384 792 uin.

463 322 533 345 vul.
546 309 703 348 Quocirca
718 309 841 343 eisdem
854 309 1055 342 severissime
1067 318 1159 352 prae·
1178 348 1179 357 ἵ

420 364 557 408 cipimus
588 369 623 396 ut
654 363 685 396 in
718 362 783 396 suis
809 362 952 396 ecclesiis
986 362 1157 405 capsellam

420 418 601 450 arculamvc
627 417 781 456 habeant,
800 415 832 448 in
851 425 946 458 quam
971 414 1082 447 fideles
1099 423 1158 456 pro

420 470 621 504 redimendis
652 469 784 512 captivis
821 469 1046 511 eleemosynas
1077 466 1159 498 inse-

420 527 515 562 rant;
553 522 683 555 tandein
721 521 752 553 in
786 521 817 553 id
846 520 929 552 iuste
954 518 1157 558 incumbant,

421 582 456 608 ut
490 575 623 609 sacrista
658 584 714 607 seu
751 573 813 606 alia
847 582 989 616 persona
1025 570 1159 613 singulis

424 629 540 662 diebus
565 627 742 671 praefatam
768 627 1005 668 eleemosynam
1031 624 1146 666 exigat.

469 692 490 715 1.
518 680 706 714 Monialibus
732 685 905 721 utcumque
937 677 1077 717 directis,
1111 686 1162 709 ex-

425 788 603 827 mittamus,
630 786 669 819 de
694 795 830 828 quorum
850 784 968 827 pietate
988 784 1111 816 bonum
1129 782 1161 814 iu

427 839 555 873 Christo
591 838 726 871 odorem
763 838 803 870 ab
829 836 898 879 ipso
922 835 1091 877 religionis
1128 833 1164 867 li-

428 892 515 925 mine
550 892 742 935 plerumque
778 889 995 932 suscepimus.
1023 887 1062 920 Ut
1100 887 1164 920 illis

429 955 515 988 ergo,
533 944 764 985 cuiuscumque
789 952 882 975 sexus
904 941 1078 980 extiterint,
1098 949 1163 972 non

429 997 499 1030 sine
525 997 650 1029 delectu
677 1000 709 1027 et
732 994 869 1027 consilio
901 992 1028 1026 Ordinis
1057 996 1164 1035 pateat

428 1050 603 1092 ingressus,
618 1047 835 1090 praecipimus
847 1044 1165 1078 commendatoribus

430 1107 461 1134 et
485 1100 637 1144 praelatis
662 1099 841 1139 localibus,
867 1108 908 1130 ne
934 1107 1076 1140 unquam
1101 1102 1166 1128 ter-

430 1154 559 1186 tiarium
600 1152 740 1195 aliquem
773 1152 822 1184 vel
859 1149 1036 1183 tertiariam
1067 1148 1162 1181 insti-

430 1211 531 1244 tuant,
556 1204 617 1237 nisi
643 1203 772 1248 praevia
797 1203 828 1236 in
858 1202 988 1246 scriptis
1021 1201 1166 1244 magistri

432 1258 593 1303 generalis
618 1258 669 1290 vel
695 1256 902 1300 provincialis
923 1255 1084 1288 facultate.

476 1322 512 1345 ιι.
538 1310 629 1343 Circa
654 1309 813 1343 tertiarius
843 1314 950 1341 autem
987 1317 1054 1340 non
1083 1307 1169 1340 clau-

433 1364 575 1397 straliter
599 1362 742 1395 viventes
766 1361 889 1394 nullam
915 1360 1048 1393 omnino
1073 1359 1170 1393 lieen-

433 1417 510 1449 tiam
528 1426 544 1448 a
562 1414 736 1459 praedictis
756 1413 909 1456 magistro
927 1418 958 1445 et
978 1411 1169 1455 provinciali

434 1468 614 1512 dispensari
630 1469 786 1507 volumus,
808 1466 868 1499 nisi
886 1465 976 1508 prius
993 1464 1055 1498 fide
1073 1465 1170 1506 digno

436 1520 620 1555 testimonio
646 1520 692 1553 eis
717 1524 843 1552 constet
867 1518 906 1552 de
931 1528 1058 1551 morum
1089 1518 1172 1551 inte-

435 1574 551 1617 gritate
577 1577 609 1605 et
633 1572 679 1605 rei
704 1571 869 1604 familiaris
894 1570 999 1615 copia,
1024 1581 1105 1614 quae
1129 1570 1172 1602 vi-

435 1626 499 1659 ctui
525 1626 673 1658 sufficere
699 1624 814 1668 possit,
840 1635 911 1657 cum
936 1624 1070 1667 reliquis
1095 1634 1172 1667 qua-

435 1680 579 1713 litatibus
605 1679 644 1712 ad
669 1678 700 1711 id
725 1678 794 1711 iure
819 1677 995 1721 requisitis.

480 1743 529 1766 111.
556 1732 621 1765 Sub
643 1731 736 1764 dictis
761 1741 838 1773 ergo
864 1729 1116 1770 conditionibus,
1142 1734 1174 1763 et

437 1795 501 1820 non
527 1785 630 1824 aliter,
656 1784 819 1827 praefatus
845 1783 997 1824 magister
1020 1788 1074 1815 aut
1097 1793 1173 1826 pro-

437 1838 582 1871 vincialis
607 1837 770 1870 licentiam
797 1836 940 1868 tribuant
962 1837 1106 1878 praelato
1130 1837 1174 1869 lo-

439 1891 499 1923 cali
521 1896 556 1922 ut
573 1889 675 1932 possit
694 1887 850 1922 eiusmodi
870 1888 1006 1920 seminas
1024 1887 1171 1921 induere.

440 1942 520 1975 lluic
544 1948 650 1974 autem
675 1941 786 1973 stricte
812 1940 1040 1983 praecipimuS,
1057 1945 1091 1972 ut
1113 1946 1173 1972 tam

440 1994 472 2027 in
488 1994 565 2034 istis,
581 2004 675 2036 quam
690 1993 721 2025 in
736 1992 806 2025 aliis
821 1990 1064 2034 cuiuscumque¹
1079 2003 1173 2025 sexus

442 2046 591 2080 tertiariis
603 2045 789 2085 induendis,
803 2049 910 2078 servet
929 2044 1062 2077 omnino
1074 2045 1173 2078 Breve

441 2098 663 2142 Apostolicum
679 2097 732 2130 SS.
753 2097 876 2130 domini
898 2097 998 2130 nostri
1019 2096 1175 2130 Innocen-

442 2153 477 2185 tii
510 2152 548 2185 XI
575 2151 686 2184 Ordiui
717 2156 828 2184 nostro
859 2150 1056 2194 expeditum,
1085 2151 1174 2194 quod

441 2205 554 2248 incipit
586 2204 698 2246 Nuper
730 2213 789 2246 pro
822 2207 927 2247 parte,
966 2207 1038 2243 etc„
1065 2203 1174 2237 datum

442 2258 562 2292 Rornae
588 2256 639 2289 die
665 2266 721 2289 xxx
737 2256 928 2299 septembris
946 2265 1103 2297 MDCLxxx,
1120 2257 1174 2289 ubi

443 2310 594 2344 statuitur
617 2319 682 2341 non
715 2308 814 2341 licere
845 2308 1068 2351 superioribus
1092 2309 1177 2342 loca—

444 2363 526 2397 libus
547 2361 674 2395 Ordinis
691 2361 843 2402 delegare
861 2360 1082 2394 auctoritatem
1103 2371 1178 2395 con-

445 2415 570 2450 serendi
610 2413 754 2447 habitum
790 2412 962 2456 praedictis
998 2414 1175 2454 tertiariis,

444 2470 500 2503 sed
537 2468 601 2501 hoc
636 2466 801 2510 pertinere
825 2466 865 2498 ad
890 2465 979 2508 ipsos
1002 2466 1175 2508 privative;

446 2531 542 2566 posse
568 2525 673 2553 tamen
697 2519 796 2551 semel
820 2518 950 2551 indutos
964 2528 1023 2560 per
1040 2528 1072 2551 se
1090 2518 1178 2561 ipsos

448 2584 562 2617 regere
587 2578 619 2605 et
642 2572 827 2611 instituere,
846 2571 906 2610 vel,
923 2570 948 2603 si
967 2571 1106 2611 mallent,
1128 2572 1180 2604 ali-

483 2638 494 2663 1
519 2635 616 2662 Forsan
637 2633 779 2669 legendum
802 2633 950 2667 utriusque
964 2634 1002 2666 (n.
1018 2633 1065 2666 τ.).

997 261 1172 284 ΙΗἸ.1,ᾹΗ1[Χ1
1200 261 1320 282 nimrim
1333 260 1351 282 M

1200 317 1296 350 quem
1321 307 1452 339 fratrem
1477 304 1605 339 Ordinis
1629 305 1812 350 designare,
1834 307 1936 350 viruin

1201 360 1338 403 probum
1365 364 1396 392 et
1427 359 1648 403 spectabilem,
1674 359 1727 403 qui
1754 370 1808 393 eos
1832 360 1937 393 inser-

1201 413 1264 446 viat
1287 413 1319 445 in
1345 412 1382 445 iis
1407 422 1488 455 quae
1512 412 1682 445 observare
1708 413 1839 447 dehent.

1245 476 1288 499 ιν.
1315 465 1468 498 Omnibus
1492 475 1566 498 vero
1591 464 1741 498 tertiariis
1772 465 1938 509 utriusque

1203 529 1305 558 sexus,
1333 523 1395 551 tam
1421 516 1507 550 intra
1540 528 1636 560 quam
1671 522 1761 550 extra
1797 518 1939 551 claustra

1203 572 1407 614 degentibus,
1432 570 1608 604 salubriter
1639 570 1872 610 constituimus,
1906 575 1941 606 ut

1203 625 1307 668 primo
1329 624 1475 666 regulam
1500 623 1602 656 sancti
1627 622 1729 665 patris
1755 623 1856 656 nostri
1877 624 1926 657 Au

1204 677 1324 720 gustini
1350 687 1427 720 prae
1451 675 1600 708 manibus
1626 676 1777 715 habeant,
1800 681 1832 709 et
1847 682 1943 720 prout

1205 733 1365 772 congruat
1389 728 1486 761 statui
1510 728 1739 761 inviolabiliter
1756 728 1941 769 observent,

1204 782 1340 815 ulterius
1365 781 1460 815 etiam
1483 779 1734 815 constitutiones
1766 792 1825 824 pro
1858 782 1944 825 ipso-

1206 845 1277 867 rum
1302 835 1433 867 modulo
1458 838 1490 867 et
1509 833 1695 867 conditione
1713 838 1877 867 contextas
1904 833 1943 867 ad

1207 887 1442 921 observantiam
1473 887 1607 926 ducant,
1641 891 1673 920 et
1707 896 1805 930 super
1836 886 1945 920 omnia

1207 941 1254 973 sic
1289 939 1440 983 praelatis
1477 939 1640 979 obediant,
1666 943 1711 980 ut,
1739 939 1826 972 iuxta
1851 950 1943 972 suum

1207 993 1410 1035 propositum
1436 997 1490 1024 aut
1513 991 1693 1034 simplicem
1710 997 1858 1024 votorum
1875 1002 1946 1035 pro-

1208 1045 1399 1084 fessionem,
1438 1044 1492 1087 pie
1526 1049 1558 1076 et
1595 1043 1803 1077 laudabiliter
1837 1044 1945 1077 vivere

1208 1102 1412 1137 censeantur,
1423 1102 1455 1130 et
1468 1097 1597 1139 dignam
1610 1096 1860 1130 retributionem
1872 1107 1948 1140 pro-

1208 1154 1356 1182 mereant
1379 1159 1396 1182 a
1420 1149 1570 1182 Domino.
1597 1148 1640 1182 De
1670 1148 1721 1181 his
1747 1159 1824 1191 ergo
1849 1147 1947 1182 debet

1209 1212 1266 1235 eos
1290 1202 1438 1245 impense
1462 1211 1678 1245 praemonere
1703 1201 1846 1235 director
1877 1201 1948 1235 illo-

1211 1266 1292 1296 rum,
1319 1260 1350 1288 et
1374 1255 1445 1298 plus
1467 1255 1611 1288 minusve
1636 1254 1821 1288 huiusmodi
1854 1265 1948 1297 regu-

1211 1308 1286 1341 laris
1321 1308 1512 1352 disciplinae
1546 1307 1770 1341 observantias
1805 1313 1836 1341 et
1866 1307 1948 1340 obli-

1211 1360 1373 1402 gationem
1388 1360 1627 1400 commendare,
1646 1359 1823 1393 secundum
1836 1370 1948 1393 eorum

1213 1413 1454 1447 distinctionem
1491 1418 1523 1446 et
1545 1413 1627 1445 vitae
1652 1412 1692 1445 ab
1728 1412 1806 1456 ipsis
1831 1422 1949 1456 propo-

1213 1466 1292 1499 sitae
1319 1464 1544 1498 differentiam.

1256 1529 1287 1552 v.
1314 1518 1479 1551 Universis
1515 1523 1623 1550 tamen
1647 1517 1737 1560 pium
1771 1527 1853 1551 onus
1888 1528 1949 1561 pro

1214 1571 1346 1615 captivis
1371 1571 1484 1604 orandi
1510 1570 1694 1613 subiungat,
1720 1570 1795 1614 quia
1817 1570 1949 1604 illorum

1214 1624 1395 1668 redemptio
1432 1629 1480 1657 est
1517 1623 1670 1666 specialis
1709 1622 1781 1656 finis
1818 1623 1949 1656 Ordinis

1214 1678 1324 1718 nostri,
1350 1677 1441 1710 cuius
1466 1676 1612 1709 habitum
1638 1686 1693 1709 seu
1713 1676 1951 1719 professionem

1215 1732 1268 1774 qui
1293 1730 1598 1773 quomodocumque
1622 1729 1811 1772 susceperit,
1837 1739 1951 1762 eorum

1215 1783 1360 1816 subsidio
1386 1781 1565 1825 respective
1586 1791 1619 1814 se
1638 1785 1816 1821 consecrat,
1838 1785 1874 1813 ut
1889 1791 1950 1825 pro

1216 1836 1279 1869 illis
1305 1834 1521 1874 redimendis,
1548 1838 1703 1877 quantum
1727 1832 1829 1876 possit
1859 1838 1892 1867 et
1915 1844 1951 1867 se

1216 1888 1432 1928 adstrinxerit,
1449 1887 1607 1927 elaboret,
1620 1891 1673 1919 aut
1689 1887 1802 1919 saltem
1812 1886 1952 1930 pretium

1217 1941 1374 1974 orationis
1400 1940 1579 1983 impendat.

1260 2004 1300 2027 v1.
1321 1994 1491 2026 Praeterea
1514 1992 1657 2025 director
1675 1992 1827 2025 tertiariis
1848 1993 1952 2026 omni·

1217 2048 1275 2080 bus
1299 2045 1515 2079 claustraliter
1540 2045 1718 2077 viventibus
1736 2045 1877 2078 declaret
1894 2056 1950 2079 eos

1217 2100 1248 2132 in
1275 2098 1458 2132 huiusmodi
1479 2097 1608 2140 pietatis
1634 2098 1812 2140 praemium
1829 2099 1951 2132 cunctis

1217 2152 1313 2195 potiri
1339 2151 1464 2194 gratiis,
1490 2151 1714 2193 indulgentiis,
1732 2157 1954 2195 peecatomm-

1217 2216 1280 2248 que
1317 2204 1564 2237 remissionibus
1604 2203 1755 2237 fratribus
1793 2205 1952 2248 professis

1217 2257 1317 2291 nostri
1342 2256 1471 2290 Ordinis
1497 2256 1641 2296 indultis,
1658 2256 1781 2300 absque
1805 2258 1872 2292 ullo
1897 2269 1954 2301 pe-

1217 2310 1303 2343 nitus
1334 2309 1519 2342 discrimine
1537 2335 1544 2349 ‚
1572 2308 1659 2341 iuxta
1684 2309 1815 2342 sormam
1847 2315 1879 2343 et
1908 2316 1954 2344 te-

1219 2373 1329 2397 norem
1343 2362 1453 2395 Bullae
1470 2362 1502 2394 in
1519 2371 1630 2395 eorum
1643 2361 1786 2395 savorem
1803 2373 1820 2395 a
1836 2362 1890 2397 SS.
1908 2363 1953 2396 ln-

1219 2414 1371 2449 nocentio
1396 2414 1435 2447 XI
1459 2413 1645 2458 specialiter
1664 2415 1845 2457 expeditae,
1870 2426 1953 2459 quae

1219 2468 1333 2511 incipit
1357 2467 1435 2501 Cum
1459 2467 1551 2506 sicut,
1578 2467 1638 2499 sub
1663 2467 1744 2501 datis
1764 2468 1883 2502 Romae
1901 2468 1952 2502 die

1219 2531 1277 2554 v111
1299 2520 1426 2563 augusti
1443 2529 1621 2559 MDCLxxx13
1643 2520 1859 2554 claustraliter
1876 2532 1952 2555 vero

1221 2582 1285 2605 non
1307 2572 1485 2605 viventibus
1511 2572 1634 2604 indulta
1659 2573 1816 2606 edisserat
1839 2577 1870 2607 et
1886 2585 1953 2615 gra-

1222 2625 1280 2657 tias
1307 2624 1453 2668 ipsismet
1478 2625 1516 2658 ab
1545 2625 1658 2658 codem
1689 2625 1878 2659 innocentio
1915 2626 1953 2659 Μ

1943 259 1980 285 An
2014 261 2030 285 «ἱ
2061 261 2122 289 tum

2247 2310 2254 2465 <am-‚2—n.
