2227 3225
115 257 164 282 An.
180 255 208 280 C.
232 254 299 281 1004

143 2108 164 2129 ΕΙ
171 2108 262 2128 mame.

894 252 1102 276 INNOCENTH'S

305 314 322 335 a
348 303 416 335 iure
435 303 482 334 vel
509 302 548 334 ab
573 301 719 340 homine,
738 300 850 344 quavis
871 301 1041 333 occasione

304 355 354 388 vel
380 356 474 388 causa
498 353 579 393 latis,
605 354 630 386 si
656 353 771 397 quibus
796 352 1044 396 quomodolibet

305 407 479 441 innodatus
516 407 647 448 existit,
681 407 720 440 ad
764 406 912 440 effectum
948 416 1043 449 prae-

305 461 442 508 sentium
458 460 622 493 dumtaxat
639 460 1042 503 consequendum‚liarum

305 514 389 547 serie
407 514 613 547 absolventes
630 519 662 547 et
679 514 861 546 absolutum
881 513 948 545 sore
967 523 1043 545 cen-

306 573 435 607 sentes,
473 567 765 610 supplicationibus
806 566 874 599 eius
909 564 1041 597 nomine

305 619 400 653 nobis
417 631 517 664 super
542 621 604 653 hoe
625 619 793 652 humiliter
814 618 970 662 porrectis
997 617 1043 649 in-

305 673 428 712 clinati,
447 674 485 706 de
510 673 744 706 venerabilium
765 672 896 704 fratrum
915 675 1044 703 nostro-

305 736 376 758 rum
402 726 432 759 S.
455 726 489 758 R.
510 725 544 758 E.
582 725 793 758 cardinalium
820 724 951 757 Concilii
977 723 1044 755 Tri-

307 778 431 811 dentini
459 779 670 821 interpretum
696 777 847 817 consilio,
874 782 905 809 et
922 778 1043 808 atu-..ta

307 832 468 864 relatione
505 831 699 864 venerabilis
726 830 833 862 fratris
863 829 963 862 nostri
988 829 1044 861 Pa-

306 884 375 917 lutii
410 884 553 928 episcopi
585 883 864 917 Praenestinensis
898 882 1043 915 eiusdem

306 937 337 970 S.
354 937 390 970 R.
407 937 439 970 E.
458 937 630 970 cardinalis
649 936 687 969 de
708 935 838 969 Alteriis
856 934 1043 978 nuncupati,

307 990 383 1023 dicti
408 989 537 1023 Ordinis
555 989 638 1033 apud
656 999 715 1022 nos
733 994 763 1022 et
778 989 893 1022 Sedem
912 989 1043 1031 Aposto-

307 1043 399 1076 licam
421 1042 626 1086 protectoris,
648 1052 746 1085 super
771 1041 955 1085 praemissis
982 1040 1044 1073 eis-

307 1096 378 1130 dem
394 1095 611 1129 cardinalibus
626 1095 718 1135 sacta,
736 1094 886 1138 praefatis
906 1094 1044 1127 alumnis

307 1149 495 1193 provinciae
511 1149 586 1182 novi
604 1148 694 1191 regni
713 1148 919 1180 Granatensis
938 1147 1045 1180 liuins-

307 1202 408 1242 modi,
436 1202 490 1246 qui
510 1202 625 1235 fratres
641 1211 790 1244 expresse
809 1200 945 1244 professi
969 1200 1044 1232 dicti

307 1255 436 1288 Ordinis
464 1254 596 1294 suerint,
618 1258 663 1294 ut,
682 1253 824 1298 peractis
849 1254 880 1286 in
907 1253 1044 1296 collegio

310 1308 468 1351 erigendo
494 1307 659 1351 praedicto
686 1317 742 1339 seu
767 1306 842 1339 alibi
862 1306 1043 1339 studi0rum

309 1372 440 1394 suorum
462 1360 651 1399 curriculis,
676 1359 870 1403 praevioque
897 1359 1044 1401 rigoroso

309 1415 475 1454 examine,
501 1414 766 1446 baccalaureatns
799 1422 835 1444 ac
867 1411 1043 1453 magisterii

308 1473 339 1499 ct
364 1467 548 1500 doctoratus
582 1465 614 1497 in
644 1464 855 1508 philosophia
891 1470 921 1496 et
956 1467 1067 1497 sacra.

309 1519 475 1562 theologia
500 1518 618 1561 gradus
644 1517 677 1550 in
703 1518 817 1550 eodem
840 1517 980 1559 collegio
1006 1517 1045 1549 ab

308 1573 394 1606 illius
420 1577 547 1605 rectore
566 1582 625 1615 pro
643 1576 786 1614 tempore
802 1571 960 1603 existente
978 1581 1046 1603 sus-

307 1626 437 1669 cipere,
466 1624 595 1669 ipsique
623 1625 740 1658 rectori
768 1625 900 1657 eosdcm
928 1624 1046 1667 gradus

308 1679 402 1712 dictis
428 1678 567 1711 alumnis
592 1678 631 1710 ad
657 1678 789 1711 sormam
808 1678 1045 1721 praedictarum

307 1732 384 1765 Sixti
404 1737 436 1765 et
451 1731 540 1764 Pauli
558 1731 845 1775 praedecessorum
864 1731 1044 1764 litterarum

309 1785 458 1818 conferre
480 1784 600 1824 libere,
623 1784 710 1817 licite
737 1790 767 1817 et
792 1785 896 1817 valide
921 1785 1047 1828 possint

310 1843 340 1869 et
365 1838 493 1870 valeant
523 1837 728 1881 respective,
754 1838 945 1870 auctoritate
971 1848 1046 1881 apo-

310 1890 433 1929 stolica,
454 1895 568 1923 tenore
591 1890 822 1934 praesentium,
840 1891 1047 1924 concedimus

310 1949 341 1976 ct
365 1943 590 1986 indulgemus:
616 1944 700 1976 salva
729 1949 834 1976 tamen
861 1954 990 1986 semper
1013 1944 1046 1976 in

310 1996 496 2039 praemissis
544 1996 735 2029 auctoritate
780 1996 1046 2039 Congregationis

312 2055 560 2082 memoratorum
587 2049 810 2082 cardinalium.

353 2103 367 2146 ξ
385 2102 416 2135 3.
436 2102 665 2142 Decernentes,
684 2103 769 2146 ipsas
787 2106 975 2145 praesentes
996 2103 1047 2135 lit-

309 2159 393 2188 teras
417 2165 547 2198 semper
570 2154 685 2195 tirmas,
711 2155 832 2188 validas
853 2160 884 2187 et
901 2155 1045 2188 efficaces

309 2207 446 2240 existere
474 2212 504 2240 et
529 2207 620 2246 sore,
645 2218 784 2250 suosque
819 2208 981 2251 plenarios
1015 2214 1046 2241 et

308 2261 453 2303 integros
481 2259 610 2293 effectus
637 2260 745 2293 sortiri
772 2266 802 2293 et
828 2260 986 2300 obtinere,
1009 2272 1044 2294 ac

309 2314 384 2353 illis,
409 2314 448 2346 ad
483 2323 565 2356 quos
603 2318 728 2357 spectat
760 2317 791 2347 et
815 2324 873 2356 pro
901 2319 1044 2356 tempore

308 2365 478 2409 spectabit,
498 2366 529 2398 in
555 2366 704 2399 omnibus
725 2371 756 2399 et
772 2377 833 2410 per
851 2366 959 2400 omnia
976 2368 1045 2409 ple-

308 2419 440 2451 nissime
466 2417 651 2461 suffragari,
680 2419 788 2463 sicque
806 2419 837 2451 in
859 2420 1043 2462 praemissis

308 2481 365 2514 per
397 2481 615 2516 quoscumque
645 2471 768 2504 iudices
800 2472 983 2505 ordinarios
1014 2477 1046 2505 et

309 2524 485 2566 delegatos,
512 2525 608 2557 etiam
638 2535 805 2558 causarum
834 2525 944 2568 palatii
971 2536 1044 2569 apo-

309 2577 414 2610 stolici
441 2578 616 2618 auditores,
636 2578 772 2611 iudicari
792 2583 822 2611 et
843 2578 968 2611 definiri
989 2579 1043 2612 de-

1065 1337 1066 1343 .
1086 1307 1304 1350 praesentium
1326 1307 1504 1340 litterarum
1526 1307 1745 1350 transumptis,
1766 1318 1822 1340 seu

1715 245 1778 276 (3223

1085 300 1134 332 liis
1153 311 1169 333 a
1184 310 1356 344 quoquam,
1372 301 1484 343 quavis
1503 301 1704 341 auctoritate,
1720 301 1820 332 scien-

1084 357 1132 385 ter
1154 354 1204 386 rel
1229 353 1427 394 ignoranter,
1455 353 1630 396 contigerit
1653 353 1816 385 attentari.

1127 405 1141 448 ἓ
1166 405 1198 438 lt.
1217 406 1288 438 Non
1305 405 1512 438 obstantibus
1531 404 1842 463 constitutionibusd
1855 417 2010 453 camisam-um

1083 464 1114 491 et
1138 459 1399 492 ordinationibus
1431 459 1636 502 apostolicis,
1673 469 1709 491 ac
1743 458 1818 500 qui-
1846 445 1946 468 ⁰¹²'¹⁶‘¹‘'⁰'

1083 511 1203 552 husi-is,
1232 512 1326 545 etiam
1352 512 1547 552 iuramento,
1572 510 1820 544 confirmatione

1084 565 1270 608 apostolica,
1293 566 1343 598 vel
1369 565 1481 608 quavis
1506 564 1658 597 firmitate
1684 564 1743 597 alia
1773 573 1822 596 ro-

1084 617 1218 657 boratis,
1239 618 1366 650 statutis
1382 623 1413 651 et
1429 617 1731 657 consuetudinibus,
1757 616 1823 660 pri-

1085 670 1210 713 vilegiis
1241 681 1380 714 qnoque,
1398 671 1534 704 indultis
1559 676 1591 704 et
1615 670 1733 704 litteris
1749 680 1822 713 apo·

1083 723 1207 756 stolicis
1222 723 1252 756 in
1269 724 1466 756 contrarium
1476 724 1728 767 praemissorum
1741 734 1822 766 quo-

1083 776 1264 809 modolibet
1290 777 1472 817 concessis,
1498 776 1694 810 confirmatis
1720 783 1751 809 et
1777 776 1823 808 in-

1084 829 1227 869 novatis3
1255 829 1371 872 quibus
1407 829 1558 862 omnibus
1595 834 1626 862 et
1664 829 1821 872 singulis,

1084 882 1213 915 illorum
1235 888 1365 915 tenores
1390 882 1613 926 praesentibus
1638 893 1696 925 pro
1727 883 1822 925 plene

1085 941 1116 968 et
1146 935 1341 969 sufficienter
1366 936 1528 979 expressis
1554 940 1586 969 et
1620 935 1751 968 insertis
1773 936 1825 968 lia-

1085 988 1213 1029 tientes,
1232 989 1297 1022 illis
1330 990 1408 1022 alitis
1434 989 1465 1021 in
1502 999 1560 1022 suo
1596 989 1716 1021 robore
1750 998 1825 1032 per-

1085 1042 1267 1082 mansuris,
1299 1043 1337 1075 ad
1368 1042 1626 1086 praemissorum
1652 1041 1823 1081 effectum,

1087 1095 1146 1127 liae
1164 1094 1231 1127 vice
1251 1095 1425 1135 dumtaxat,
1444 1095 1632 1139 specialiter
1648 1100 1679 1128 et
1697 1105 1825 1138 expres-

1086 1158 1118 1181 se
1144 1148 1350 1190 derogamus,
1370 1149 1550 1192 ceterisque
1569 1147 1740 1182 contrariis
1760 1148 1826 1191 qui-

1086 1201 1296 1244 buscumque.

1129 1254 1143 1297 ἓ
1174 1254 1205 1286 5.
1240 1255 1390 1287 Volumus
1427 1259 1533 1287 autem
1565 1260 1600 1287 ut
1634 1254 1821 1288 earumdem

1129 253 1170 276 ΧΠ
1196 254 1242 276 PF.
1825 254 1871 279 An.
1890 253 1915 277 C.
1942 254 2004 279 tvm

1885 1259 1946 1278 Fide<
1962 1261 2016 1279 tism-

1831 1289 1967 1312 sumpturum.

1087 1360 1257 1403 exemplis,
1285 1360 1381 1392 etiam
1400 1360 1577 1403 impressis,
1604 1370 1699 1392 manu
1726 1360 1824 1393 alicu-

1086 1413 1134 1445 ius
1159 1413 1276 1445 notarii
1303 1413 1424 1456 publici
1451 1414 1637 1456 snbsciptis,
1662 1419 1693 1446 et
1717 1413 1824 1455 sigillo

1086 1476 1247 1508 personae
1274 1467 1305 1498 in
1332 1466 1553 1498 ecclesiastiea
1579 1466 1737 1508 dignitate
1754 1476 1826 1498 con-

1087 1518 1217 1551 stitutae
1252 1519 1400 1559 munitis,
1435 1520 1546 1552 eadem
1578 1530 1711 1562 prorsus
1747 1519 1826 1552 fides

1087 1571 1208 1615 ubique
1242 1573 1387 1604 locorum
1423 1578 1485 1604 tam
1516 1572 1549 1604 in
1583 1571 1702 1604 iudicio
1729 1582 1823 1615 quam

1088 1635 1163 1657 exra
1181 1625 1262 1657 illud
1290 1625 1455 1665 habeatur,
1475 1636 1556 1668 qnae
1576 1625 1753 1657 haberetur
1778 1624 1826 1667 ip-

1087 1678 1129 1710 sis
1155 1677 1383 1721 praesentibus
1410 1678 1434 1710 si
1461 1679 1566 1711 sorcnt
1592 1677 1755 1710 exhibitae
1774 1678 1825 1710 vel

1088 1736 1251 1764 ostensae.

1130 1784 1244 1816 Datum
1270 1784 1400 1823 Romae,
1432 1784 1517 1827 apud
1543 1783 1574 1816 S.
1608 1783 1737 1816 Mariam
1764 1784 1827 1816 Ma-

1088 1837 1189 1871 iorem
1205 1865 1212 1878 ,
1240 1838 1298 1870 sub
1324 1838 1446 1870 annulo
1466 1837 1642 1869 Piscatoris
1657 1863 1664 1877 ,
1686 1837 1736 1869 dic
1757 1847 1826 1869 xxiv

1088 1891 1200 1934 aprilis
1232 1900 1370 1931 iincxm,
1404 1890 1617 1934 pontificatus
1643 1889 1749 1922 nostri
1770 1900 1826 1922 an-

1088 1954 1130 1976 no
1148 1955 1194 1977 ni.

1124 2006 1182 2033 Dat.
1201 2006 1245 2033 die
1260 2006 1293 2032 2¹5
1313 2005 1406 2041 aprilis
1428 2006 1505 2039 1694,
1527 2005 1624 2041 pontif.
1647 2014 1718 2033 anno
1735 2012 1771 2033 111.

1417 2211 1492 2244 XCI.

1088 2315 1238 2358 Erz'qz'lur
1262 2315 1413 2359 oppidum
1438 2315 1603 2349 Alesiense
1630 2316 1826 2349 Nemausen-

1130 2369 1174 2401 sz's
1199 2368 1351 2401 dioecesis
1375 2369 1408 2400 in
1434 2369 1596 2401 civitatem
1622 2369 1755 2413 eiusque
1779 2380 1825 2402 ec-

1130 2423 1227 2454 clesia
1251 2422 1284 2455 S.
1311 2422 1446 2455 Ioannis
1472 2421 1639 2466 Baptistae
1665 2424 1699 2456 in
1719 2423 1826 2456 cathe-

1130 2474 1288 2508 dralem‘.

1121 2554 1132 2580 1
1156 2554 1256 2581 Similis
1276 2554 1379 2581 erectio
1399 2554 1491 2590 oppidi
1517 2554 1551 2582 de
1578 2555 1670 2582 Pekim
1696 2555 1821 2583 Machoa-

1085 2599 1175 2624 nensis
1195 2598 1329 2625 dioecesis
1349 2603 1421 2626 extat
1448 2599 1473 2625 in
1494 2599 1637 2626 Alexandri
1657 2599 1714 2627 Vlll
1735 2604 1820 2627 const.

308 2631 398 2672 bere,
420 2641 455 2663 ac
472 2630 595 2664 irritum
614 2637 645 2664 et
665 2632 771 2674 inane,
792 2632 817 2665 si
837 2642 928 2666 secus
946 2643 1043 2677 super
1086 2642 1127 2668 ed.
1150 2648 1248 2677 ωηολε,
1269 2642 1311 2668 die
1330 2645 1360 2669 tu
1380 2642 1488 2679 aprilis,
1509 2643 1602 2679 pontif.
1624 2650 1644 2670 1.
