2254 3225
239 204 288 232 An.
304 203 331 230 c.
354 203 417 230 1691
466 192 529 227 278

280 734 348 755 Clrur
362 733 377 755 1.

274 761 303 781 De
328 761 423 782 examine

625 258 807 285 DISTINCTIO
833 257 968 287 QUARTA.

530 303 570 334 De
596 304 780 333 accedentibus
809 307 834 332 et
863 302 1057 342 quomodolibet

602 353 768 391 recipiendis
793 352 827 380 ad
850 351 992 382 Ordinem.

476 411 523 444 Ad
547 410 814 453 configurandam
845 409 1048 452 spiritualem
1072 406 1163 440 Ordi-

432 464 481 496 nis
506 464 612 496 ideam
637 474 674 496 ex
699 462 854 496 institutis
879 467 910 495 ct
932 461 1015 494 votis
1038 468 1165 503 praece-

433 516 582 549 dentibus
607 521 803 559 conceptam,
823 515 885 548 iam
905 514 975 547 viva
999 523 1071 546 saxa
1091 510 1166 544 deli-

433 568 547 611 gimus,
573 579 654 613 quae
680 568 924 612 disciplinarum
942 566 1090 599 tunsione
1110 573 1167 606 po-

433 622 489 654 lita
512 627 544 655 et
567 621 716 654 fraternis
741 620 907 653 charitatis
933 618 1069 652 nexibus
1093 621 1167 660 apta

433 675 470 708 ad
493 675 653 717 fastigium
677 673 887 718 perfectionis
913 676 1080 714 exurgant.

478 738 500 760 ι.
537 727 606 760 Non
642 727 775 760 credere
809 726 896 759 omni
931 723 1075 768 spiritui,
1108 722 1164 755 sed

240 790 358 807 voratum-s
402 789 423 807 et
435 790 697 823 unumquemque
711 780 850 822 probare
876 778 1050 820 diligenter
1071 786 1110 809 an
1129 787 1164 809 ex

240 814 377 839 qualitatibus
389 820 401 833 n
417 824 424 829 -

240 844 304 860 mu...
325 840 423 860 Ordinem
434 834 498 867 Deo
524 833 578 874 sit,
604 833 636 866 S.
661 833 798 866 Ioannes
828 832 993 875 apostolus
1025 829 1162 863 monuit.

240 866 411 892 ingredientium..

433 886 527 919 Cuius
544 896 622 919 sane
644 886 834 919 documento
859 883 1018 923 instructi,
1042 882 1166 914 univer-

433 939 475 972 sis
499 938 817 972 commendatoribus
843 936 1089 975 constituimus,
1114 938 1166 974 ut,

434 992 564 1035 quando
600 991 718 1034 aliquis
754 995 903 1023 nostrum
934 989 1088 1022 Ordinem
1113 997 1167 1029 ag-

433 1045 580 1088 greditur
604 1050 635 1078 et
659 1045 726 1077 eius
751 1044 862 1077 habitu
889 1042 980 1075 indui
1005 1042 1165 1085 postulat,

434 1102 599 1140 assumpto
635 1106 744 1129 secum
780 1095 934 1138 magistro
973 1094 1165 1127 novitiorum

433 1151 633 1183 vocationem
659 1150 728 1182 eius
753 1154 890 1191 uterque
908 1152 999 1180 caute
1017 1152 1049 1179 et
1067 1146 1167 1179 subti-

433 1203 509 1235 liter
532 1206 788 1245 perscrutentur,
806 1210 868 1243 qno
889 1200 1014 1232 scilicet
1037 1199 1164 1242 spiritu,

433 1265 495 1299 qua
511 1260 618 1288 mente
635 1255 820 1296 regularem
836 1253 930 1285 vitam
945 1253 1052 1295 eligat,
1069 1262 1164 1295 quem

434 1307 492 1340 sibi
518 1308 614 1340 finem
639 1311 808 1350 proponat,
835 1316 911 1337 num
936 1306 1006 1338 zelo
1023 1304 1165 1338 melioris

434 1361 534 1403 frugis
560 1365 591 1392 et
615 1365 649 1392 ut
673 1360 739 1392 Deo
765 1358 900 1391 liberius
926 1359 1108 1395 famuletur,
1126 1368 1164 1389 an

433 1413 542 1455 potius
563 1412 690 1445 levitate
705 1413 755 1444 vel
773 1412 913 1443 humano
928 1411 1037 1452 aliquo
1051 1409 1165 1442 affectu

435 1465 578 1505 ducatur,
606 1465 655 1496 vel
681 1473 720 1496 an
747 1463 866 1495 saeculi
892 1462 1035 1505 inopiam
1057 1467 1088 1493 et
1111 1461 1168 1494 ali-

435 1528 512 1560 quas
532 1517 581 1550 sui
602 1522 702 1550 status
724 1527 894 1549 aerumnas
912 1515 1063 1558 effugiat:
1084 1524 1166 1558 quae

434 1571 564 1613 quidem
589 1571 627 1604 ab
652 1581 689 1603 eo
714 1570 892 1613 prudenter
916 1574 1139 1611 extorqueant.

477 1633 512 1657 11.
548 1624 669 1656 Rursus
701 1633 773 1656 eum
809 1623 1030 1665 interrogent,
1067 1631 1166 1664 quare

434 1682 582 1709 nostrum
612 1676 720 1719 potius
753 1675 905 1708 Ordinem
931 1680 963 1707 et
986 1674 1166 1706 institutum

434 1738 511 1772 prae
536 1728 654 1762 ceteris
673 1728 783 1770 eligat,
806 1727 860 1760 ubi
885 1728 981 1771 plane
1004 1727 1032 1759 ei
1050 1726 1166 1760 arduas

434 1787 566 1814 nostrae
591 1780 756 1814 charitatis
782 1785 814 1813 et
837 1779 1047 1823 professionis
1072 1779 1167 1812 semi-

435 1840 481 1867 tas
500 1838 675 1878 exponant.
698 1833 826 1867 Ordinis
839 1833 1040 1866 austeritates
1054 1838 1086 1865 et
1097 1836 1167 1866 vota

434 1896 514 1930 pure
534 1892 565 1919 et
582 1886 773 1929 simpliciter
788 1886 952 1928 detegant,
972 1890 1003 1918 et
1016 1890 1166 1928 quartum

434 1939 627 1983 praecipuae
656 1950 721 1982 quo
753 1938 870 1972 debeat
904 1938 1042 1970 animam
1076 1943 1166 1970 suam

435 1993 559 2025 tradere
573 2003 632 2035 pro
650 1992 782 2035 captivis
800 2001 902 2035 usque
919 1991 959 2024 ad
979 1992 1167 2034 sanguinem

435 2050 466 2077 et
489 2045 666 2078 interitum.

479 2107 525 2131 ιιι.
552 2097 587 2130 Et
612 2103 782 2140 antequam
806 2097 1001 2141 procedatur
1019 2096 1165 2135 ulterius,

434 2151 532 2183 semel
557 2156 588 2182 ct
612 2150 726 2183 iterum
753 2156 904 2183 moneant
928 2156 962 2182 ut
985 2160 1167 2182 sacramen-

435 2209 540 2236 torum
554 2203 733 2247 frequentia
748 2208 779 2235 et
792 2203 929 2246 simplici
943 2203 1166 2236 observatione

434 2255 535 2289 Deum
550 2256 664 2298 pulset,
678 2258 846 2298 quatenus,
863 2255 890 2288 si
905 2256 1063 2298 expediat,
1085 2256 1166 2288 hanc

434 2309 495 2343 sibi
519 2309 716 2342 voluntatem
751 2307 879 2341 firmare
911 2308 1085 2350 dignetur;
1120 2314 1167 2341 est

434 2361 520 2396 enim
545 2361 649 2394 tidelis
672 2365 705 2393 et
728 2361 811 2393 nulli
828 2371 860 2393 se
882 2361 1021 2403 denegat
1038 2361 1167 2394 humili—

434 2420 484 2448 ter
507 2414 693 2458 postulanti.
726 2413 856 2446 Interim
892 2424 968 2447 vcro
999 2415 1166 2447 attendant

435 2467 576 2502 sollicite
609 2477 649 2499 an
675 2467 754 2499 hacc
779 2466 923 2510 impleat,
948 2467 1073 2510 etquid
1099 2467 1167 2500 ino-

435 2520 586 2564 peretur¹
606 2520 728 2560 dilatio,
746 2530 829 2563 quae
849 2519 882 2552 in
907 2520 985 2553 salsa
999 2521 1165 2554 vocatione

473 2584 484 2609 1
507 2581 619 2608 Videtur
639 2581 781 2617 legendum
801 2581 832 2609 in
852 2589 880 2608 eo
901 2584 1033 2615 operetur
1057 2581 1095 2617 (n.
1117 2582 1164 2613 τ.).

1007 199 1184 226 BULLARIUM
1208 199 1362 224 ROMANUM

1206 249 1288 281 solet
1301 249 1449 290 frangere
1461 250 1594 288 motum,
1616 247 1648 281 in
1665 247 1741 281 vera
1758 252 1866 282 tamen
1885 256 1939 281 ur-

1207 310 1284 343 gere
1309 300 1493 332 ferventius.

1250 362 1293 385 1v.
1320 352 1382 385 Sed
1408 353 1483 395 quia
1507 358 1580 385 sunt
1604 352 1702 397 aliqui
1727 354 1871 387 desectus
1895 353 1938 386 ita

1207 409 1353 447 patentes
1378 405 1417 437 ad
1442 415 1571 438 sensum
1598 411 1633 438 ut
1649 406 1690 440 ob
1706 406 1939 450 praestantiam

1208 462 1239 489 et
1263 457 1443 490 decentiam
1475 460 1575 491 status
1610 459 1760 502 protinus
1796 470 1851 494 eos
1883 460 1938 494 de-

1208 510 1342 543 beamus
1367 511 1558 551 advertere,
1578 513 1728 545 nolumus
1752 513 1868 546 iisdem
1895 515 1940 547 la-

1208 561 1343 595 bentes¹
1368 563 1406 596 de
1431 564 1602 597 vocatione
1627 564 1736 598 aliisve
1761 565 1940 599 defectibus

1208 615 1344 657 agitari,
1374 626 1435 649 nec
1464 616 1597 659 aliquod
1628 618 1765 651 ulterius
1790 618 1829 652 de
1861 619 1939 662 ipsis

1209 677 1342 701 examen
1368 668 1455 709 fieri,
1481 670 1536 703 sed
1561 671 1631 703 solo
1655 671 1761 714 primo
1786 681 1940 705 sensuum

1208 721 1327 755 iudicio
1352 722 1471 766 depelli
1489 734 1525 756 ac
1543 724 1630 756 omni
1650 725 1873 768 expectatione
1890 736 1941 759 va-

1209 784 1287 806 cuos
1312 775 1400 808 illico
1422 786 1439 808 a
1463 778 1724 811 commendatore
1749 778 1877 811 dimitti.

1251 837 1281 860 v.
1309 827 1400 861 Unde
1425 830 1550 862 cunctis
1575 831 1789 874 sequentibus
1815 831 1941 874 ingres-

1208 889 1278 912 sum
1310 881 1413 913 nostri
1446 881 1574 914 Ordinis
1599 883 1813 925 denegamus,
1839 885 1942 918 caecis

1208 932 1370 973 videlicet,
1385 934 1433 966 vel
1452 935 1553 968 altero
1570 936 1755 969 carentibus
1769 938 1872 979 oculo,
1888 943 1942 970 aut

1208 985 1298 1017 valde
1332 987 1500 1019 oculorum
1539 987 1660 1020 lumine
1697 988 1940 1030 laborantibus,

1208 1037 1344 1077 claudis,
1368 1038 1524 1079 gibbosis,
1553 1040 1698 1081 graviter
1722 1041 1941 1083 deformibus,

1208 1089 1330 1123 caduco
1349 1091 1463 1123 morbo
1481 1101 1537 1124 seu
1561 1092 1625 1124 alio
1647 1092 1803 1126 habituali
1820 1094 1943 1136 patenti

1208 1148 1238 1175 et
1263 1153 1366 1186 aeque
1384 1144 1470 1186 gravi
1489 1145 1727 1187 languentibus,
1745 1147 1941 1189 spadonibus

1209 1196 1305 1228 etiarn
1330 1201 1360 1228 et
1386 1197 1583 1230 habentibus
1608 1199 1788 1231 membrum
1810 1200 1942 1242 aliquod

1208 1249 1387 1292 principale
1403 1250 1593 1291 mutilatum,
1611 1257 1641 1284 et
1659 1252 1793 1285 stolidos
1813 1253 1941 1286 demum

1210 1308 1241 1335 et
1265 1302 1367 1335 fatuos
1393 1303 1432 1334 ab
1457 1303 1606 1345 ingressu
1630 1304 1757 1337 Ordinis
1783 1305 1944 1338 interdici-

1209 1365 1305 1393 mus,
1333 1355 1573 1397 praecipientes
1606 1358 1940 1397 commendatoribus,

1210 1408 1267 1440 sub
1299 1410 1405 1450 poena
1435 1409 1627 1450 privationis
1666 1410 1760 1442 officii
1795 1416 1827 1443 et
1856 1411 1942 1444 vocis

1210 1461 1386 1503 utriusque,
1408 1471 1447 1493 ne
1466 1462 1561 1493 alicui
1588 1462 1627 1494 de
1652 1463 1826 1505 praedictis
1851 1464 1943 1496 habi-

1211 1519 1274 1546 tum
1299 1514 1476 1547 concedere
1494 1515 1643 1555 audeant,
1660 1515 1722 1547 nisi
1745 1516 1874 1548 aliunde
1892 1527 1943 1559 ap·

1209 1571 1321 1609 pareat
1344 1567 1452 1609 aliqua
1469 1567 1623 1600 notabilis
1640 1568 1807 1610 religionis
1823 1569 1945 1601 utilitas

1209 1630 1291 1662 quae
1316 1620 1451 1652 honeste
1482 1619 1589 1652 vincat
1622 1619 1861 1653 deformitatem
1890 1626 1943 1653 aut

1208 1673 1368 1711 morbum,
1393 1672 1555 1715 simulque
1581 1683 1654 1705 cum
1672 1683 1711 1706 eo
1736 1673 1943 1717 dispensetur

1210 1726 1241 1758 in
1259 1725 1388 1769 scriptis
1407 1735 1424 1758 a
1441 1725 1628 1768 provinciali
1646 1725 1695 1758 vel
1717 1727 1862 1769 generali
1878 1737 1943 1760 ma-

1209 1779 1320 1821 gistro.

1251 1842 1295 1865 vl.
1321 1831 1398 1864 Cum
1422 1831 1530 1875 itaque
1554 1833 1734 1874 postulator
1751 1832 1880 1866 habitus
1903 1833 1942 1866 ab

1208 1885 1360 1917 omnibus
1386 1884 1572 1917 huiusmodi
1597 1884 1775 1918 defectibus
1791 1891 1824 1918 et
1837 1896 1943 1919 macu-

1210 1937 1248 1970 lis
1264 1937 1414 1970 immunis
1435 1937 1629 1979 apparuerit,
1651 1937 1792 1980 satisque
1809 1938 1847 1971 de
1869 1941 1942 1971 vera

1209 1991 1378 2024 vocatione
1416 1990 1513 2023 fuerit
1547 1991 1794 2033 comprobatus,
1833 1992 1940 2024 statim

1209 2045 1351 2076 mittatur
1367 2043 1407 2076 ad
1424 2043 1660 2076 examinatores
1678 2053 1736 2085 pro
1758 2043 1939 2076 huiusmodi

1209 2096 1339 2139 negotio
1363 2106 1380 2128 a
1404 2095 1594 2138 provinciali
1620 2095 1799 2137 deputatos,
1813 2101 1844 2128 et
1869 2106 1940 2129 eum

1209 2160 1273 2182 non
1299 2149 1409 2187 semel,
1434 2149 1492 2181 scd
1514 2149 1631 2181 iterum
1649 2153 1679 2180 et
1700 2149 1797 2181 tertio
1815 2149 1854 2182 de
1871 2156 1939 2183 arte

1208 2203 1290 2236 bene
1308 2201 1436 2244 legendi
1457 2201 1568 2240 latine,
1588 2201 1626 2234 de
1646 2201 1763 2233 mentis
1781 2202 1940 2242 acumine,

1207 2255 1329 2298 ingenii
1368 2253 1561 2287 dexteritate
1576 2280 1584 2293 ‚
1623 2259 1655 2286 et
1694 2263 1789 2296 quam
1825 2255 1868 2287 sit
1906 2255 1939 2288 in

1208 2307 1418 2352 grammatica
1452 2306 1627 2346 sufficiens,
1653 2307 1741 2340 omni
1778 2308 1938 2351 aequitate

1208 2366 1376 2400 censeant,
1403 2360 1470 2403 qui,
1494 2361 1521 2392 si
1546 2359 1636 2392 illum
1661 2359 1704 2392 ita
1730 2359 1936 2393 deficientem

1207 2413 1339 2456 ingenio
1365 2417 1396 2443 et
1420 2411 1577 2444 latinitate
1610 2411 1790 2454 reperiant,
1814 2417 1848 2444 ut
1872 2423 1938 2445 non

1208 2476 1277 2498 eam
1302 2463 1526 2497 sufficientiam
1543 2464 1656 2496 calleat
1673 2464 1861 2504 litterarum,
1877 2475 1939 2508 qua

1209 2519 1248 2551 ad
1284 2528 1395 2550 sacros
1423 2516 1554 2549 ordines
1589 2518 1731 2558 postulat
1760 2517 1936 2551 Concilium

1245 2581 1256 2606 t
1279 2580 1379 2607 Forsan
1401 2579 1561 2606 laborantes
1579 2581 1616 2613 (u.
1634 2579 1682 2611 Τ.).

1943 199 1994 228 An.
2013 199 2044 228 C.
2062 200 2125 230 169¹
