2254 3225
174 218 220 241 in.
239 215 266 242 c.
292 216 358 243 1693
404 208 467 241 516

213 699 284 718 Series

174 731 240 750 usque
263 724 291 745 ad
309 730 356 746 seu·
368 737 374 742 -

173 754 267 772 tentiam.

307 697 357 719 facti

365 265 499 299 limitate
525 266 649 309 positae
679 272 805 305 essent,
833 277 896 299 non
929 271 1101 309 sperarunt

366 317 397 349 in
423 318 548 351 lubrico
574 318 766 357 divitiarum,
793 320 857 358 sed,
885 319 983 352 divini
1008 318 1102 362 spiri-

367 376 415 402 tus
441 371 666 414 depromptum
693 372 852 405 infusione
885 371 1099 414 apostolicum

365 423 538 456 consilium
563 430 706 464 secutae,
728 425 909 466 cogitarunt
926 434 1006 467 quae
1027 428 1102 455 sunt

365 475 492 508 Domini
511 481 545 508 ut
563 482 671 509 essent
688 482 817 509 sanctae
835 486 973 519 corpore
993 480 1025 508 et
1041 474 1102 517 spi-

365 526 439 568 ritu,
460 528 698 561 venerationem
716 528 920 561 laudabiliter
942 526 1102 560 tendenti-

364 580 436 621 bus,
462 581 668 614 favorabilem
694 591 860 614 assensum
889 579 1100 613 libentissime

366 634 590 676 praebeamus.

411 685 426 728 §
451 685 481 718 1.
508 686 585 719 Cum
611 685 718 729 itaque
737 686 826 727 alias,
847 685 998 718 videlicet
1015 683 1066 717 die
1084 695 1101 716 x

367 737 435 771 iulii
457 747 671 778 itinchxxvni,
694 737 909 780 Congregatio
933 736 1102 770 venerabi-

365 791 443 824 lium
454 791 587 823 fratrum
603 796 785 824 nostrorum
799 796 927 824 sanctae
937 790 1100 823 Romanae

365 843 527 876 Ecclesiae
539 844 748 882 cardinalium
766 844 863 876 sacris
880 844 996 876 ritibus
1014 854 1101 886 prae·
1121 842 1123 862 ²

365 896 545 939 positorum
564 907 735 939 processus
756 907 853 939 super
881 896 1050 929 sanctitate
1071 901 1102 928 et

365 949 538 982 virtutibus
563 950 676 983 beatae
692 949 830 982 loannae
848 950 953 982 clarae
973 959 1102 982 memo-

365 1002 432 1035 riae
450 1002 609 1046 Alphonsi
632 1003 662 1040 V,
683 1003 759 1035 dum
778 1002 860 1041 vixit,
881 1001 1100 1044 Portugulliae

366 1061 398 1088 et
422 1056 649 1098 Algarbiorum
673 1055 758 1098 regIS
785 1055 916 1089 illustris
942 1060 1049 1095 natae,
1065 1065 1102 1087 ac

366 1109 535 1151 religiosae
549 1108 675 1141 Ordinis
687 1109 789 1141 saneti
802 1108 971 1147 Dominici,
984 1118 1102 1150 cogno-

366 1167 474 1194 mento
499 1166 628 1193 sanctae
654 1161 877 1204 principissae,
905 1161 955 1193 die
976 1171 1019 1193 x11
1038 1160 1101 1192 mai
1121 1191 1122 1202 ἶ

1121 1213 1122 1238 l
1143 1212 1272 1255 scriptis
1297 1218 1328 1245 et
1352 1211 1384 1244 in
1410 1223 1487 1245 voce
1513 1212 1631 1245 dilecto
1657 1211 1721 1244 filio
1752 1222 1883 1255 promo-,

366 1267 540 1305 confectos,
560 1265 802 1305 examinaverit,
818 1276 863 1305 ac,
876 1264 1101 1298 commissione
1121 1275 1123 1282 ·

366 1224 473 1247 ncnxc
508 1214 701 1253 defunctae,
736 1213 907 1246 autoritate
938 1213 1102 1245 ordinaria

366 1319 618 1352 introductionis
644 1329 756 1351 causac
776 1317 1022 1350 beatificationis
1047 1327 1103 1349 seu

366 1371 625 1405 canonizationis
652 1372 797 1403 ciusdem
827 1371 937 1403 beatae
963 1370 1103 1402 Ioannae

368 1478 464 1511 tionis
486 1477 675 1510 Innocentio
690 1477 775 1519 Papa
801 1476 838 1509 xl
853 1477 1103 1519 praedecessore

367 1536 478 1564 nostro
511 1531 653 1572 signata,
681 1529 713 1561 in
745 1529 832 1562 illius
858 1529 1103 1568 executionem,

367 1583 476 1626 vigore
491 1583 670 1616 litterarum
690 1582 952 1615 remissorialium
970 1587 1001 1614 ct
1018 1591 1104 1614 com-

367 1636 602 1680 pulsorialium‚
638 1634 692 1668 alii
717 1645 887 1678 processus
923 1634 953 1666 in
979 1633 1104 1676 Colym-

367 1689 500 1729 briensi,
526 1688 696 1721 Elborensi
728 1694 759 1721 ct
788 1686 1035 1731 Ulyssipoucnsi
1060 1687 1105 1719 ci-

367 1742 517 1775 vitatibus
541 1752 640 1785 super
660 1743 748 1774 cultu
776 1739 1023 1773 immemorabili
1044 1739 1103 1782 ipsi
1123 1766 1125 1771 ,

367 1796 481 1829 beatae
513 1795 654 1828 loannae
680 1794 838 1837 praestito
864 1799 894 1826 et
918 1803 993 1826 casu
1015 1803 1105 1825 exce-

366 1854 423 1892 pto
449 1859 465 1881 a
482 1848 619 1881 decretis
639 1847 833 1880 recolendae
852 1846 1027 1879 memoriae
1047 1845 1105 1878 Ur-

366 1901 443 1934 bani
468 1901 571 1943 Papae
592 1900 656 1932 VIII
681 1899 958 1942 praedecesssoris
983 1899 1105 1942 pariter

366 1953 469 1986 nostri
494 1952 526 1985 in
562 1952 820 1995 Congregatione
846 1957 974 1984 sanctae
999 1951 1105 1994 Inqui-

367 2006 497 2039 sitionis
539 2005 633 2038 editis
652 2032 659 2046 ,
697 2005 876 2048 apostolica
915 2004 1104 2037 auctoritate

367 2058 513 2092 fabricati
539 2057 679 2099 fuerint·‚
706 2068 743 2091 ac
772 2057 972 2090 venerabilis
1007 2057 1105 2090 frater

366 2111 543 2144 modernus
557 2111 729 2154 episcopus
743 2109 1005 2154 Colymbriensis,
1016 2120 1105 2153 prae-

366 2165 451 2197 fatae
475 2163 742 2207 Congregationis
767 2163 980 2197 cardinalium
1008 2163 1103 2196 iudex

368 2217 554 2259 delegatus;
575 2227 674 2260 super
692 2217 815 2250 eisdem
836 2217 925 2250 cultu
944 2216 1106 2249 immemo-

366 2270 473 2310 rabili,
487 2269 590 2302 dictae
602 2270 715 2303 beatae
728 2270 867 2304 Ioannae
881 2281 954 2303 cum
972 2270 1105 2303 scientia

368 2329 400 2357 et
412 2323 584 2357 tolerantia
600 2323 844 2356 Ordinariorum
857 2323 1012 2365 exhibito,
1030 2334 1106 2357 nec-

367 2386 434 2409 non
450 2386 537 2417 caSU,
555 2381 590 2408 ut
610 2376 800 2419 praefertur,
816 2382 959 2419 excepto,
975 2382 1105 2410 senten-

369 2430 446 2462 tiam
462 2429 667 2473 protulerit¹,
694 2430 821 2462 demum
838 2440 925 2470 vero,
943 2430 981 2463 ad
996 2430 1105 2463 enixas

368 2493 482 2526 preces
507 2482 664 2516 carissimi
696 2484 729 2515 in
765 2482 892 2516 Christo
921 2482 978 2515 filii
1003 2482 1104 2515 nostri

367 2535 454 2569 Petri
478 2535 695 2579 portugalliae
731 2535 844 2568 itidem
871 2541 902 2569 et
937 2536 1106 2578 Algarbio-

404 2600 416 2626 1
437 2597 510 2626 Edit.
531 2598 611 2626 nain.
633 2598 698 2634 legit
712 2598 839 2634 protulit
857 2598 898 2634 (n.
914 2597 963 2633 Τ.).

943 217 1124 243 BULLARIUM
1147 217 1256 242 ROMAN
1261 217 1302 242 ΗΜ

1143 276 1213 298 rum
1240 266 1326 308 regis
1351 265 1502 303 illustris,
1528 263 1756 297 accedentibus
1781 261 1877 296 etiam

1143 318 1433 361 supplicationibus
1472 317 1703 350 venerabilium
1745 317 1878 349 fratrum

1144 371 1370 414 episcoporum
1401 381 1530 403 necnon
1560 370 1752 404 dilectorum
1788 368 1875 402 snio-

1143 432 1214 455 rum
1239 423 1483 465 religiosorum,
1508 427 1694 462 senatuum,
1725 421 1880 463 collegio-

1142 485 1224 514 rum,
1241 475 1478 508 academiarum
1490 478 1522 507 et
1533 473 1773 507 universitatum
1786 473 1878 516 regni

1143 527 1336 566 Lusitanici,
1364 532 1395 559 ct
1418 527 1547 559 iteratas
1572 526 1742 559 instantias
1767 525 1879 559 dilecti

1143 579 1263 622 pariter
1298 579 1355 612 filii
1394 578 1518 611 Paulini
1548 579 1739 612 Bernardini
1771 578 1878 611 fratriS

1143 642 1291 676 expresse
1310 631 1447 675 professi
1464 631 1592 674 Ordinis
1608 631 1879 673 Praedicatorum,

1144 685 1177 717 in
1201 688 1290 718 sacra
1316 685 1480 727 theologia
1499 684 1654 727 magistri,
1676 694 1790 717 causae
1807 684 1881 718 bea-

1146 737 1328 771 tificationis
1369 748 1427 770 seu
1466 736 1723 770 canonizationis
1761 735 1876 769 liuius-

1144 791 1230 824 modi
1256 789 1477 834 postulatoris,
1505 789 1536 822 in
1562 789 1675 823 eadem
1700 788 1882 831 Congrega-

1145 843 1231 875 tione
1264 843 1476 876 cardinalium
1508 841 1677 886 proposito
1710 841 1810 874 dubio
1838 851 1880 874 an

1144 896 1303 928 sententia
1333 896 1518 939 supradicta
1551 900 1637 928 esset
1661 894 1881 928 confirmanda

1144 949 1176 982 in
1201 959 1274 982 casu
1300 955 1333 981 et
1355 949 1395 981 ad
1421 948 1571 982 effectum
1603 948 1642 981 de
1675 958 1739 991 quo
1764 948 1881 990 ageba-

1145 1007 1204 1042 tur,
1231 1002 1407 1044 relatisque
1445 1001 1604 1034 eontentis
1628 1001 1661 1033 in
1687 1000 1781 1033 dictis
1806 1010 1881 1044 pro-

1143 1054 1301 1094 cessibus,
1331 1054 1445 1096 eisque
1470 1054 1555 1087 serio
1581 1059 1612 1087 et
1636 1053 1811 1096 diligenter
1835 1052 1882 1086 di-

1143 1107 1262 1140 scussis
1287 1113 1382 1150 atque
1408 1107 1606 1147 examinatis,
1632 1107 1717 1140 dicta
1741 1106 1883 1149 Congre-

1144 1159 1229 1202 gatio
1271 1159 1502 1200 cardinalium,
1543 1159 1653 1192 audito
1693 1159 1815 1203 pariter
1848 1159 1882 1192 in

1146 1271 1214 1298 tore
1240 1264 1323 1305 fidei,
1350 1265 1388 1297 dc
1413 1267 1499 1297 cultu
1525 1264 1774 1297 immemorabili
1806 1275 1883 1298 con-

1145 1324 1240 1357 stare,
1276 1318 1542 1361 praedictamque
1578 1318 1772 1351 sententiam
1806 1328 1882 1351 con-

1144 1370 1336 1403 firmandam
1354 1381 1423 1404 esse
1441 1371 1625 1404 censuerit:

367 1425 517 1465 admissa,
534 1427 634 1467 eaque
649 1424 785 1456 subinde
804 1435 820 1456 a
838 1424 939 1456 felicis
953 1423 1104 1455 recorda-
1123 1429 1124 1435 ¹

1189 1423 1203 1466 ἓ
1228 1423 1259 1456 ⁶2.
1287 1423 1368 1455 ilinc
1392 1423 1543 1466 estquod
1565 1433 1637 1463 nos,
1654 1423 1716 1466 piis
1736 1428 1767 1455 et
1787 1422 1883 1456 devo-

1147 1476 1185 1508 tis
1203 1475 1277 1508 dicti
1296 1475 1381 1508 Petri
1406 1476 1490 1518 regis
1511 1475 1809 1519 supplicationibus
1827 1486 1883 1509 no-

1145 1528 1194 1561 bis
1216 1539 1314 1571 super
1335 1529 1397 1562 lioc
1424 1528 1592 1561 humiliter
1614 1529 1772 1572 porrectis
1798 1529 1884 1561 favo-

1146 1581 1291 1614 rabiliter
1316 1592 1457 1615 annuere
1480 1581 1657 1624 cupienteS‚
1681 1582 1845 1615 decretum
1867 1591 1885 1614 a

1145 1637 1321 1668 memorata
1338 1635 1550 1667 cardinalium
1570 1634 1831 1677 Congregatione
1852 1644 1884 1667 e-

1146 1687 1266 1728 ditum,
1295 1693 1330 1719 ut
1353 1688 1557 1730 praefertur,
1583 1687 1671 1731 quod
1695 1687 1819 1720 scilicet
1843 1687 1883 1721 de

1146 1742 1232 1774 cultu
1254 1739 1502 1773 immemorabili
1525 1740 1628 1773 dictae
1653 1740 1766 1773 beatae
1791 1740 1886 1773 Ioan-

1146 1803 1206 1826 nae
1232 1798 1263 1826 et
1287 1803 1361 1825 casu
1389 1798 1524 1836 excepto
1546 1803 1563 1825 a
1587 1792 1725 1826 decretis
1746 1793 1883 1836 praefati

1147 1845 1267 1879 Urbani
1295 1845 1558 1889 praedecessoris
1583 1852 1728 1887 constet,
1754 1852 1885 1889 aposto-

1147 1899 1208 1933 lica
1241 1899 1458 1940 auctoritate,
1491 1905 1603 1932 tenore
1635 1899 1883 1943 praesentium,

1147 1951 1374 1986 confirmamus
1421 1956 1453 1985 et
1491 1953 1711 1995 approbamus
1726 1979 1733 1992 ,
1772 1952 1884 1995 illique

1146 2005 1343 2038 inviolabilis
1370 2005 1572 2048 apostolicae
1603 2004 1761 2038 firmitatis
1786 2006 1886 2038 robur

1147 2057 1336 2090 adiicimus:
1356 2059 1444 2090 salva
1462 2062 1579 2090 tamem
1598 2068 1726 2101 semper
1743 2057 1776 2090 in
1793 2068 1884 2101 prae-

1147 2110 1251 2143 missis
1277 2110 1448 2143 actoritate
1466 2111 1629 2153 praefatae
1655 2110 1885 2153 congregatio-

1147 2163 1197 2197 nis
1223 2162 1448 2196 cardinalium.

1190 2216 1204 2259 ἓ
1229 2216 1260 2250 3.
1287 2216 1515 2256 Decerncntes,
1537 2216 1668 2249 easdem
1693 2220 1883 2259 praesentes

1146 2269 1272 2302 litteras
1298 2279 1425 2312 semper
1451 2268 1565 2309 firmas,
1591 2268 1711 2301 validas
1729 2274 1760 2301 et
1779 2268 1884 2302 effica-

1147 2332 1199 2356 ces
1223 2322 1359 2355 existere
1385 2327 1416 2355 et
1442 2322 1519 2361 foro,
1549 2331 1688 2364 suosque
1720 2321 1884 2364 plenarios

1147 2380 1179 2408 et
1202 2375 1347 2418 integros
1371 2373 1502 2407 effectus
1527 2373 1635 2407 sortiri
1667 2378 1700 2406 et
1723 2373 1882 2414 obtinere,

1147 2438 1182 2461 ac
1206 2428 1282 2468 illis,
1307 2428 1344 2460 ad
1372 2437 1452 2470 quos
1477 2431 1600 2470 spectat
1627 2431 1658 2459 et
1674 2426 1835 2469 spectabit
1850 2427 1884 2459 in

1147 2482 1299 2522 futurum,
1324 2481 1509 2524 plenissime
1534 2479 1709 2523 suffragari,
1725 2486 1757 2513 et
1774 2480 1812 2513 ab
1837 2481 1883 2513 cis

1148 2535 1325 2578 respective
1351 2533 1581 2567 inviolabiliter
1606 2533 1789 2574 observari,
1823 2534 1884 2567 sic·

1148 2599 1209 2632 qne
1234 2588 1265 2620 in
1291 2587 1482 2631 praemissis
1506 2597 1564 2630 per
1589 2597 1815 2631 quoscumque
1835 2586 1883 2620 iu-

1882 213 1935 240 An.
1952 212 1981 241 C.
1999 212 2070 241 1693

1941 1430 2077 1452 Confirmatio

1892 1457 1955 1479 huius
1969 1458 2058 1479 decreti.

1916 2219 2037 2244 clausulae.
