2254 3225
208 285 257 312 An.
277 285 307 312 C·
325 284 393 312 ¹700

257 1249 367 1270 confirma*
374 1249 394 1269 lo

211 1280 231 1297 Η
287 1276 393 1296 mutilatio

226 1306 381 1323 commititimus

211 1331 240 1351 rvi
248 1334 290 1348 ‚tae
307 1330 396 1349 Atman-

211 1357 242 1377 ἀνι
260 1355 301 1377 ΠΙ.

438 275 502 311 918

402 335 491 367 omni
516 336 630 379 procul
655 336 808 370 avaritiae
834 337 1024 381 suspicione
1051 349 1144 382 expe-

403 388 559 430 diantur;
586 396 760 434 propterea
781 391 884 425 felicis
903 392 1144 425 recordationis

403 442 586 476 Alexander
605 443 689 486 Papa
708 444 757 477 Vll
775 445 1009 487 praedecessor
1023 451 1144 483 noster,

402 498 636 529 nonnullorum
656 497 874 530 Romanorum
893 498 1094 538 Pontificum,
1115 504 1146 531 et

402 548 571 591 signanter
596 551 789 583 recolendae
817 552 990 584 memoriae
1017 551 1145 584 Bonisa-

404 601 444 634 cii
465 602 529 634 VIII
555 608 586 635 et
603 602 747 645 Gregorii
767 603 832 635 XIII
860 603 984 645 pariter
1008 604 1145 646 praede-

403 665 568 688 cessorum
594 655 739 697 vestigiis
764 655 982 696 inhaerendo,
1015 667 1146 689 eorum-

404 718 465 751 que
491 709 688 751 apostolicas
724 709 974 742 constitutiones
1010 709 1073 742 hae
1105 710 1145 743 de

402 772 438 794 re
457 762 558 795 editas
578 763 764 796 innovando
784 769 815 796 et
832 763 1029 806 ampliando,
1056 774 1148 806 quas-

403 815 476 848 dam
498 826 570 848 suas
597 816 629 849 in
656 817 758 849 forma
785 816 896 850 Brevis
928 817 1071 861 desuper
1096 817 1146 850 lit-

404 873 489 901 teras
516 870 745 913 promulgavit,
766 870 888 903 tenoris
910 870 964 913 qui
984 870 1144 913 sequitur,

401 921 574 954 videlicet:
598 921 788 955 Alexander
807 923 903 966 Papa
927 922 993 956 VII
1014 923 1057 956 ad
1075 933 1147 966 per-

400 979 531 1017 petuam
562 976 611 1008 rei
641 976 844 1009 memoriam.
878 976 965 1010 Inter
996 976 1148 1020 gravissi-

402 1038 479 1068 mas,
506 1027 591 1061 etc.¹

438 1091 536 1118 Datum
557 1091 667 1125 Romae,
688 1092 759 1128 apud
774 1092 800 1119 S.
816 1092 926 1120 Mariam
941 1092 1081 1127 Maiorem,
1097 1092 1147 1119 sub

403 1136 505 1162 annulo
531 1136 677 1163 Piscatoris
694 1157 703 1170 ,
735 1137 780 1164 die
810 1144 829 1164 ιι
857 1137 924 1164 maii
952 1144 1061 1173 unetvi,
1079 1146 1146 1173 pon-

404 1180 521 1207 tificatus
541 1181 626 1208 nostri
645 1190 715 1209 anno
736 1189 765 1209 ιι.

459 1244 474 1286 ἓ
507 1244 537 1276 2.
575 1243 723 1282 Quamvis
759 1251 870 1278 autem
906 1246 1148 1278 constitutionis

406 1297 570 1339 praefatae
588 1303 736 1331 tenorem
756 1299 795 1331 ab
812 1299 963 1331 omnibus
982 1299 1147 1332 Romanae

405 1350 520 1383 Curiae
551 1351 713 1384 iudicibus
739 1357 772 1385 et
796 1352 954 1385 ministris
990 1353 1148 1396 religiose

404 1404 527 1437 servari
552 1405 683 1448 publice
708 1416 767 1449 per
792 1416 825 1439 se
850 1411 970 1449 pateat,
988 1407 1149 1449 nobisque

405 1458 544 1492 maxime
569 1464 774 1502 compertum
802 1459 864 1500 sit‘,
891 1465 922 1492 et
952 1460 1150 1504 quampluri-

404 1511 465 1544 mis
492 1512 622 1554 optimis
647 1511 851 1555 integrisque
876 1513 1049 1553 advocatis,
1079 1524 1151 1556 pro-

406 1565 626 1605 curatoribus,
663 1565 856 1607 agentibus,
893 1566 1149 1609 expeditoribus,

407 1618 546 1661 aliisque
571 1618 781 1661 negotiorum
808 1620 994 1662 gestoribus
1025 1625 1057 1652 et
1082 1620 1151 1653 offi-

407 1671 544 1704 cialibus
569 1672 683 1705 eadem
709 1672 815 1713 Curia,
844 1673 1022 1706 miserante
1047 1674 1151 1706 Domi-

405 1734 458 1764 no,
484 1725 646 1758 abundet:
672 1725 892 1758 nibilominus
912 1726 965 1768 (ad
982 1727 1150 1759 evitandas

406 1778 537 1810 fraudes
569 1789 651 1820 quae
684 1779 883 1822 quandoque
910 1780 1086 1820 eveniunt,
1113 1790 1151 1813 eo

407 1831 483 1874 quia
507 1831 645 1864 sortasse
666 1831 778 1874 aliqui,
802 1832 906 1875 turpis
925 1833 1008 1866 lucri
1035 1833 1151 1875 gratia,

406 1884 440 1916 in
460 1884 555 1917 Curia
580 1895 704 1917 moram
731 1885 909 1926 trahentes,
931 1896 998 1919 non
1023 1892 1153 1919 cessant

407 1936 536 1969 Curiam
563 1937 664 1980 ipsam
692 1938 778 1981 apud
803 1944 930 1972 exteras
953 1945 1066 1982 gentes
1092 1939 1152 1972 dif-

407 1990 530 2023 famare
548 2001 621 2023 eum
639 2001 751 2024 eorum
770 1991 934 2035 epistolis,
952 1993 1075 2026 notulis
1095 2003 1151 2025 seu

406 2042 498 2084 listis,
536 2053 615 2087 quas
652 2043 880 2077 transmittunt
910 2045 1150 2089 principalibus

407 2106 465 2129 sen
491 2097 807 2140 corresponsalihus,
833 2097 866 2130 in
892 2097 1010 2140 quibus
1036 2103 1152 2142 petunt

406 2149 579 2193 pecuniam
614 2161 675 2193 pro
713 2151 907 2184 muneribus
944 2151 1080 2193 dandis,
1102 2153 1151 2185 vel

408 2203 565 2246 affingunt
584 2214 720 2237 munera
741 2204 871 2238 dedisse
896 2205 1056 2238 ministris
1080 2217 1152 2249 gra-

408 2257 472 2289 tiae
496 2258 546 2290 vel
564 2257 722 2297 iustitiae,
742 2258 880 2301 aliisque
906 2259 938 2291 in
965 2259 1051 2291 dicta
1075 2270 1153 2292 con-

409 2309 579 2343 stitutione
605 2311 782 2344 Alexandri
808 2312 858 2344 vll
885 2313 1084 2356 contentis),
1111 2314 1151 2346 dc

408 2364 645 2397 nonnullorum
673 2365 907 2399 venerabilium
933 2367 1069 2400 fratrum
1094 2378 1153 2400 no-

409 2423 547 2450 strorum
572 2417 602 2451 S.
628 2418 665 2451 R.
696 2418 732 2451 E.
764 2419 979 2452 cardinalium
1012 2426 1045 2453 et
1071 2421 1152 2454 dile-

409 2476 535 2503 ctorum
561 2470 703 2504 filiorum
729 2471 893 2505 Romanae
919 2472 1033 2506 Curiae
1058 2484 1153 2517 prae-

409 2523 562 2564 latorum,
589 2524 709 2567 quibus
746 2524 778 2557 id
815 2525 862 2558 rei
900 2526 1151 2560 examinandum

411 2577 644 2619 commisimus,
672 2578 824 2620 consilio,
855 2579 916 2612 hac
941 2582 1054 2613 nostra
1078 2591 1153 2624 per-

445 2648 459 2675 1
481 2648 596 2685 Reliqua
625 2649 775 2677 omittimus
799 2649 862 2686 quia
888 2649 942 2678 iam
969 2651 1097 2686 leguntur
1124 2651 1151 2678 in

412 2695 478 2721 tom.
500 2700 553 2728 xVi,
574 2701 635 2729 pag.
657 2694 709 2722 156
731 2695 767 2731 (n.
787 2696 836 2729 r.).

979 289 1162 314 BULLARIUM
1186 289 1341 314 ROMANUM

1186 345 1285 383 petuo
1310 338 1450 372 valitura
1475 338 1708 373 constitutione
1738 339 1927 383 praeinser-

1188 399 1233 426 tas
1269 392 1444 426 Alexandri
1481 393 1742 437 praedecessoris
1781 394 1925 434 litteras,

1187 457 1260 478 cum
1281 446 1432 479 omnibus
1458 451 1491 479 et
1515 447 1651 488 singulis
1676 447 1835 486 censuris,
1855 457 1929 490 poe·

1187 500 1247 538 nis,
1275 500 1413 543 aliisque
1437 499 1470 532 in
1494 499 1540 532 eis
1566 500 1739 540 contentis,
1761 500 1929 534 confirma-

1188 562 1267 591 mus,
1293 554 1512 596 approbamus
1537 558 1569 585 et
1586 553 1788 593 innovamus,
1814 565 1851 587 ac
1874 553 1929 586 ad-

1187 615 1299 637 versus
1325 616 1561 649 quemeumque
1581 615 1648 638 non
1663 616 1757 638 usum
1778 616 1833 639 seu
1850 617 1929 639 con-

1190 658 1326 691 trarium
1349 668 1452 698 usum,
1474 659 1528 701 qui
1560 668 1691 701 quoquo
1715 659 1811 691 modo
1835 669 1930 702 prae-

1190 711 1277 744 tendi
1315 711 1434 755 possit,
1471 711 1677 744 restituimus
1716 716 1748 744 et
1782 711 1930 754 plenarie

1188 765 1441 808 reintegramus.
1464 765 1671 809 Easdemque
1691 765 1819 799 litteras
1843 770 1877 798 et
1896 765 1929 798 in

1189 819 1236 852 eis
1261 825 1416 852 contenta
1441 829 1676 863 quaecumque,
1703 819 1798 852 etiam
1824 819 1931 863 quoad

1189 883 1343 906 censuras
1368 878 1400 906 et
1424 883 1560 916 poenas,
1587 883 1702 906 omnes
1728 877 1760 906 et
1784 872 1932 916 singulos

1189 930 1336 968 agentes,
1359 924 1580 968 expeditores‚
1605 931 1856 969 procuratores,
1881 935 1931 959 ce-

1191 985 1344 1022 terosque
1370 978 1519 1019 curiates,
1537 979 1746 1021 negotiorum
1772 985 1931 1021 gestores,

1190 1033 1334 1076 aliasque
1370 1042 1528 1075 personas
1548 1059 1556 1072 ‚
1583 1037 1647 1065 tam
1688 1033 1873 1065 saeculares
1900 1036 1933 1065 et

1190 1086 1439 1126 ecclesiasticas⁷
1464 1096 1561 1129 quam
1586 1085 1728 1119 cuiusvis
1746 1085 1876 1119 Ordinis
1901 1091 1935 1119 et

1190 1140 1343 1180 instituti,
1371 1139 1468 1172 etiam
1494 1139 1681 1172 necessario
1714 1138 1932 1182 exprimendi,

1190 1194 1377 1236 regulares,
1403 1193 1443 1225 ad
1468 1192 1587 1225 Urbem
1623 1192 1739 1225 missas
1762 1193 1811 1225 vel
1837 1192 1870 1225 in
1895 1194 1935 1225 ea

1191 1247 1386 1286 existentes,
1412 1251 1443 1278 et
1471 1257 1532 1289 pro
1558 1245 1821 1289 quibuscumque
1847 1251 1936 1279 exte-

1191 1301 1236 1333 ris
1263 1305 1294 1333 et
1331 1300 1536 1339 forensibus,
1563 1299 1798 1343 cuiuscumque
1831 1304 1932 1332 status

1192 1360 1224 1386 et
1246 1353 1443 1386 conditionis
1480 1358 1512 1386 et
1540 1363 1746 1396 quacumque
1776 1352 1934 1395 dignitate

1192 1407 1288 1440 etiam
1324 1407 1462 1440 maxima
1490 1411 1524 1440 et
1554 1407 1679 1439 maiore
1705 1407 1932 1450 fulgentibus,

1193 1461 1322 1494 etiamsi
1343 1460 1479 1504 speciali
1505 1465 1537 1493 et
1559 1460 1726 1494 individua
1744 1462 1819 1493 nota
1844 1460 1936 1503 digni

1192 1514 1264 1554 sint,
1281 1514 1377 1547 etiam
1402 1513 1556 1557 capitulis
1573 1519 1604 1547 et
1621 1513 1840 1556 religionibus
1858 1514 1934 1555 suis,

1192 1567 1347 1600 iustitiam
1383 1571 1438 1599 aut
1473 1566 1611 1609 gratiam
1643 1572 1869 1610 procuranteS,
1903 1572 1937 1600 et

1192 1619 1433 1664 principalibus
1455 1630 1512 1653 seu
1529 1619 1834 1663 corresponsalibus
1859 1619 1937 1652 scri-

1194 1675 1318 1714 bentes,
1346 1680 1401 1707 aut
1425 1674 1554 1707 notulas
1581 1674 1849 1713 transmittentes,
1867 1673 1936 1707 sive

1193 1738 1254 1771 per
1290 1727 1446 1760 nuncium
1484 1733 1539 1760 aut
1574 1727 1654 1760 ali'as
1684 1727 1938 1770 quomodolibet

1194 1780 1289 1813 etiam
1315 1790 1375 1823 per
1396 1779 1610 1823 interpositas
1636 1789 1794 1822 personas
1814 1778 1938 1821 signifi-

1194 1838 1305 1866 cantes
1343 1838 1399 1866 aut
1429 1833 1635 1866 insinuantes
1672 1843 1707 1865 se
1739 1843 1799 1876 pro
1834 1833 1938 1876 impe-

1195 1886 1309 1919 tranda
1333 1886 1454 1919 iustitia
1479 1887 1529 1919 vel
1555 1886 1668 1928 gratia,
1694 1891 1749 1918 aut
1778 1890 1855 1929 post
1886 1896 1938 1919 ea·

1194 1940 1342 1973 rumdem
1368 1939 1633 1983 impetrationem
1648 1965 1655 1979 ,
1680 1949 1819 1973 munera
1843 1939 1937 1972 tradi-

1194 1994 1291 2033 disse,
1309 1999 1364 2026 aut
1388 2004 1426 2026 ea
1443 1993 1626 2026 necessaria
1644 2003 1729 2033 esse,
1746 1993 1812 2025 sive
1830 1993 1938 2026 animo

1194 2057 1306 2080 revera
1329 2056 1446 2079 munus
1472 2046 1579 2086 dandi,
1607 2045 1672 2079 sive
1704 2045 1879 2089 affingendi
1905 2050 1938 2079 et

1194 2099 1369 2133 simulandi
1396 2099 1428 2132 id
1455 2099 1591 2142 egerint,
1626 2099 1722 2132 etiam
1754 2099 1813 2132 suh
1848 2109 1940 2143 prae-

1194 2159 1282 2186 textu
1303 2153 1513 2186 redimendae
1538 2152 1716 2186 vexationis
1740 2153 1876 2186 omnino
1893 2153 1938 2186 in-

1194 2207 1296 2240 iustae
1323 2213 1355 2240 et
1379 2206 1549 2247 evidentis,
1571 2206 1666 2239 etiam
1692 2207 1725 2239 in
1751 2207 1879 2240 casibus
1903 2207 1937 2240 in

1195 2261 1314 2304 quibus
1346 2260 1539 2304 principalis
1577 2270 1646 2293 rem
1677 2260 1856 2303 possideat,
1883 2265 1937 2293 aut

1195 2315 1283 2358 quod
1319 2314 1472 2348 salarium
1509 2324 1566 2346 seu
1602 2314 1815 2347 honorarium
1855 2313 1934 2357 ipsis

1196 2369 1321 2408 datum,
1348 2378 1405 2400 seu
1425 2366 1621 2410 promissum
1646 2372 1700 2399 aut
1727 2372 1936 2406 consuetum,

1195 2421 1301 2454 labori
1326 2431 1363 2454 ac
1388 2420 1580 2463 diligentiae
1615 2419 1648 2452 in
1681 2420 1814 2462 negotio
1846 2419 1938 2452 adhi-

1194 2473 1281 2507 bitae
1301 2473 1407 2506 minus
1432 2473 1639 2517 respondeat,
1665 2473 1817 2515 quodque
1834 2472 1938 2514 gratia

1195 2533 1251 2561 aut
1275 2528 1398 2561 iustitia
1422 2528 1590 2571 publicum
1610 2526 1781 2569 religionis
1805 2527 1855 2560 vel
1880 2525 1938 2559 Ec-

1194 2581 1313 2614 clesiae
1338 2581 1461 2614 bonum
1487 2579 1652 2623 respiciat,
1677 2584 1733 2612 aut
1759 2579 1832 2612 aliis
1858 2579 1934 2623 qui-

1194 2636 1397 2679 buscumque
1421 2633 1644 2678 praetextibus
1668 2633 1700 2666 in
1730 2634 1843 2667 eadem
1866 2633 1939 2667 Ate-

1193 2688 1308 2722 xandri
1356 2687 1590 2724 constitutione
1633 2687 1794 2722 damnatis
1839 2691 1935 2731 atque

1931 290 1980 319 An.
2001 291 2031 320 G.
2047 292 2119 322 1700
