2254 3225
231 221 280 246 An.
298 220 324 244 (Σ.
350 218 414 244 ⁴004
461 207 525 239 0.ἶί

422 266 515 298 batur
539 274 598 308 pro
625 261 810 304 divisione),
836 260 939 294 officia
968 258 1155 303 provinciae

423 318 578 362 deinceps
608 317 652 351 sic
676 316 866 350 -dividantur
889 315 921 347 in
946 313 1082 356 singulis
1106 322 1157 344 ca-

423 371 534 415 pitulis
557 376 589 404 et
613 368 941 413 congregationibus,
968 366 1027 399 sub
1052 367 1158 409 poena

424 424 582 458 nullitatis
608 423 749 456 omnium
771 420 968 455 electionum
993 419 1063 462 ipso
1089 418 1157 450 iure

425 483 457 511 et
469 477 554 511 sacto
571 474 776 515 incurrenda,
795 479 830 506 ut
844 473 967 506 scilicet
980 481 1043 504 uno
1061 471 1160 503 trien-

426 530 481 564 nio
505 529 658 563 minister
682 526 886 571 provincialis
905 530 936 558 et
957 525 1020 557 duo
1046 523 1161 556 desmi-

426 589 513 617 tores
538 582 615 615 siant
639 581 677 614 de
704 579 854 612 fratribus
871 576 1012 610 nationis
1037 575 1161 608 Gallae-

426 635 494 669 ciae
520 645 590 668 cum
616 634 682 666 suis
706 629 923 674 incorporatis
948 627 1158 667 indistincte;

426 693 532 721 custos
544 696 620 720 vero
636 691 667 718 et
681 684 735 717 alii
754 684 815 716 duo
833 681 1019 715 definitores
1034 690 1069 713 ex
1091 679 1162 712 aliis

427 741 529 774 tribus
546 738 733 772 nationibus
757 747 792 770 ex
812 736 968 768 adverso:
995 744 1066 766 cum
1085 742 1161 765 vero

426 793 611 837 praedictae
629 796 693 824 tres
709 790 867 828 nationes,
885 789 973 820 iuxta
986 786 1161 830 praefatam

427 845 689 880 distributionem
715 849 751 876 et
780 840 1091 884 incorporationem,
1113 848 1164 871 re-

427 904 514 932 stent
539 898 605 931 fere
624 896 786 940 aequales,
806 900 838 927 ct
854 894 966 927 eadem
985 892 1162 935 aequalitas

426 951 620 995 regulariter
639 954 886 994 perseveratura
911 946 1026 980 merito
1051 945 1163 978 creda-

428 1011 489 1045 tur,
505 1004 564 1037 tria
577 1003 638 1036 ista
651 1002 755 1036 officia
770 1001 855 1034 inter
869 1001 954 1044 ipsas
971 999 1163 1033 distribuan-

427 1063 478 1090 tur
502 1057 546 1090 ita
562 1062 596 1089 ut
614 1066 707 1095 unus,
724 1059 777 1087 aut
796 1054 956 1093 delinitor,
975 1057 1030 1085 aut
1047 1057 1163 1091 custos,

428 1120 510 1154 quae
536 1110 599 1143 duo
624 1118 759 1141 munera
784 1107 1026 1150 aequivalenter
1048 1115 1081 1137 se
1109 1103 1165 1136 lia·

425 1163 512 1204 bent,
539 1167 720 1196 assumatur
746 1161 784 1194 de
813 1159 942 1193 natione
972 1158 1163 1201 Camporum

427 1227 501 1249 cum
526 1215 593 1248 suis
618 1213 849 1258 incorporatis,
877 1213 960 1245 alter
979 1212 1017 1244 de
1034 1211 1164 1243 natione

427 1269 630 1302 Asturiarum
647 1277 720 1300 cum
742 1266 805 1299 suis
826 1264 992 1298 Cantabris
1013 1263 1166 1306 incorpo-

426 1322 514 1362 ratis,
528 1322 609 1354 alter
623 1321 662 1354 de
677 1319 809 1353 natione
824 1317 1077 1351 Exti-emadurae
1093 1326 1166 1348 cum

427 1375 492 1408 suis
507 1373 736 1417 incorporatis.
755 1371 908 1415 Sequenti
923 1381 1000 1403 vero
1026 1369 1165 1402 triennio

1018 207 1195 234 BELLARIUM
1220 207 1372 232 ROMANUM

1201 257 1364 291 fraudare¹
1389 257 1492 290 valeat
1521 257 1600 290 haec
1626 258 1714 290 natio
1743 267 1801 291 seu
1826 257 1934 301 portio

1200 309 1351 354 aliquod³
1367 321 1404 343 ex
1429 309 1542 343 officiis
1568 310 1627 343 sibi
1647 321 1707 354 per
1731 310 1815 343 hanc
1839 311 1935 344 alter-

1200 363 1336 396 nativam
1365 363 1634 407 competentibus,
1661 364 1745 396 haud
1775 364 1870 397 facile
1894 363 1935 396 si-

1202 417 1331 459 quidem
1350 416 1389 449 ad
1413 416 1469 449 illa
1487 416 1638 449 deficient
1657 416 1687 449 in
1703 417 1845 460 praefata
1863 427 1936 460 por-

1203 470 1290 502 tione
1304 469 1361 501 viri
1376 470 1451 502 satis
1465 469 1587 502 idonci.
1607 469 1841 502 Guardianatus
1859 481 1935 504 vcro

1203 528 1235 555 et
1258 523 1427 555 vicariatus
1451 522 1642 555 monialium
1668 523 1782 556 eadem
1802 534 1938 567 propor-

1204 574 1292 607 tione
1318 574 1572 614 distribuantur,
1604 574 1729 607 scilicet
1752 575 1859 608 media
1884 586 1939 609 eo-

1203 636 1274 658 rum
1299 637 1375 669 pars
1400 626 1494 659 detur
1518 626 1668 659 fratribus
1685 626 1840 661 Gallaecis
1865 638 1938 662 cum

1204 679 1268 712 suis
1293 679 1526 723 incorporatis,
1554 684 1586 713 et
1609 690 1684 723 pars
1709 681 1810 714 altera
1835 682 1940 714 fratri-

1204 732 1265 764 bus
1284 742 1319 764 cx
1338 732 1441 764 tribus
1460 732 1529 765 aliis
1553 733 1740 766 nationibus
1758 744 1816 777 per
1832 739 1939 778 partes

1205 785 1369 828 aequales,
1398 785 1604 827 procurando
1630 790 1664 818 ut
1689 790 1751 818 tam
1777 786 1809 818 in
1834 787 1940 830 prima

1206 837 1364 871 divisione
1401 838 1547 871 facienda
1586 838 1674 871 inter
1707 839 1872 872 Gallaecos
1907 845 1940 873 ct

1206 891 1284 923 alias
1311 891 1482 932 nationes,
1515 902 1611 935 quam
1649 893 1681 925 in
1717 893 1940 927 subdivisione

1207 954 1289 987 quae
1308 944 1392 977 iuter
1411 949 1478 977 tres
1502 945 1684 988 praedictas
1704 946 1851 980 nationes
1871 947 1940 980 ficri

1207 998 1315 1037 debet,
1333 1003 1480 1031 servetur
1503 1009 1568 1031 uon
1595 1000 1697 1032 solum
1723 999 1883 1042 quantitas
1910 1006 1942 1033 et

1207 1061 1368 1090 numerus,
1384 1052 1438 1084 sed
1458 1051 1553 1084 ctiam
1573 1052 1710 1094 qualitas
1723 1057 1754 1085 ct
1772 1052 1940 1095 graduatio

1207 1109 1445 1144 conventuum,
1479 1110 1514 1137 ut
1537 1104 1661 1137 scilicet
1690 1115 1725 1138 ex
1758 1105 1940 1149 praecipuis

1208 1167 1261 1190 sex
1285 1157 1510 1198 conventibus,
1533 1163 1595 1191 tres
1621 1158 1796 1191 obveniant
1819 1158 1943 1192 Gallae-

1208 1210 1275 1243 ciae
1290 1221 1361 1244 cum
1376 1211 1441 1244 suis
1461 1210 1693 1255 incorporatis,
1708 1217 1739 1245 et
1759 1217 1823 1245 tres
1841 1212 1944 1245 distri·

1208 1263 1350 1296 buantur
1374 1264 1457 1297 inter
1488 1265 1668 1307 praedictas
1703 1270 1766 1298 tres
1796 1266 1944 1299 nationes

1209 1322 1440 1350 concurrentes
1459 1327 1494 1350 ex
1514 1318 1659 1358 adverso,
1677 1323 1712 1351 ut
1729 1329 1944 1363 unaquaeque

1210 1380 1245 1402 ex
1278 1369 1328 1401 his
1365 1380 1464 1402 unum
1500 1370 1714 1413 praecipuum
1736 1377 1943 1405 'conventum

426 1429 497 1462 vice
520 1430 613 1461 versa
641 1427 789 1460 minister
812 1424 1020 1469 provincialis
1047 1429 1078 1456 et
1103 1423 1166 1456 duo
1186 1458 1188 1479 1
1210 1421 1376 1463 obtineat,
1398 1428 1429 1455 et
1461 1423 1507 1456 sic
1534 1423 1572 1456 de
1598 1423 1733 1467 reliquis
1749 1451 1756 1464 ,
1779 1429 1814 1456 ut
1840 1425 1944 1457 omnis

428 1482 617 1515 definitores
637 1481 800 1522 eligantur
817 1479 857 1512 de
882 1488 1019 1521 corpore
1050 1477 1165 1509 harum
1187 1501 1188 1516 ,
1210 1474 1389 1507 discordiae
1420 1480 1451 1507 et
1475 1475 1697 1518 querimoniae
1723 1476 1829 1509 aditus
1857 1487 1946 1519 prac-

427 1535 525 1567 trium
541 1533 709 1566 nationum
723 1532 836 1565 eodem
853 1531 979 1571 ordine,
993 1535 1024 1562 ut
1045 1529 1168 1562 scilicet
1186 1519 1189 1562 l
1210 1527 1367 1559 cludatur.
1395 1526 1457 1560 Nec
1482 1527 1603 1571 poterit
1634 1528 1752 1571 aliquis
1776 1539 1792 1561 a
1817 1529 1946 1572 praedi-

428 1587 577 1621 minister
598 1590 780 1619 assumatur
798 1595 833 1618 ex
853 1586 916 1616 una
930 1611 937 1623 ‚
955 1593 1038 1616 unus
1056 1581 1168 1616 defmi-
1188 1619 1190 1628 x
1209 1580 1268 1612 etis
1294 1579 1406 1612 officiis
1442 1586 1474 1612 ct
1509 1580 1697 1613 muneribus
1734 1582 1859 1614 excludi
1886 1582 1946 1615 sub

430 1648 480 1673 tor
505 1650 541 1673 ex
567 1639 639 1679 alia,
664 1644 695 1671 et
719 1638 799 1671 alius
825 1635 976 1669 delinitor
1001 1646 1035 1668 ex
1063 1635 1166 1675 tertia,
1188 1629 1381 1675 ‘praetextu
1407 1633 1494 1676 quod
1528 1633 1623 1666 vitam
1649 1644 1853 1667 communem
1879 1645 1945 1668 nou

430 1704 501 1727 cum
538 1693 604 1726 suis
637 1691 815 1735 respective
853 1689 1091 1733 incorporatis,
1124 1688 1169 1721 sic
1189 1684 1191 1740 ζ
1212 1686 1375 1724 observet,
1407 1686 1466 1718 nisi
1492 1686 1635 1729 legitime
1661 1692 1788 1720 constet
1813 1688 1851 1721 de
1877 1688 1947 1721 eius

430 1753 536 1779 tamen
566 1750 601 1777 ut
631 1743 897 1788 provincialatus,
926 1742 1056 1785 quando
1093 1741 1169 1774 huic
1189 1762 1191 1796 4
1212 1737 1413 1770 inhabilitate
1451 1738 1489 1771 ad
1530 1739 1764 1772 observandam
1790 1742 1946 1783 regulam,

429 1799 513 1843 parti
539 1797 704 1840 obtigerit,
721 1807 779 1840 per
801 1796 931 1828 easdem
949 1795 1099 1827 nationes
1118 1804 1170 1826 or-
1190 1802 1192 1844 i
1212 1790 1298 1823 iuxta
1324 1791 1559 1824 declarationes
1578 1792 1795 1825 Romanorum
1822 1793 1949 1826 Pontifi-

433 1852 544 1885 dinate
577 1856 609 1883 et
633 1848 813 1882 successive
841 1848 1016 1887 decurrat,
1049 1846 1111 1879 nisi
1138 1846 1169 1878 in
1190 1845 1192 1874 I
1213 1854 1285 1876 cum
1315 1849 1346 1877 et
1371 1844 1592 1887 expositiones
1627 1852 1812 1879 sanctorum
1844 1846 1948 1878 Bona-

431 1906 541 1949 aliquo
566 1914 640 1936 casu
664 1903 696 1936 id
729 1902 922 1935 adamussim
960 1899 1081 1933 serrari
1106 1910 1171 1932 ne-
1190 1875 1193 1939 i
1213 1903 1378 1938 venturae,
1406 1898 1614 1939 Bcrnardiui,
1640 1898 1769 1931 loannis
1794 1899 1832 1932 de
1857 1899 1949 1943 Capi-

431 1963 539 2003 queat,
565 1956 735 1990 manifeste
761 1956 939 1988 reluctante
964 1953 1082 1986 iustitia
1107 1953 1171 1985 dis·
1191 1946 1193 1951 ’
1213 1956 1321 1984 strano
1350 1957 1382 1984 et
1406 1951 1540 1984 aliorum
1566 1952 1869 1995 probatissimorum
1896 1963 1949 1985 ex-

432 2011 582 2045 tributiva
613 2014 669 2043 aut
704 2007 874 2042 electionis
914 2007 1097 2040 necessaria
1133 2006 1172 2039 li·
1213 2005 1391 2048 positorum
1417 2004 1540 2047 ipsius’,
1567 2005 1620 2049 qui
1648 2005 1733 2038 enim
1760 2015 1830 2038 eam
1861 2005 1948 2038 iuxta

432 2066 567 2105 bertate;
590 2063 687 2107 quod,
705 2073 745 2095 ne
764 2061 933 2094 cavillandi
949 2065 1059 2093 contra
1076 2070 1172 2104 prae·
1214 2063 1490 2102 praememoratas
1512 2058 1748 2091 declarationes
1771 2063 1801 2091 et
1822 2058 1949 2102 exposi-

433 2124 559 2152 sentem
593 2115 802 2150 concordiam
839 2124 916 2147 ansa
951 2113 1168 2157 praebeatur,
1192 2142 1193 2149 ,
1215 2112 1320 2145 tiones
1345 2111 1597 2151 observaverint,
1624 2111 1699 2145 licet
1723 2121 1787 2144 non
1813 2111 1877 2143 sint
1904 2122 1948 2144 se-

434 2170 718 2205 determinandum
744 2168 806 2201 erit
830 2178 847 2200 a
864 2172 931 2201 toto
953 2167 1097 2210 capitulo
1114 2176 1173 2210 per
1191 2152 1195 2194 i
1215 2176 1333 2210 quaces
1357 2165 1441 2198 vitae
1475 2175 1557 2208 quae
1589 2175 1654 2197 non
1688 2169 1737 2197 est
1767 2165 1947 2198 communis

434 2230 562 2259 secreta
587 2223 738 2265 sum-agia
771 2222 844 2255 alba
868 2227 900 2255 et
923 2222 1036 2264 nigra,
1063 2221 1089 2253 si
1115 2220 1173 2253 ali·
1192 2204 1195 2255 i
1214 2218 1364 2252 omnibus
1382 2218 1527 2259 regulam
1555 2217 1665 2251 stricte
1691 2218 1730 2251 ad
1755 2217 1895 2251 litteram
1919 2224 1950 2251 et

436 2278 565 2324 quando
590 2287 680 2310 casus
705 2280 862 2316 occurret,
887 2275 942 2320 qui
967 2274 1098 2308 nonnisi
1123 2284 1173 2307 ra-

435 2333 563 2367 rissime
581 2336 613 2364 et
630 2330 758 2363 difficile
778 2334 947 2370 occurret3
967 2333 1076 2361 custos
1095 2338 1172 2361 vero

437 2392 471 2420 et
493 2385 548 2420 alii
575 2384 638 2417 duo
664 2382 854 2416 definitores
881 2382 920 2415 de
944 2382 1078 2415 natione
1104 2381 1174 2415 Gal-

436 2439 558 2474 laeciae
576 2447 648 2471 cum
667 2436 732 2469 suis
752 2435 936 2478 respective
961 2434 1173 2478 incorporatis

438 2493 618 2536 eligantur,
636 2490 712 2533 quin
735 2499 876 2531 unquam
895 2488 953 2521 sub
970 2488 1056 2521 ullo¹
1080 2498 1173 2531 prae-

438 2552 525 2580 textu
558 2550 613 2578 aut
642 2543 783 2582 motivo,
810 2541 904 2574 etiam
929 2541 1171 2584 urgentissime,

474 2611 485 2637 t
509 2607 578 2635 Edit.
596 2605 673 2634 Main.
691 2604 754 2641 legit
775 2603 824 2631 illo
844 2611 893 2639 pro
915 2603 971 2630 ullo
991 2604 1028 2638 (n.
1045 2603 1093 2638 T.).

1216 2271 1393 2305 secundum
1407 2270 1578 2313 rigidiores
1593 2270 1828 2303 declarationes
1842 2271 1950 2304 obser-

1216 2324 1363 2358 vantibus
1379 2351 1386 2364 ,
1413 2329 1592 2367 sequuntur
1624 2328 1728 2356 tamen
1752 2323 1849 2356 vitam
1868 2334 1951 2357 com-

1217 2388 1347 2411 munem
1374 2377 1437 2410 illis
1455 2376 1509 2420 qui
1535 2386 1604 2409 eam
1623 2386 1687 2409 non
1707 2376 1951 2419 transgrediun-

1217 2438 1267 2465 tur
1287 2437 1318 2465 et
1342 2431 1476 2463 alieuius
1506 2429 1628 2473 peccati
1661 2430 1766 2472 gravis
1791 2430 1824 2462 in
1849 2430 1950 2473 ipsius

1218 2485 1419 2519 observantia
1445 2484 1489 2516 rei
1516 2493 1580 2516 non
1606 2489 1699 2523 sunt,
1725 2483 1808 2526 quod
1835 2484 1952 2518 sufficit

1253 2558 1263 2583 1
1288 2555 1378 2583 Potius
1397 2555 1456 2589 lege
1474 2553 1615 2588 fraudari
1634 2554 1671 2588 (R.
1688 2560 1736 2581 τ.).

1252 2600 1268 2628 2
1288 2600 1386 2628 Forsan
1407 2598 1550 2634 legendum
1569 2598 1669 2637 aliquo
1691 2600 1726 2634 (n.
1741 2599 1791 2635 τ.).

1940 210 1987 235 An.
2011 211 2039 237 C.
2060 213 2124 238 t¹sil
