2254 3225
220 211 261 237 An
291 211 318 237 c.
339 210 407 238 1695
453 202 517 235 ufto

992 209 1174 236 BULLARI'UM
1196 208 1348 235 Romamn

1933 210 1983 238 An.
2001 209 2028 236 C.
2049 210 2117 238 1695

413 260 620 302 generalibus
645 266 676 293 et.
705 260 928 294 visitatoribus
949 260 982 293 in
1008 266 1080 293 actu
1104 258 1149 292 vi·
1190 259 1332 300 libuerit,
1354 260 1463 303 eliget,
1491 261 1545 303 qui
1570 259 1645 294 lites
1670 260 1854 293 huiusmodi
1880 259 1927 293 di-

412 313 589 354 sitationis·‚
617 326 634 348 a
652 315 767 358 quibus
786 315 862 347 solis
879 314 1006 358 possint
1026 312 1148 346 absolvi
1192 311 1329 353 rimant,
1370 324 1509 356 quorum
1546 313 1665 346 iudicio
1705 313 1923 357 acquiescent.

413 367 480 411 qui,
498 368 584 411 quod
600 368 685 401 Deus
704 373 835 406 avertat,
853 368 885 400 in
904 367 1048 400 tabernis
1065 376 1151 399 man-

414 421 532 454 ducare
551 427 605 454 aut
622 421 735 454 bibere
754 426 1005 464 praesumerent
1020 420 1053 452 in
1071 419 1149 452 locis

414 485 489 507 suae
516 474 728 512 residentiae,
753 477 807 507 aut
831 474 862 506 in
888 483 998 506 eorum
1022 472 1149 510 vicinia,

414 538 497 571 quae
534 528 664 570 quidem
700 526 819 558 vicinia
854 525 1111 567 designabantur
1135 535 1152 556 a

413 580 631 612 visitatoribus
657 579 857 621 provinciae.
879 577 944 610 Nec
966 578 1052 610 ullus
1077 587 1152 609 mo·-

414 633 539 665 nachus
565 632 635 664 sinc
657 631 787 664 licentia
818 629 935 673 prioris
959 629 1152 669 claustralis,

414 690 449 716 ut
467 685 561 716 babet
584 685 708 725 regula,
728 684 869 716 claustra
893 693 951 715 seu
975 687 1068 725 septa
1087 692 1154 715 rno-

415 737 545 770 nasterii
573 737 772 779 egredietur.

250 804 278 823 oe
294 803 405 832 vasconis
459 801 523 823 xiv.
547 790 623 823 Cum
651 790 734 823 nihil
759 789 844 822 vitae
861 789 1059 822 monasticae
1083 799 1155 822 con-

222 835 277 875 iiii'fn
302 835 405 876 Sltss'lllssi
417 843 552 876 formius
574 849 605 876 et
622 843 724 885 magis
742 843 782 875 ad
801 843 1058 876 conservandum
1076 852 1155 886 pau-

222 888 266 902 ’Μ’
415 896 550 939 pertalis
567 896 741 937 religiosae
759 895 909 939 spiritum
933 895 1154 928 necessarium

416 959 510 992 quam
535 949 599 981 vita
624 949 817 989 communis,
850 949 1036 982 ordinamus
1058 949 1155 981 talem

414 1003 511 1035 vitam
538 1003 569 1035 in
602 1002 751 1035 omnibus
783 1003 915 1035 omnino
946 1002 1154 1035 monasteriis

415 1055 648 1088 instituendam
685 1056 740 1088 ubi
778 1066 843 1088 non
880 1060 939 1096 est,
976 1066 1154 1099 omnesque

415 1109 562 1141 redditus
599 1108 631 1140 in
668 1108 833 1141 communi
867 1109 1087 1152 reponendos.
1123 1109 1154 1142 Si

415 1167 534 1201 tamen,
561 1167 596 1194 ut
620 1161 689 1194 fieri
714 1167 824 1205 potest
848 1168 985 1205 propter
1010 1163 1154 1195 locorum

417 1215 667 1258 dispositionem
695 1215 856 1258 aliquibus
883 1215 916 1247 in
949 1215 1155 1248 monasteriis

417 1273 471 1300 aut
488 1273 703 1310 proventuum
725 1268 986 1308 diminutionem,
1004 1273 1153 1301 statutum

416 1320 480 1353 hoc
517 1320 669 1362 nequiret
707 1321 849 1361 servari,
892 1327 1049 1364 quantum
1085 1322 1153 1355 fieri

416 1379 525 1416 potest
550 1374 620 1406 loca
646 1373 678 1405 in
703 1383 775 1405 eum
809 1379 925 1418 statum
943 1373 952 1390 ¹
983 1374 1154 1407 restituen-

417 1432 469 1458 tur
493 1432 526 1458 ut
551 1427 756 1459 observetur.

248 1488 359 1509 notatim«
376 1489 405 1509 in-
459 1490 510 1512 xv.
549 1480 637 1512 Licet
676 1479 709 1511 in
750 1481 1023 1522 praecedentibus
1061 1481 1154 1524 capi—

220 1518 300 1578 ἶῙῘῙ-ιζὲὲ
312 1516 405 1567 iii'iesns‘ssi
417 1533 491 1565 tulis
517 1532 722 1573 generalibus
748 1533 904 1566 sancitum
943 1535 1039 1567 suerit
1070 1535 1156 1567 inter

221 1575 287 1589 ’ΜΦ
415 1587 594 1618 monachos
621 1586 762 1626 Ordinis,
788 1587 877 1630 pacis
904 1593 935 1620 et
960 1588 1154 1620 concordiae

416 1641 519 1678 causa,
538 1649 650 1671 omnes
674 1639 747 1671 lites
773 1641 996 1682 amputandas,
1013 1641 1154 1684 ideoque

414 1698 569 1725 statutum
587 1692 692 1731 suerit,
710 1692 765 1724 ubi
783 1693 935 1735 aliqualis
951 1695 1000 1727 vel
1022 1700 1155 1727 conten-

413 1746 458 1778 tio
491 1745 634 1778 oriretur
666 1745 752 1778 inter
783 1747 963 1779 monachos
997 1749 1046 1781 rel
1080 1759 1151 1781 mo-

413 1799 566 1837 nasteria,
583 1798 741 1830 amicabili
755 1799 990 1841 compositione
1014 1801 1153 1834 virorum

413 1852 613 1895 prudentum
660 1852 904 1893 terminandas3
952 1854 1155 1896 experientia

416 1904 527 1935 docuit
564 1914 659 1946 saepe
696 1905 874 1937 monachos
910 1906 996 1939 nolle
1027 1907 1154 1940 statutis

413 1956 542 1989 Ordinis
574 1967 633 1999 pro
659 1967 770 1989 eorum
796 1957 937 1990 utilitate
963 1965 1073 1993 sancte
1098 1960 1150 1993 in-

416 2010 536 2042 stitutis
572 2010 708 2049 deferre,
736 2015 767 2042 ct
791 2012 985 2054 plerumque
1016 2015 1152 2056 vagandi

413 2063 522 2095 animo
559 2069 655 2106 atque
686 2073 703 2094 a
734 2064 940 2097 monasteriis
976 2068 1152 2100 recedendi

413 2117 520 2149 studio
553 2116 626 2148 lites
669 2116 842 2149 conticere.
877 2118 1001 2151 Idcirco
1032 2121 1155 2163 placuit

414 2170 561 2202 renovari
589 2180 636 2208 ca,
663 2181 745 2213 quae
778 2170 840 2203 iam
867 2173 1043 2206 salubriter
1067 2176 1154 2208 ordi-

414 2229 489 2256 nata
513 2228 596 2261 sunt,
622 2233 658 2255 ac
684 2229 835 2256 statutum
867 2230 916 2257 est
941 2237 1053 2259 omnes
1079 2238 1155 2261 eon-

416 2276 587 2309 troversias
613 2276 697 2308 inter
721 2278 898 2311 monachos
935 2279 1057 2313 iudicio
1082 2282 1154 2315 visi-

415 2334 555 2361 tatorum
576 2328 706 2360 Ordinis
732 2340 802 2362 esse
829 2331 1057 2365 terminandas.
1073 2333 1110 2366 Et
1128 2334 1152 2366 si

414 2383 486 2426 quis
523 2382 585 2414 sibi
617 2392 787 2423 gravamen
823 2383 943 2417 sactum
975 2396 1154 2429 conquera-

415 2442 466 2467 tur
501 2446 518 2468 a
548 2434 784 2476 visitatoribus,
821 2441 897 2470 tunc
933 2445 1079 2472 recurret
1114 2441 1151 2473 ad

414 2489 565 2521 abbatem
591 2487 849 2529 Cluniacensem,
875 2491 927 2533 qui
960 2492 1044 2525 viros
1065 2493 1153 2526 dele-

414 2548 481 2574 ctos
511 2541 682 2584 religiosos
715 2552 788 2574 cum
820 2542 1037 2586 jurisperitis,
1065 2546 1089 2578 si
1124 2547 1152 2580 ei

451 2606 461 2630 1
482 2603 546 2630 Male
563 2603 628 2630 edit.
646 2603 725 2630 Μαίη.
741 2603 806 2640 legit
822 2607 960 2633 statutam
981 2607 1022 2640 (n.
1038 2608 1085 2641 τ.).

1192 364 1325 408 Insuper
1363 367 1470 399 nullus
1509 367 1601 410 prior
1640 371 1695 399 aut
1733 372 1928 410 procurator

1193 418 1379 451 monasterii
1403 420 1502 452 ullam
1528 419 1615 451 litem
1641 419 1778 453 instruet
1809 426 1841 452 et
1873 420 1928 453 de-

1194 471 1314 511 sendet,
1339 472 1401 504 nisi
1434 472 1525 515 prius
1550 472 1706 504 visitatori
1741 473 1929 516 provinciae

1195 525 1384 558 memoriale
1420 526 1568 558 eiusdem
1599 525 1712 565 mittat,
1747 531 1782 558 ut
1814 527 1854 560 de
1889 537 1928 560 eo

1195 579 1353 617 consulat,
1373 584 1415 618 ut,
1435 578 1460 610 si
1486 578 1548 621 ipsi
1573 578 1747 616 videbitur,
1768 580 1930 614 eiusmodi

1197 631 1285 664 litem
1299 631 1433 664 ulterius
1447 632 1669 675 prosequendi
1685 633 1740 666 det
1752 633 1928 667 licentiam.

1195 683 1284 722 Quod
1311 684 1336 717 si
1362 685 1527 727 negotium
1546 685 1663 718 debeat
1679 686 1794 719 referri
1818 687 1856 719 ad
1883 698 1933 720 su-

1195 737 1340 780 periores
1365 738 1483 778 curias,
1503 743 1535 770 et
1550 737 1590 770 sit
1606 738 1742 772 alicuius
1765 740 1932 780 momenti,

1198 797 1272 824 tunc
1292 791 1441 824 visitator
1458 791 1583 824 curabit
1606 798 1641 825 ut
1665 793 1853 827 memoriale
1870 794 1931 837 ipsi

1197 854 1214 876 a
1238 844 1407 877 monachis
1442 850 1629 887 porrectum
1664 846 1868 889 disquiratur
1899 847 1932 880 in

1197 897 1332 930 consilio
1358 897 1616 941 iurisperitorum
1652 899 1692 931 ab
1718 899 1832 933 abbate
1861 900 1934 933 Clu-

1197 950 1342 983 niacensi
1368 950 1579 984 delectorum.
1613 951 1651 984 Et
1680 957 1716 984 ut
1747 952 1850 985 litium
1881 964 1934 986 ex-

1197 1002 1306 1045 pensis
1330 1008 1492 1046 parcatur,
1519 1003 1577 1036 has
1611 1008 1687 1037 tunc
1722 1005 1796 1038 lites
1821 1016 1935 1048 prose-

1198 1060 1317 1097 quetur
1337 1060 1532 1098 procurator
1557 1056 1721 1098 generalis
1746 1057 1884 1097 Ordinis,
1904 1064 1935 1091 et

1199 1115 1360 1151 expensae
1385 1108 1451 1141 litis
1476 1108 1537 1152 ipsi
1563 1119 1579 1141 a
1604 1110 1809 1142 monasteriis
1845 1111 1936 1143 resti-

1199 1166 1332 1194 tuentur
1348 1173 1355 1201 ;
1371 1172 1432 1195 nec
1447 1162 1558 1195 licebit
1571 1163 1685 1205 priori,
1697 1163 1755 1196 sub
1766 1169 1935 1207 praetextu

1198 1214 1357 1247 eiusmodi
1379 1214 1496 1255 litium,
1517 1221 1604 1248 anta
1624 1216 1822 1249 monasterio
1845 1217 1936 1249 abes-

1198 1278 1242 1308 se,
1269 1272 1324 1300 aut
1344 1268 1443 1300 alium
1467 1269 1660 1301 monachum
1683 1269 1851 1312 deputare,
1866 1269 1935 1302 sine

1198 1320 1332 1364 speciali
1357 1320 1452 1353 venia
1477 1321 1601 1354 abbatis
1636 1321 1857 1355 Cluniacensis
1883 1328 1936 1355 aut

1198 1373 1406 1416 superiorum
1428 1374 1586 1407 maiorum
1605 1374 1746 1408 Ordinis.
1766 1375 1805 1407 Ut
1823 1386 1935 1408 omnes

1199 1426 1272 1458 lites
1290 1426 1374 1458 inter
1392 1427 1689 1470 commendatarios
1706 1433 1738 1460 et
1755 1429 1933 1461 monachos

1197 1478 1325 1511 Ordinis
1352 1485 1553 1521 resecentur,
1582 1481 1608 1513 si
1633 1481 1792 1524 possibile
1818 1487 1874 1520 est,
1901 1482 1933 1514 in

1198 1532 1347 1565 omnibus
1386 1533 1593 1566 monasteriis
1641 1540 1694 1566 aut
1738 1534 1933 1577 prioratibus

1198 1586 1462 1619 conventualibus
1499 1587 1630 1630 partitio
1665 1587 1825 1621 bonorum
1857 1593 1935 1620 tem—

1198 1639 1359 1682 poralium
1396 1638 1459 1679 fiet,
1485 1640 1605 1673 utiam
1639 1641 1821 1673 ordinatum
1855 1641 1932 1681 suit;

1198 1698 1229 1725 et
1263 1693 1287 1725 si
1314 1693 1484 1735 contingat
1520 1693 1552 1725 in
1589 1693 1750 1737 aliquibus
1787 1694 1933 1728 redditus

1197 1746 1278 1779 adeo
1305 1752 1418 1778 tenues
1443 1757 1526 1785 esse,
1546 1752 1581 1778 ut
1598 1747 1745 1781 sufficere
1772 1758 1836 1781 non
1863 1759 1935 1791 pos-

1197 1800 1262 1832 sint
1278 1799 1427 1842 expensis
1445 1799 1484 1832 ad
1508 1810 1585 1842 quas
1610 1811 1706 1843 saepe
1732 1802 1934 1834 contumacia

1197 1853 1549 1885 commendatariorum
1574 1853 1605 1885 in
1631 1854 1808 1897 partitione
1826 1866 1935 1888 mona-

1197 1906 1267 1938 cliis
1293 1907 1503 1938 concedenda
1529 1907 1670 1947 adducit,
1696 1913 1783 1947 tunc,
1811 1918 1851 1941 ne
1875 1908 1934 1941 bo-

1198 1970 1273 1991 nuni
1298 1958 1426 1992 Ordinis
1451 1960 1646 1999 retardetur,
1674 1960 1762 1993 illam
1787 1960 1935 2003 partitio-

1197 2023 1270 2045 nem
1296 2017 1486 2055 procurator
1511 2012 1674 2054 generalis
1706 2012 1834 2046 Ordinis
1858 2024 1934 2057 pro-

1196 2070 1361 2109 sequatur.

1238 2129 1299 2152 xvi.
1324 2119 1358 2151 In
1385 2118 1537 2151 omnibus
1569 2119 1768 2161 prioratibus
1798 2130 1932 2153 conven-
1955 2128 1999 2157 ,ne
2020 2131 2127 2150 monasta-

1198 2172 1337 2206 tualibus
1369 2178 1399 2204 et
1431 2171 1636 2204 monasteriis
1673 2172 1784 2204 ruinae
1820 2159 2125 2205 aediffi,;2‘;[¹„¹,¹jg,‘“⁶¹³⁰·

1196 2227 1319 2259 ciorum
1350 2231 1589 2265 restaurentur·‚
1616 2230 1647 2258 et
1679 2231 1714 2257 ut
1738 2227 1931 2269 sumptibus,

1197 2280 1221 2313 si
1249 2279 1316 2312 steri
1341 2283 1456 2322 potest,
1482 2284 1642 2321 pareatur,
1669 2285 1863 2321 procurator
1881 2290 1935 2323 ge-

1197 2333 1317 2366 neralis
1348 2332 1478 2365 Ordinis
1515 2331 1660 2364 monebit
1694 2331 1813 2364 litteris
1849 2344 1934 2366 com-

1195 2386 1377 2420 monitoriis
1403 2395 1514 2418 omnes
1535 2384 1659 2427 priores
1676 2390 1711 2417 ut
1731 2385 1834 2426 oneri,
1853 2385 1932 2429 ipsis

1196 2440 1322 2473 ratione
1350 2438 1582 2471 beneficiorum
1610 2438 1772 2481 imposito,
1798 2439 1862 2472 cito
1888 2440 1934 2472 ci-

1198 2494 1257 2526 tius
1282 2492 1486 2532 satisfaciant,
1517 2497 1549 2524 et
1573 2491 1598 2523 si
1625 2492 1813 2525 commoniti
1839 2493 1933 2525 satis-

1197 2547 1300 2579 facere
1326 2545 1491 2588 negligant
1516 2550 1569 2577 aut
1590 2550 1832 2585 renuant,tunc
1857 2546 1931 2580 illos

1196 2610 1253 2644 per
1276 2599 1342 2632 vias
1367 2598 1447 2631 iuris
1473 2598 1659 2642 compellat.

2241 2752 2248 2770 i

2243 2775 2252 2790 ⁴
