2254 3225
196 196 247 221 An.
262 197 281 219 e
315 194 375 221 tatu
425 185 488 220 5348

388 255 405 276 a
423 245 589 287 magistro,
608 250 643 278 ut
667 246 750 280 infra
768 257 836 291 cap.
855 257 919 281 xvii
944 247 1040 280 huius
1060 247 1119 280 dis-

388 297 550 331 tinctionis
576 299 736 333 statuitur.

950 182 1140 222 *numanum
1165 197 1317 221 ROMANI'M

1143 255 1144 258 ¹
1161 247 1306 289 qualibet
1324 257 1443 287 carum,
1459 251 1490 279 et
1507 247 1618 290 quovis
1643 246 1716 279 anni
1747 252 1893 290 tempore

1160 299 1341 343 respective
1372 300 1591 343 designatum,
1618 301 1658 333 sit
1682 311 1810 343 semper
1833 300 1895 334 ini-

432 362 467 385 11.
495 351 579 385 Nulli
610 353 738 395 penitus
768 352 1011 393 Ordinisfratri
1037 352 1121 385 lianc
1140 378 1141 390 Ξ
1162 353 1239 385 1111111
1272 358 1303 385 et.
1327 353 1527 386 consumatio
1555 353 1704 393 triennii,
1729 359 1761 387 ct
1786 355 1896 387 tormi-

389 404 517 438 donium
536 407 745 450 capitularem
773 414 823 440 aut
843 409 947 441 locum
968 407 1037 440 eius
1055 405 1121 438 adi-

388 469 422 491 re
449 470 554 503 neque
587 460 709 493 intrare
746 461 842 494 liceat
875 460 944 493 sine
980 459 1122 492 ministe-

388 512 437 544 rio
462 514 511 546 vel
535 524 625 553 voce,
657 520 709 546 aut
735 515 803 547 sinc
829 514 961 547 licentia
984 513 1017 545 in
1043 511 1122 545 scri-

388 565 451 607 ptis
475 566 619 608 magistri
645 567 692 599 vel
718 567 937 610 provincialis,
966 570 1020 599 aut
1045 565 1122 598 alio-

389 619 467 661 quin
500 619 659 661 praesidis
690 631 707 652 a
732 619 872 663 capitulo
898 618 1039 660 admissi,
1064 617 1122 650 sub

388 671 503 713 poeuis
530 671 558 703 in
578 671 637 703 hac
659 671 865 704 distinctione
886 682 956 714 cap.
980 681 1010 704 XI
1035 670 1120 704 latis.

1162 417 1222 439 nus
1246 406 1370 450 pariter
1396 407 1482 440 unde
1507 412 1651 440 sumatur
1668 408 1802 441 facultas
1826 419 1896 451 pro-

1164 458 1313 491 trahendi
1339 469 1395 492 seu
1425 459 1623 503 anticipandi
1659 460 1797 504 capitula
1822 471 1895 494 cum

1165 511 1289 544 vicariis
1313 512 1531 553 generalibus,
1550 512 1575 544 si
1593 512 1624 545 id
1650 512 1826 555 aliquando
1843 524 1897 546 ex-

1163 564 1275 607 pedire
1296 563 1449 603 videatur,
1469 570 1500 597 (et
1523 564 1698 607 specialem
1716 566 1755 598 ad
1773 566 1836 599 hoc
1854 566 1897 599 sa-

1163 618 1316 650 cultatcm
1343 617 1519 650 habuerint
1543 629 1559 650 a
1583 618 1752 661 magistro.

1206 680 1249 703 vt.
1277 670 1306 703 Si
1326 675 1432 703 autom
1457 671 1624 714 contingat
1648 671 1777 714 impleri
1799 672 1899 705 trien-

1900 198 1950 225 An.
1965 198 1994 226 c.
2017 198 2083 227 1691
2121 187 2130 192 ⁴

389 723 538 756 Ceterum
558 724 693 767 quisque
720 725 900 758 facultatem
917 723 1036 757 habeat
1052 723 1124 756 mit·
1163 723 1251 755 nium
1275 729 1407 756 vacante
1433 724 1509 756 sede
1535 724 1696 766 magistri,
1722 725 1898 758 celebratio

390 777 478 810 tendi
500 778 537 810 ad
564 778 740 820 capitulum
761 784 791 811 ct
809 778 974 811 scribendi
999 777 1123 810 litteras
1142 754 1146 799 1
1164 776 1296 818 capituli
1316 776 1525 819 provincialis
1549 777 1778 820 prorogabitur
1794 778 1826 810 in
1845 779 1900 812 do-

389 830 427 862 ad
454 830 634 873 praesidem
661 831 894 874 provincialem
921 836 954 863 et
977 830 1124 863 definito·
1142 865 1143 879 χ
1164 829 1311 862 minicam
1331 829 1363 862 in
1383 830 1517 863 Caritate
1537 829 1721 863 immediate
1747 831 1898 871 futuram,

388 893 440 915 res
464 883 549 916 circa
567 894 603 916 ea
623 895 705 926 quae
723 884 761 916 ad
777 890 892 916 statum
918 885 1031 917 domus
1049 893 1124 926 pro·
1143 922 1144 925 Ἴ
1164 888 1240 925 post
1263 883 1396 926 capituli
1423 884 1586 925 generalis
1617 884 1871 917 celebrationem
1888 910 1896 924 ,

391 935 514 968 vinciae
545 946 600 968 scu
622 936 750 969 Ordinis
780 937 932 980 expedire
961 937 1124 969 iudicave-
1143 947 1144 981 1
1164 935 1306 975 utOrdo,
1323 936 1513 979 magistratu
1526 937 1636 980 quovis
1650 937 1746 971 modo
1757 942 1899 979 vacante,

389 988 441 1027 rit,
461 988 556 1021 modo
577 989 745 1021 veritatem
767 989 969 1032 profiteatur.
989 988 1079 1027 Quod
1097 988 1123 1021 si
1143 1025 1145 1044 V
1164 988 1197 1020 in
1219 988 1334 1021 eodem
1359 988 1489 1031 penitus
1513 994 1594 1021 statu
1620 989 1778 1023 consistat
1797 1001 1900 1033 usque

389 1042 586 1074 contrarium
612 1047 777 1084 repertum
803 1042 906 1082 fuerit,
925 1043 1029 1085 poena
1054 1052 1126 1085 gra·
1143 1047 1145 1078 ’1
1165 1040 1203 1073 ad
1230 1041 1422 1073 electionem
1448 1041 1605 1083 magistri.

388 1093 486 1126 vioris
512 1095 624 1137 culpae
651 1094 816 1137 puniatur.
1143 1080 1146 1158 1
1209 1103 1264 1126 vu.
1293 1093 1383 1126 Circa
1408 1093 1612 1126 vocationem
1638 1095 1792 1138 praedicti
1815 1095 1903 1139 capi-

433 1157 481 1179 111.
509 1146 668 1184 Quantum
692 1157 768 1180 vero
794 1147 833 1180 ad
853 1150 979 1190 tempus
996 1147 1126 1190 praedi·
1144 1163 1146 1201 1.
1166 1146 1224 1178 tuli
1241 1146 1457 1185 decernimus,
1475 1150 1520 1186 ut,
1530 1153 1724 1190 properante
1742 1148 1810 1181 eius
1827 1153 1904 1181 tem-

390 1200 430 1233 cti
457 1199 600 1243 capituli,
629 1210 758 1243 semper
782 1200 862 1233 illud
888 1200 1025 1233 sabbato
1053 1205 1126 1232 ante
1145 1212 1146 1216 ¹
1166 1208 1258 1241 pore,
1286 1199 1388 1241 possit
1412 1199 1566 1241 magister
1590 1200 1753 1242 generalis
1781 1211 1901 1234 convo-

391 1252 586 1285 dominicam
606 1252 634 1284 in
656 1252 789 1286 Camala
803 1252 872 1286 fieri
891 1252 1126 1292 constituimus,
1167 1261 1239 1284 care
1264 1251 1301 1283 ad
1329 1251 1396 1284 eius
1422 1251 1675 1285 celebrationem
1701 1263 1760 1296 per
1780 1253 1903 1287 litteras

390 1306 450 1338 nisi
476 1316 534 1348 per
559 1306 745 1348 magistrum
773 1307 969 1348 generalem,
991 1311 1128 1349 propter
1167 1309 1314 1346 patentes
1343 1303 1503 1337 mittendo
1537 1315 1589 1337 eas
1619 1305 1802 1338 immediate
1827 1316 1904 1348 pro·

391 1369 585 1391 concursum
611 1359 751 1401 plurium
773 1358 999 1401 capitulorum,
1020 1364 1073 1391 aut
1096 1369 1128 1391 a·
1146 1347 1152 1397 ¹1
1167 1355 1308 1396 vineiali,
1323 1366 1402 1399 quas
1428 1356 1481 1389 ille
1511 1357 1665 1390 continuo
1684 1357 1904 1390 manifestabit

390 1411 466 1444 liam
497 1410 722 1443 rationabilem
749 1421 890 1452 causam,
916 1411 1127 1444 transferatur
1145 1405 1152 1456 1
1169 1414 1200 1441 01
1216 1414 1310 1442 notas
1337 1408 1430 1442 faciet
1450 1409 1547 1452 pleno
1565 1409 1705 1452 capitulo
1723 1410 1811 1443 illius
1828 1421 1904 1444 con-

390 1464 440 1496 vel
466 1468 706 1505 anteponatur,
737 1463 823 1496 iuxta
858 1463 1038 1496 facultatem
1067 1463 1127 1496 sibi
1147 1480 1149 1506 3
1169 1466 1284 1494 ventus
1305 1461 1359 1493 ubi
1378 1461 1493 1494 adesse
1519 1461 1705 1504 contigerit,
1721 1468 1752 1495 et
1772 1462 1847 1496 inde
1864 1463 1903 1496 ad

392 1525 599 1556 concessam,
625 1520 656 1548 et
680 1516 833 1559 superius
866 1516 896 1548 in
923 1517 983 1549 liac
1008 1512 1149 1549 distin·
1147 1530 1152 1549 1
1170 1524 1283 1547 omnes
1307 1514 1388 1548 alios
1416 1515 1622 1548 tiansmittct.
1650 1515 1680 1548 Si
1706 1521 1813 1548 autem
1840 1526 1905 1548 ma—

392 1569 499 1601 ctione
522 1579 594 1612 cap.
621 1579 639 1601 v
665 1568 872 1601 declaratam.

437 1631 480 1654 iv.
499 1620 710 1654 provincialis
724 1621 863 1654 officium
884 1621 985 1654 tribus
1003 1616 1149 1665 precise

394 1674 486 1708 annis
520 1673 727 1707 concluditur
751 1685 767 1707 a
793 1675 926 1708 sabbato
958 1675 990 1708 in
1016 1674 1131 1708 sabba-

394 1733 460 1759 tum
497 1727 681 1770 praedictae
719 1727 901 1761 dominicae
938 1727 1130 1770 regulariter

395 1780 640 1824 computandis;
675 1780 718 1813 ita
742 1781 864 1814 scilicet
888 1786 923 1813 ut
954 1780 1130 1814 triennium

394 1843 459 1866 non
486 1833 614 1876 quidem
640 1833 851 1873 naturalibus,
880 1834 935 1866 sed
962 1834 1054 1866 annis
1078 1843 1130 1866 ec-

395 1884 583 1917 clesiasticis
616 1885 850 1918 constituatur:
870 1885 1007 1925 unde‚si
1035 1886 1131 1919 ratio-

394 1948 435 1970 ne
458 1937 613 1971 facultatis
630 1937 830 1981 praemissac
856 1937 1076 1982 anteponendi
1101 1944 1131 1971 et

395 1990 615 2034 postponendi
641 1991 790 2034 capitula,
815 1991 1017 2034 praecedens
1042 1991 1132 2024 cele-

394 2044 522 2076 bratum
549 2044 589 2076 sit
613 2044 726 2077 diebus
751 2044 877 2088 aliquot
907 2049 981 2077 ante
1007 2049 1038 2078 et
1061 2050 1133 2087 post

395 2096 598 2139 praedictum
624 2097 803 2137 sabbatum,
828 2108 894 2130 non
919 2097 993 2131 ideo
1010 2098 1133 2141 capitu-

395 2149 462 2182 lum
487 2148 688 2192 subsequens
706 2150 816 2183 eadem
837 2150 888 2183 die
906 2150 1132 2193 praecedentis

397 2201 615 2234 celebrandus
636 2206 694 2242 est,
713 2202 767 2235 sed
790 2202 828 2235 ad
847 2203 1017 2235 sabbatum
1042 2213 1135 2246 prae-

397 2253 480 2286 fatae
499 2253 680 2287 dominicae
699 2254 731 2286 111
746 2254 881 2288 Caritate
898 2255 1005 2288 redire
1022 2256 1131 2288 debet.

442 2317 472 2338 v.
492 2306 641 2339 Attamen
660 2306 700 2339 ab
717 2306 768 2339 his
787 2307 915 2349 legibus
933 2318 1047 2341 omnes
1065 2318 1136 2351 pro-

398 2358 519 2391 vincias
543 2358 705 2391 indiarum
732 2360 943 2401 excludimus,
963 2371 1040 2403 quas
1061 2371 1136 2404 pro-

399 2416 474 2454 pter
495 2411 677 2444 vastitatem
702 2412 874 2455 regionum
905 2413 1134 2456 climatumque

398 2464 588 2497 varietatem
618 2474 694 2497 suae
726 2465 953 2498 consuetudini
979 2465 1134 2498 hactenus

401 2518 441 2551 ab
465 2517 586 2550 Ordine
612 2517 674 2550 iam
703 2519 858 2561 probatae
893 2518 1132 2561 relinquimus;

401 2571 445 2604 ita
470 2576 577 2604 tamen
608 2576 642 2604 ut
666 2571 837 2605 sabbatum
873 2571 1050 2615 capitulare
1067 2598 1074 2611 ,
1102 2571 1133 2603 111

1147 1581 1151 1614 1
1171 1567 1272 1610 gistel
1285 1567 1448 1609 genetalis
1467 1568 1647 1625 teperiatui
1660 1567 1691 1600 in
1706 1568 1816 1611 aliquo
1830 1579 1906 1601 con·

1171 1624 1266 1652 ventu
1291 1620 1378 1653 illius
1407 1619 1590 1664 provinciae
1627 1620 1681 1653 ubi
1719 1620 1905 1654 habendum

1171 1672 1210 1704 sit
1228 1672 1415 1715 capitulum,
1433 1673 1620 1716 praedictae
1638 1672 1764 1706 11110110
1789 1684 1907 1707 convo-

1149 1724 1150 1762 ]
1171 1725 1310 1757 catoriae
1335 1725 1427 1768 prius
1454 1725 1613 1757 notificari
1640 1730 1796 1769 poterunt
1819 1726 1907 1769 capi-

1173 1778 1318 1811 tulariter
1342 1778 1428 1810 dicto
1453 1778 1638 1820 conventui,
1664 1784 1842 1822 posteaque
1866 1779 1906 1813 ad

1171 1830 1423 1874 provincialem'
1445 1830 1539 1871 mitti,
1563 1830 1618 1873 qui
1636 1831 1757 1874 pariter
1773 1831 1907 1875 reliquis

1171 1884 1383 1918 conventibus
1408 1883 1480 1917 illas
1506 1889 1597 1917 notas
1623 1884 1730 1918 saciat.

1215 1947 1283 1970 vm.
1311 1936 1400 1975 Quod
1426 1936 1451 1969 si
1477 1936 1602 1970 duobus
1638 1942 1712 1970 ante
1744 1937 1909 1971 mensibus

1173 2000 1267 2033 quam
1278 1990 1477 2033 compleatur
1496 1989 1680 2031 triennium,
1695 1990 1822 2023 litterae
1837 2000 1909 2023 con-

1173 2043 1354 2076 vocatoriae
1379 2043 1536 2085 magistro
1561 2042 1752 2086 provinciali
1780 2043 1911 2086 provin·

1174 2096 1241 2129 ciae
1265 2096 1320 2129 ubi
1348 2095 1532 2128 habendum
1558 2100 1606 2128 est
1626 2095 1801 2138 capitulum
1826 2095 1911 2128 noti-

1174 2148 1285 2182 ficatae
1300 2160 1365 2182 non
1379 2148 1508 2188 fuerint,
1524 2154 1599 2181 tunc
1617 2158 1720 2188 casus,
1736 2153 1766 2181 et
1779 2158 1843 2181 non
1858 2148 1911 2182 ali—

1175 2207 1235 2243 ter,
1264 2201 1475 2246 provincialis
1501 2211 1573 2234 suas
1603 2201 1729 2234 litteras
1755 2211 1912 2234 convoca-

1176 2255 1276 2287 torias
1307 2254 1475 2298 publicare
1510 2253 1646 2297 poterit,
1676 2264 1756 2297 quas
1780 2253 1804 2286 si
1831 2253 1911 2286 sorte

1176 2312 1290 2341 neuter
1306 2307 1464 2350 expediat,
1491 2307 1594 2339 sciant
1613 2306 1738 2339 vocales
1756 2316 1790 2339 se
1808 2306 1837 2339 vi
1849 2306 1913 2339 1111-

1177 2360 1225 2393 ius
1243 2359 1484 2394 constitutionis
1501 2369 1572 2393 esse
1590 2364 1783 2392 convocatos
1803 2359 1842 2392 ad
1863 2370 1914 2393 ca·

1176 2413 1313 2457 pitulum
1332 2412 1383 2446 die
1402 2423 1466 2456 quo
1488 2412 1577 2444 iuxta
1595 2411 1779 2454 supradicta
1799 2411 1913 2446 haberi

1178 2466 1287 2503 dehet,
1314 2471 1345 2498 et
1371 2465 1403 2497 in
1432 2465 1504 2498 loco
1533 2475 1550 2497 a
1581 2464 1765 2498 definitorio
1798 2475 1914 2508 prece—

1179 2518 1283 2552 dentis
1308 2517 1439 2560 capituli
1464 2517 1632 2559 designato
1667 2517 1912 2552 celebrandum.

1215 2581 1223 2605 1
1248 2578 1316 2606 Edit.
1334 2578 1411 2606 Malu.
1434 2577 1500 2612 legit
1515 2577 1696 2619 provinciale
1718 2579 1829 2621 (nse).
