2254 3225
211 238 261 264 An.
278 236 307 263 C.
330 237 392 263 inm

444 226 507 260 53:3⁶2

396 290 503 317 autem
542 283 625 316 intra
659 282 835 326 capitulum
860 280 978 324 aliquis
1012 280 1135 312 elector

397 338 443 370 ita
465 338 627 379 langueat,
653 339 689 367 ut
713 338 854 378 nequeat
878 331 1031 366 electioni
1057 329 1136 364 assi-

399 396 495 430 stere,
515 389 690 433 capitulum
714 388 861 422 nominet
886 387 966 420 duos
989 385 1133 423 vocaleS,

400 443 473 486 qui,
499 443 539 476 ad
564 443 680 476 cellam
705 441 774 474 eius
807 440 1027 478 advenientes,
1054 436 1138 469 acci-

400 496 492 540 piant
516 495 555 529 ab
581 505 619 529 eo
651 494 840 537 suffragium
871 492 1016 526 clausum
1042 495 1074 522 et
1098 488 1139 520 si-

402 555 546 592 gnatum,
563 549 709 592 illudque
726 547 763 580 ad
785 546 961 589 capitulum
979 542 1138 581 deserant,

403 607 436 635 et
460 602 573 636 eodem
599 606 725 635 secreto
750 600 782 632 in
806 609 881 632 vase
907 600 1078 641 reponant.

447 665 502 688 vn.
526 654 704 697 Postquam
729 663 843 686 omnes
864 656 937 684 vota
958 659 1015 683 sua
1032 653 1063 681 et
1081 646 1142 680 suf-

404 708 506 750 fragia
524 707 556 739 in
572 718 626 739 vas
643 706 823 749 praefatum
840 701 1044 741 immiserint,
1066 704 1143 732 tunc

404 770 536 804 praeses
562 759 693 803 capituli
719 769 793 792 cum
818 757 944 791 duobus
962 753 1142 789 definitori-

404 813 466 847 bus
493 824 528 846 ex
557 819 624 846 toto
649 813 792 856 capitulo
810 809 1015 854 dignioribus
1034 817 1142 841 coram

406 865 583 898 secretario
621 870 693 897 vota
729 870 761 897 et
797 864 941 906 singulas
971 861 1143 894 schedulas

406 923 616 958 scrutentur,
642 923 673 951 et
697 923 887 961 computent
922 926 961 948 an
987 914 1144 948 vocalium

406 983 544 1005 numero
581 975 816 1014 coaequentur.
849 970 938 1002 Tunc
975 973 1082 1001 autem
1120 966 1145 998 si

408 1025 515 1058 maior
539 1035 614 1068 pars
637 1023 812 1056 medietate
831 1021 1021 1065 eligentium
1040 1020 1070 1052 in
1090 1019 1147 1052 ali·

410 1088 476 1121 quo
495 1078 592 1110 fratre
611 1077 808 1115 convenerit,
828 1074 1019 1108 scrutinium
1036 1078 1067 1106 et
1085 1074 1148 1105 ele-

409 1131 473 1163 ctio
498 1129 682 1173 publicetur
706 1133 742 1160 ut
758 1127 914 1161 canonica
939 1137 956 1158 a
980 1126 1147 1170 praedicto

409 1182 584 1216 secretario
610 1181 755 1225 capituli,
780 1181 835 1223 qui
860 1180 957 1214 fidem
980 1179 1020 1213 de
1046 1178 1150 1212 omni-

408 1237 469 1270 bus
494 1236 671 1280 praestabit
695 1235 727 1267 in
753 1234 894 1278 scriptis.

453 1300 524 1323 vm.
544 1289 572 1321 Is
590 1294 696 1322 autem
722 1287 914 1320 secretarius
935 1287 984 1319 vel
1003 1285 1149 1319 notarius

409 1341 599 1376 huiusmodi
626 1340 759 1384 capituli
785 1350 913 1383 semper
944 1339 1043 1372 debet
1074 1338 1149 1380 eligi

412 1406 449 1429 ex
469 1395 622 1427 fratribus
639 1393 743 1426 nostri
761 1392 898 1432 Ordinis,
918 1397 949 1425 et
963 1392 1151 1424 nullatenus

412 1447 601 1487 saecularis,
627 1446 783 1490 praestito
807 1445 899 1490 prius
924 1444 1038 1478 secreti
1064 1450 1094 1477 et
1119 1444 1152 1476 fi-

413 1500 555 1534 delitatis
579 1501 774 1539 iuramento,
813 1498 904 1531 cuius
929 1498 1059 1541 quidem
1083 1508 1153 1529 rnu-

412 1554 500 1586 neris
525 1558 573 1586 est
603 1552 699 1585 sidem
732 1552 868 1584 reddere
901 1556 932 1584 et
967 1550 1153 1583 authentice

412 1605 531 1639 litteris
570 1605 764 1647 consignare
800 1603 952 1636 universa
984 1602 1154 1636 electionis

413 1663 495 1698 acta,
523 1663 555 1691 et
579 1666 799 1700 quaecumque
817 1661 972 1700 gerantur
989 1661 1020 1689 et
1043 1655 1155 1689 decer-

414 1716 534 1744 nantur
558 1711 591 1743 in
617 1709 772 1753 capitulo.

460 1775 501 1797 ix.
529 1763 559 1796 Si
581 1773 658 1796 vero
677 1763 782 1796 maior
799 1772 873 1806 pars
892 1762 1081 1805 eligentium
1107 1761 1156 1804 (ut

416 1816 627 1860 praedicitur)
654 1815 684 1848 in
711 1826 776 1848 uno
805 1816 903 1848 fratre
939 1824 1006 1848 non
1041 1824 1156 1847 conve-

416 1869 494 1907 niat,
521 1869 674 1908 secundo,
702 1868 809 1908 tertio,
839 1868 865 1900 si
894 1868 991 1901 suerit
1010 1878 1100 1910 opus,
1116 1868 1155 1900 ad

417 1932 497 1954 nova
522 1921 673 1964 suffragia
699 1926 731 1953 et
763 1920 919 1954 scrutinia
951 1921 1156 1964 procedatur,

418 1976 523 2008 donec
547 1976 652 2008 maior
675 1985 748 2018 pars
770 1975 941 2008 medietate
966 1974 1157 2017 eligentium

416 2029 451 2061 in
473 2039 570 2060 unum
596 2028 767 2061 conveniat
791 2032 823 2060 et
847 2028 963 2061 electio
989 2027 1042 2060 fiat
1062 2038 1158 2061 cano·

419 2081 615 2124 nicazquod
642 2080 666 2113 si
692 2081 777 2113 intra
802 2081 884 2114 duos
911 2081 979 2113 dies
1003 2091 1068 2113 non
1095 2081 1159 2113 ele-

421 2134 538 2176 gerint,
565 2134 783 2177 praecipimus
807 2134 838 2166 in
863 2133 981 2166 virtute
1007 2133 1158 2166 obedien-

420 2187 485 2220 tiae
511 2187 766 2220 commendatori
793 2187 918 2227 domus,
942 2187 992 2219 vel
1020 2187 1088 2220 eius
1113 2185 1159 2219 vi-

423 2240 520 2279 cario,
545 2244 580 2271 ut
604 2239 696 2282 panis
722 2245 754 2271 et
778 2250 859 2282 aqua
884 2245 1007 2272 tantum
1041 2239 1160 2272 electo-

422 2293 515 2325 ribus
540 2292 747 2332 ministretur,
767 2292 872 2325 donec
897 2292 1089 2334 magistrum
1109 2302 1160 2334 ge-

423 2347 570 2379 neralem
603 2345 725 2386 eligant
756 2355 792 2377 ex
824 2355 858 2377 se
890 2344 970 2388 ipsis
1004 2349 1060 2377 aut
1090 2344 1160 2377 aliis

425 2398 615 2432 absentibus
634 2397 737 2431 nostri
754 2397 890 2437 Ordinis,
910 2397 998 2430 iuxta
1023 2399 1162 2430 alterna-

425 2452 505 2484 tivas
529 2450 690 2495 superiori
717 2450 822 2493 capite
848 2450 1037 2483 declaratas.

470 2516 499 2538 x.
526 2504 566 2537 Ut
589 2510 695 2537 autem
720 2503 753 2536 in
779 2503 1006 2543 electionibus,
1039 2513 1121 2546 quae
1145 2513 1162 2535 a

426 2558 542 2592 maiori
568 2563 658 2601 parte
676 2556 806 2600 capituli
825 2556 913 2596 siunt,
936 2555 1039 2588 omnis
1061 2556 1163 2588 incer-

428 2612 532 2644 titudo
568 2610 740 2643 validitatis
766 2609 911 2649 evitetur,
947 2609 1163 2648 decernimus,

968 231 1111 256 urrinni!
1127 230 1147 252 ,u
1172 227 1324 251 nonisttu

1177 275 1273 319 quod,
1285 274 1310 307 si
1325 274 1462 316 eligatur
1472 273 1641 315 religiosus
1653 268 1745 306 extra
1753 271 1913 315 gremium

1178 327 1327 372 capituli,
1356 326 1495 359 sufficiat
1518 337 1577 370 pro
1602 327 1714 360 maiori
1739 331 1831 371 parte
1858 336 1916 359 nu·

1179 390 1286 413 merus
1325 378 1554 422 suffrag-iorum
1588 381 1749 415 excedens
1786 386 1915 425 partem

1180 434 1315 467 alteram
1340 433 1373 466 in
1389 436 1461 473 una,
1480 440 1525 475 ut,
1553 445 1588 468 ex
1614 436 1827 479 qua‘draginta
1851 447 1915 470 uno

1917 220 1969 248 An.
1990 219 2019 249 c,
2037 198 2104 248 iemv

1182 487 1228 519 vel
1251 487 1480 530 quadraginta,
1496 487 1725 530 vigintiunum.
1751 489 1789 523 Et
1813 489 1839 523 si
1864 488 1918 523 eli-

1183 544 1275 582 gatur
1291 540 1463 582 religiosus
1481 541 1519 573 de
1538 541 1661 583 gremio
1682 542 1826 585 capituli,
1843 547 1918 576 tunc

1183 593 1222 626 ad
1247 593 1473 626 certitudinem
1497 594 1671 628 validitatis
1697 596 1919 629 necessarium

1183 646 1223 678 sit
1249 646 1335 679 aliud
1357 645 1554 689 suffragium,
1582 652 1627 688 ut,
1649 658 1687 680 ex
1707 648 1921 693 quadraginta

1184 709 1250 732 uno
1274 699 1324 732 vel
1350 699 1575 742 quadraginta,
1599 700 1794 744 vigintiduo.

1228 763 1271 785 xl.
1299 751 1330 785 Si
1356 758 1462 786 autem
1487 753 1520 786 in
1537 754 1645 799 aliqua
1662 755 1818 789 schedula
1834 756 1922 790 inve-

1187 804 1276 838 niant
1313 811 1514 840 scrutatores
1554 808 1829 852 subscriptionem
1864 810 1923 844 ali-

1187 868 1282 901 quam
1307 859 1354 891 vel
1380 859 1518 902 signum,
1552 861 1671 904 quibus
1697 873 1838 905 persona
1866 863 1925 896 eli-

1188 910 1294 952 gentis
1320 911 1514 952 innotescat,
1538 914 1588 946 vel
1613 913 1638 946 si
1663 914 1745 947 nihil
1767 914 1800 947 in
1826 916 1863 948 ea
1883 915 1925 948 sit

1188 963 1422 1007 scriptum,aut
1445 965 1635 1009 suffragium
1666 967 1777 1010 inepto
1803 968 1922 1001 tribua-

1190 1021 1252 1057 tur,
1269 1027 1334 1050 non
1352 1018 1427 1051 ideo
1445 1019 1680 1061 praeiudicium
1706 1020 1849 1063 patiatur
1866 1021 1927 1054 elc-

1190 1069 1263 1110 ctio‚
1290 1070 1316 1102 si
1341 1071 1485 1114 alioquin
1503 1072 1675 1105 sufficienti
1697 1072 1926 1116 suffragiorum

1191 1132 1328 1156 numero
1365 1123 1447 1156 sacta
1481 1124 1532 1165 sit,
1567 1130 1603 1157 ut
1637 1126 1846 1169 praedicitur,
1871 1127 1926 1160 sed

1192 1176 1264 1208 talis
1300 1176 1459 1210 schedula
1493 1179 1684 1222 subscripta,
1720 1179 1846 1222 signata
1880 1181 1929 1213 vel

1192 1230 1273 1269 alba,
1311 1241 1369 1263 seu
1401 1231 1433 1263 in
1468 1231 1608 1265 savorem
1640 1232 1743 1276 inepti
1774 1233 1929 1277 reposita,

1193 1289 1371 1325 separetur,
1405 1289 1437 1316 et
1467 1294 1526 1327 pro
1551 1284 1705 1328 suffragio
1730 1291 1855 1319 cassato
1882 1287 1930 1320 vel

1193 1335 1301 1377 potius
1328 1336 1478 1379 deposito
1500 1342 1680 1379 reputetur,
1700 1343 1731 1370 et
1747 1339 1853 1371 solum
1874 1338 1931 1370 ha-

1194 1390 1306 1422 beatur
1331 1388 1415 1420 ratio
1440 1388 1636 1431 reliquarum
1658 1390 1697 1422 ad
1723 1391 1930 1424 scrutandum

1195 1452 1365 1474 numerum
1390 1440 1565 1473 canonicae
1591 1442 1745 1475 electioni
1770 1443 1932 1476 sufficien-

1195 1500 1269 1534 tem,
1292 1494 1376 1526 iuxta
1400 1493 1556 1526 maiorem
1583 1499 1706 1537 partem
1728 1494 1930 1537 eligentium.

1239 1557 1295 1581 ΧΗ.
1320 1547 1397 1581 stum
1423 1553 1529 1580 autem
1548 1547 1633 1581 inter
1650 1548 1858 1581 scrutandum
1876 1548 1935 1582 ali-

1196 1611 1258 1644 qua
1283 1601 1364 1634 sorte
1390 1602 1437 1633 vel
1464 1601 1575 1643 plures
1606 1601 1810 1634 inveniantur
1839 1602 1933 1635 sche-

1197 1655 1292 1688 dulae
1317 1665 1413 1698 supra
1437 1664 1608 1687 numerum
1632 1655 1800 1695 vocalium,
1826 1655 1935 1688 scruti-

1198 1707 1285 1739 nium
1303 1706 1399 1739 inane
1418 1712 1627 1749 reputamus·‚
1653 1711 1749 1749 atque
1775 1707 1868 1747 ade0‚
1889 1717 1936 1740 re·

1198 1760 1273 1792 licto
1291 1759 1394 1802 priori
1421 1764 1454 1790 ut
1479 1759 1609 1802 penitus
1634 1764 1769 1799 cassato,
1784 1759 1822 1792 ad
1848 1759 1935 1793 aliud

1200 1813 1405 1856 procedatur.
1430 1812 1577 1855 Denique
1602 1822 1687 1852 vero,
1709 1823 1782 1845 cum
1806 1813 1868 1845 iam
1893 1814 1936 1846 le-

1200 1866 1310 1908 gitima
1335 1865 1447 1898 evadat
1468 1864 1592 1904 electio,
1619 1875 1733 1897 omnes
1758 1864 1936 1898 schedulae

1200 1930 1309 1953 coram
1346 1924 1412 1952 toto
1447 1918 1589 1962 capitulo
1624 1918 1773 1961 protinus
1805 1917 1938 1951 combu-

1199 1978 1323 2005 rantur.

1242 2035 1313 2059 xm.
1332 2025 1387 2058 His
1411 2024 1520 2068 itaque
1546 2024 1695 2067 peractis,
1720 2029 1752 2056 et
1776 2023 1938 2067 publicata

1200 2079 1359 2112 electione
1369 2087 1428 2121 per
1439 2076 1649 2110 secretarium
1662 2077 1806 2120 capituli,
1820 2076 1938 2116 statim,

1201 2136 1375 2174 antequam
1407 2140 1511 2163 novus
1539 2129 1696 2171 magister
1719 2129 1938 2163 obedientiam

1201 2184 1357 2228 suscipiat
1373 2194 1390 2216 a
1407 2183 1558 2226 capitulo,
1577 2183 1676 2215 debet
1691 2193 1799 2215 coram
1817 2182 1940 2226 praesi-

1202 2238 1241 2270 de
1262 2243 1293 2271 et
1317 2236 1514 2271 electoribus
1542 2236 1786 2280 secretarioque
1814 2236 1938 2279 praedi—

1203 2297 1254 2324 cto
1280 2301 1339 2334 per
1355 2291 1455 2323 Deum
1481 2295 1512 2322 et
1537 2300 1665 2323 crucem
1691 2295 1723 2322 et
1744 2289 1812 2322 eius
1830 2295 1940 2323 sancta

1202 2343 1374 2386 Evangelia
1383 2342 1448 2375 suis
1461 2342 1610 2375 manibus
1623 2347 1715 2382 taeta,
1725 2341 1940 2376 iuramentum

1204 2397 1309 2430 facere
1335 2396 1373 2429 de
1396 2395 1619 2440 sequentibus.
1645 2395 1781 2428 Praeses
1805 2395 1941 2428 interro-

1204 2455 1281 2493 get:
1320 2461 1332 2480 α
1358 2449 1444 2482 Iuras
1472 2448 1558 2491 quod
1587 2448 1762 2481 secundum
1787 2448 1887 2481 Deum
1908 2452 1941 2481 et

1204 2503 1370 2546 propriam
1388 2500 1619 2535 conscientiam
1637 2506 1669 2534 et
1692 2501 1941 2534 constitutiones

1204 2556 1306 2588 nostri
1323 2554 1452 2588 Ordinis
1469 2554 1575 2597 ipsum
1593 2564 1686 2597 reges
1704 2559 1735 2587 et
1753 2552 1941 2587 moderabe-

1205 2608 1259 2650 ris,
1285 2608 1371 2641 omni
1399 2607 1473 2640 odio
1499 2613 1531 2640 et
1555 2617 1662 2640 amore
1687 2604 1934 2651 postpositis?»
