2227 3225
114 288 163 314 An.
178 287 208 314 C.
230 286 305 315 1697·

306 335 458 379 expressa
482 338 557 368 tunc
576 339 608 368 et
627 343 686 378 pro
707 338 854 379 tempore
875 335 1042 368 existentis

305 387 481 431 superioris
507 387 668 430 generalis
691 387 834 420 eiusdem
858 387 1041 431 Congrega-

305 440 402 474 tionis
427 440 529 474 saneti
555 440 654 474 Mauri
680 439 928 481 licentia,null0
944 441 1041 474 modo

305 503 338 527 se
363 494 537 527 transferre
561 504 678 538 posse;
701 504 736 527 ac
761 493 1040 532 contrafacientes

304 546 429 581 scilicet
448 552 511 580 tam
534 547 731 591 recipientes
756 557 854 591 quam
879 552 1038 590 receptos

306 600 648 634 excommunicationis
664 601 749 634 latae
766 601 947 634 sententiae
963 611 1042 644 poe-

305 664 391 695 nam,
423 664 440 687 a
465 664 529 698 qua
554 653 684 687 nonnisi
709 655 749 687 ab
781 654 853 697 ipso
879 653 1041 686 Clemente

306 708 555 752 praedecessore
574 718 632 741 seu
650 707 796 741 Romano
813 706 968 740 Pontifice
981 717 1041 750 pro

307 766 450 804 tempore
469 760 628 794 existente
652 765 883 804 praeterquam
901 759 933 792 in
958 769 1042 792 mor—

305 814 345 847 tis
370 814 507 848 articulo
533 814 700 848 constituti
725 815 886 848 ullatenus
919 813 1041 847 absolvi

304 872 448 910 possent,
471 867 543 911 ipso
565 867 649 900 facto
678 867 799 910 absque
817 866 880 900 alia
899 866 1042 899 deelara-

304 920 431 954 ratione
457 920 635 960 incurrere,
655 919 845 953 auctoritate
862 918 1042 963 apostolica

305 974 458 1015 decrevit,
484 974 595 1007 statuit
620 979 651 1007 et
668 974 866 1014 declaravit·,
893 979 924 1006 et
947 973 1039 1013 alias,

305 1033 403 1070 prout
421 1027 453 1060 in
468 1027 567 1071 ipsius
581 1027 757 1060 Clementis
774 1026 1040 1071 praedecessoris

304 1080 422 1113 litteris
447 1081 588 1124 desuper
611 1081 644 1113 in
671 1080 766 1114 simili
798 1081 902 1113 forma
933 1079 1042 1113 Brevis

306 1132 358 1165 die
392 1143 445 1167 iux
477 1133 670 1175 septembris
706 1143 857 1167 MDCLxxu
883 1133 1041 1176 expeditis

305 1185 434 1228 plenius
456 1186 651 1219 continetur.
673 1186 717 1219 Ac
735 1186 872 1219 subinde
889 1186 962 1230 piae
979 1196 1043 1219 me-

305 1238 427 1272 moriae
453 1238 643 1271 Innocentio
677 1239 762 1282 Papa
786 1239 825 1271 xl
850 1239 1043 1282 praedeces-

305 1291 372 1325 sori
397 1292 520 1335 pariter
539 1297 648 1325 nostro
667 1303 727 1335 pro
745 1298 837 1336 parte
856 1292 966 1326 dilecti
986 1292 1041 1325 filii

306 1344 466 1378 Gabrielis
492 1345 654 1378 Flambart
684 1345 788 1378 dictae
813 1345 1043 1388 Congregatio-

304 1398 356 1431 nis
386 1398 488 1430 sancti
517 1397 617 1430 Mauri
642 1399 675 1431 in
701 1399 813 1432 eadem
846 1398 941 1432 Curia
966 1403 1041 1432 tunc

305 1451 526 1493 procuratoris
541 1451 702 1493 generalis
720 1451 870 1484 similiter
884 1451 1041 1495 exposito,

305 1502 402 1546 quod,
416 1513 482 1535 non
496 1505 619 1536 attenta
633 1503 885 1546 praedictarum¹
898 1503 1043 1537 Clemen-

305 1555 344 1588 tis
370 1556 632 1600 praedecessoris
658 1556 840 1590 litterarum
861 1556 1044 1600 dispositio-

304 1619 355 1649 ne,
370 1609 507 1642 dilectus
523 1610 617 1642 etiam
636 1609 720 1642 lilius
737 1610 867 1643 Alexius
885 1610 1044 1644 Gendrier

305 1663 486 1696 monachus
520 1673 672 1706 expresse
706 1664 871 1706 professus
899 1664 1043 1697 eiusdem

305 1715 575 1758 Congregationis
600 1716 702 1749 saneti
728 1716 836 1756 Mauri,
857 1727 921 1750 non
943 1718 1044 1760 petita

306 1767 477 1811 minusque
506 1769 641 1801 obtenta
665 1779 682 1800 a
708 1779 767 1801 suo
792 1770 958 1812 superiore
984 1781 1041 1813 ge-

306 1821 409 1855 nerali
435 1822 546 1865 (quem
572 1827 676 1855 tamen
712 1823 744 1854 in
770 1823 884 1856 eodem
910 1834 1041 1855 monas-

308 1875 389 1908 terio
404 1875 491 1908 unde
513 1885 661 1917 egressus
679 1880 748 1907 erat
764 1881 970 1918 praesentem
989 1877 1045 1909 lia-

307 1928 419 1971 hebat)
445 1928 588 1968 licentia,
609 1928 646 1961 ad
669 1928 820 1961 Ordinem
839 1930 1043 1962 eremitarum

308 1980 607 2015 Camaldulcnsium
634 1980 685 2014 die
711 1982 840 2014 circiter
864 1992 920 2015 vui
938 1982 1043 2015 martii

309 2039 385 2067 tunc
408 2034 556 2077 proxime
582 2034 750 2077 praeteriti
769 2044 802 2067 sc
820 2036 1043 2076 transtulerat,

309 2093 341 2120 et
364 2086 396 2119 in
422 2086 480 2120 illo
505 2092 582 2120 tune
607 2087 745 2127 vivebat,
772 2087 805 2119 in
827 2098 920 2130 grave
941 2088 1045 2121 dietae

307 2139 574 2182 Congregationis
599 2139 833 2182 praeiudicium
860 2145 891 2172 et
916 2141 1068 2174 scandam

307 2193 390 2232 1um;
417 2203 453 2225 ac
478 2198 653 2236 propterea
677 2203 736 2235 pro
761 2198 852 2236 parte
879 2193 955 2226 dicti
987 2193 1046 2226 Ga-

307 2245 420 2279 brielis
445 2246 664 2289 procuratoris
689 2246 861 2287 generalis,
882 2257 945 2289 quo
960 2247 1047 2280 simi-

308 2299 392 2332 libus
418 2299 510 2333 malis
534 2299 656 2332 obviari
683 2305 802 2342 posset,
828 2300 933 2333 eidem
950 2301 1046 2334 lnno-
1067 2326 1068 2330 ,

309 2353 666 2396 centiopraedecessori
679 2353 844 2386 humiliter
855 2354 1044 2397 supplicato,
1067 2370 1069 2375 v

308 2410 343 2437 ut
366 2405 566 2448 praedictum
593 2406 736 2439 Alexium
770 2406 928 2439 Gendrier
952 2408 1047 2440 nulli·
1067 2437 1069 2442 ,

311 2463 360 2490 ter
383 2459 421 2490 ad
447 2458 566 2491 dictum
593 2458 745 2491 Ordinem
767 2459 1045 2492 Camaldulensem

311 2510 512 2551 transivisse,
538 2512 710 2555 ipsumque
750 2523 809 2555 per
833 2523 985 2545 censuras
1015 2519 1068 2545 et,

308 2572 431 2605 poenas
450 2564 698 2605 ecclesiasticas,
714 2565 841 2608 aliaque
861 2571 1045 2608 opportuna
1066 2588 1068 2607 2

311 2614 390 2648 iuris
415 2621 446 2648 et
470 2615 542 2648 sacti
568 2617 709 2649 remedia
735 2618 772 2650 ad
802 2619 1043 2658 monasterium,

343 2679 356 2705 1
379 2677 448 2704 Edit.
470 2677 546 2704 Maio.
569 2679 630 2713 legit
648 2681 864 2714 praedictorum
885 2682 924 2715 (a.
944 2681 994 2716 Τ.).

862 279 866 283 ’
892 276 1102 311 INNOCENTIUS
1127 287 1170 312 xu
1194 287 1243 312 rr.

1085 346 1121 368 ex
1148 346 1213 379 quo
1239 344 1388 378 egressus
1408 339 1487 376 erat,
1503 335 1620 368 reverti
1638 335 1820 377 cogendum

1085 398 1156 421 esse
1183 388 1366 428 declarare·‚
1387 398 1422 420 ac
1446 398 1505 431 pro
1524 387 1730 420 abundatiori
1749 398 1820 420 cau-

1085 441 1159 482 tela,
1186 447 1218 474 et
1237 441 1442 474 inhaerendo
1460 440 1654 484 supradictis
1678 440 1820 474 Clemen-

1085 493 1123 526 tis
1143 495 1406 537 praedecessoris
1432 494 1570 535 litteris,
1599 493 1684 537 quod
1710 493 1742 525 in
1763 503 1820 535 po-

1085 552 1206 580 sterum
1221 549 1328 582 nullus
1346 548 1522 581 monachus
1536 547 1723 590 praedictae
1741 545 1821 578 Con-

1085 601 1283 644 gregationis
1308 601 1408 634 sancti
1426 601 1525 633 Mauri
1544 600 1582 633 ad
1602 599 1749 633 eumdem
1768 598 1820 631 Or-

1085 653 1194 687 dinem
1219 653 1515 688 Camaldulensium
1548 653 1644 686 vitam
1678 652 1822 685 eremiti-

1084 715 1153 738 cam
1187 707 1372 749 agentium,
1401 716 1529 739 necnon
1560 706 1693 738 fratrum
1719 703 1819 737 sancti

1084 759 1244 792 Francisci
1261 760 1299 793 dc
1314 760 1412 793 Paula
1426 758 1646 792 Minimorum⁴
1662 768 1822 801 nuncupa-

1085 816 1198 852 torum,
1223 812 1528 852 Carssmsianorum,
1555 822 1613 845 seu
1639 820 1823 854 quemcum-

1085 875 1146 909 que
1171 865 1268 899 alium
1286 864 1440 898 Ordinem
1459 870 1513 898 aut
1530 864 1821 907 Congregationem

1085 928 1335 962 quamcumque,
1349 919 1445 951 etiam
1463 917 1596 961 speciali
1610 916 1821 961 expressione

1085 976 1117 1004 et
1137 971 1400 1004 denominatione
1417 971 1561 1013 dignam,
1575 975 1605 1003 et
1630 969 1822 1013 praesertim

1085 1025 1123 1057 ad
1137 1024 1359 1068 supradictum
1372 1023 1601 1058 monasterium
1620 1023 1658 1055 cle
1675 1022 1707 1055 la
1724 1023 1824 1065 Trap-

1084 1088 1144 1122 pe,
1169 1078 1292 1122 absque
1316 1080 1469 1121 expressa
1501 1083 1532 1111 et
1556 1077 1588 1110 in
1614 1076 1741 1119 seriptis
1766 1076 1823 1108 ob-

1087 1132 1175 1164 tenta
1199 1131 1331 1164 licentia
1354 1132 1530 1175 praedicta,
1545 1130 1694 1170 transire,
1719 1129 1823 1162 autin

1087 1185 1208 1218 eisdem
1238 1185 1340 1228 recipi
1373 1190 1496 1228 posset,
1523 1185 1710 1222 decernere,
1736 1188 1767 1215 et
1791 1182 1823 1214 in

1087 1238 1220 1282 reliquis
1247 1243 1397 1271 contenta
1422 1238 1453 1270 in
1481 1237 1654 1280 praedictis
1680 1236 1825 1268 Clemen-

1087 1291 1126 1324 tis
1142 1290 1405 1334 praedecessoris
1426 1289 1542 1323 litteris
1559 1288 1751 1322 adamussim
1770 1288 1825 1321 ob-

1087 1345 1206 1377 servari
1233 1344 1386 1376 mandare
1419 1343 1628 1386 dignaretur:
1661 1343 1746 1375 idem
1776 1342 1825 1374 ln-

1087 1397 1256 1430 nocentius
1280 1397 1525 1440 praedecessor,
1540 1396 1641 1439 ipsius
1667 1395 1826 1428 Gabrielis

1086 1449 1310 1493 procuratoris
1337 1449 1501 1492 generalis
1526 1449 1608 1481 votis
1642 1448 1702 1481 bac
1733 1448 1765 1480 in
1791 1458 1826 1480 re

1087 1502 1308 1535 favorabiliter
1333 1512 1478 1534 annuere
1502 1502 1668 1541 volentes,
1697 1501 1735 1533 de
1760 1510 1826 1533 nie-

1087 1561 1285 1589 moratorum
1311 1555 1523 1588 cardinalium
1549 1553 1700 1594 consilio,
1726 1559 1827 1586 atten-

1089 1609 1128 1641 tis
1154 1609 1303 1648 narratis,
1330 1608 1414 1641 circa
1439 1608 1617 1651 praemissa
1636 1607 1826 1640 servandam

1089 1672 1161 1694 esse
1200 1660 1398 1704 praedictam
1443 1660 1709 1694 constitutionem
1752 1670 1824 1693 me-

1090 1715 1204 1748 morali
1234 1715 1408 1748 Clementis
1441 1714 1706 1757 praedecessoris
1731 1714 1827 1746 etiam

1090 1769 1196 1811 (moad
1222 1768 1374 1801 eremitas
1400 1767 1685 1807 Camaldulenses,
1712 1768 1826 1800 fratres

1090 1822 1236 1854 Minimos
1262 1821 1363 1854 sancti
1389 1821 1551 1854 Francisci
1584 1821 1622 1854 de
1654 1821 1772 1861 Paula,
1798 1827 1828 1853 ct

1091 1875 1171 1907 alios
1190 1885 1411 1917 quoscumque
1436 1874 1572 1907 Ordines
1598 1874 1728 1917 specIali
1752 1876 1827 1907 nota

1091 1928 1214 1970 dignos,
1241 1933 1271 1960 et
1289 1928 1489 1970 praedictum
1506 1927 1650 1960 Alexium
1670 1927 1828 1960 Gendrier

1090 1990 1150 2023 per
1175 1990 1328 2013 censuras
1348 1980 1583 2013 ecclesiasticas
1601 1990 1672 2013 esse
1690 1981 1828 2023 compcl-

1091 2033 1223 2066 lendum
1261 2034 1298 2066 ad
1325 2033 1526 2066 redeundum
1557 2033 1595 2065 ad
1628 2033 1826 2075 praedictam

1090 2086 1382 2129 Congregationem
1408 2086 1507 2119 sancti
1526 2086 1635 2125 Mauri,
1650 2086 1760 2119 eadem
1778 2097 1828 2118 au-

1091 2139 1239 2173 ctoritate
1253 2139 1398 2173 decrevit
1416 2144 1448 2173 et
1464 2139 1646 2179 declaravit,
1665 2150 1700 2172 ac
1717 2139 1829 2173 statuit

1092 2198 1123 2225 ct
1136 2193 1315 2233 ordinavit·,
1332 2199 1364 2226 et
1378 2193 1466 2233 alias,
1481 2198 1579 2236 prout
1595 2192 1647 2225 ιἰιἵ
1663 2193 1765 2236 ipsius
1783 2193 1830 2225 ln-

1092 2245 1233 2278 nocentii
1254 2245 1520 2289 praedecessoris
1544 2241 1662 2278 lifteris
1677 2245 1773 2278 etiam
1796 2246 1827 2277 iu

1092 2299 1193 2331 forma
1210 2299 1319 2332 Brevis
1334 2299 1385 2332 die
1405 2309 1471 2332 xvii
1494 2299 1619 2341 augusti
1641 2308 1827 2332 mnorxxxiu

1092 2352 1234 2395 desuper
1259 2352 1427 2392 emanatis,
1450 2362 1586 2395 quarum
1603 2357 1635 2384 et
1651 2351 1828 2394 praedicta-

1091 2415 1163 2438 rum
1181 2405 1354 2438 Clementis
1367 2405 1628 2448 praedecessoris
1647 2405 1828 2437 litterarum

1092 2463 1220 2492 tenores
1245 2459 1476 2502 praesentibus
1502 2469 1562 2502 pro
1588 2460 1684 2501 plene
1711 2463 1742 2490 et
1766 2460 1828 2490 sul'-

1091 2512 1240 2545 sicienter
1265 2512 1426 2556 expressis
1444 2518 1476 2545 et
1492 2512 1624 2545 insertis
1643 2512 1755 2544 haberi
1774 2521 1828 2544 vo-

1090 2566 1207 2605 lumus,
1232 2565 1366 2598 uberius
1392 2565 1588 2598 continetur.

1128 2639 1136 2663 l
1161 2636 1231 2663 Edit.
1254 2636 1336 2663 Maiu.
1358 2636 1422 2671 legit
1442 2636 1586 2663 Minorum
1606 2636 1644 2670 (n.
1666 2636 1714 2665 Τ.).

1124 2682 1141 2708 2
1162 2681 1310 2717 Praeposit.
1332 2682 1361 2708 in
1383 2688 1430 2708 nos
1451 2680 1572 2708 addimus
1593 2684 1628 2715 μς.
1650 2680 1699 2713 Τ.).

1718 277 1781 311 779
1827 286 1875 312 an.
1892 285 1919 312 ci
1944 283 2008 310 ie-97
