<?xml version="1.0" encoding="UTF-8"?>
<!DOCTYPE html PUBLIC "-//W3C//DTD XHTML 1.0 Transitional//EN"
    "http://www.w3.org/TR/xhtml1/DTD/xhtml1-transitional.dtd">
<html xmlns="http://www.w3.org/1999/xhtml" xml:lang="en" lang="en">
 <head>
  <title>
</title>
<meta http-equiv="Content-Type" content="text/html;charset=utf-8" />
  <meta name='ocr-system' content='tesseract 3.04.00' />
  <meta name='ocr-capabilities' content='ocr_page ocr_carea ocr_par ocr_line ocrx_word'/>
</head>
<body>
  <div class='ocr_page' id='page_1' title='image "./bullarumdiplomat20cath_0102.png"; bbox 0 0 2254 3225; ppageno 0'>
   <div class='ocr_carea' id='block_1_1' title="bbox 217 209 491 246">
    <p class='ocr_par' dir='ltr' id='par_1_1' title="bbox 217 209 491 246">
     <span class='ocr_line' id='line_1_1' title="bbox 217 209 491 246; baseline -0.007 -2"><span class='ocrx_word' id='word_1_1' title='bbox 217 219 266 246; x_wconf 66' lang='lat' dir='ltr'>An.</span> <span class='ocrx_word' id='word_1_2' title='bbox 289 219 318 246; x_wconf 83' lang='lat' dir='ltr'>o.</span> <span class='ocrx_word' id='word_1_3' title='bbox 337 217 404 246; x_wconf 76' lang='lat'><strong>1690</strong></span> <span class='ocrx_word' id='word_1_4' title='bbox 449 209 491 242; x_wconf 78' lang='grc'>64</span> 
     </span>
    </p>
   </div>
   <div class='ocr_carea' id='block_1_2' title="bbox 401 266 1139 2636">
    <p class='ocr_par' dir='ltr' id='par_1_2' title="bbox 401 266 1139 2636">
     <span class='ocr_line' id='line_1_2' title="bbox 406 266 1139 311; baseline -0.001 -12"><span class='ocrx_word' id='word_1_5' title='bbox 406 266 653 311; x_wconf 76' lang='lat' dir='ltr'>quomodolibet</span> <span class='ocrx_word' id='word_1_6' title='bbox 676 267 709 300; x_wconf 92' lang='lat' dir='ltr'>in</span> <span class='ocrx_word' id='word_1_7' title='bbox 736 267 884 306; x_wconf 79' lang='lat' dir='ltr'>futurum,</span> <span class='ocrx_word' id='word_1_8' title='bbox 910 268 1054 310; x_wconf 85' lang='lat' dir='ltr'>quamvis</span> <span class='ocrx_word' id='word_1_9' title='bbox 1085 267 1139 299; x_wconf 86' lang='lat' dir='ltr'>illa</span> 
     </span>
     <span class='ocr_line' id='line_1_3' title="bbox 407 319 1138 363; baseline -0.001 -11"><span class='ocrx_word' id='word_1_10' title='bbox 407 319 472 352; x_wconf 88' lang='lat' dir='ltr'>sint</span> <span class='ocrx_word' id='word_1_11' title='bbox 506 320 642 363; x_wconf 84' lang='lat' dir='ltr'>speciali</span> <span class='ocrx_word' id='word_1_12' title='bbox 681 322 760 353; x_wconf 78' lang='lat' dir='ltr'>nota</span> <span class='ocrx_word' id='word_1_13' title='bbox 785 320 880 362; x_wconf 73' lang='lat' dir='ltr'>digna</span> <span class='ocrx_word' id='word_1_14' title='bbox 900 346 907 359; x_wconf 88' lang='lat'>,</span> <span class='ocrx_word' id='word_1_15' title='bbox 934 319 1138 361; x_wconf 84' lang='lat' dir='ltr'>difficilisque</span> 
     </span>
     <span class='ocr_line' id='line_1_4' title="bbox 405 372 1138 417; baseline -0.003 -11"><span class='ocrx_word' id='word_1_16' title='bbox 405 373 637 413; x_wconf 74' lang='lat' dir='ltr'>concessionis,</span> <span class='ocrx_word' id='word_1_17' title='bbox 664 380 695 406; x_wconf 87' lang='lat' dir='ltr'>et</span> <span class='ocrx_word' id='word_1_18' title='bbox 721 384 802 417; x_wconf 78' lang='lat' dir='ltr'>(piae</span> <span class='ocrx_word' id='word_1_19' title='bbox 836 373 867 405; x_wconf 89' lang='lat' dir='ltr'>in</span> <span class='ocrx_word' id='word_1_20' title='bbox 894 372 1036 415; x_wconf 71' lang='lat' dir='ltr'>generali</span> <span class='ocrx_word' id='word_1_21' title='bbox 1062 382 1138 404; x_wconf 85' lang='lat' dir='ltr'>eon-</span> 
     </span>
     <span class='ocr_line' id='line_1_5' title="bbox 404 425 1139 466; baseline -0.004 -8"><span class='ocrx_word' id='word_1_22' title='bbox 404 426 552 458; x_wconf 87' lang='lat' dir='ltr'>cessione</span> <span class='ocrx_word' id='word_1_23' title='bbox 588 436 653 459; x_wconf 88' lang='lat' dir='ltr'>non</span> <span class='ocrx_word' id='word_1_24' title='bbox 689 426 826 465; x_wconf 85' lang='lat' dir='ltr'>veniant,</span> <span class='ocrx_word' id='word_1_25' title='bbox 864 435 929 457; x_wconf 92' lang='lat' dir='ltr'>non</span> <span class='ocrx_word' id='word_1_26' title='bbox 954 425 1139 466; x_wconf 78' lang='lat' dir='ltr'>solum-per</span> 
     </span>
     <span class='ocr_line' id='line_1_6' title="bbox 405 476 1138 522; baseline -0.005 -11"><span class='ocrx_word' id='word_1_27' title='bbox 405 479 693 522; x_wconf 69' lang='lat' dir='ltr'>participationem,</span> <span class='ocrx_word' id='word_1_28' title='bbox 713 478 1046 514; x_wconf 83' lang='lat' dir='ltr'>communicationem,</span> <span class='ocrx_word' id='word_1_29' title='bbox 1066 476 1138 508; x_wconf 90' lang='lat' dir='ltr'>illo-</span> 
     </span>
     <span class='ocr_line' id='line_1_7' title="bbox 405 529 1136 571; baseline -0.005 -8"><span class='ocrx_word' id='word_1_30' title='bbox 405 542 475 564; x_wconf 85' lang='lat' dir='ltr'>rum</span> <span class='ocrx_word' id='word_1_31' title='bbox 501 532 732 571; x_wconf 69' lang='lat' dir='ltr'>extensionem,</span> <span class='ocrx_word' id='word_1_32' title='bbox 759 536 790 563; x_wconf 89' lang='lat' dir='ltr'>ct</span> <span class='ocrx_word' id='word_1_33' title='bbox 815 531 853 563; x_wconf 82' lang='lat' dir='ltr'>ad</span> <span class='ocrx_word' id='word_1_34' title='bbox 879 530 1009 562; x_wconf 86' lang='lat' dir='ltr'>illorum</span> <span class='ocrx_word' id='word_1_35' title='bbox 1028 529 1136 567; x_wconf 84' lang='lat' dir='ltr'>instar,</span> 
     </span>
     <span class='ocr_line' id='line_1_8' title="bbox 405 581 1138 628; baseline -0.008 -10"><span class='ocrx_word' id='word_1_36' title='bbox 405 586 463 618; x_wconf 88' lang='lat' dir='ltr'>sed</span> <span class='ocrx_word' id='word_1_37' title='bbox 489 585 655 628; x_wconf 87' lang='lat' dir='ltr'>speciatim</span> <span class='ocrx_word' id='word_1_38' title='bbox 682 591 713 617; x_wconf 89' lang='lat' dir='ltr'>et</span> <span class='ocrx_word' id='word_1_39' title='bbox 737 583 937 621; x_wconf 81' lang='lat' dir='ltr'>nominatim,</span> <span class='ocrx_word' id='word_1_40' title='bbox 956 581 1138 624; x_wconf 79' lang='lat' dir='ltr'>parisormi-</span> 
     </span>
     <span class='ocr_line' id='line_1_9' title="bbox 406 634 1136 680; baseline -0.005 -12"><span class='ocrx_word' id='word_1_41' title='bbox 406 643 455 669; x_wconf 88' lang='lat' dir='ltr'>ter</span> <span class='ocrx_word' id='word_1_42' title='bbox 479 642 511 669; x_wconf 87' lang='lat' dir='ltr'>et</span> <span class='ocrx_word' id='word_1_43' title='bbox 535 648 636 680; x_wconf 86' lang='lat' dir='ltr'>aeque</span> <span class='ocrx_word' id='word_1_44' title='bbox 662 636 895 679; x_wconf 71' lang='lat' dir='ltr'>principaliter,</span> <span class='ocrx_word' id='word_1_45' title='bbox 922 635 953 666; x_wconf 92' lang='lat' dir='ltr'>in</span> <span class='ocrx_word' id='word_1_46' title='bbox 985 634 1136 666; x_wconf 86' lang='lat' dir='ltr'>omnibus</span> 
     </span>
     <span class='ocr_line' id='line_1_10' title="bbox 405 685 1137 732; baseline -0.007 -10"><span class='ocrx_word' id='word_1_47' title='bbox 405 701 443 722; x_wconf 87' lang='lat' dir='ltr'>ac</span> <span class='ocrx_word' id='word_1_48' title='bbox 468 700 525 732; x_wconf 92' lang='lat' dir='ltr'>per</span> <span class='ocrx_word' id='word_1_49' title='bbox 550 690 666 728; x_wconf 86' lang='lat' dir='ltr'>onmia,</span> <span class='ocrx_word' id='word_1_50' title='bbox 683 690 802 731; x_wconf 85' lang='lat' dir='ltr'>absque</span> <span class='ocrx_word' id='word_1_51' title='bbox 827 689 891 720; x_wconf 73' lang='lat' dir='ltr'>ulla</span> <span class='ocrx_word' id='word_1_52' title='bbox 918 697 1051 729; x_wconf 85' lang='lat' dir='ltr'>prorsus</span> <span class='ocrx_word' id='word_1_53' title='bbox 1079 685 1137 717; x_wconf 79' lang='lat' dir='ltr'>dis-</span> 
     </span>
     <span class='ocr_line' id='line_1_11' title="bbox 406 738 1134 785; baseline -0.005 -11"><span class='ocrx_word' id='word_1_54' title='bbox 406 742 555 781; x_wconf 71' lang='lat' dir='ltr'>l&#39;erentia,</span> <span class='ocrx_word' id='word_1_55' title='bbox 582 742 718 785; x_wconf 77' lang='lat' dir='ltr'>perinde</span> <span class='ocrx_word' id='word_1_56' title='bbox 744 752 779 773; x_wconf 93' lang='lat' dir='ltr'>ac</span> <span class='ocrx_word' id='word_1_57' title='bbox 805 740 828 773; x_wconf 92' lang='lat' dir='ltr'>si</span> <span class='ocrx_word' id='word_1_58' title='bbox 851 741 905 772; x_wconf 87' lang='lat' dir='ltr'>illa</span> <span class='ocrx_word' id='word_1_59' title='bbox 923 739 1008 772; x_wconf 88' lang='lat' dir='ltr'>dicto</span> <span class='ocrx_word' id='word_1_60' title='bbox 1026 738 1134 771; x_wconf 88' lang='lat' dir='ltr'>Ordini</span> 
     </span>
     <span class='ocr_line' id='line_1_12' title="bbox 406 791 1136 834; baseline -0.007 -7"><span class='ocrx_word' id='word_1_61' title='bbox 406 795 439 827; x_wconf 80' lang='grc' dir='ltr'>Β.</span> <span class='ocrx_word' id='word_1_62' title='bbox 479 795 594 827; x_wconf 88' lang='lat' dir='ltr'>Mariae</span> <span class='ocrx_word' id='word_1_63' title='bbox 631 795 669 826; x_wconf 91' lang='lat' dir='ltr'>de</span> <span class='ocrx_word' id='word_1_64' title='bbox 693 793 847 831; x_wconf 84' lang='lat' dir='ltr'>Mercede,</span> <span class='ocrx_word' id='word_1_65' title='bbox 874 792 1023 834; x_wconf 82' lang='lat' dir='ltr'>illiusque</span> <span class='ocrx_word' id='word_1_66' title='bbox 1053 791 1136 834; x_wconf 81' lang='lat' dir='ltr'>eapi-</span> 
     </span>
     <span class='ocr_line' id='line_1_13' title="bbox 405 843 1136 889; baseline -0.004 -10"><span class='ocrx_word' id='word_1_67' title='bbox 405 847 481 880; x_wconf 85' lang='lat' dir='ltr'>tulis</span> <span class='ocrx_word' id='word_1_68' title='bbox 502 847 722 889; x_wconf 79' lang='lat' dir='ltr'>generalibus,</span> <span class='ocrx_word' id='word_1_69' title='bbox 742 845 896 887; x_wconf 76' lang='lat' dir='ltr'>magistro</span> <span class='ocrx_word' id='word_1_70' title='bbox 917 843 1058 886; x_wconf 78' lang='lat' dir='ltr'>generali</span> <span class='ocrx_word' id='word_1_71' title='bbox 1079 855 1136 887; x_wconf 89' lang='lat' dir='ltr'>pro</span> 
     </span>
     <span class='ocr_line' id='line_1_14' title="bbox 405 897 1136 943; baseline -0.004 -11"><span class='ocrx_word' id='word_1_72' title='bbox 405 904 549 943; x_wconf 82' lang='lat' dir='ltr'>tempore</span> <span class='ocrx_word' id='word_1_73' title='bbox 582 899 751 939; x_wconf 79' lang='lat' dir='ltr'>existenti,</span> <span class='ocrx_word' id='word_1_74' title='bbox 778 898 929 940; x_wconf 86' lang='lat' dir='ltr'>illiusque</span> <span class='ocrx_word' id='word_1_75' title='bbox 958 897 1136 940; x_wconf 86' lang='lat' dir='ltr'>superiori-</span> 
     </span>
     <span class='ocr_line' id='line_1_15' title="bbox 404 950 1133 995; baseline -0.001 -12"><span class='ocrx_word' id='word_1_76' title='bbox 404 953 464 985; x_wconf 85' lang='lat' dir='ltr'>bus</span> <span class='ocrx_word' id='word_1_77' title='bbox 491 958 522 985; x_wconf 91' lang='lat' dir='ltr'>et</span> <span class='ocrx_word' id='word_1_78' title='bbox 546 952 692 995; x_wconf 86' lang='lat' dir='ltr'>personis</span> <span class='ocrx_word' id='word_1_79' title='bbox 718 950 904 994; x_wconf 81' lang='lat' dir='ltr'>praedietis,</span> <span class='ocrx_word' id='word_1_80' title='bbox 931 950 1133 993; x_wconf 77' lang='lat' dir='ltr'>specialiter,</span> 
     </span>
     <span class='ocr_line' id='line_1_16' title="bbox 404 1003 1135 1048; baseline -0.003 -11"><span class='ocrx_word' id='word_1_81' title='bbox 404 1015 556 1048; x_wconf 76' lang='lat' dir='ltr'>expresse</span> <span class='ocrx_word' id='word_1_82' title='bbox 581 1010 613 1038; x_wconf 87' lang='lat' dir='ltr'>et</span> <span class='ocrx_word' id='word_1_83' title='bbox 637 1003 833 1043; x_wconf 87' lang='lat' dir='ltr'>nominatim,</span> <span class='ocrx_word' id='word_1_84' title='bbox 860 1004 954 1035; x_wconf 87' lang='lat' dir='ltr'>etiam</span> <span class='ocrx_word' id='word_1_85' title='bbox 980 1014 1038 1046; x_wconf 88' lang='lat' dir='ltr'>per</span> <span class='ocrx_word' id='word_1_86' title='bbox 1054 1003 1135 1035; x_wconf 88' lang='lat' dir='ltr'>viam</span> 
     </span>
     <span class='ocr_line' id='line_1_17' title="bbox 404 1055 1135 1100; baseline -0.003 -10"><span class='ocrx_word' id='word_1_87' title='bbox 404 1063 437 1091; x_wconf 90' lang='lat' dir='ltr'>et</span> <span class='ocrx_word' id='word_1_88' title='bbox 460 1058 591 1090; x_wconf 80' lang='lat' dir='ltr'>modun]</span> <span class='ocrx_word' id='word_1_89' title='bbox 631 1056 785 1100; x_wconf 88' lang='lat' dir='ltr'>simplicis</span> <span class='ocrx_word' id='word_1_90' title='bbox 822 1061 853 1087; x_wconf 91' lang='lat' dir='ltr'>et</span> <span class='ocrx_word' id='word_1_91' title='bbox 885 1055 1069 1088; x_wconf 78' lang='lat' dir='ltr'>individuae</span> <span class='ocrx_word' id='word_1_92' title='bbox 1100 1067 1135 1089; x_wconf 88' lang='lat' dir='ltr'>ae</span> 
     </span>
     <span class='ocr_line' id='line_1_18' title="bbox 403 1108 1134 1152; baseline 0.001 -12"><span class='ocrx_word' id='word_1_93' title='bbox 403 1109 607 1152; x_wconf 84' lang='lat' dir='ltr'>particularis</span> <span class='ocrx_word' id='word_1_94' title='bbox 643 1114 674 1141; x_wconf 89' lang='lat' dir='ltr'>et</span> <span class='ocrx_word' id='word_1_95' title='bbox 713 1108 861 1151; x_wconf 86' lang='lat' dir='ltr'>specialis</span> <span class='ocrx_word' id='word_1_96' title='bbox 897 1108 1134 1149; x_wconf 81' lang='lat' dir='ltr'>concessionis,</span> 
     </span>
     <span class='ocr_line' id='line_1_19' title="bbox 404 1161 1135 1204; baseline 0.001 -11"><span class='ocrx_word' id='word_1_97' title='bbox 404 1161 499 1194; x_wconf 84' lang='lat' dir='ltr'>etiam</span> <span class='ocrx_word' id='word_1_98' title='bbox 523 1167 610 1194; x_wconf 85' lang='lat' dir='ltr'>motu</span> <span class='ocrx_word' id='word_1_99' title='bbox 637 1162 767 1204; x_wconf 88' lang='lat' dir='ltr'>proprio</span> <span class='ocrx_word' id='word_1_100' title='bbox 799 1166 830 1193; x_wconf 90' lang='lat' dir='ltr'>et</span> <span class='ocrx_word' id='word_1_101' title='bbox 854 1171 890 1193; x_wconf 83' lang='lat' dir='ltr'>ex</span> <span class='ocrx_word' id='word_1_102' title='bbox 923 1164 1010 1194; x_wconf 81' lang='lat' dir='ltr'>certa</span> <span class='ocrx_word' id='word_1_103' title='bbox 1033 1162 1135 1195; x_wconf 88' lang='lat' dir='ltr'>seien-</span> 
     </span>
     <span class='ocr_line' id='line_1_20' title="bbox 404 1213 1134 1257; baseline 0.001 -11"><span class='ocrx_word' id='word_1_104' title='bbox 404 1213 445 1246; x_wconf 79' lang='lat' dir='ltr'>tia</span> <span class='ocrx_word' id='word_1_105' title='bbox 468 1224 504 1246; x_wconf 85' lang='lat' dir='ltr'>ae</span> <span class='ocrx_word' id='word_1_106' title='bbox 528 1214 567 1246; x_wconf 91' lang='lat' dir='ltr'>de</span> <span class='ocrx_word' id='word_1_107' title='bbox 593 1213 788 1256; x_wconf 79' lang='lat' dir='ltr'>apostolicae</span> <span class='ocrx_word' id='word_1_108' title='bbox 825 1214 994 1256; x_wconf 84' lang='lat' dir='ltr'>potestatis</span> <span class='ocrx_word' id='word_1_109' title='bbox 1029 1214 1134 1257; x_wconf 87' lang='lat' dir='ltr'>pleni-</span> 
     </span>
     <span class='ocr_line' id='line_1_21' title="bbox 403 1266 1135 1311; baseline 0.003 -12"><span class='ocrx_word' id='word_1_110' title='bbox 403 1267 521 1306; x_wconf 86' lang='lat' dir='ltr'>tudine,</span> <span class='ocrx_word' id='word_1_111' title='bbox 548 1272 601 1299; x_wconf 88' lang='lat' dir='ltr'>aut</span> <span class='ocrx_word' id='word_1_112' title='bbox 625 1266 928 1299; x_wconf 84' lang='lat' dir='ltr'>comnnmicationis</span> <span class='ocrx_word' id='word_1_113' title='bbox 954 1273 985 1300; x_wconf 91' lang='lat' dir='ltr'>et</span> <span class='ocrx_word' id='word_1_114' title='bbox 1004 1269 1135 1311; x_wconf 85' lang='lat' dir='ltr'>amplia-</span> 
     </span>
     <span class='ocr_line' id='line_1_22' title="bbox 402 1319 1135 1363; baseline 0.001 -11"><span class='ocrx_word' id='word_1_115' title='bbox 402 1319 499 1352; x_wconf 87' lang='lat' dir='ltr'>tionis</span> <span class='ocrx_word' id='word_1_116' title='bbox 534 1330 690 1352; x_wconf 87' lang='lat' dir='ltr'>concessa</span> <span class='ocrx_word' id='word_1_117' title='bbox 716 1320 862 1360; x_wconf 80' lang='lat' dir='ltr'>fuissent,</span> <span class='ocrx_word' id='word_1_118' title='bbox 891 1326 1052 1363; x_wconf 83' lang='lat' dir='ltr'>quatenus</span> <span class='ocrx_word' id='word_1_119' title='bbox 1089 1327 1135 1353; x_wconf 84' lang='lat' dir='ltr'>ta-</span> 
     </span>
     <span class='ocr_line' id='line_1_23' title="bbox 401 1372 1135 1407; baseline 0.001 -1"><span class='ocrx_word' id='word_1_120' title='bbox 401 1382 473 1406; x_wconf 89' lang='lat' dir='ltr'>men</span> <span class='ocrx_word' id='word_1_121' title='bbox 498 1372 562 1405; x_wconf 89' lang='lat' dir='ltr'>sint</span> <span class='ocrx_word' id='word_1_122' title='bbox 585 1373 616 1405; x_wconf 92' lang='lat' dir='ltr'>in</span> <span class='ocrx_word' id='word_1_123' title='bbox 643 1383 701 1405; x_wconf 89' lang='lat' dir='ltr'>usu</span> <span class='ocrx_word' id='word_1_124' title='bbox 739 1378 769 1405; x_wconf 88' lang='lat' dir='ltr'>et</span> <span class='ocrx_word' id='word_1_125' title='bbox 794 1383 858 1406; x_wconf 93' lang='lat' dir='ltr'>non</span> <span class='ocrx_word' id='word_1_126' title='bbox 894 1379 1044 1406; x_wconf 90' lang='lat' dir='ltr'>revocata</span> <span class='ocrx_word' id='word_1_127' title='bbox 1075 1384 1135 1407; x_wconf 88' lang='lat' dir='ltr'>nec</span> 
     </span>
     <span class='ocr_line' id='line_1_24' title="bbox 401 1426 1133 1469; baseline 0.004 -13"><span class='ocrx_word' id='word_1_128' title='bbox 401 1426 459 1458; x_wconf 88' lang='lat' dir='ltr'>snb</span> <span class='ocrx_word' id='word_1_129' title='bbox 495 1426 604 1469; x_wconf 75' lang='lat' dir='ltr'>aliqua</span> <span class='ocrx_word' id='word_1_130' title='bbox 642 1426 845 1459; x_wconf 81' lang='lat' dir='ltr'>revocatione</span> <span class='ocrx_word' id='word_1_131' title='bbox 881 1428 1133 1469; x_wconf 83' lang='lat' dir='ltr'>comprehensa,</span> 
     </span>
     <span class='ocr_line' id='line_1_25' title="bbox 402 1478 1134 1522; baseline 0.003 -12"><span class='ocrx_word' id='word_1_132' title='bbox 402 1478 459 1518; x_wconf 87' lang='lat' dir='ltr'>uti,</span> <span class='ocrx_word' id='word_1_133' title='bbox 483 1478 555 1517; x_wconf 79' lang='lat' dir='ltr'>frui,</span> <span class='ocrx_word' id='word_1_134' title='bbox 580 1478 677 1522; x_wconf 91' lang='lat' dir='ltr'>potiri</span> <span class='ocrx_word' id='word_1_135' title='bbox 703 1484 734 1511; x_wconf 89' lang='lat' dir='ltr'>et</span> <span class='ocrx_word' id='word_1_136' title='bbox 758 1479 898 1521; x_wconf 78' lang='lat' dir='ltr'>gaudere</span> <span class='ocrx_word' id='word_1_137' title='bbox 926 1479 1028 1513; x_wconf 72' lang='lat' dir='ltr'>libore</span> <span class='ocrx_word' id='word_1_138' title='bbox 1050 1485 1081 1512; x_wconf 93' lang='lat' dir='ltr'>et</span> <span class='ocrx_word' id='word_1_139' title='bbox 1101 1480 1134 1513; x_wconf 93' lang='lat' dir='ltr'>li-</span> 
     </span>
     <span class='ocr_line' id='line_1_26' title="bbox 402 1531 1134 1574; baseline 0.003 -11"><span class='ocrx_word' id='word_1_140' title='bbox 402 1531 463 1563; x_wconf 87' lang='lat' dir='ltr'>cite</span> <span class='ocrx_word' id='word_1_141' title='bbox 488 1531 614 1574; x_wconf 79' lang='lat' dir='ltr'>possint</span> <span class='ocrx_word' id='word_1_142' title='bbox 638 1537 670 1563; x_wconf 87' lang='lat' dir='ltr'>et</span> <span class='ocrx_word' id='word_1_143' title='bbox 686 1532 829 1564; x_wconf 80' lang='lat' dir='ltr'>valeant:</span> <span class='ocrx_word' id='word_1_144' title='bbox 855 1531 898 1564; x_wconf 88' lang='lat' dir='ltr'>ita</span> <span class='ocrx_word' id='word_1_145' title='bbox 916 1533 1002 1574; x_wconf 87' lang='lat' dir='ltr'>quod</span> <span class='ocrx_word' id='word_1_146' title='bbox 1020 1543 1134 1565; x_wconf 87' lang='lat' dir='ltr'>onmes</span> 
     </span>
     <span class='ocr_line' id='line_1_27' title="bbox 403 1583 1133 1626; baseline 0.004 -11"><span class='ocrx_word' id='word_1_147' title='bbox 403 1589 434 1615; x_wconf 84' lang='lat' dir='ltr'>et</span> <span class='ocrx_word' id='word_1_148' title='bbox 457 1584 575 1626; x_wconf 72' lang='lat' dir='ltr'>singuli</span> <span class='ocrx_word' id='word_1_149' title='bbox 602 1584 677 1616; x_wconf 86' lang='lat' dir='ltr'>dicti</span> <span class='ocrx_word' id='word_1_150' title='bbox 716 1583 843 1617; x_wconf 83' lang='lat' dir='ltr'>Ordinis</span> <span class='ocrx_word' id='word_1_151' title='bbox 885 1585 918 1618; x_wconf 92' lang='lat' dir='ltr'>B.</span> <span class='ocrx_word' id='word_1_152' title='bbox 953 1585 1070 1618; x_wconf 72' lang='lat' dir='ltr'>Mariae</span> <span class='ocrx_word' id='word_1_153' title='bbox 1095 1586 1133 1618; x_wconf 91' lang='lat' dir='ltr'>de</span> 
     </span>
     <span class='ocr_line' id='line_1_28' title="bbox 401 1636 1135 1679; baseline 0.004 -11"><span class='ocrx_word' id='word_1_154' title='bbox 401 1636 557 1677; x_wconf 83' lang='lat' dir='ltr'>Mercede,</span> <span class='ocrx_word' id='word_1_155' title='bbox 583 1641 613 1669; x_wconf 94' lang='lat' dir='ltr'>et</span> <span class='ocrx_word' id='word_1_156' title='bbox 636 1636 722 1669; x_wconf 89' lang='lat' dir='ltr'>illius</span> <span class='ocrx_word' id='word_1_157' title='bbox 759 1637 937 1679; x_wconf 84' lang='lat' dir='ltr'>domorum,</span> <span class='ocrx_word' id='word_1_158' title='bbox 972 1639 1135 1671; x_wconf 88' lang='lat' dir='ltr'>locorum-</span> 
     </span>
     <span class='ocr_line' id='line_1_29' title="bbox 402 1690 1133 1733; baseline 0.004 -12"><span class='ocrx_word' id='word_1_159' title='bbox 402 1700 465 1732; x_wconf 86' lang='lat' dir='ltr'>que</span> <span class='ocrx_word' id='word_1_160' title='bbox 490 1690 688 1732; x_wconf 75' lang='lat' dir='ltr'>regularium</span> <span class='ocrx_word' id='word_1_161' title='bbox 724 1690 907 1733; x_wconf 85' lang='lat' dir='ltr'>superiores</span> <span class='ocrx_word' id='word_1_162' title='bbox 934 1697 966 1724; x_wconf 89' lang='lat' dir='ltr'>et</span> <span class='ocrx_word' id='word_1_163' title='bbox 994 1691 1133 1724; x_wconf 87' lang='lat' dir='ltr'>ministri</span> 
     </span>
     <span class='ocr_line' id='line_1_30' title="bbox 402 1742 1133 1787; baseline 0.005 -14"><span class='ocrx_word' id='word_1_164' title='bbox 402 1752 606 1786; x_wconf 87' lang='lat' dir='ltr'>quocumque</span> <span class='ocrx_word' id='word_1_165' title='bbox 631 1742 761 1775; x_wconf 90' lang='lat' dir='ltr'>nomine</span> <span class='ocrx_word' id='word_1_166' title='bbox 798 1743 964 1786; x_wconf 82' lang='lat' dir='ltr'>appellati,</span> <span class='ocrx_word' id='word_1_167' title='bbox 990 1743 1133 1787; x_wconf 84' lang='lat' dir='ltr'>eosque¹</span> 
     </span>
     <span class='ocr_line' id='line_1_31' title="bbox 402 1796 1132 1840; baseline 0.004 -13"><span class='ocrx_word' id='word_1_168' title='bbox 402 1796 536 1835; x_wconf 75' lang='lat' dir='ltr'>favores,</span> <span class='ocrx_word' id='word_1_169' title='bbox 551 1796 668 1838; x_wconf 81' lang='lat' dir='ltr'>gratias</span> <span class='ocrx_word' id='word_1_170' title='bbox 694 1797 888 1839; x_wconf 88' lang='lat' dir='ltr'>apostolicas</span> <span class='ocrx_word' id='word_1_171' title='bbox 905 1802 936 1829; x_wconf 88' lang='lat' dir='ltr'>et</span> <span class='ocrx_word' id='word_1_172' title='bbox 953 1797 1132 1840; x_wconf 77' lang='lat' dir='ltr'>privilegia,</span> 
     </span>
     <span class='ocr_line' id='line_1_32' title="bbox 402 1849 1134 1892; baseline 0.005 -13"><span class='ocrx_word' id='word_1_173' title='bbox 402 1859 484 1892; x_wconf 85' lang='lat' dir='ltr'>quae</span> <span class='ocrx_word' id='word_1_174' title='bbox 504 1849 637 1882; x_wconf 85' lang='lat' dir='ltr'>aliarum</span> <span class='ocrx_word' id='word_1_175' title='bbox 652 1849 857 1892; x_wconf 79' lang='lat' dir='ltr'>religionum,</span> <span class='ocrx_word' id='word_1_176' title='bbox 874 1849 1041 1890; x_wconf 86' lang='lat' dir='ltr'>Ordinum,</span> <span class='ocrx_word' id='word_1_177' title='bbox 1059 1861 1134 1883; x_wconf 90' lang='lat' dir='ltr'>eon-</span> 
     </span>
     <span class='ocr_line' id='line_1_33' title="bbox 402 1902 1134 1944; baseline 0.003 -11"><span class='ocrx_word' id='word_1_178' title='bbox 402 1902 638 1944; x_wconf 77' lang='lat' dir='ltr'>gregationum,</span> <span class='ocrx_word' id='word_1_179' title='bbox 665 1902 864 1942; x_wconf 82' lang='lat' dir='ltr'>societatum,</span> <span class='ocrx_word' id='word_1_180' title='bbox 901 1902 996 1935; x_wconf 85' lang='lat' dir='ltr'>etiam</span> <span class='ocrx_word' id='word_1_181' title='bbox 1028 1903 1134 1936; x_wconf 79' lang='lat' dir='ltr'>Socie-</span> 
     </span>
     <span class='ocr_line' id='line_1_34' title="bbox 402 1954 1133 1997; baseline 0.003 -10"><span class='ocrx_word' id='word_1_182' title='bbox 402 1954 475 1987; x_wconf 84' lang='lat' dir='ltr'>tatis</span> <span class='ocrx_word' id='word_1_183' title='bbox 501 1954 579 1995; x_wconf 67' lang='lat' dir='ltr'>lew,</span> <span class='ocrx_word' id='word_1_184' title='bbox 606 1956 888 1996; x_wconf 87' lang='lat' dir='ltr'>monasteriorum,</span> <span class='ocrx_word' id='word_1_185' title='bbox 907 1961 1133 1997; x_wconf 85' lang='lat' dir='ltr'>conventuum,</span> 
     </span>
     <span class='ocr_line' id='line_1_35' title="bbox 403 2007 1134 2052; baseline 0.003 -12"><span class='ocrx_word' id='word_1_186' title='bbox 403 2007 575 2040; x_wconf 91' lang='lat' dir='ltr'>domorum</span> <span class='ocrx_word' id='word_1_187' title='bbox 608 2014 661 2040; x_wconf 87' lang='lat' dir='ltr'>aut</span> <span class='ocrx_word' id='word_1_188' title='bbox 693 2009 837 2042; x_wconf 87' lang='lat' dir='ltr'>locorum</span> <span class='ocrx_word' id='word_1_189' title='bbox 876 2009 1072 2052; x_wconf 75' lang='lat' dir='ltr'>regularium</span> <span class='ocrx_word' id='word_1_190' title='bbox 1104 2015 1134 2042; x_wconf 91' lang='lat' dir='ltr'>et</span> 
     </span>
     <span class='ocr_line' id='line_1_36' title="bbox 404 2060 1134 2106; baseline 0.004 -14"><span class='ocrx_word' id='word_1_191' title='bbox 404 2060 593 2093; x_wconf 79' lang='lat' dir='ltr'>familiarum</span> <span class='ocrx_word' id='word_1_192' title='bbox 618 2062 796 2103; x_wconf 82' lang='lat' dir='ltr'>generales,</span> <span class='ocrx_word' id='word_1_193' title='bbox 821 2063 1015 2105; x_wconf 75' lang='lat' dir='ltr'>superiores,</span> <span class='ocrx_word' id='word_1_194' title='bbox 1047 2073 1134 2106; x_wconf 89' lang='lat' dir='ltr'>prae-</span> 
     </span>
     <span class='ocr_line' id='line_1_37' title="bbox 403 2113 1133 2159; baseline 0.005 -15"><span class='ocrx_word' id='word_1_195' title='bbox 403 2113 511 2156; x_wconf 86' lang='lat' dir='ltr'>positi,</span> <span class='ocrx_word' id='word_1_196' title='bbox 548 2114 774 2156; x_wconf 81' lang='lat' dir='ltr'>provinciales,</span> <span class='ocrx_word' id='word_1_197' title='bbox 813 2120 968 2155; x_wconf 49' lang='lat' dir='ltr'>rectores</span> <span class='ocrx_word' id='word_1_198' title='bbox 1005 2117 1133 2159; x_wconf 87' lang='lat' dir='ltr'>priores</span> 
     </span>
     <span class='ocr_line' id='line_1_38' title="bbox 403 2167 1133 2209; baseline 0.004 -11"><span class='ocrx_word' id='word_1_199' title='bbox 403 2167 630 2199; x_wconf 82' lang='lat' dir='ltr'>conventuales</span> <span class='ocrx_word' id='word_1_200' title='bbox 655 2172 708 2198; x_wconf 89' lang='lat' dir='ltr'>aut</span> <span class='ocrx_word' id='word_1_201' title='bbox 724 2168 919 2208; x_wconf 78' lang='lat' dir='ltr'>claustrales,</span> <span class='ocrx_word' id='word_1_202' title='bbox 942 2168 1133 2209; x_wconf 83' lang='lat' dir='ltr'>visitatores,</span> 
     </span>
     <span class='ocr_line' id='line_1_39' title="bbox 404 2218 1134 2264; baseline 0.005 -14"><span class='ocrx_word' id='word_1_203' title='bbox 404 2218 583 2261; x_wconf 84' lang='lat' dir='ltr'>guardiani,</span> <span class='ocrx_word' id='word_1_204' title='bbox 611 2220 771 2259; x_wconf 76' lang='lat' dir='ltr'>custodes,</span> <span class='ocrx_word' id='word_1_205' title='bbox 805 2225 858 2252; x_wconf 87' lang='lat' dir='ltr'>aut</span> <span class='ocrx_word' id='word_1_206' title='bbox 884 2221 947 2253; x_wconf 84' lang='lat' dir='ltr'>alio</span> <span class='ocrx_word' id='word_1_207' title='bbox 979 2232 1134 2264; x_wconf 87' lang='lat' dir='ltr'>quocum-</span> 
     </span>
     <span class='ocr_line' id='line_1_40' title="bbox 404 2271 1134 2316; baseline 0.004 -13"><span class='ocrx_word' id='word_1_208' title='bbox 404 2281 466 2314; x_wconf 87' lang='lat' dir='ltr'>que</span> <span class='ocrx_word' id='word_1_209' title='bbox 497 2271 646 2312; x_wconf 86' lang='lat' dir='ltr'>nomine,</span> <span class='ocrx_word' id='word_1_210' title='bbox 675 2272 767 2305; x_wconf 83' lang='lat' dir='ltr'>titulo</span> <span class='ocrx_word' id='word_1_211' title='bbox 793 2278 847 2305; x_wconf 88' lang='lat' dir='ltr'>aut</span> <span class='ocrx_word' id='word_1_212' title='bbox 871 2273 1026 2316; x_wconf 79' lang='lat' dir='ltr'>(lignitate</span> <span class='ocrx_word' id='word_1_213' title='bbox 1056 2274 1134 2306; x_wconf 86' lang='lat' dir='ltr'>insi-</span> 
     </span>
     <span class='ocr_line' id='line_1_41' title="bbox 404 2324 1134 2370; baseline 0.005 -15"><span class='ocrx_word' id='word_1_214' title='bbox 404 2324 496 2366; x_wconf 79' lang='lat' dir='ltr'>guin,</span> <span class='ocrx_word' id='word_1_215' title='bbox 524 2324 666 2364; x_wconf 87' lang='lat' dir='ltr'>hahent,</span> <span class='ocrx_word' id='word_1_216' title='bbox 703 2325 853 2358; x_wconf 84' lang='lat' dir='ltr'>similiter</span> <span class='ocrx_word' id='word_1_217' title='bbox 885 2332 919 2359; x_wconf 89' lang='lat' dir='ltr'>ut</span> <span class='ocrx_word' id='word_1_218' title='bbox 951 2337 1045 2370; x_wconf 89' lang='lat' dir='ltr'>supra</span> <span class='ocrx_word' id='word_1_219' title='bbox 1079 2327 1134 2359; x_wconf 79' lang='lat' dir='ltr'>lia-</span> 
     </span>
     <span class='ocr_line' id='line_1_42' title="bbox 403 2376 1134 2422; baseline 0.004 -13"><span class='ocrx_word' id='word_1_220' title='bbox 403 2376 521 2409; x_wconf 86' lang='lat' dir='ltr'>heant:</span> <span class='ocrx_word' id='word_1_221' title='bbox 545 2377 739 2420; x_wconf 66' lang='lat' dir='ltr'>fratresque²</span> <span class='ocrx_word' id='word_1_222' title='bbox 768 2384 799 2410; x_wconf 75' lang='lat' dir='ltr'>et</span> <span class='ocrx_word' id='word_1_223' title='bbox 829 2390 988 2422; x_wconf 81' lang='lat' dir='ltr'>personae</span> <span class='ocrx_word' id='word_1_224' title='bbox 1006 2381 1134 2422; x_wconf 81' lang='lat' dir='ltr'>regula-</span> 
     </span>
     <span class='ocr_line' id='line_1_43' title="bbox 404 2429 1132 2466; baseline 0.007 -5"><span class='ocrx_word' id='word_1_225' title='bbox 404 2439 456 2462; x_wconf 91' lang='lat' dir='ltr'>res</span> <span class='ocrx_word' id='word_1_226' title='bbox 481 2429 555 2462; x_wconf 90' lang='lat' dir='ltr'>dieti</span> <span class='ocrx_word' id='word_1_227' title='bbox 580 2429 706 2463; x_wconf 88' lang='lat' dir='ltr'>Ordinis</span> <span class='ocrx_word' id='word_1_228' title='bbox 732 2432 765 2463; x_wconf 84' lang='lat' dir='ltr'>B.</span> <span class='ocrx_word' id='word_1_229' title='bbox 793 2431 909 2465; x_wconf 86' lang='lat' dir='ltr'>Mariae</span> <span class='ocrx_word' id='word_1_230' title='bbox 930 2433 969 2465; x_wconf 89' lang='lat' dir='ltr'>de</span> <span class='ocrx_word' id='word_1_231' title='bbox 986 2432 1132 2466; x_wconf 82' lang='lat' dir='ltr'>Mercede</span> 
     </span>
     <span class='ocr_line' id='line_1_44' title="bbox 402 2481 1133 2527; baseline 0.005 -14"><span class='ocrx_word' id='word_1_232' title='bbox 402 2481 548 2523; x_wconf 83' lang='lat' dir='ltr'>magistri</span> <span class='ocrx_word' id='word_1_233' title='bbox 574 2484 752 2525; x_wconf 79' lang='lat' dir='ltr'>generales,</span> <span class='ocrx_word' id='word_1_234' title='bbox 779 2484 976 2527; x_wconf 86' lang='lat' dir='ltr'>superiores,</span> <span class='ocrx_word' id='word_1_235' title='bbox 995 2485 1133 2517; x_wconf 83' lang='lat' dir='ltr'>ministri</span> 
     </span>
     <span class='ocr_line' id='line_1_45' title="bbox 441 2552 1076 2589; baseline 0.003 -11"><span class='ocrx_word' id='word_1_236' title='bbox 441 2555 450 2578; x_wconf 81' lang='lat'><strong>1</strong></span> <span class='ocrx_word' id='word_1_237' title='bbox 475 2552 563 2579; x_wconf 87' lang='lat' dir='ltr'>Potius</span> <span class='ocrx_word' id='word_1_238' title='bbox 583 2553 640 2587; x_wconf 75' lang='lat' dir='ltr'>lege</span> <span class='ocrx_word' id='word_1_239' title='bbox 659 2561 702 2580; x_wconf 80' lang='lat' dir='ltr'>eos</span> <span class='ocrx_word' id='word_1_240' title='bbox 722 2554 762 2580; x_wconf 85' lang='lat' dir='ltr'>vel</span> <span class='ocrx_word' id='word_1_241' title='bbox 783 2562 827 2580; x_wconf 82' lang='lat' dir='ltr'>eos</span> <span class='ocrx_word' id='word_1_242' title='bbox 847 2563 957 2589; x_wconf 72' lang='lat' dir='ltr'>quoque</span> <span class='ocrx_word' id='word_1_243' title='bbox 973 2555 1009 2587; x_wconf 76' lang='lat' dir='ltr'>(n.</span> <span class='ocrx_word' id='word_1_244' title='bbox 1026 2554 1076 2588; x_wconf 83' lang='grc' dir='ltr'>τ.).</span> 
     </span>
     <span class='ocr_line' id='line_1_46' title="bbox 438 2596 1084 2636; baseline 0 -11"><span class='ocrx_word' id='word_1_245' title='bbox 438 2596 455 2625; x_wconf 81' lang='lat'><strong>2</strong></span> <span class='ocrx_word' id='word_1_246' title='bbox 469 2596 586 2632; x_wconf 70' lang='lat' dir='ltr'>syntaxis</span> <span class='ocrx_word' id='word_1_247' title='bbox 602 2597 697 2625; x_wconf 69' lang='lat' dir='ltr'>exinde</span> <span class='ocrx_word' id='word_1_248' title='bbox 712 2598 838 2626; x_wconf 81' lang='lat' dir='ltr'>mendosa</span> <span class='ocrx_word' id='word_1_249' title='bbox 853 2599 968 2626; x_wconf 87' lang='lat' dir='ltr'>sentitur</span> <span class='ocrx_word' id='word_1_250' title='bbox 982 2603 1018 2636; x_wconf 64' lang='lat' dir='ltr'>(R.</span> <span class='ocrx_word' id='word_1_251' title='bbox 1035 2599 1084 2634; x_wconf 88' lang='grc' dir='ltr'>τ.).</span> 
     </span>
    </p>
   </div>
   <div class='ocr_carea' id='block_1_3' title="bbox 1154 279 1161 1451">
    <p class='ocr_par' dir='ltr' id='par_1_3' title="bbox 1154 279 1161 1451">
     <span class='ocr_line' id='line_1_47' title="bbox 1154 279 1161 1451; baseline 0 0"><span class='ocrx_word' id='word_1_252' title='bbox 1154 279 1161 1451; x_wconf 95' lang='lat' dir='ltr'> </span> 
     </span>
    </p>
   </div>
   <div class='ocr_carea' id='block_1_4' title="bbox 1153 279 1161 2154">
    <p class='ocr_par' dir='ltr' id='par_1_4' title="bbox 1153 279 1161 2154">
     <span class='ocr_line' id='line_1_48' title="bbox 1153 279 1161 2154; baseline 0 0"><span class='ocrx_word' id='word_1_253' title='bbox 1153 279 1161 2154; x_wconf 95' lang='lat' dir='ltr'> </span> 
     </span>
    </p>
   </div>
   <div class='ocr_carea' id='block_1_5' title="bbox 984 218 1335 242">
    <p class='ocr_par' dir='ltr' id='par_1_5' title="bbox 984 218 1335 242">
     <span class='ocr_line' id='line_1_49' title="bbox 984 218 1335 242; baseline -0.006 0"><span class='ocrx_word' id='word_1_254' title='bbox 984 219 1158 242; x_wconf 61' lang='lat' dir='ltr'>nt&#39;LLAmt‘Yu</span> <span class='ocrx_word' id='word_1_255' title='bbox 1185 218 1335 241; x_wconf 41' lang='lat' dir='ltr'>manime!</span> 
     </span>
    </p>
   </div>
   <div class='ocr_carea' id='block_1_6' title="bbox 1175 264 1916 2635">
    <p class='ocr_par' dir='ltr' id='par_1_6' title="bbox 1177 264 1914 1312">
     <span class='ocr_line' id='line_1_50' title="bbox 1183 264 1913 310; baseline 0.005 -14"><span class='ocrx_word' id='word_1_256' title='bbox 1183 271 1213 298; x_wconf 83' lang='lat' dir='ltr'>et</span> <span class='ocrx_word' id='word_1_257' title='bbox 1237 265 1334 298; x_wconf 89' lang='lat' dir='ltr'>ceteri</span> <span class='ocrx_word' id='word_1_258' title='bbox 1356 264 1408 297; x_wconf 87' lang='lat' dir='ltr'>alii</span> <span class='ocrx_word' id='word_1_259' title='bbox 1434 264 1665 308; x_wconf 87' lang='lat' dir='ltr'>cuiuscumque</span> <span class='ocrx_word' id='word_1_260' title='bbox 1683 266 1913 310; x_wconf 86' lang='lat' dir='ltr'>appellationis</span> 
     </span>
     <span class='ocr_line' id='line_1_51' title="bbox 1181 317 1911 361; baseline 0.005 -12"><span class='ocrx_word' id='word_1_261' title='bbox 1181 317 1355 361; x_wconf 84' lang='lat' dir='ltr'>praepositi</span> <span class='ocrx_word' id='word_1_262' title='bbox 1393 323 1424 350; x_wconf 92' lang='lat' dir='ltr'>et</span> <span class='ocrx_word' id='word_1_263' title='bbox 1448 318 1601 360; x_wconf 83' lang='lat' dir='ltr'>praefecti</span> <span class='ocrx_word' id='word_1_264' title='bbox 1626 318 1658 350; x_wconf 89' lang='lat' dir='ltr'>in</span> <span class='ocrx_word' id='word_1_265' title='bbox 1683 319 1767 352; x_wconf 84' lang='lat' dir='ltr'>dicto</span> <span class='ocrx_word' id='word_1_266' title='bbox 1793 319 1911 353; x_wconf 84' lang='lat' dir='ltr'>Ordine</span> 
     </span>
     <span class='ocr_line' id='line_1_52' title="bbox 1182 369 1911 414; baseline 0.004 -13"><span class='ocrx_word' id='word_1_267' title='bbox 1182 371 1214 402; x_wconf 81' lang='grc' dir='ltr'>Β.</span> <span class='ocrx_word' id='word_1_268' title='bbox 1233 369 1347 402; x_wconf 84' lang='lat' dir='ltr'>Mariae</span> <span class='ocrx_word' id='word_1_269' title='bbox 1365 370 1404 402; x_wconf 90' lang='lat' dir='ltr'>de</span> <span class='ocrx_word' id='word_1_270' title='bbox 1425 370 1572 402; x_wconf 83' lang='lat' dir='ltr'>Mercede</span> <span class='ocrx_word' id='word_1_271' title='bbox 1591 380 1742 413; x_wconf 84' lang='lat' dir='ltr'>expresse</span> <span class='ocrx_word' id='word_1_272' title='bbox 1763 371 1911 414; x_wconf 74' lang='lat' dir='ltr'>professi,</span> 
     </span>
     <span class='ocr_line' id='line_1_53' title="bbox 1181 422 1914 465; baseline 0.003 -10"><span class='ocrx_word' id='word_1_273' title='bbox 1181 428 1212 455; x_wconf 91' lang='lat' dir='ltr'>et</span> <span class='ocrx_word' id='word_1_274' title='bbox 1237 422 1268 454; x_wconf 92' lang='lat' dir='ltr'>in</span> <span class='ocrx_word' id='word_1_275' title='bbox 1294 422 1363 455; x_wconf 87' lang='lat' dir='ltr'>eius</span> <span class='ocrx_word' id='word_1_276' title='bbox 1382 422 1505 465; x_wconf 81' lang='lat' dir='ltr'>gremio</span> <span class='ocrx_word' id='word_1_277' title='bbox 1523 428 1554 455; x_wconf 91' lang='lat' dir='ltr'>et</span> <span class='ocrx_word' id='word_1_278' title='bbox 1578 423 1783 456; x_wconf 77' lang='lat' dir='ltr'>observantia</span> <span class='ocrx_word' id='word_1_279' title='bbox 1808 424 1914 457; x_wconf 90' lang='lat' dir='ltr'>viven-</span> 
     </span>
     <span class='ocr_line' id='line_1_54' title="bbox 1182 476 1911 518; baseline 0.004 -11"><span class='ocrx_word' id='word_1_280' title='bbox 1182 481 1228 507; x_wconf 87' lang='lat' dir='ltr'>tes</span> <span class='ocrx_word' id='word_1_281' title='bbox 1250 476 1365 507; x_wconf 83' lang='lat' dir='ltr'>sratres</span> <span class='ocrx_word' id='word_1_282' title='bbox 1396 480 1428 508; x_wconf 92' lang='lat' dir='ltr'>et</span> <span class='ocrx_word' id='word_1_283' title='bbox 1462 486 1616 518; x_wconf 86' lang='lat' dir='ltr'>personas</span> <span class='ocrx_word' id='word_1_284' title='bbox 1641 478 1807 517; x_wconf 74' lang='lat' dir='ltr'>regulares</span> <span class='ocrx_word' id='word_1_285' title='bbox 1833 477 1911 510; x_wconf 91' lang='lat' dir='ltr'>dicti</span> 
     </span>
     <span class='ocr_line' id='line_1_55' title="bbox 1180 527 1911 569; baseline 0.004 -10"><span class='ocrx_word' id='word_1_286' title='bbox 1180 527 1310 560; x_wconf 87' lang='lat' dir='ltr'>Ordinis</span> <span class='ocrx_word' id='word_1_287' title='bbox 1347 528 1380 560; x_wconf 79' lang='grc' dir='ltr'>Β.</span> <span class='ocrx_word' id='word_1_288' title='bbox 1417 528 1534 561; x_wconf 83' lang='lat' dir='ltr'>Mariae</span> <span class='ocrx_word' id='word_1_289' title='bbox 1566 528 1605 560; x_wconf 90' lang='lat' dir='ltr'>de</span> <span class='ocrx_word' id='word_1_290' title='bbox 1638 528 1805 569; x_wconf 85' lang='lat' dir='ltr'>Mercede,</span> <span class='ocrx_word' id='word_1_291' title='bbox 1837 539 1911 562; x_wconf 88' lang='lat' dir='ltr'>cum</span> 
     </span>
     <span class='ocr_line' id='line_1_56' title="bbox 1180 581 1913 626; baseline 0.004 -14"><span class='ocrx_word' id='word_1_292' title='bbox 1180 581 1366 623; x_wconf 74' lang='lat' dir='ltr'>privilegiis,</span> <span class='ocrx_word' id='word_1_293' title='bbox 1393 582 1505 624; x_wconf 76' lang='lat' dir='ltr'>gratiis</span> <span class='ocrx_word' id='word_1_294' title='bbox 1539 587 1570 615; x_wconf 90' lang='lat' dir='ltr'>et</span> <span class='ocrx_word' id='word_1_295' title='bbox 1595 582 1759 615; x_wconf 79' lang='lat' dir='ltr'>favoribus</span> <span class='ocrx_word' id='word_1_296' title='bbox 1784 589 1913 626; x_wconf 83' lang='lat' dir='ltr'>aposlo-</span> 
     </span>
     <span class='ocr_line' id='line_1_57' title="bbox 1180 633 1913 677; baseline 0.003 -11"><span class='ocrx_word' id='word_1_297' title='bbox 1180 633 1248 666; x_wconf 88' lang='lat' dir='ltr'>licis</span> <span class='ocrx_word' id='word_1_298' title='bbox 1283 633 1437 666; x_wconf 89' lang='lat' dir='ltr'>Ordinum</span> <span class='ocrx_word' id='word_1_299' title='bbox 1474 640 1506 667; x_wconf 91' lang='lat' dir='ltr'>et</span> <span class='ocrx_word' id='word_1_300' title='bbox 1537 634 1826 677; x_wconf 82' lang='lat' dir='ltr'>congregationum</span> <span class='ocrx_word' id='word_1_301' title='bbox 1853 636 1913 668; x_wconf 79' lang='lat' dir='ltr'>liu-</span> 
     </span>
     <span class='ocr_line' id='line_1_58' title="bbox 1179 685 1912 729; baseline 0.004 -12"><span class='ocrx_word' id='word_1_302' title='bbox 1179 685 1332 726; x_wconf 76' lang='lat' dir='ltr'>iusmodi,</span> <span class='ocrx_word' id='word_1_303' title='bbox 1352 692 1509 729; x_wconf 90' lang='lat' dir='ltr'>perpetuo</span> <span class='ocrx_word' id='word_1_304' title='bbox 1534 688 1711 720; x_wconf 85' lang='lat' dir='ltr'>secundum</span> <span class='ocrx_word' id='word_1_305' title='bbox 1738 687 1912 721; x_wconf 86' lang='lat' dir='ltr'>observan-</span> 
     </span>
     <span class='ocr_line' id='line_1_59' title="bbox 1180 737 1910 782; baseline 0.007 -13"><span class='ocrx_word' id='word_1_306' title='bbox 1180 737 1254 771; x_wconf 85' lang='lat' dir='ltr'>tiam</span> <span class='ocrx_word' id='word_1_307' title='bbox 1268 741 1453 782; x_wconf 84' lang='lat' dir='ltr'>regularem</span> <span class='ocrx_word' id='word_1_308' title='bbox 1473 746 1503 773; x_wconf 88' lang='lat' dir='ltr'>et</span> <span class='ocrx_word' id='word_1_309' title='bbox 1523 741 1714 773; x_wconf 83' lang='lat' dir='ltr'>canonicum</span> <span class='ocrx_word' id='word_1_310' title='bbox 1730 740 1910 774; x_wconf 87' lang='lat' dir='ltr'>institutum</span> 
     </span>
     <span class='ocr_line' id='line_1_60' title="bbox 1179 791 1912 827; baseline 0.003 -3"><span class='ocrx_word' id='word_1_311' title='bbox 1179 791 1255 824; x_wconf 81' lang='lat' dir='ltr'>dieti</span> <span class='ocrx_word' id='word_1_312' title='bbox 1283 803 1394 825; x_wconf 86' lang='lat' dir='ltr'>eorum</span> <span class='ocrx_word' id='word_1_313' title='bbox 1416 793 1544 826; x_wconf 83' lang='lat' dir='ltr'>Ordinis</span> <span class='ocrx_word' id='word_1_314' title='bbox 1570 794 1603 825; x_wconf 88' lang='lat' dir='ltr'>B.</span> <span class='ocrx_word' id='word_1_315' title='bbox 1632 793 1748 826; x_wconf 87' lang='lat' dir='ltr'>Mariae</span> <span class='ocrx_word' id='word_1_316' title='bbox 1775 794 1813 827; x_wconf 92' lang='lat' dir='ltr'>de</span> <span class='ocrx_word' id='word_1_317' title='bbox 1832 795 1912 826; x_wconf 87' lang='lat' dir='ltr'>Mer-</span> 
     </span>
     <span class='ocr_line' id='line_1_61' title="bbox 1178 844 1912 889; baseline 0.005 -13"><span class='ocrx_word' id='word_1_318' title='bbox 1178 844 1255 877; x_wconf 88' lang='lat' dir='ltr'>cede</span> <span class='ocrx_word' id='word_1_319' title='bbox 1284 855 1396 887; x_wconf 76' lang='lat' dir='ltr'>regere</span> <span class='ocrx_word' id='word_1_320' title='bbox 1417 851 1448 878; x_wconf 91' lang='lat' dir='ltr'>et</span> <span class='ocrx_word' id='word_1_321' title='bbox 1480 846 1662 887; x_wconf 79' lang='lat' dir='ltr'>gubernare</span> <span class='ocrx_word' id='word_1_322' title='bbox 1681 852 1712 878; x_wconf 88' lang='lat' dir='ltr'>et</span> <span class='ocrx_word' id='word_1_323' title='bbox 1736 847 1912 889; x_wconf 74' lang='lat' dir='ltr'>respective</span> 
     </span>
     <span class='ocr_line' id='line_1_62' title="bbox 1178 897 1912 941; baseline 0.005 -13"><span class='ocrx_word' id='word_1_324' title='bbox 1178 897 1305 930; x_wconf 85' lang='lat' dir='ltr'>visitare</span> <span class='ocrx_word' id='word_1_325' title='bbox 1320 898 1456 938; x_wconf 86' lang='lat' dir='ltr'>valeant,</span> <span class='ocrx_word' id='word_1_326' title='bbox 1472 908 1576 941; x_wconf 88' lang='lat' dir='ltr'>neque</span> <span class='ocrx_word' id='word_1_327' title='bbox 1592 898 1695 931; x_wconf 87' lang='lat' dir='ltr'>dictus</span> <span class='ocrx_word' id='word_1_328' title='bbox 1709 898 1793 932; x_wconf 86' lang='lat' dir='ltr'>Ordo</span> <span class='ocrx_word' id='word_1_329' title='bbox 1809 900 1840 932; x_wconf 84' lang='lat'>13.</span> <span class='ocrx_word' id='word_1_330' title='bbox 1855 900 1912 932; x_wconf 85' lang='lat' dir='ltr'>Ma-</span> 
     </span>
     <span class='ocr_line' id='line_1_63' title="bbox 1178 950 1911 995; baseline 0.004 -13"><span class='ocrx_word' id='word_1_331' title='bbox 1178 950 1244 983; x_wconf 78' lang='lat' dir='ltr'>riae</span> <span class='ocrx_word' id='word_1_332' title='bbox 1256 951 1294 984; x_wconf 88' lang='lat' dir='ltr'>de</span> <span class='ocrx_word' id='word_1_333' title='bbox 1308 952 1453 985; x_wconf 87' lang='lat' dir='ltr'>Mercede</span> <span class='ocrx_word' id='word_1_334' title='bbox 1468 952 1750 995; x_wconf 88' lang='lat' dir='ltr'>superpraedictis</span> <span class='ocrx_word' id='word_1_335' title='bbox 1762 953 1911 985; x_wconf 86' lang='lat' dir='ltr'>omnihus</span> 
     </span>
     <span class='ocr_line' id='line_1_64' title="bbox 1178 1005 1911 1047; baseline 0.003 -11"><span class='ocrx_word' id='word_1_336' title='bbox 1178 1010 1210 1036; x_wconf 89' lang='lat' dir='ltr'>et</span> <span class='ocrx_word' id='word_1_337' title='bbox 1226 1005 1360 1046; x_wconf 74' lang='lat' dir='ltr'>singulis</span> <span class='ocrx_word' id='word_1_338' title='bbox 1374 1015 1390 1037; x_wconf 88' lang='lat' dir='ltr'>a</span> <span class='ocrx_word' id='word_1_339' title='bbox 1408 1015 1579 1047; x_wconf 87' lang='lat' dir='ltr'>quoquam,</span> <span class='ocrx_word' id='word_1_340' title='bbox 1595 1005 1705 1047; x_wconf 86' lang='lat' dir='ltr'>quavis</span> <span class='ocrx_word' id='word_1_341' title='bbox 1723 1006 1911 1038; x_wconf 86' lang='lat' dir='ltr'>auctoritate</span> 
     </span>
     <span class='ocr_line' id='line_1_65' title="bbox 1178 1057 1912 1100; baseline 0.003 -11"><span class='ocrx_word' id='word_1_342' title='bbox 1178 1058 1228 1089; x_wconf 88' lang='lat' dir='ltr'>vel</span> <span class='ocrx_word' id='word_1_343' title='bbox 1263 1057 1404 1096; x_wconf 88' lang='lat' dir='ltr'>nomine,</span> <span class='ocrx_word' id='word_1_344' title='bbox 1437 1057 1612 1097; x_wconf 86' lang='lat' dir='ltr'>molestari,</span> <span class='ocrx_word' id='word_1_345' title='bbox 1637 1058 1834 1100; x_wconf 83' lang='lat' dir='ltr'>perturbari,</span> <span class='ocrx_word' id='word_1_346' title='bbox 1862 1059 1912 1091; x_wconf 90' lang='lat' dir='ltr'>in-</span> 
     </span>
     <span class='ocr_line' id='line_1_66' title="bbox 1177 1109 1912 1152; baseline 0.007 -14"><span class='ocrx_word' id='word_1_347' title='bbox 1177 1109 1324 1152; x_wconf 81' lang='lat' dir='ltr'>quietari,</span> <span class='ocrx_word' id='word_1_348' title='bbox 1352 1115 1405 1142; x_wconf 87' lang='lat' dir='ltr'>aut</span> <span class='ocrx_word' id='word_1_349' title='bbox 1430 1110 1507 1142; x_wconf 76' lang='lat' dir='ltr'>alias</span> <span class='ocrx_word' id='word_1_350' title='bbox 1533 1111 1781 1152; x_wconf 84' lang='lat' dir='ltr'>quomodolibet</span> <span class='ocrx_word' id='word_1_351' title='bbox 1805 1110 1837 1143; x_wconf 91' lang='lat' dir='ltr'>in</span> <span class='ocrx_word' id='word_1_352' title='bbox 1864 1110 1912 1143; x_wconf 90' lang='lat' dir='ltr'>iu-</span> 
     </span>
     <span class='ocr_line' id='line_1_67' title="bbox 1178 1162 1914 1206; baseline 0.001 -11"><span class='ocrx_word' id='word_1_353' title='bbox 1178 1162 1262 1195; x_wconf 91' lang='lat' dir='ltr'>dicio</span> <span class='ocrx_word' id='word_1_354' title='bbox 1289 1167 1320 1195; x_wconf 90' lang='lat' dir='ltr'>et</span> <span class='ocrx_word' id='word_1_355' title='bbox 1345 1168 1435 1196; x_wconf 77' lang='lat' dir='ltr'>extra</span> <span class='ocrx_word' id='word_1_356' title='bbox 1459 1162 1608 1205; x_wconf 86' lang='lat' dir='ltr'>impediri</span> <span class='ocrx_word' id='word_1_357' title='bbox 1635 1163 1746 1205; x_wconf 90' lang='lat' dir='ltr'>possit,</span> <span class='ocrx_word' id='word_1_358' title='bbox 1784 1168 1914 1206; x_wconf 90' lang='lat' dir='ltr'>aposto-</span> 
     </span>
     <span class='ocr_line' id='line_1_68' title="bbox 1178 1215 1913 1259; baseline 0.003 -12"><span class='ocrx_word' id='word_1_359' title='bbox 1178 1215 1237 1248; x_wconf 69' lang='lat' dir='ltr'>lica</span> <span class='ocrx_word' id='word_1_360' title='bbox 1253 1215 1453 1255; x_wconf 82' lang='lat' dir='ltr'>auctoritate,</span> <span class='ocrx_word' id='word_1_361' title='bbox 1468 1221 1581 1248; x_wconf 88' lang='lat' dir='ltr'>tenore</span> <span class='ocrx_word' id='word_1_362' title='bbox 1599 1216 1828 1258; x_wconf 82' lang='lat' dir='ltr'>praesentium,</span> <span class='ocrx_word' id='word_1_363' title='bbox 1843 1226 1913 1259; x_wconf 87' lang='lat' dir='ltr'>per-</span> 
     </span>
     <span class='ocr_line' id='line_1_69' title="bbox 1177 1268 1802 1312; baseline 0 -11"><span class='ocrx_word' id='word_1_364' title='bbox 1177 1274 1272 1312; x_wconf 88' lang='lat' dir='ltr'>petuo</span> <span class='ocrx_word' id='word_1_365' title='bbox 1297 1269 1508 1302; x_wconf 87' lang='lat' dir='ltr'>concedimus</span> <span class='ocrx_word' id='word_1_366' title='bbox 1533 1273 1566 1301; x_wconf 92' lang='lat' dir='ltr'>et</span> <span class='ocrx_word' id='word_1_367' title='bbox 1584 1268 1802 1310; x_wconf 77' lang='lat' dir='ltr'>indulgemus.</span> 
     </span>
    </p>

    <p class='ocr_par' dir='ltr' id='par_1_7' title="bbox 1175 1321 1916 2635">
     <span class='ocr_line' id='line_1_70' title="bbox 1220 1321 1911 1365; baseline 0 -10"><span class='ocrx_word' id='word_1_368' title='bbox 1220 1323 1235 1365; x_wconf 64' lang='grc' dir='ltr'>ξ,</span> <span class='ocrx_word' id='word_1_369' title='bbox 1259 1321 1290 1355; x_wconf 79' lang='lat'>3.</span> <span class='ocrx_word' id='word_1_370' title='bbox 1324 1322 1536 1358; x_wconf 85' lang='lat' dir='ltr'>Decernentes</span> <span class='ocrx_word' id='word_1_371' title='bbox 1570 1321 1698 1354; x_wconf 83' lang='lat' dir='ltr'>easdem</span> <span class='ocrx_word' id='word_1_372' title='bbox 1724 1328 1911 1364; x_wconf 83' lang='lat' dir='ltr'>praesentes</span> 
     </span>
     <span class='ocr_line' id='line_1_71' title="bbox 1176 1375 1912 1418; baseline 0 -10"><span class='ocrx_word' id='word_1_373' title='bbox 1176 1375 1298 1408; x_wconf 84' lang='lat' dir='ltr'>litteras</span> <span class='ocrx_word' id='word_1_374' title='bbox 1326 1385 1455 1418; x_wconf 88' lang='lat' dir='ltr'>semper</span> <span class='ocrx_word' id='word_1_375' title='bbox 1486 1379 1517 1407; x_wconf 89' lang='lat' dir='ltr'>et</span> <span class='ocrx_word' id='word_1_376' title='bbox 1545 1380 1715 1417; x_wconf 87' lang='lat' dir='ltr'>perpetuo,</span> <span class='ocrx_word' id='word_1_377' title='bbox 1749 1380 1912 1418; x_wconf 83' lang='lat' dir='ltr'>tamquam</span> 
     </span>
     <span class='ocr_line' id='line_1_72' title="bbox 1176 1427 1913 1470; baseline -0.003 -8"><span class='ocrx_word' id='word_1_378' title='bbox 1176 1430 1215 1462; x_wconf 85' lang='lat' dir='ltr'>ad</span> <span class='ocrx_word' id='word_1_379' title='bbox 1245 1427 1342 1462; x_wconf 87' lang='lat' dir='ltr'>divini</span> <span class='ocrx_word' id='word_1_380' title='bbox 1380 1429 1484 1460; x_wconf 89' lang='lat' dir='ltr'>cultus</span> <span class='ocrx_word' id='word_1_381' title='bbox 1521 1433 1552 1459; x_wconf 91' lang='lat' dir='ltr'>et</span> <span class='ocrx_word' id='word_1_382' title='bbox 1582 1427 1741 1460; x_wconf 88' lang='lat' dir='ltr'>bonorum</span> <span class='ocrx_word' id='word_1_383' title='bbox 1776 1438 1913 1470; x_wconf 90' lang='lat' dir='ltr'>operum</span> 
     </span>
     <span class='ocr_line' id='line_1_73' title="bbox 1176 1479 1913 1524; baseline -0.003 -10"><span class='ocrx_word' id='word_1_384' title='bbox 1176 1487 1381 1524; x_wconf 79' lang='lat' dir='ltr'>augmentum</span> <span class='ocrx_word' id='word_1_385' title='bbox 1407 1486 1437 1513; x_wconf 91' lang='lat' dir='ltr'>et</span> <span class='ocrx_word' id='word_1_386' title='bbox 1457 1479 1625 1523; x_wconf 70' lang='lat' dir='ltr'>religionis</span> <span class='ocrx_word' id='word_1_387' title='bbox 1644 1480 1913 1523; x_wconf 75' lang='lat' dir='ltr'>propagationem</span> 
     </span>
     <span class='ocr_line' id='line_1_74' title="bbox 1177 1534 1915 1574; baseline 0 -7"><span class='ocrx_word' id='word_1_388' title='bbox 1177 1536 1358 1574; x_wconf 87' lang='lat' dir='ltr'>tendentes,</span> <span class='ocrx_word' id='word_1_389' title='bbox 1385 1534 1507 1567; x_wconf 85' lang='lat' dir='ltr'>validas</span> <span class='ocrx_word' id='word_1_390' title='bbox 1541 1539 1572 1566; x_wconf 90' lang='lat' dir='ltr'>et</span> <span class='ocrx_word' id='word_1_391' title='bbox 1602 1534 1748 1566; x_wconf 83' lang='lat' dir='ltr'>efficaces</span> <span class='ocrx_word' id='word_1_392' title='bbox 1781 1545 1851 1567; x_wconf 88' lang='lat' dir='ltr'>esse</span> <span class='ocrx_word' id='word_1_393' title='bbox 1884 1540 1915 1567; x_wconf 90' lang='lat' dir='ltr'>et</span> 
     </span>
     <span class='ocr_line' id='line_1_75' title="bbox 1176 1586 1915 1630; baseline 0 -9"><span class='ocrx_word' id='word_1_394' title='bbox 1176 1589 1252 1627; x_wconf 78' lang='lat' dir='ltr'>sore,</span> <span class='ocrx_word' id='word_1_395' title='bbox 1277 1597 1418 1630; x_wconf 86' lang='lat' dir='ltr'>suosque</span> <span class='ocrx_word' id='word_1_396' title='bbox 1443 1586 1607 1630; x_wconf 88' lang='lat' dir='ltr'>plenarios</span> <span class='ocrx_word' id='word_1_397' title='bbox 1642 1592 1673 1619; x_wconf 88' lang='lat' dir='ltr'>et</span> <span class='ocrx_word' id='word_1_398' title='bbox 1702 1587 1844 1630; x_wconf 76' lang='lat' dir='ltr'>integros</span> <span class='ocrx_word' id='word_1_399' title='bbox 1870 1588 1915 1621; x_wconf 83' lang='lat' dir='ltr'>es-</span> 
     </span>
     <span class='ocr_line' id='line_1_76' title="bbox 1178 1640 1915 1680; baseline -0.001 -6"><span class='ocrx_word' id='word_1_400' title='bbox 1178 1643 1278 1675; x_wconf 78' lang='lat' dir='ltr'>sectus</span> <span class='ocrx_word' id='word_1_401' title='bbox 1302 1641 1409 1674; x_wconf 88' lang='lat' dir='ltr'>sortiri</span> <span class='ocrx_word' id='word_1_402' title='bbox 1437 1645 1468 1673; x_wconf 77' lang='lat' dir='ltr'>et</span> <span class='ocrx_word' id='word_1_403' title='bbox 1493 1640 1651 1680; x_wconf 86' lang='lat' dir='ltr'>obtinere,</span> <span class='ocrx_word' id='word_1_404' title='bbox 1678 1651 1715 1673; x_wconf 87' lang='lat' dir='ltr'>ac</span> <span class='ocrx_word' id='word_1_405' title='bbox 1740 1641 1779 1673; x_wconf 86' lang='lat' dir='ltr'>ab</span> <span class='ocrx_word' id='word_1_406' title='bbox 1811 1641 1915 1674; x_wconf 86' lang='lat' dir='ltr'>omni-</span> 
     </span>
     <span class='ocr_line' id='line_1_77' title="bbox 1176 1693 1916 1737; baseline -0.003 -10"><span class='ocrx_word' id='word_1_407' title='bbox 1176 1695 1235 1727; x_wconf 86' lang='lat' dir='ltr'>bus</span> <span class='ocrx_word' id='word_1_408' title='bbox 1260 1700 1291 1727; x_wconf 88' lang='lat' dir='ltr'>et</span> <span class='ocrx_word' id='word_1_409' title='bbox 1315 1694 1452 1737; x_wconf 76' lang='lat' dir='ltr'>singulis</span> <span class='ocrx_word' id='word_1_410' title='bbox 1476 1693 1612 1726; x_wconf 81' lang='lat' dir='ltr'>firmiter</span> <span class='ocrx_word' id='word_1_411' title='bbox 1637 1697 1730 1735; x_wconf 83' lang='lat' dir='ltr'>atque</span> <span class='ocrx_word' id='word_1_412' title='bbox 1747 1693 1916 1726; x_wconf 81' lang='lat' dir='ltr'>inviolabi-</span> 
     </span>
     <span class='ocr_line' id='line_1_78' title="bbox 1176 1746 1915 1789; baseline -0.003 -9"><span class='ocrx_word' id='word_1_413' title='bbox 1176 1748 1249 1781; x_wconf 89' lang='lat' dir='ltr'>liter</span> <span class='ocrx_word' id='word_1_414' title='bbox 1266 1747 1432 1780; x_wconf 87' lang='lat' dir='ltr'>observari</span> <span class='ocrx_word' id='word_1_415' title='bbox 1450 1751 1480 1779; x_wconf 93' lang='lat' dir='ltr'>et</span> <span class='ocrx_word' id='word_1_416' title='bbox 1498 1746 1669 1789; x_wconf 84' lang='lat' dir='ltr'>adimpleri</span> <span class='ocrx_word' id='word_1_417' title='bbox 1696 1746 1827 1786; x_wconf 87' lang='lat' dir='ltr'>debere,</span> <span class='ocrx_word' id='word_1_418' title='bbox 1854 1757 1915 1779; x_wconf 90' lang='lat' dir='ltr'>nee</span> 
     </span>
     <span class='ocr_line' id='line_1_79' title="bbox 1177 1799 1914 1841; baseline -0.004 -8"><span class='ocrx_word' id='word_1_419' title='bbox 1177 1801 1215 1833; x_wconf 87' lang='lat' dir='ltr'>ab</span> <span class='ocrx_word' id='word_1_420' title='bbox 1240 1800 1304 1832; x_wconf 91' lang='lat' dir='ltr'>illis</span> <span class='ocrx_word' id='word_1_421' title='bbox 1328 1800 1395 1832; x_wconf 92' lang='lat' dir='ltr'>ullo</span> <span class='ocrx_word' id='word_1_422' title='bbox 1427 1809 1570 1841; x_wconf 86' lang='lat' dir='ltr'>unquam</span> <span class='ocrx_word' id='word_1_423' title='bbox 1606 1803 1764 1841; x_wconf 83' lang='lat' dir='ltr'>ternpore,</span> <span class='ocrx_word' id='word_1_424' title='bbox 1803 1799 1914 1841; x_wconf 82' lang='lat' dir='ltr'>quovis</span> 
     </span>
     <span class='ocr_line' id='line_1_80' title="bbox 1176 1852 1914 1897; baseline 0 -12"><span class='ocrx_word' id='word_1_425' title='bbox 1176 1858 1354 1897; x_wconf 73' lang='lat' dir='ltr'>praetexta,</span> <span class='ocrx_word' id='word_1_426' title='bbox 1391 1852 1563 1885; x_wconf 85' lang='lat' dir='ltr'>occasione</span> <span class='ocrx_word' id='word_1_427' title='bbox 1599 1852 1648 1884; x_wconf 83' lang='lat' dir='ltr'>vel</span> <span class='ocrx_word' id='word_1_428' title='bbox 1678 1854 1772 1884; x_wconf 76' lang='lat' dir='ltr'>causa</span> <span class='ocrx_word' id='word_1_429' title='bbox 1807 1852 1914 1885; x_wconf 88' lang='lat' dir='ltr'>recedi</span> 
     </span>
     <span class='ocr_line' id='line_1_81' title="bbox 1176 1905 1914 1947; baseline -0.003 -9"><span class='ocrx_word' id='word_1_430' title='bbox 1176 1911 1229 1939; x_wconf 88' lang='lat' dir='ltr'>aut</span> <span class='ocrx_word' id='word_1_431' title='bbox 1254 1906 1385 1945; x_wconf 86' lang='lat' dir='ltr'>resiliri,</span> <span class='ocrx_word' id='word_1_432' title='bbox 1411 1905 1606 1947; x_wconf 83' lang='lat' dir='ltr'>easdemque</span> <span class='ocrx_word' id='word_1_433' title='bbox 1642 1910 1831 1947; x_wconf 85' lang='lat' dir='ltr'>praesentes</span> <span class='ocrx_word' id='word_1_434' title='bbox 1855 1905 1914 1937; x_wconf 87' lang='lat' dir='ltr'>sub</span> 
     </span>
     <span class='ocr_line' id='line_1_82' title="bbox 1176 1957 1916 2002; baseline -0.001 -11"><span class='ocrx_word' id='word_1_435' title='bbox 1176 1958 1340 2002; x_wconf 85' lang='lat' dir='ltr'>quibusvis</span> <span class='ocrx_word' id='word_1_436' title='bbox 1362 1958 1513 1990; x_wconf 89' lang='lat' dir='ltr'>similium</span> <span class='ocrx_word' id='word_1_437' title='bbox 1539 1963 1593 1989; x_wconf 85' lang='lat' dir='ltr'>aut</span> <span class='ocrx_word' id='word_1_438' title='bbox 1617 1957 1817 1990; x_wconf 86' lang='lat' dir='ltr'>dissimilium</span> <span class='ocrx_word' id='word_1_439' title='bbox 1845 1967 1916 1999; x_wconf 81' lang='lat' dir='ltr'>gra-</span> 
     </span>
     <span class='ocr_line' id='line_1_83' title="bbox 1176 2009 1914 2052; baseline -0.004 -8"><span class='ocrx_word' id='word_1_440' title='bbox 1176 2013 1292 2044; x_wconf 90' lang='lat' dir='ltr'>tiarum</span> <span class='ocrx_word' id='word_1_441' title='bbox 1328 2010 1601 2050; x_wconf 87' lang='lat' dir='ltr'>revocationibus,</span> <span class='ocrx_word' id='word_1_442' title='bbox 1634 2009 1914 2052; x_wconf 64' lang='lat' dir='ltr'>suspensionilnm,</span> 
     </span>
     <span class='ocr_line' id='line_1_84' title="bbox 1176 2061 1914 2104; baseline -0.003 -8"><span class='ocrx_word' id='word_1_443' title='bbox 1176 2062 1438 2102; x_wconf 70' lang='lat' dir='ltr'>limitationihuS,</span> <span class='ocrx_word' id='word_1_444' title='bbox 1476 2061 1742 2104; x_wconf 79' lang='lat' dir='ltr'>derogationibus</span> <span class='ocrx_word' id='word_1_445' title='bbox 1777 2066 1808 2094; x_wconf 89' lang='lat' dir='ltr'>et</span> <span class='ocrx_word' id='word_1_446' title='bbox 1843 2061 1914 2095; x_wconf 89' lang='lat' dir='ltr'>aliis</span> 
     </span>
     <span class='ocr_line' id='line_1_85' title="bbox 1175 2115 1915 2158; baseline -0.003 -9"><span class='ocrx_word' id='word_1_447' title='bbox 1175 2117 1345 2150; x_wconf 84' lang='lat' dir='ltr'>contrariis</span> <span class='ocrx_word' id='word_1_448' title='bbox 1371 2115 1653 2158; x_wconf 82' lang='lat' dir='ltr'>dispositionibus,</span> <span class='ocrx_word' id='word_1_449' title='bbox 1680 2120 1711 2148; x_wconf 89' lang='lat' dir='ltr'>et</span> <span class='ocrx_word' id='word_1_450' title='bbox 1735 2115 1830 2148; x_wconf 89' lang='lat' dir='ltr'>etiam</span> <span class='ocrx_word' id='word_1_451' title='bbox 1855 2125 1915 2158; x_wconf 91' lang='lat' dir='ltr'>per</span> 
     </span>
     <span class='ocr_line' id='line_1_86' title="bbox 1176 2167 1915 2202; baseline -0.004 0"><span class='ocrx_word' id='word_1_452' title='bbox 1176 2180 1235 2202; x_wconf 90' lang='lat' dir='ltr'>nos</span> <span class='ocrx_word' id='word_1_453' title='bbox 1271 2173 1303 2201; x_wconf 88' lang='lat' dir='ltr'>et</span> <span class='ocrx_word' id='word_1_454' title='bbox 1338 2177 1545 2200; x_wconf 87' lang='lat' dir='ltr'>successores</span> <span class='ocrx_word' id='word_1_455' title='bbox 1581 2171 1712 2200; x_wconf 81' lang='lat' dir='ltr'>nostros.</span> <span class='ocrx_word' id='word_1_456' title='bbox 1753 2167 1915 2200; x_wconf 86' lang='lat' dir='ltr'>Romanos</span> 
     </span>
     <span class='ocr_line' id='line_1_87' title="bbox 1175 2219 1916 2263; baseline -0.004 -9"><span class='ocrx_word' id='word_1_457' title='bbox 1175 2220 1346 2254; x_wconf 81' lang='lat' dir='ltr'>Pontifices</span> <span class='ocrx_word' id='word_1_458' title='bbox 1382 2230 1441 2263; x_wconf 88' lang='lat' dir='ltr'>pro</span> <span class='ocrx_word' id='word_1_459' title='bbox 1477 2225 1625 2262; x_wconf 85' lang='lat' dir='ltr'>ternpore</span> <span class='ocrx_word' id='word_1_460' title='bbox 1656 2219 1831 2252; x_wconf 83' lang='lat' dir='ltr'>existentes</span> <span class='ocrx_word' id='word_1_461' title='bbox 1861 2219 1916 2252; x_wconf 88' lang='lat' dir='ltr'>Se-</span> 
     </span>
     <span class='ocr_line' id='line_1_88' title="bbox 1176 2271 1915 2317; baseline -0.004 -11"><span class='ocrx_word' id='word_1_462' title='bbox 1176 2274 1312 2317; x_wconf 86' lang='lat' dir='ltr'>demque</span> <span class='ocrx_word' id='word_1_463' title='bbox 1337 2272 1545 2315; x_wconf 84' lang='lat' dir='ltr'>praedictam,</span> <span class='ocrx_word' id='word_1_464' title='bbox 1560 2271 1618 2304; x_wconf 90' lang='lat' dir='ltr'>sub</span> <span class='ocrx_word' id='word_1_465' title='bbox 1644 2271 1808 2314; x_wconf 77' lang='lat' dir='ltr'>quibusvis</span> <span class='ocrx_word' id='word_1_466' title='bbox 1826 2277 1915 2304; x_wconf 85' lang='lat' dir='ltr'>teno-</span> 
     </span>
     <span class='ocr_line' id='line_1_89' title="bbox 1176 2324 1915 2368; baseline -0.003 -10"><span class='ocrx_word' id='word_1_467' title='bbox 1176 2326 1265 2358; x_wconf 88' lang='lat' dir='ltr'>ribus</span> <span class='ocrx_word' id='word_1_468' title='bbox 1291 2331 1323 2358; x_wconf 89' lang='lat' dir='ltr'>et</span> <span class='ocrx_word' id='word_1_469' title='bbox 1347 2325 1467 2365; x_wconf 80' lang='lat' dir='ltr'>formis,</span> <span class='ocrx_word' id='word_1_470' title='bbox 1485 2330 1515 2358; x_wconf 91' lang='lat' dir='ltr'>et</span> <span class='ocrx_word' id='word_1_471' title='bbox 1540 2335 1612 2358; x_wconf 87' lang='lat' dir='ltr'>cum</span> <span class='ocrx_word' id='word_1_472' title='bbox 1638 2324 1803 2368; x_wconf 87' lang='lat' dir='ltr'>quibusvis</span> <span class='ocrx_word' id='word_1_473' title='bbox 1828 2325 1915 2357; x_wconf 65' lang='lat' dir='ltr'>clau-</span> 
     </span>
     <span class='ocr_line' id='line_1_90' title="bbox 1176 2377 1915 2422; baseline -0.004 -10"><span class='ocrx_word' id='word_1_474' title='bbox 1176 2379 1256 2412; x_wconf 89' lang='lat' dir='ltr'>sulis</span> <span class='ocrx_word' id='word_1_475' title='bbox 1277 2384 1309 2411; x_wconf 90' lang='lat' dir='ltr'>et</span> <span class='ocrx_word' id='word_1_476' title='bbox 1333 2379 1473 2412; x_wconf 88' lang='lat' dir='ltr'>decretis</span> <span class='ocrx_word' id='word_1_477' title='bbox 1490 2389 1551 2422; x_wconf 90' lang='lat' dir='ltr'>pro</span> <span class='ocrx_word' id='word_1_478' title='bbox 1575 2384 1719 2421; x_wconf 89' lang='lat' dir='ltr'>tempore</span> <span class='ocrx_word' id='word_1_479' title='bbox 1738 2377 1840 2417; x_wconf 85' lang='lat' dir='ltr'>sactis,</span> <span class='ocrx_word' id='word_1_480' title='bbox 1861 2378 1915 2409; x_wconf 91' lang='lat' dir='ltr'>mi-</span> 
     </span>
     <span class='ocr_line' id='line_1_91' title="bbox 1176 2430 1913 2474; baseline -0.003 -10"><span class='ocrx_word' id='word_1_481' title='bbox 1176 2432 1263 2465; x_wconf 89' lang='lat' dir='ltr'>nime</span> <span class='ocrx_word' id='word_1_482' title='bbox 1299 2431 1532 2474; x_wconf 86' lang='lat' dir='ltr'>comprehendi</span> <span class='ocrx_word' id='word_1_483' title='bbox 1566 2432 1615 2464; x_wconf 90' lang='lat' dir='ltr'>vel</span> <span class='ocrx_word' id='word_1_484' title='bbox 1651 2430 1820 2469; x_wconf 80' lang='lat' dir='ltr'>confundi,</span> <span class='ocrx_word' id='word_1_485' title='bbox 1857 2431 1913 2462; x_wconf 87' lang='lat' dir='ltr'>sed</span> 
     </span>
     <span class='ocr_line' id='line_1_92' title="bbox 1177 2481 1911 2527; baseline -0.005 -10"><span class='ocrx_word' id='word_1_486' title='bbox 1177 2495 1305 2527; x_wconf 88' lang='lat' dir='ltr'>semper</span> <span class='ocrx_word' id='word_1_487' title='bbox 1330 2490 1362 2516; x_wconf 94' lang='lat' dir='ltr'>et</span> <span class='ocrx_word' id='word_1_488' title='bbox 1386 2489 1546 2527; x_wconf 86' lang='lat' dir='ltr'>perpetuo</span> <span class='ocrx_word' id='word_1_489' title='bbox 1571 2484 1610 2515; x_wconf 84' lang='lat' dir='ltr'>ab</span> <span class='ocrx_word' id='word_1_490' title='bbox 1636 2482 1700 2515; x_wconf 90' lang='lat' dir='ltr'>illis</span> <span class='ocrx_word' id='word_1_491' title='bbox 1727 2481 1842 2524; x_wconf 80' lang='lat' dir='ltr'>excipi,</span> <span class='ocrx_word' id='word_1_492' title='bbox 1869 2487 1911 2522; x_wconf 89' lang='lat' dir='ltr'>et,</span> 
     </span>
     <span class='ocr_line' id='line_1_93' title="bbox 1177 2534 1915 2581; baseline -0.005 -11"><span class='ocrx_word' id='word_1_493' title='bbox 1177 2538 1303 2581; x_wconf 89' lang='lat' dir='ltr'>quoties</span> <span class='ocrx_word' id='word_1_494' title='bbox 1329 2537 1403 2570; x_wconf 87' lang='lat' dir='ltr'>illae</span> <span class='ocrx_word' id='word_1_495' title='bbox 1429 2535 1632 2574; x_wconf 77' lang='lat' dir='ltr'>einanabunt,</span> <span class='ocrx_word' id='word_1_496' title='bbox 1667 2534 1764 2567; x_wconf 86' lang='lat' dir='ltr'>toties</span> <span class='ocrx_word' id='word_1_497' title='bbox 1791 2535 1821 2566; x_wconf 93' lang='lat' dir='ltr'>in</span> <span class='ocrx_word' id='word_1_498' title='bbox 1854 2535 1915 2577; x_wconf 91' lang='lat' dir='ltr'>pri-</span> 
     </span>
     <span class='ocr_line' id='line_1_94' title="bbox 1177 2587 1916 2635; baseline -0.005 -12"><span class='ocrx_word' id='word_1_499' title='bbox 1177 2591 1294 2623; x_wconf 85' lang='lat' dir='ltr'>stinum</span> <span class='ocrx_word' id='word_1_500' title='bbox 1313 2595 1407 2635; x_wconf 81' lang='lat' dir='ltr'>atque</span> <span class='ocrx_word' id='word_1_501' title='bbox 1427 2587 1656 2621; x_wconf 84' lang='lat' dir='ltr'>validissimum</span> <span class='ocrx_word' id='word_1_502' title='bbox 1677 2592 1795 2620; x_wconf 82' lang='lat' dir='ltr'>statum</span> <span class='ocrx_word' id='word_1_503' title='bbox 1822 2589 1916 2620; x_wconf 89' lang='lat' dir='ltr'>resti-</span> 
     </span>
    </p>
   </div>
   <div class='ocr_carea' id='block_1_7' title="bbox 1923 0 2254 288">
    <p class='ocr_par' dir='ltr' id='par_1_8' title="bbox 1923 0 2254 288">
     <span class='ocr_line' id='line_1_95' title="bbox 1923 0 2254 288; baseline 0.006 -44"><span class='ocrx_word' id='word_1_504' title='bbox 1923 218 1971 245; x_wconf 75' lang='grc' dir='ltr'>ΛΠ.</span> <span class='ocrx_word' id='word_1_505' title='bbox 1994 219 2021 246; x_wconf 80' lang='lat' dir='ltr'>C.</span> <span class='ocrx_word' id='word_1_506' title='bbox 2041 220 2106 246; x_wconf 70' lang='grc'>1690</span> <span class='ocrx_word' id='word_1_507' title='bbox 2247 0 2254 288; x_wconf 74' lang='grc' dir='ltr'>Ι</span> 
     </span>
    </p>
   </div>
   <div class='ocr_carea' id='block_1_8' title="bbox 1950 1334 2069 1355">
    <p class='ocr_par' dir='ltr' id='par_1_9' title="bbox 1950 1334 2069 1355">
     <span class='ocr_line' id='line_1_96' title="bbox 1950 1334 2069 1355; baseline -0.008 -3"><span class='ocrx_word' id='word_1_508' title='bbox 1950 1334 2069 1355; x_wconf 66' lang='lat' dir='ltr'>Clausala..</span> 
     </span>
    </p>
   </div>
  </div>
 </body>
</html>
