2227 3225
111 223 161 249 Au.
181 221 210 248 C.
231 222 298 248 ¹090

889 219 1073 245 MENANDER
1100 223 1153 245 t'ltt
1178 223 1226 246 1³¹³.

304 270 384 303 licae
409 271 440 303 S.
460 271 576 303 Mariae
602 270 844 313 Transtyberim
867 270 1038 312 presbyter

303 323 476 355 cardinalis
510 324 548 355 de
586 323 717 355 Alteriis
749 322 778 354 S.
808 322 844 354 R.
873 322 907 354 E.
934 333 1037 354 came-

303 490 338 512 ex
365 487 454 523 parte
481 480 666 523 provinciae
698 480 729 514 S.
757 480 947 513 Catliarinae
978 480 1038 512 vir-

301 587 570 625 Occidentalibus‚
606 587 737 617 l'ratrum
763 586 1034 624 praedicatorum,

301 648 412 671 sacrae
437 637 685 680 Congregationi
711 637 1036 670 eminentissimorum

302 696 334 723 et
358 690 705 723 reverendissimorum
724 689 755 722 S.
776 690 812 721 R.
829 690 863 722 E.
891 690 1037 722 cardina-

300 743 379 775 lium
399 743 539 785 negotiis
554 747 583 774 et
601 741 895 774 consultationibus
915 742 1038 784 episco-

301 805 417 838 porum
437 800 468 827 et
486 794 683 836 regularium
700 795 962 837 praepositorum
981 805 1037 837 per

302 848 516 880 reverendum
543 852 667 890 patrem
692 847 881 889 magistrum
907 847 1035 880 fratrem

299 899 458 942 Ignatium
473 900 511 932 de
520 899 681 938 Quessada
692 899 779 932 illius
791 905 1035 942 procuratorem

301 958 332 985 et
357 952 562 985 definitorem
588 952 620 983 in
647 952 707 985 hac
725 951 814 985 curia
831 958 1035 994 praesentem

301 1005 482 1048 expositum
507 1004 617 1043 suerit,
643 1005 730 1047 quod
764 1015 799 1037 ex
825 1007 1034 1038 concessione

301 1057 493 1090 sanctissimi
523 1057 646 1089 domini
668 1057 767 1090 nostri
793 1057 972 1090 Innocentii
998 1058 1035 1090 XI

302 1114 333 1143 et
356 1109 576 1143 munificentia
600 1110 685 1152 regis
710 1111 859 1143 catholici
883 1110 987 1143 Caroli
1011 1111 1035 1143 ll

302 1162 476 1204 collegium
502 1162 534 1194 in
560 1162 645 1195 dicta
670 1163 797 1195 civitate
818 1162 960 1200 Onitensi
978 1163 1035 1194 suh
1054 1158 1056 1171 ³

301 1214 523 1246 moderamine
555 1214 716 1247 dictorum
749 1215 879 1247 fratrum
905 1209 1056 1248 Praedi-'

302 1272 446 1299 catorum
484 1276 660 1309 eorumque
692 1267 870 1309 regimine,
908 1273 939 1300 et
974 1269 1034 1299 sul)

301 1318 394 1351 titulo
420 1319 454 1350 B.
481 1318 687 1358 Ferdinandi,
712 1319 818 1352 Sancti
843 1320 1033 1362 nuncupati,

300 1381 372 1404 cum
397 1371 465 1403 iure
487 1375 517 1403 et
534 1368 704 1413 privilegio
722 1371 753 1403 in
772 1371 919 1404 omnibus
937 1372 1024 1404 scien

300 1424 352 1456 tiis
377 1434 596 1467 quoscumque
615 1423 782 1456 studentes
799 1425 978 1465 laureandi‚
999 1435 1036 1457 ac

300 1476 390 1516 aliis,
432 1476 549 1519 quibus
581 1476 805 1510 universitates
835 1478 966 1510 Limana
1004 1483 1035 1510 et

299 1529 462 1561 Mexicana
496 1528 672 1571 potiuntur,
703 1539 849 1572 quaeque
874 1530 944 1562 aliis
968 1532 1034 1563 col-

300 1581 394 1623 legiis
420 1582 622 1623 regularibus
653 1592 669 1613 a
699 1582 845 1624 praefato
876 1593 953 1625 rege
984 1594 1034 1615 ca-

301 1633 424 1666 tholico
458 1634 589 1677 suisque
626 1634 932 1677 praedecessoribus
961 1645 1032 1667 con·

300 1696 390 1718 cessa
421 1686 530 1726 suere,
558 1692 701 1718 erectum
727 1687 823 1719 suerit
847 1692 879 1720 et
906 1687 1034 1720 institu-

302 1744 382 1779 tum,
410 1749 467 1771 seu
499 1739 606 1772 verius
639 1740 677 1772 de
709 1740 855 1783 proximo
888 1741 968 1783 erigi
999 1752 1035 1774 ac

301 1791 424 1823 institui
452 1792 585 1831 debeat,
612 1798 706 1834 atque
732 1793 771 1825 ad
797 1793 876 1833 hoc,
906 1799 941 1826 ut
970 1795 1037 1826 sun-

302 1844 387 1877 datio
413 1844 597 1877 huiusmodi
625 1850 827 1887 sequeretur,
853 1856 888 1878 ac
910 1846 948 1878 ad
973 1857 1037 1879 mo·

302 1897 489 1929 deratorum
515 1897 601 1929 illius
627 1897 846 1930 universitatis
874 1904 1035 1931 sustenta-

302 1949 442 1990 tionem,
468 1955 645 1982 conventus
683 1950 712 1982 S.
753 1950 836 1982 Petri
870 1951 1032 1994 Martyris,

302 2002 449 2034 eiusdem
486 2002 622 2035 civitatis
657 2008 687 2034 et
711 2002 849 2042 Ordinis,
881 2004 1035 2046 quasdam

303 2055 418 2087 domos
443 2054 535 2087 simul
561 2054 666 2087 unitas
693 2060 724 2087 et
748 2055 826 2087 sitas
861 2056 893 2087 in
929 2058 1036 2099 platea

302 2107 334 2140 S.
372 2107 529 2140 Dominici
567 2108 712 2140 eiusdem
748 2107 902 2148 civitatis,
942 2119 1036 2151 quae-

303 2170 365 2202 que
391 2166 464 2192 sunt
497 2160 583 2192 dicto
612 2160 783 2192 conventui
817 2162 1059 2194 conterminae'

302 2211 439 2255 usque',
469 2213 529 2244 sub
551 2213 601 2244 die
627 2222 703 2245 xvut
729 2213 852 2254 augusti
878 2223 1058 2247 MDCLxxxi*

305 2265 391 2297 dicto
427 2265 564 2306 collegio
597 2265 764 2297 donaverit
796 2271 891 2307 atque
923 2272 1038 2299 contu—

303 2317 401 2356 lerit,
438 2326 473 2348 ac
498 2322 667 2359 praeterea
702 2322 767 2349 tres
792 2318 1037 2359 possessiones,

304 2379 360 2401 seu
385 2369 518 2411 praedia
543 2369 670 2401 stabilia
694 2369 731 2400 ad
764 2369 868 2411 ipsum
901 2380 1039 2403 conven-

305 2427 372 2454 tum
397 2421 585 2464 spectantia,
613 2421 672 2453 sita
693 2421 724 2453 in
741 2422 822 2454 valle
847 2422 1037 2463 Tocliache,

306 2474 393 2506 aliud
418 2474 450 2505 in
475 2475 556 2506 valle
580 2474 766 2517 Sangolqui,
792 2480 822 2507 et
851 2476 981 2508 tertium
1007 2477 1037 2509 in

306 2525 530 2558 iurisdictione
545 2527 584 2559 de
599 2527 694 2566 Loxa,
708 2533 739 2560 et
753 2528 835 2560 ultra
850 2528 931 2560 haec
945 2528 1038 2562 etiam

1081 380 1133 406 tur
1168 376 1351 418 inyem'um,
1384 378 1479 411 situm
1513 379 1544 411 in
1577 381 1657 412 valle
1688 381 1816 424 Pisque,

1079 434 1195 470 sponte
1234 429 1329 462 ctiam
1366 435 1397 462 et
1428 431 1530 463 libere
1563 435 1760 466 concesserit
1786 440 1818 467 et

1056 482 1301 523 ,assignaverit,
1332 489 1430 525 prout
1461 484 1492 515 in
1519 485 1687 528 scripturis
1714 492 1745 518 et
1769 487 1817 519 in-

302 533 385 575 ginis
418 540 448 566 et
480 533 628 576 martyris
660 534 699 565 de
731 533 846 571 Quuo,
875 533 905 565 in
939 533 1058 565 lndiis¹

1079 534 1267 566 strumentis
1306 535 1492 568 huiusmodi
1534 537 1743 570 donationum
1785 545 1817 572 et

1080 587 1327 619 concessionum
1350 588 1444 621 latius
1467 590 1661 630 continetur,
1676 591 1713 623 ad
1733 602 1815 634 quae

1080 638 1193 671 relatio
1212 639 1390 681 liabeatur3
1410 652 1446 674 ac
1464 642 1599 685 insuper
1612 643 1650 675 ad
1666 644 1816 676 eumdem

1080 690 1227 722 ell'ectum
1254 692 1430 734 capitulum
1456 694 1658 736 provinciale
1677 696 1816 729 celebra-

1080 748 1143 775 tum
1181 743 1211 776 in
1249 745 1335 777 dicto
1367 752 1529 779 conventu
1561 748 1593 780 S.
1627 748 1712 781 Petri
1745 748 1817 787 Qui-

1080 796 1161 829 tensi
1188 796 1239 829 die
1263 808 1302 830 xx
1327 799 1518 841 septembris
1542 810 1721 834 nnetxxxlv
1745 812 1818 844 spe-

1079 848 1149 881 ciali
1169 849 1300 882 decreto
1324 851 1534 893 applicaverit
1559 853 1815 896 quadringentos

1079 912 1202 935 annuos
1239 908 1414 945 patacones
1441 904 1472 936 in
1499 906 1535 937 ea
1561 907 1726 948 provincia
1751 908 1814 940 iam

1077 955 1204 998 pridem
1230 957 1269 988 ad
1295 957 1532 990 aedificandum
1566 959 1754 999 destinatos,
1781 965 1816 992 ut

1077 1009 1311 1041 constructioni
1349 1015 1380 1042 et
1405 1010 1544 1044 fabricae
1574 1011 1649 1044 dicti
1686 1013 1815 1055 collegii

1079 1061 1199 1093 tamdiu
1233 1061 1482 1104 impendantur,
1520 1064 1674 1106 quamdiu
1705 1064 1816 1097 aedifi·

1078 1113 1163 1145 cium
1188 1115 1385 1156 completum
1413 1115 1524 1155 suerit;
1543 1116 1728 1159 diversique
1754 1118 1816 1150 sra-

1078 1171 1141 1198 tres
1166 1166 1376 1208 particulares
1401 1167 1505 1199 dictae
1541 1168 1727 1210 provinciae
1760 1170 1815 1202 de-

1078 1218 1182 1260 posita
1217 1218 1351 1261 propria
1387 1220 1425 1252 ad
1461 1231 1555 1253 usum
1585 1228 1748 1255 reservata
1773 1223 1813 1256 de

1077 1270 1281 1312 superiorum
1302 1272 1442 1311 licentia,
1457 1278 1488 1305 et
1501 1275 1692 1316 praesertim
1711 1275 1813 1308 dictus

1077 1328 1171 1364 pater
1206 1324 1360 1365 magister
1391 1325 1429 1357 de
1454 1324 1617 1363 Ouessada
1649 1329 1813 1371 copiosam

1076 1375 1314 1407 bibliothecam
1340 1376 1371 1408 in
1397 1377 1525 1420 Europa
1551 1379 1589 1410 ab
1616 1390 1653 1412 eo
1680 1376 1812 1423 compa-

1077 1432 1188 1467 ratam,
1230 1429 1293 1459 una
1331 1439 1402 1461 eum
1428 1430 1574 1472 pluribus
1613 1431 1746 1474 picturis
1783 1438 1815 1465 et

1077 1480 1289 1520 ornamentis,
1327 1481 1432 1513 eidem
1467 1483 1607 1525 collegio
1638 1483 1815 1517 liberaliter

1077 1534 1244 1571 cesserint,
1270 1534 1422 1577 donoque
1444 1535 1664 1577 attribuerint3
1684 1537 1816 1570 horum-

1078 1595 1138 1628 que
1174 1586 1316 1618 omnium
1347 1591 1378 1618 et
1401 1586 1600 1629 singularum
1633 1590 1815 1622 concessio—

1077 1649 1152 1671 num
1173 1644 1204 1670 et
1221 1639 1432 1672 donationum
1458 1640 1735 1675 confirmationem
1754 1653 1813 1686 pro

1077 1691 1190 1723 maiori
1215 1691 1290 1723 dicti
1316 1692 1443 1734 collegii
1470 1693 1644 1727 securitate
1670 1700 1701 1727 et
1718 1695 1815 1727 abnn-

1078 1743 1215 1776 dantiori
1241 1745 1364 1777 cautela
1390 1755 1405 1776 a
1432 1745 1596 1787 praedicta
1621 1750 1711 1779 sacra
1735 1748 1815 1780 Con—

1078 1796 1268 1838 gregatione
1293 1797 1405 1829 eadem
1424 1797 1591 1840 provincia
1604 1810 1664 1841 per
1681 1810 1816 1842 praeno—

1078 1849 1233 1881 minatum
1266 1856 1510 1892 procuratorem
1537 1852 1629 1884 enixe
1655 1858 1686 1885 et
1712 1853 1817 1885 humi-

1078 1901 1153 1934 liter
1186 1903 1409 1944 postulaverit,
1444 1903 1580 1946 ipsaque
1613 1914 1703 1937 sacra
1735 1906 1816 1938 Con-

1079 1954 1234 1995 gregatim
1259 1954 1399 1996 benigne
1420 1957 1595 1988 annuendo
1617 1957 1736 1999 petitis,
1756 1959 1814 1990 sub

1080 2007 1130 2038 die
1156 2016 1208 2038 xiv
1232 2007 1416 2039 novembris
1440 2008 1514 2040 anni
1539 2009 1685 2051 proxime
1713 2011 1814 2054 elapsi

1079 2068 1262 2092 ninctxxxul
1281 2059 1375 2091 nobis
1394 2060 1597 2093 commiserit
1613 2067 1648 2094 ut
1672 2073 1733 2105 pro
1757 2074 1815 2095 no-

1080 2116 1147 2143 stro
1180 2111 1314 2144 arbitrio
1346 2117 1377 2144 et
1404 2113 1576 2154 prudentia
1604 2120 1816 2148 statueremus

1080 2173 1160 2205 quae
1186 2164 1271 2196 circa
1296 2165 1475 2207 praemissa
1501 2166 1531 2197 in
1557 2166 1694 2200 Domino
1719 2179 1816 2211 expe—

1080 2216 1148 2247 dire
1186 2226 1410 2249 censeremus:
1445 2228 1503 2250 nos
1528 2218 1641 2260 igitur,
1668 2221 1816 2254 conside-

1079 2273 1187 2301 rantes
1205 2268 1389 2302 huiusmodi
1411 2270 1640 2304 concessiones
1656 2272 1816 2306 bonorum

1080 2321 1196 2353 cedere
1221 2321 1254 2353 in
1278 2322 1433 2354 maiorem
1459 2323 1621 2356 Ecclesiae
1643 2324 1816 2358 utilitatem

1082 2378 1114 2404 et
1148 2372 1294 2405 eiusdem
1330 2373 1459 2407 Ordinis
1485 2375 1618 2408 fratrum
1649 2377 1817 2410 Praedica-

1082 2431 1186 2458 torum
1219 2426 1390 2466 decorem,
1429 2438 1465 2460 ac
1501 2439 1607 2471 neque
1641 2431 1815 2462 conventui

1082 2483 1114 2509 et
1137 2477 1321 2519 provinciae
1344 2479 1453 2511 oneris
1477 2481 1527 2512 vel
1549 2481 1709 2524 dispendii
1740 2483 1815 2516 inde

1082 2530 1216 2561 multum
1240 2530 1329 2569 oriri,
1356 2531 1559 2564 inhaerendo
1584 2539 1758 2575 propterea
1776 2535 1816 2566 sa-

344 2587 355 2614 1
376 2586 433 2615 Vox
448 2595 533 2621 usque
549 2591 655 2622 praeter
669 2595 727 2614 rem
742 2595 802 2615 esse
817 2588 923 2616 videtur
937 2592 974 2624 (a.
990 2590 1039 2625 in).
1060 2602 1063 2622 ι
1083 2582 1193 2615 cultati
1218 2593 1235 2615 a
1252 2585 1340 2615 sacra
1361 2583 1618 2627 Congregatione
1635 2586 1817 2628 specialiter

1711 216 1773 252 ΜΟ
1822 230 1871 257 An.
1889 230 1917 257 c.
1941 232 2009 259 1690

1057 270 1253 312 tpistrinum
1289 272 1326 303 ad
1364 283 1458 305 usum
1497 276 1615 307 saccari
1648 287 1719 309 cum
1750 279 1815 310 suis

1057 315 1301 364 ipertinentiis,
1330 326 1414 367 quod
1455 327 1619 368 hispanice
1651 339 1817 372 nuncupa-

302 375 417 414 rarius,
442 386 477 407 ac
505 375 600 408 totius
626 375 754 408 Ordinis
775 375 1036 407 Praedicatorum
1057 380 1058 391 ¹

303 428 386 470 apud
418 428 565 460 Sanctam
605 427 720 460 Sedem
754 432 932 470 protector.
960 427 1058 459 Cum*
