2227 3225
124 244 173 270 An.
194 243 223 271 C.
241 243 304 271 tout

893 241 1099 265 tNNOCENTIt's

316 297 417 325 torem
454 291 509 335 (ut
544 290 758 334 praedicitur)
795 290 947 330 institui,
985 300 1050 322 non

316 345 443 387 possint
466 344 601 388 praefati
622 344 730 376 vicarii
762 344 933 386 generales
961 343 1050 376 illum

318 397 441 440 eligere
466 397 526 430 nisi
541 398 641 430 virum
659 397 851 430 auctoritate
872 402 904 429 et
927 397 1052 429 matura

317 450 512 484 discretione
537 451 731 494 praeditum,
758 456 852 493 atque
878 449 977 492 gradu
996 450 1053 482 sal-

318 508 382 537 tem
428 509 693 547 praesentaturae
720 502 941 546 insignitum.
988 501 1053 535 Nec

317 556 394 590 item
420 558 547 590 valeant
571 557 758 590 huiusmodi
799 557 962 596 osticium,
999 560 1054 588 aut

318 610 486 653 quodlibet
504 611 600 650 aliud,
621 611 684 643 sive
710 609 911 652 dignitatem,
936 609 984 641 vel
1001 608 1054 641 ad-

318 662 587 696 ministrationem
613 668 644 696 et
676 664 836 696 honorem
870 661 936 694 suis
971 671 1050 695 con-

319 716 402 749 ferre
437 716 554 756 sociis,
594 722 646 749 aut
684 716 755 749 aliis
795 715 1053 758 quibuscumque

319 768 469 801 fratribus
493 769 702 812 alienigenis,
734 767 859 801 etiamsi
891 768 924 800 in
963 767 1054 800 dions

318 822 495 864 provinciis
528 822 588 854 iam
611 821 786 864 adoptione
804 821 977 864 gaudeant,
994 820 1054 853 nisi

319 879 453 916 peracto
479 879 511 906 et
534 874 710 917 adimpleto
731 874 858 916 integro
875 873 1055 917 quinquen-

319 927 371 960 nio
397 938 414 959 a
439 926 490 959 die
515 927 699 970 adoptionis
724 927 865 960 illorum.

362 990 406 1014 xi.
427 979 506 1014 Cum
525 986 642 1021 autem,
660 991 720 1024 per
736 991 770 1014 se
787 981 837 1014 vel
855 980 963 1019 alium,
981 990 1055 1024 pro·
1074 950 1078 1000 l

317 1034 455 1066 vinciam
482 1034 623 1077 aliquam
647 1033 869 1074 visitaverint,
895 1044 959 1066 non
984 1007 1079 1076 pos-¹

318 1092 395 1119 sunt
419 1087 458 1120 ad
483 1097 516 1120 se
541 1097 691 1120 revocare
708 1087 824 1120 fratres
841 1087 1055 1120 doctrinarios

319 1140 359 1173 ad
384 1140 601 1173 visitationem
626 1146 715 1173 extra
739 1151 829 1173 suam
859 1140 1053 1180 doctrinam,

319 1204 379 1226 nec
405 1193 466 1236 ipsi
492 1194 534 1226 ita
559 1194 661 1226 vocati
688 1199 840 1227 tenentur
864 1193 973 1233 adire,
999 1193 1055 1226 sed

320 1246 352 1279 in
377 1246 501 1279 eisdem
527 1246 682 1279 doctrinis
708 1246 827 1279 debent
857 1246 1078 1289 praedictam.

318 1299 534 1332 visitationem
553 1299 718 1342 suscipere
736 1305 766 1332 et
783 1299 940 1332 rationem
965 1309 1055 1342 prae·
1075 1289 1078 1304 '

320 1352 391 1385 satis
412 1352 536 1385 vicariis
561 1352 770 1394 generalibus
799 1358 851 1383 aut
877 1362 988 1385 eornm
1013 1307 1080 1410 νὺ)

320 1405 508 1438 sitatoribus
549 1405 687 1437 reddere
711 1432 718 1444 ‚
754 1414 860 1447 neque
901 1404 939 1437 ab
979 1404 1078 1447 ipsisi

319 1458 439 1501 privari
464 1462 620 1501 poterunt
645 1463 676 1490 ct
696 1468 711 1489 a
730 1457 884 1490 doctrinis
901 1458 1054 1497 amoveri,
1073 1451 1077 1506 ξ

321 1517 382 1543 tam
408 1515 499 1543 extra
524 1521 619 1553 qnam
646 1509 729 1542 intra
748 1510 978 1550 visitationem,
994 1511 1054 1543 nisi
1075 1550 1076 1555 ¹

319 1564 450 1607 praevia
485 1563 657 1597 iustissima
683 1566 801 1603 cansa,
838 1569 870 1596 et
905 1567 941 1597 ea
967 1566 1076 1608 prius¹

320 1619 389 1649 acta
414 1616 560 1649 iuridice.
585 1615 701 1649 Caveat
727 1620 830 1649 lamen
849 1616 984 1650 vicarius
1005 1629 1056 1660 ge-

321 1669 440 1703 neralis
457 1695 464 1708 ‚
492 1680 532 1702 ne
554 1679 694 1712 unquam
720 1669 934 1703 docti-issarius
959 1682 976 1703 a
1000 1674 1055 1704 sna

321 1722 464 1756 doctrina
484 1722 626 1762 recedat,
653 1732 754 1765 usque
780 1722 855 1755 dum
886 1733 1056 1757 successor

321 1776 483 1808 adveniat.

364 1838 419 1861 xu.
447 1828 596 1866 Quamvis
623 1828 807 1862 huiusmodi
831 1830 939 1863 vicarii
961 1841 1057 1873 gene-

320 1883 405 1915 rales
421 1881 545 1924 possint
559 1881 759 1922 confirmare,
775 1888 810 1915 ut
826 1884 1056 1926 praemittitur,

321 1941 353 1968 ct
388 1935 558 1968 annullare
594 1935 736 1978 capitula
774 1937 987 1979 provincialia
1025 1944 1057 1971 et

321 1988 559 2031 provinciarum
602 1988 778 2022 electiones
812 2000 894 2033 quae
925 1990 1057 2024 veniunt

321 2042 361 2074 sle
386 2041 453 2074 inre
479 2041 650 2080 cassanda,
674 2041 806 2074 minime
832 2048 938 2075 tamen
964 2049 1057 2086 pote—

320 2099 394 2127 runt
419 2094 457 2127 ad
484 2093 568 2127 hanc
594 2094 846 2127 declarationem
877 2095 909 2127 in
935 2095 1055 2130 iudicio

319 2148 508 2191 procedere,
533 2157 594 2180 nec
618 2148 771 2180 similiter
791 2148 821 2180 in
840 2149 911 2182 aliis
928 2150 1056 2183 casibus

319 2200 521 2244 suspendere
539 2201 588 2233 vel
606 2200 731 2243 privare
750 2201 975 2243 provinciales,
995 2203 1055 2235 nisi

320 2263 380 2295 per
404 2263 437 2285 se
464 2258 595 2292 tantum,
612 2259 643 2285 et
669 2263 731 2285 non
757 2264 816 2296 per
839 2254 1053 2295 visitatorem,

322 2312 354 2339 et
377 2306 511 2349 quidem
539 2306 672 2349 praevia
697 2309 793 2339 eausa
823 2307 988 2349 legitima,
1017 2310 1055 2342 de

320 2359 391 2392 iure
415 2360 486 2391 acta
510 2363 541 2391 et
565 2360 715 2391 conclusa
741 2359 771 2391 in
792 2360 862 2403 ipsa
881 2360 1054 2403 provincia,

321 2411 538 2455 provinciales
561 2411 717 2455 pr1vandi‚
743 2417 798 2445 aut
822 2414 1055 2456 suspendendi,

321 2464 385 2496 sive
401 2464 438 2496 ad
454 2463 611 2497 electione
626 2465 828 2498 exturbandi.
845 2465 929 2503 Quae
949 2467 1056 2499 omnia

323 2517 370 2549 sie
399 2516 456 2548 rite
489 2516 653 2560 implenda
685 2523 716 2550 et
748 2519 905 2551 actitanda
939 2519 1057 2561 praeei-

323 2569 445 2612 pimus,
470 2574 505 2601 ut
529 2570 679 2602 videlicet
702 2571 839 2614 privatio
873 2578 904 2604 et
935 2573 1054 2605 annul-

324 2623 402 2660 latio
429 2622 596 2656 electionis
623 2623 779 2656 dictornm
809 2625 1054 2668 provincialium

1125 241 1169 264 xn
1194 242 1241 265 rr.
1722 235 1786 269 {tta

1095 300 1226 333 semper
1250 290 1302 322 liat
1317 291 1355 322 de
1374 300 1535 322 consensu
1554 296 1584 323 et
1602 302 1733 324 assensu
1754 303 1829 336 qna-

1096 348 1166 375 tnor
1201 344 1417 386 praelatorum
1449 354 1506 375 sen
1533 344 1737 378 delinitornni
1763 347 1830 379 eius

1094 396 1289 439 provinciae,
1312 396 1366 428 ubi
1385 397 1488 429 dictos
1508 397 1643 430 vicarios
1662 401 1832 440 generales

1095 449 1209 482 adesse
1242 449 1439 492 contigerit;
1476 451 1646 494 suspensio
1680 462 1755 484 vero
1793 453 1832 485 de

1096 502 1232 534 duorum
1254 502 1418 535 dumtaxat
1434 513 1579 543 assensu,
1596 509 1627 536 et
1644 514 1708 537 non
1724 506 1829 539 aliter.

1138 565 1206 588 xni.
1233 554 1430 588 Sententiam
1450 566 1542 597 vero,
1561 557 1620 589 sub
1646 557 1705 590 liae
1731 558 1831 591 fornia

1097 617 1113 639 a
1137 607 1310 649 praedictis
1333 607 1456 640 vicariis
1475 614 1507 641 et
1523 610 1676 651 praelatis
1699 621 1754 643 seu
1781 612 1831 643 de-

1097 659 1279 693 finitoribus
1305 661 1415 701 latam,
1441 662 1575 704 plenum
1595 662 1741 696 ell'cctum
1759 674 1830 697 sor-

1098 713 1149 745 tiri
1185 714 1411 755 decernimus,
1439 716 1583 758 qnalibet
1609 717 1829 760 appellatione

1096 767 1293 809 postposita;
1313 772 1353 807 et,
1372 777 1411 800 ne
1433 768 1598 810 provincia
1618 776 1746 802 maneat
1771 782 1827 803 or·

1095 819 1169 851 bata
1193 820 1350 861 praesule,
1372 820 1525 854 continuo
1546 832 1616 854 cnm
1634 822 1755 855 eisdem
1777 825 1832 856 de-

1096 872 1279 905 finitoribus
1306 874 1353 906 vcl
1379 874 1550 916 praelatis,
1578 886 1613 907 ac
1638 876 1676 908 de
1703 877 1831 909 illorum

1097 936 1230 958 assensn
1257 930 1288 958 et
1312 936 1483 967 consensu,
1510 927 1688 972 eademque
1715 930 1828 968 forma,

1097 990 1159 1022 qna
1186 979 1418 1022 provincialem
1450 982 1660 1023 suspenderit
1691 989 1744 1015 ant
1778 984 1834 1016 de-

1097 1032 1257 1075 posuerit,
1283 1033 1333 1065 vel
1365 1033 1433 1066 eins
1462 1034 1655 1067 electionem
1691 1038 1834 1070 annulla-

1099 1085 1191 1125 verit,
1210 1085 1363 1118 vicarium
1381 1086 1611 1129 provincialem
1630 1099 1689 1132 pro
1708 1100 1746 1123 eo
1761 1091 1832 1123 sub-

1098 1138 1218 1170 stitnat.

1141 1203 1203 1225 Xiv.
1230 1192 1307 1224 Cum
1341 1197 1447 1225 autem
1479 1193 1596 1227 electio
1628 1194 1834 1237 provincialis

1098 1252 1171 1289 post
1195 1246 1337 1278 triduum
1364 1246 1402 1278 ab
1427 1249 1545 1279 aurora
1577 1248 1702 1280 sabbati
1728 1250 1836 1283 adhuc

1098 1299 1293 1332 discordiam
1320 1299 1451 1342 patitur,
1482 1299 1559 1332 itant
1583 1301 1743 1334 electores
1769 1314 1836 1336 non

1097 1351 1299 1391 conveniant,
1326 1352 1387 1389 vel,
1417 1350 1442 1383 si
1470 1353 1672 1394 conveniant,
1699 1365 1763 1387 non
1795 1356 1836 1387 sit

1097 1405 1214 1438 electio
1239 1405 1406 1444 canonica,
1441 1409 1517 1437 tunc
1540 1406 1579 1438 ad
1605 1408 1711 1440 solum
1736 1410 1837 1451 magi-

1097 1464 1207 1496 strum,
1227 1463 1262 1489 ut
1280 1458 1425 1500 reliquas
1444 1468 1556 1491 omnes
1575 1459 1605 1491 in
1632 1466 1699 1493 toto
1715 1461 1836 1495 Ordine

1097 1511 1230 1550 similes,
1253 1511 1487 1544 devolvendam
1520 1523 1588 1545 esse
1614 1514 1834 1549 decernimus.

1098 1564 1176 1608 ipsis
1204 1570 1310 1596 tamen
1336 1564 1477 1605 vicariis,
1498 1575 1624 1598 necnon
1650 1568 1838 1610 praesiden-

1098 1618 1181 1649 tibus
1207 1618 1278 1650 loco
1304 1617 1435 1650 illorum
1461 1619 1682 1657 concedimus,
1701 1626 1735 1652 ut
1760 1621 1837 1654 inte-

1097 1681 1150 1703 rea
1177 1681 1234 1713 per
1259 1681 1292 1703 se
1318 1672 1404 1703 solos
1428 1669 1578 1703 vicarium
1605 1674 1837 1715 provincialem

1097 1724 1292 1756 substituant
1330 1724 1394 1763 (ne
1420 1724 1587 1766 provincia
1614 1732 1743 1758 maneat.
1766 1727 1836 1759 sine

1097 1777 1289 1820 praesule),
1313 1782 1343 1808 et
1373 1786 1444 1808 cnm
1477 1786 1516 1809 eo
1546 1777 1671 1819 reliqua
1703 1779 1836 1822 capituli

1097 1837 1167 1863 acta
1193 1831 1388 1872 persolvant.
1407 1829 1438 1862 Si
1464 1839 1540 1862 vero
1566 1830 1598 1862 in
1624 1831 1837 1865 electionibus

1096 1884 1298 1926 reliquorum
1335 1882 1526 1921 officiorum,
1565 1894 1648 1926 qnae
1686 1884 1768 1917 fiunt
1804 1886 1835 1918 in

1097 1937 1281 1970 definitorio
1307 1942 1337 1968 et
1362 1936 1516 1979 capitulo,
1541 1948 1634 1970 casus
1654 1938 1836 1971 devolutio-

1097 1990 1145 2022 nis
1172 1989 1331 2029 eveniant,
1358 1999 1439 2031 quos
1466 1989 1543 2021 alibi
1570 1990 1724 2032 magistro
1749 2002 1838 2034 prae-

1097 2043 1214 2075 sidenti
1234 2043 1381 2075 absolute
1400 2043 1600 2084 subiicinius,
1614 2043 1691 2086 ipsis
1707 2055 1836 2089 quoqne

1096 2095 1223 2129 vicariis
1258 2095 1487 2137 generalibus,
1523 2105 1579 2128 seu
1616 2107 1726 2129 corum
1764 2099 1836 2132 loco

1096 2149 1355 2192 praesidentibus
1377 2148 1628 2190 quomodolibet
1656 2150 1723 2183 sine
1745 2153 1835 2184 resti-

1097 2202 1222 2234 tutione
1243 2206 1315 2244 post
1338 2207 1476 2244 quatuor
1500 2202 1655 2234 scrutinia
1691 2205 1838 2236 commit-

1099 2255 1202 2294 timus,
1229 2260 1264 2286 ut
1295 2254 1327 2286 in
1358 2254 1418 2286 hac
1450 2254 1658 2288 distinctione
1695 2267 1766 2300 cap.
1792 2268 1837 2291 vn

1098 2308 1343 2341 declaravimus.

1141 2371 1192 2394 xv.
1219 2360 1365 2393 Obeunte
1383 2361 1573 2404 provinciali
1593 2362 1715 2405 absque
1736 2365 1839 2396 nomi-

1099 2416 1233 2447 natione
1259 2414 1370 2447 vicarii
1395 2414 1613 2457 provincialis,
1648 2426 1713 2448 non
1744 2416 1839 2449 liceat

1099 2468 1231 2500 omnino
1268 2467 1441 2510 praedictis
1470 2467 1596 2500 vicariis
1632 2469 1838 2509 generalibus

1099 2521 1252 2553 vicariurn
1279 2520 1512 2563 provincialem
1540 2520 1672 2562 eligere,
1692 2523 1747 2554 sed
1767 2533 1838 2554 snc-

1099 2573 1191 2605 cedat
1227 2573 1472 2605 commendator
1508 2574 1621 2605 doinus
1655 2574 1838 2616 capitularis

1076 2655 1079 2661 ,
1101 2627 1152 2657 ubi
1174 2632 1293 2659 statuta
1319 2633 1366 2658 est
1390 2627 1537 2670 proxima
1562 2626 1740 2659 celebratio
1765 2638 1839 2671 pro-

1834 245 1882 271 itu,
1901 245 1929 271 C.
1957 245 2016 273 tent
