2254 3225
268 209 317 236 Λη.
334 209 363 236 c,
387 208 449 236 1691
499 199 563 234 350

1034 211 1210 235 BULLARIUM

461 258 491 289 Si
520 263 629 291 tamen
646 258 729 293 iusta
747 259 785 292 de
811 259 904 292 cansa
929 259 1000 303 quis
1026 259 1194 292 renuncia-

457 311 549 352 verit,
576 313 648 345 loco
673 312 761 345 illius
786 312 968 345 nominatus
993 323 1069 345 vore
1097 312 1127 345 in
1150 322 1197 344 ca-

458 364 564 408 pitulo
590 375 657 398 non
682 365 829 407 gaudeat.

502 428 532 450 v.
558 417 602 450 Ex
616 418 781 451 vocalibus
795 422 901 450 antem
920 417 1073 460 praefatis
1092 417 1195 449 solum
1215 381 1218 451 l

458 476 566 514 patres
590 471 787 514 provinciae,
809 470 965 513 magistri,
983 476 1014 503 et
1037 480 1197 502 commen·
1215 453 1217 512 j'

1214 261 1219 273 t

1236 211 1388 235 noiiimuii
1410 194 1416 199 ’

1282 270 1350 292 viii.
1368 258 1559 291 Definitores
1570 257 1755 301 provinciae
1771 257 1972 290 debentesse

1238 311 1336 353 gradu
1362 310 1536 353 magisterii
1557 311 1607 343 vel
1632 314 1899 353 praesentaturae
1927 308 1974 340 in-

1237 364 1364 407 signiti,
1385 362 1434 397 ve'l
1459 364 1496 397 ad
1516 363 1620 396 minus
1646 363 1835 406 antiquitate
1861 361 1972 403 viginti

1238 427 1396 450 annorum
1412 427 1429 449 a
1442 416 1648 459 professione
1662 420 1878 459 praestantes.
1894 413 1974 452 Quo-

1238 469 1330 509 circa,
1345 474 1380 501 ut
1396 469 1506 502 nullus
1520 479 1654 512 serpere
1667 467 1771 512 possit
1783 478 1886 508 error,
1899 465 1972 500 iain¹

1969 204 2023 234 An.
2040 208 2069 235 C.
2093 209 2160 235 1691

460 524 552 556 dator
577 524 692 556 domus
717 523 902 566 capitularis
933 523 1115 565 provinciae
1140 515 1216 564 p0,1
1237 521 1464 564 antiquitatem
1493 521 1696 565 probandam
1732 522 1799 554 fore
1827 520 1974 554 decerni-

460 581 570 609 terunt
593 586 702 609 secum
733 586 832 608 unum
867 575 989 609 socium
1021 575 1194 607 adducere.
1238 584 1308 606 inus
1332 585 1391 617 per
1409 574 1629 607 authenticum
1648 574 1867 607 testimonium
1884 573 1973 607 omni

460 629 539 662 Cum
564 634 671 662 autem
696 630 822 662 vocales
853 628 892 661 ad
926 628 1057 671 capituli
1089 629 1195 660 locum
1238 626 1298 659 fide
1318 632 1349 659 et
1366 627 1444 659 iuris
1469 627 1660 660 auctoritate
1679 627 1887 659 roboratum:
1912 633 1974 659 sta-

459 683 667 722 accesserint,
685 683 790 715 statim
815 693 848 715 se
868 682 898 714 in
921 682 1049 714 domuin
1076 682 1196 724 capitu-
1239 685 1367 713 tuentes
1389 680 1532 723 insuper,
1548 680 1607 713 suh
1622 681 1735 713 eadem
1754 680 1911 720 nullitate,
1929 685 1972 720 ut,

460 735 560 768 larem
584 735 755 778 recipiant,
776 745 839 767 non
866 735 950 767 enim
977 745 1031 767 eos
1055 734 1216 778 patimur¹

459 798 519 830 per
544 787 720 820 diversoria
736 788 863 830 vagari3
885 787 928 819 ita
949 793 1053 819 tamen
1073 792 1105 819 iit
1123 793 1195 819 ante
1215 781 1217 818 l

460 840 712 873 celebrationem
744 840 875 883 capituli
903 851 966 872 non
992 841 1030 872 de
1056 831 1217 880 eonvens¹

461 898 511 925 tus
538 893 701 935 expensis,
721 893 775 925 sed
803 893 840 925 de
867 893 933 925 suis
958 892 1081 925 viaticis
1107 884 1216 924 aian-t

462 951 524 978 tur.
544 945 812 986 Caveantautem,
831 946 889 978 sub
914 948 1018 989 poena
1042 945 1195 988 gravioris

461 999 585 1040 culpae,
603 1009 641 1030 ne
655 998 701 1030 sic
718 999 859 1031 audeant
874 1009 1057 1041 properare,
1072 1004 1107 1030 nt
1123 1004 1195 1031 ante

462 1056 527 1083 tres
553 1051 621 1083 dies
658 1051 789 1083 domimi
825 1051 1036 1094 capitularem
1069 1050 1216 1093 ingredi,

461 1104 690 1146 praeveniant,
719 1103 779 1135 nisi
811 1104 850 1136 de
884 1103 1013 1136 licentia
1050 1103 1194 1146 magistri

462 1157 621 1198 generalis
648 1162 700 1188 ant
725 1156 945 1199 provincialis.

504 1219 546 1242 vi.
574 1209 604 1241 Si
632 1220 708 1242 vero
733 1209 977 1242 commendator
1001 1209 1116 1252 aliquis
1141 1209 1196 1241 im-

461 1262 588 1305 peditus
624 1262 722 1294 fuerit
758 1262 929 1305 quominus
954 1263 992 1295 ad
1018 1262 1194 1305 capitulum

460 1315 594 1355 veniat¹‚
615 1316 744 1348 fratrem
763 1315 867 1347 mittat
883 1321 937 1347 ant
955 1316 1106 1347 nuncium
1125 1326 1194 1348 cuin
1213 1314 1216 1340 ἶ

463 1367 578 1402 litteris
605 1379 733 1401 eausam
760 1373 790 1400 et
818 1373 934 1400 statum
957 1369 1070 1400 domus
1096 1369 1215 1408 conti-¹

462 1419 630 1460 nentibns3
650 1421 856 1463 provincialis
875 1431 961 1461 vero,
980 1426 1032 1452 ant
1056 1421 1193 1453 vicarius

462 1473 689 1516 provincialis,
716 1474 764 1506 vel
798 1474 964 1512 visitator,
989 1474 1109 1517 scripto
1140 1485 1192 1505 seii

462 1527 561 1558 verbo
587 1527 730 1563 accedat,
748 1536 879 1569 semper
896 1526 1068 1559 instructus
1088 1527 1125 1558 de
1145 1527 1194 1558 liis

461 1589 542 1621 qnae
572 1579 604 1611 in
629 1590 685 1612 sno
704 1579 859 1621 regimine
875 1585 927 1611 ant
944 1579 1123 1611 visitatione
1146 1590 1195 1611 re·
1214 1620 1216 1626 k

461 1631 601 1674 liquerit,
620 1633 669 1664 vel
687 1631 784 1674 digna
813 1632 974 1664 invenerit
991 1631 1194 1675 providentia

461 1685 607 1728 capituli.

504 1747 560 1770 vii.
587 1737 677 1770 Circa
696 1747 751 1770 eos
770 1737 822 1780 qni
841 1738 872 1770 in
895 1737 1044 1770 omnibns
1065 1739 1194 1771 electio-

460 1790 556 1822 nibus
574 1790 707 1833 eapituli
734 1790 938 1833 provincialis
956 1801 1032 1823 voce
1055 1792 1195 1833 gaudent
1213 1814 1215 1832 ‚=

460 1842 596 1884 passiva,
628 1844 687 1875 snb
713 1843 882 1875 electionis
906 1844 1053 1876 nullitate
1078 1845 1214 1876 censii-1

461 1895 590 1935 tnimiis,
609 1901 652 1935 iit,
672 1896 724 1938 qui
751 1895 920 1938 eligendus
946 1897 987 1928 sit
1011 1897 1041 1928 in
1064 1897 1194 1939 provin·
1213 1907 1215 1947 t

460 1948 585 1988 cialein,
607 1949 703 1981 debet
723 1959 793 1981 esse
819 1948 915 1982 totius
938 1949 1127 1992 disciplinae
1151 1961 1193 1983 ie·
1212 1953 1214 2004 1ἶ

1211 2045 1214 2059 i

460 2002 581 2043 gularis
603 2006 745 2040 amator,
774 2001 928 2044 providus
950 2007 982 2034 et
1014 2003 1191 2042 discretus,
1212 2035 1214 2037 ,

459 2065 495 2087 ac
516 2054 694 2087 litterarum
723 2060 912 2087 ornamento
938 2056 1138 2098 conspicans,
1156 2056 1192 2088 si<

459 2109 590 2150 mulque
608 2107 761 2150 magister
785 2109 833 2140 vel
859 2114 1085 2150 praesentatus
1107 2109 1192 2142 illius
1211 2112 1213 2140 t

458 2160 656 2202 provinciae,
670 2161 748 2192 etab
766 2162 802 2193 esi
819 2161 986 2200 admissus,
1005 2161 1191 2194 duodecim-

458 2223 519 2256 que
537 2214 649 2245 saltem
668 2223 767 2246 annos
785 2224 801 2245 a
819 2214 1022 2256 professione
1041 2214 1188 2257 adeptus,
1211 2243 1212 2248 ,

457 2266 579 2299 Deinde
605 2265 821 2305 decernimus,
839 2272 881 2305 ut,
897 2267 951 2309 qui
977 2266 1036 2298 iani
1062 2267 1191 2309 provin-

458 2317 547 2351 cialis
565 2318 713 2359 extiterit,
732 2323 785 2350 aut
802 2318 895 2350 etiam
913 2319 1044 2351 vicarius
1063 2319 1191 2362 provin-

457 2371 546 2404 cialis
566 2371 597 2403 in
616 2371 718 2414 capite
738 2381 795 2413 per
813 2371 892 2403 dnos
911 2371 1052 2413 integros
1074 2382 1186 2411 annos,

457 2435 522 2457 non
547 2429 652 2467 potest
678 2423 752 2465 eligi
788 2423 818 2455 in
852 2423 1102 2466 provincialem,
1129 2425 1188 2457 nisi

458 2482 531 2520 post
556 2477 749 2519 completum
780 2475 918 2508 officium
944 2476 1070 2509 duobus
1097 2477 1191 2509 trien·

447 2529 519 2576 'niis
546 2529 584 2561 ab
610 2538 647 2561 eo
671 2528 841 2561 vacaverit.

495 2591 506 2615 1
529 2588 598 2615 Edit.
622 2588 699 2615 Main.
722 2588 785 2624 legit
806 2589 920 2615 veniant
939 2589 979 2623 (n.
999 2589 1048 2623 T.).

1238 733 1348 776 quiin
1383 733 1591 776 praecedenti
1626 733 1768 776 capitulo
1805 735 1855 766 rel
1883 739 1973 766 extra

1238 786 1318 819 illud
1344 786 1407 819 iam
1434 786 1557 819 fuerint
1581 786 1613 818 in
1642 785 1829 819 definitores
1855 797 1974 819 assum-

1236 839 1293 882 pii,
1318 839 1350 871 in
1375 839 1523 882 proximo
1541 839 1689 882 sequenti
1708 839 1849 882 capitulo
1866 840 1972 872 denuo

1237 892 1311 934 eligi
1338 902 1403 925 non
1429 893 1567 932 valeant,
1589 902 1694 935 neque
1721 897 1810 925 extra
1833 892 1914 925 illud
1939 892 1969 924 in

1238 944 1373 977 aliorum
1392 945 1498 977 locum
1517 944 1678 984 substitui,
1695 945 1797 977 donee
1811 944 1971 987 integrum

1238 997 1413 1029 triennium
1438 997 1595 1030 elabatur.

1282 1060 1322 1082 ix.
1350 1048 1541 1082 Definitores
1566 1050 1739 1091 generales
1768 1050 1973 1092 indispensa-

1215 1095 1346 1135 ³iiitiier
1377 1102 1498 1135 debent
1522 1112 1590 1135 esse
1627 1102 1772 1145 magistri
1803 1103 1852 1135 vel
1879 1113 1973 1145 prae-

1238 1155 1366 1188 sentati.
1382 1155 1546 1188 Electores
1562 1166 1638 1188 vero
1651 1157 1819 1198 generales
1831 1156 1970 1199 idipsum

1239 1207 1389 1248 habeant,
1406 1209 1456 1241 vel
1475 1209 1512 1241 ad
1539 1208 1644 1240 minus
1663 1208 1776 1251 viginti
1797 1219 1900 1242 annos
1917 1219 1972 1241 an-

1239 1260 1391 1304 tiquitatis
1417 1272 1433 1293 a
1459 1261 1685 1303 professione,
1723 1271 1817 1303 quam
1851 1261 1973 1294 debent

1237 1315 1332 1346 etiam
1370 1314 1560 1346 authentico
1597 1313 1782 1346 testimonio
1819 1325 1969 1357 compro-

1236 1366 1322 1405 bare,
1348 1371 1383 1398 iit
1407 1365 1593 1398 definitores
1619 1365 1815 1408 provinciae,
1842 1366 1900 1398 sub
1921 1369 1971 1398 ea-

1237 1419 1307 1450 dem
1327 1420 1432 1461 poena
1451 1418 1608 1450 nullitatis
1627 1418 1811 1458 electionis3
1831 1419 1890 1450 sub
1909 1430 1969 1461 qna

1214 1492 1216 1497 -
1236 1470 1383 1503 similiter
1408 1471 1589 1509 statuimus,
1615 1476 1657 1510 ut,
1676 1470 1728 1512 qui
1750 1470 1781 1502 in
1797 1481 1860 1503 uno
1885 1472 1972 1514 eapi-

1214 1521 1216 1574 Ἰ
1238 1525 1304 1557 tulo
1322 1525 1371 1557 vel
1398 1530 1484 1556 extra
1504 1524 1582 1556 illud
1604 1524 1644 1556 sit
1672 1525 1793 1557 clectus
1819 1524 1972 1557 definitor

1235 1582 1289 1608 ant
1303 1578 1424 1609 elector
1437 1576 1608 1618 generalis,
1625 1587 1689 1609 non
1708 1576 1811 1619 possit
1827 1577 1866 1609 ad
1884 1577 1970 1609 idem

1236 1629 1377 1662 officium
1403 1629 1477 1671 eligi
1497 1629 1527 1661 in
1546 1629 1692 1672 proximo
1717 1629 1864 1671 sequenti
1887 1630 1971 1672 capi-

1213 1700 1215 1719 ]
1237 1683 1322 1717 tulo:
1343 1681 1445 1724 possit
1471 1681 1625 1713 tamenin
1645 1682 1691 1713 eis
1716 1680 1902 1721 altei·nare⁴³,
1927 1681 1969 1714 ita

1235 1740 1270 1766 ut
1291 1734 1345 1767 siat
1369 1735 1502 1773 elector,
1520 1733 1572 1776 qui
1590 1733 1678 1776 prius
1697 1734 1802 1766 extitit
1822 1734 1970 1767 definitor

1235 1793 1267 1820 et
1290 1798 1306 1820 e
1329 1797 1497 1819 converso.
1517 1786 1574 1824 Qui
1594 1791 1699 1819 tamen
1727 1792 1798 1820 actu
1825 1793 1874 1820 est
1898 1798 1971 1830 pro-

1236 1840 1359 1873 vinciae
1386 1839 1545 1879 definitor,
1563 1839 1694 1872 minime
1716 1845 1824 1882 potest
1845 1840 1920 1882 eligi
1938 1840 1968 1872 in

1236 1895 1410 1926 electorem
1446 1898 1499 1924 ant
1535 1892 1734 1925 definitorem
1770 1893 1967 1935 generalem.

1235 1945 1518 1978 Commendatores
1551 1950 1582 1977 et
1612 1945 1747 1987 praelati
1774 1946 1894 1978 locales
1919 1946 1968 1978 vel

1235 1999 1369 2042 gradum
1394 1998 1547 2038 habeant,
1565 1999 1613 2031 vel
1639 1998 1783 2031 sexennii
1805 1999 1843 2031 ad
1863 1999 1969 2031 minus

1235 2063 1249 2084 a
1264 2052 1462 2095 professione
1477 2051 1703 2094 antiquitatem
1724 2051 1909 2092 excedant&
1925 2052 1967 2085 ita

1233 2111 1268 2137 ut
1292 2105 1323 2137 in
1349 2105 1457 2147 aliqua
1478 2105 1592 2136 domus
1612 2104 1733 2136 vicaria
1757 2114 1811 2137 seu
1833 2104 1968 2137 novitio·

1234 2168 1303 2190 rum
1334 2157 1521 2200 magisterio
1551 2157 1665 2189 saltem
1702 2167 1761 2200 per
1793 2157 1965 2190 trienninm

1234 2210 1326 2243 simul
1352 2210 1417 2242 sint
1433 2209 1572 2253 probati,
1596 2211 1642 2242 vel
1662 2215 1731 2242 actu
1750 2220 1851 2242 annos
1869 2211 1968 2242 lectu—

1233 2273 1286 2296 rae
1312 2273 1369 2295 seu
1401 2262 1654 2306 praedicationis
1685 2263 1723 2295 ad
1749 2263 1882 2304 gradum
1908 2262 1966 2295 ali-

1233 2326 1328 2359 quem
1354 2315 1393 2348 de
1425 2315 1545 2347 iustitia
1580 2315 1813 2358 pomerendum
1839 2326 1855 2347 a
1879 2315 1966 2358 capi·

1234 2369 1298 2401 tulo
1325 2368 1520 2411 approbatos
1547 2367 1725 2400 obtineant.
1752 2368 1785 2400 ln
1807 2367 1964 2409 eligendis

1232 2431 1307 2454 vero
1332 2421 1369 2453 ad
1395 2425 1501 2454 cetera
1525 2419 1629 2453 officia
1655 2419 1776 2453 nullum
1795 2420 1879 2453 aliud
1898 2430 1966 2462 spe-

1269 2501 1278 2527 1
1304 2500 1402 2527 Forsan
1423 2508 1485 2527 eam
1506 2508 1555 2534 pro
1575 2500 1634 2525 iam
1654 2499 1797 2533 legendum
1819 2500 1853 2534 (ii.
1869 2500 1919 2534 ¹12).

1266 2545 1282 2570 Ξ
1298 2545 1389 2571 I'otius
1405 2544 1462 2577 lege
1482 2543 1628 2569 alternari
1647 2546 1683 2572 (R.
1700 2543 1747 2577 T.).

1267 2589 1282 2616 3
1303 2589 1371 2615 Edit.
1393 2588 1470 2614 Main.
1491 2587 1554 2622 legit
1574 2588 1691 2614 excedat
1712 2591 1747 2621 tn.
1769 2590 1816 2620 Τ.).
