2227 3225
90 223 138 251 An.
155 222 183 250 C.
208 223 273 250 ¹693

116 600 235 622 Exordium,

120 1231 180 1252 nni-to
203 1231 276 1253 ordini

94 1264 196 1279 concessa
234 1259 276 1278 fue·

95 1288 140 1305 runt
161 1285 188 1304 ab
212 1284 276 1305 Urha-

93 1317 120 1331 nn
146 1311 190 1332 VIII
213 1312 277 1336 privt-

95 1337 150 1360 1··:ia
186 1337 276 1357 ‹ztan-ico-

94 1370 139 1384 tum
159 1363 277 1384 Mtntstrau-

93 1393 145 1411 trum
160 1390 255 1411 tutirmts.

862 222 1071 247 tNNOCENTttts
1096 221 1141 244 XII
1167 222 1213 245 ΓΡ.

517 271 605 304 Lvttt
630 270 690 314 (az.
717 271 786 314 57).

285 341 478 376 Conceditur
496 341 617 375 Ordini
637 341 669 375 S.
690 341 825 374 Ioannis
841 341 903 374 Dei
920 350 1021 373 exem-

325 395 394 438 ptio
418 395 459 428 ab
484 394 635 428 omnibus
655 393 914 438 processionibus
931 392 953 426 ¹.

448 474 664 502 Innnocentius
685 474 763 508 Papa
783 473 853 504 xll.

425 520 461 547 ad
483 520 615 547 futuram
635 519 682 546 rei
701 518 882 546 memoriam.

327 590 466 625 tniuncti
492 590 587 624 nobis
620 590 752 624 caelitus
783 588 954 632 pastoralis
979 587 1022 621 of-

284 644 348 678 ficii
374 643 561 678 sollicitudo
586 653 645 676 nos
671 643 836 681 admonet,
853 647 897 681 ut,
915 646 1022 685 pater-

285 708 359 730 nam
384 696 649 730 christifidelium
674 695 830 729 Altissimi
855 693 1021 737 obsequiis

285 750 342 783 snb
360 749 448 783 suavi
466 749 634 791 religionis
656 748 730 791 iugo
749 748 1019 791 mancipatorum,

285 803 470 845 uberesque
506 802 670 835 bonorum
706 811 843 845 operum
881 799 1021 839 fructus,

284 855 499 888 benedicente
536 855 694 894 Domino,
720 854 870 897 proferre
906 852 1024 895 iugiter

285 907 512 950 satagentium,
534 917 642 940 curam
668 911 830 950 gerentes,
856 916 895 939 ne
922 905 982 949 ipsi
1006 915 1023 937 a

286 960 491 1001 salutaribus,
517 960 636 1004 quibus
660 960 746 993 iuxta
771 959 946 993 laudabilia
971 969 1024 992 eo-

286 1024 358 1046 rum
397 1013 544 1046 instituta
583 1013 788 1046 continenter
821 1011 1045 1051 incumbunt„

287 1066 484 1100 christianae
510 1066 680 1100 charitatis
705 1065 896 1099 ministeriis
920 1065 1024 1098 nulla·
1044 1078 1046 1090 ³

286 1124 380 1152 tenus
400 1124 597 1158 avertantur,
617 1123 773 1162 quantum
792 1118 886 1151 nobis
904 1127 939 1150 ex
957 1118 1022 1150 alto

287 1172 488 1212 conceditur,
513 1172 687 1216 providere
712 1172 911 1204 stude-amus.

331 1226 345 1267 ξ
364 1225 393 1257 l.
420 1225 544 1268 Exponi
570 1225 729 1268 siquidem
752 1224 844 1257 nobis
865 1234 964 1267 super
981 1224 1026 1256 fe-

289 1278 332 1310 cit
357 1279 493 1311 dilectus
517 1277 601 1311 filius
622 1277 770 1321 superior
791 1277 952 1319 generalis
972 1276 1026 1309 Or-

289 1331 372 1363 dinis
399 1331 531 1363 fratrum
556 1331 656 1362 sancti
680 1330 808 1363 Ioannis
841 1329 908 1369 Dei,
928 1330 1025 1372 quod,

289 1383 418 1416 tametsi
445 1383 565 1416 dudum
589 1382 691 1416 felicis
715 1382 950 1416 recordationis
970 1382 1026 1415 L'r-

287 1437 392 1470 banus
430 1436 515 1476 VIII,
550 1437 783 1480 praedecessor
808 1441 943 1476 noster,
969 1446 1027 1478 per

289 1490 443 1533 quasdam
471 1500 545 1522 suas
580 1489 613 1522 in
649 1489 745 1522 simili
783 1489 884 1521 forma
919 1488 1027 1521 Brevis

290 1595 508 1639 Apostolicam
543 1594 794 1637 Congregationi
832 1595 1026 1628 clericorum

289 1648 489 1691 regularium
515 1647 765 1680 Ministrantium
783 1647 920 1680 Infirmis
947 1653 1028 1680 cate·

289 1711 350 1734 nus
375 1711 529 1735 concessa
552 1701 602 1734 vel
628 1711 712 1744 quae
737 1700 770 1733 in
791 1701 932 1733 futurum
951 1711 1029 1733 con-

291 1753 362 1787 cedi
387 1754 591 1796 contingeret
617 1753 808 1797 privilegia,
836 1753 922 1786 inter
946 1765 1027 1797 quae

291 1806 370 1839 illud
397 1807 573 1850 praecipue
593 1812 784 1839 recensetur
805 1806 890 1850 quod
919 1807 1028 1840 clerici
1049 1817 1050 1821 ¹

292 1860 461 1902 regulares
486 1859 664 1903 praedicti,
692 1864 725 1891 ut
752 1859 885 1892 liberius
911 1854 1050 1909 magis]

292 1922 354 1955 qne
380 1911 505 1945 assidue
540 1912 678 1955 aegrotis
718 1922 849 1955 operam
884 1917 1027 1953 navent,

292 2027 380 2050 resse
404 2029 470 2051 non
496 2024 656 2058 tenentur,
675 2018 713 2051 ad
738 2018 891 2051 Ordinem
915 2029 1030 2062 supra-

293 2070 413 2103 dictum
440 2076 472 2103 et
496 2071 724 2113 singulaillius
746 2071 956 2111 monasteria,
975 2072 1030 2105 do-

292 2133 380 2164 mos,
407 2124 579 2167 hospitalia
605 2129 637 2157 et
662 2125 722 2157 alia
747 2126 815 2158 loca
848 2126 1027 2167 regularia,
1050 2127 1051 2130 ’

292 2176 489 2220 illorumque
506 2177 703 2220 superiores,
718 2178 879 2220 praelatos
894 2183 925 2210 et
938 2188 1030 2220 quas·
1073 2186 1109 2208 ex
1136 2179 1241 2216 causa,
1255 2177 1294 2210 de
1313 2187 1402 2209 more
1427 2178 1476 2210 vel
1495 2177 1739 2215 consuetudine,
1757 2183 1811 2208 aut

293 2239 429 2273 cumque
442 2231 610 2272 regulares
627 2240 781 2273 personas
800 2237 959 2274 perpetuo
981 2241 1031 2264 ex-

294 2282 445 2323 tenderit,
471 2282 590 2326 illaque
617 2283 663 2316 eis
689 2283 976 2316 communicaverit
1001 2290 1032 2317 et

295 2334 335 2368 de
360 2345 441 2369 novo
466 2335 679 2376 concesserit,
706 2347 742 2369 ac
777 2335 947 2380 suffragari
979 2347 1031 2370 vo·

331 2433 341 2458 t
365 2431 404 2458 Ab
424 2430 532 2458 Urbano
551 2431 608 2458 VIII
629 2440 758 2459 concessa
771 2432 881 2460 suerunt
900 2432 963 2459 huic
978 2433 1031 2460 Or-

294 2473 352 2501 dini
379 2475 522 2510 privilegia
558 2476 717 2502 clericorum
750 2477 916 2511 regularium
951 2476 1031 2502 Mini-

295 2520 436 2545 strautium
464 2520 592 2554 Infit-mis,
622 2521 693 2548 inter
718 2529 788 2556 quae
814 2526 887 2548 extat
906 2529 1033 2556 praesens

295 2564 439 2598 exemptio,
460 2568 540 2598 prout
568 2569 653 2592 const.
684 2565 750 2592 edit.
780 2571 910 2601 unexisti)
937 2565 981 2593 die
1000 2566 1033 2592 ⁹20

296 2607 372 2635 iunii.
394 2608 488 2643 pontif.
511 2616 530 2636 t.

1062 269 1176 309 luerit,
1205 268 1420 301 nihilominus
1447 268 1558 301 fratres
1587 269 1744 311 praedicti
1782 280 1799 300 a

1061 321 1228 355 nonnullis
1253 321 1398 354 locorum
1423 320 1601 353 Ordinariis
1618 322 1800 364 processio-

1062 375 1155 408 nibus
1197 374 1396 414 huiusmodi,
1419 385 1482 407 non
1504 374 1573 407 sine
1612 374 1698 416 gravi
1726 385 1800 417 pro·

1062 428 1205 471 priarum
1237 428 1437 461 functionum
1469 427 1728 470 impedimento,
1764 438 1799 460 ac

1062 481 1200 514 maximo
1225 491 1405 524 pauperum
1430 479 1646 517 infirmorum,
1683 479 1800 523 quibus

1063 533 1183 576 iugiter
1200 533 1353 566 assistere
1371 533 1501 574 debent,
1519 532 1731 576 praeiudicio,
1753 532 1801 564 in-

1064 592 1201 627 teresse,
1228 597 1348 630 easque
1374 586 1521 620 comitari
1547 587 1797 629 compelluntur.

1063 639 1162 674 Nobis
1187 646 1361 684 propterea
1387 640 1490 673 dictus
1522 639 1674 683 superior
1704 649 1802 682 gene-

1063 693 1140 727 ralis
1177 694 1346 727 humiliter
1369 693 1555 737 'supplicari
1587 693 1664 726 fecit
1699 699 1734 725 ut
1769 693 1800 725 in

1064 745 1250 789 praemissis
1283 751 1467 789 opportune
1498 745 1668 788 providere
1704 751 1735 778 et
1770 750 1804 778 ut

1065 799 1331 842 infraindulgere
1347 799 1385 832 de
1404 799 1604 842 benignitate
1625 799 1804 842 apostolica

1065 851 1286 894 dignaremur.

1108 905 1123 948 g
1148 905 1178 938 2.
1214 905 1276 938 Nos
1309 904 1419 948 igitur,
1446 905 1594 938 eiusdem
1624 905 1804 948 superioris

1066 958 1230 999 generalis
1258 958 1338 990 votis
1366 958 1424 990 hac
1450 958 1480 990 in
1499 968 1542 997 re,
1562 963 1717 1001 quantum
1731 968 1802 990 cum

1066 1010 1203 1043 Domino
1224 1021 1408 1053 possumus,
1424 1011 1646 1044 favorabiliter
1662 1022 1804 1044 annuere

1065 1063 1221 1103 volentes,
1242 1074 1380 1107 eumque
1400 1076 1417 1097 a
1435 1064 1602 1107 quibusvis
1621 1075 1806 1097 excommu-

1067 1117 1250 1157 nicationis,
1275 1118 1500 1161 suspensionis
1527 1123 1557 1151 et
1582 1118 1755 1158 interdicti,
1777 1130 1806 1151 a·

1067 1171 1181 1214 liisque
1208 1172 1436 1204 ecclesiasticis
1461 1172 1641 1211 sententiis,
1660 1172 1806 1204 censuris

1067 1229 1099 1256 et
1121 1224 1247 1267 poenis,
1273 1235 1290 1256 a
1315 1225 1382 1257 iure
1407 1225 1457 1257 vel
1475 1225 1513 1257 ab
1535 1225 1677 1263 homine,
1697 1225 1807 1267 quavis

1068 1277 1237 1310 occasione
1263 1278 1311 1310 vel
1331 1278 1427 1310 causa
1446 1278 1529 1317 latis,
1551 1278 1574 1309 si
1594 1277 1710 1320 quibus
1733 1288 1807 1320 quo-

1046 1338 1047 1379 }
1067 1331 1249 1364 modolibet
1274 1331 1447 1364 innodatus
1465 1331 1582 1369 existit,
1601 1331 1639 1362 ad
1657 1330 1806 1363 ellectum

1046 1409 1048 1433 t
1068 1383 1291 1426 praesentium
1321 1383 1485 1415 dumtaxat
1520 1384 1783 1426 consequendum
1800 1410 1807 1422 ,

1070 1436 1185 1468 harum
1210 1436 1293 1468 serie
1325 1437 1530 1469 absolventes
1560 1442 1590 1468 et
1622 1437 1807 1468 absolutum

1048 1489 1136 1533 ¹fore
1163 1495 1353 1529 consentes,
1379 1489 1564 1522 huiusmodi
1598 1490 1809 1532 supplicatio-

290 1543 413 1576 litteras
439 1542 549 1575 omnia
585 1547 617 1575 et
652 1542 781 1585 singula
817 1552 876 1585 per
911 1539 1049 1582 Sedem}

1069 1541 1165 1573 nibus
1190 1540 1348 1581 inclinati,
1366 1541 1404 1573 de
1425 1541 1657 1573 venerabilium
1675 1541 1808 1573 fratrum

1070 1598 1255 1626 nostrorum
1269 1593 1301 1626 S.
1325 1593 1360 1625 R.
1383 1593 1416 1625 E.
1437 1593 1650 1626 cardinalium
1669 1593 1808 1636 negotiis

1070 1651 1101 1679 et
1117 1646 1412 1680 consultationibus
1428 1647 1657 1690 episcoporum
1672 1652 1703 1680 et
1715 1657 1809 1689 regu,-

1071 1699 1185 1733 larium
1221 1700 1482 1744 praepositorum
1513 1700 1648 1733 consilio
1665 1727 1671 1739 ‚
1708 1701 1810 1732 omni-

1070 1754 1130 1785 bus
1153 1759 1186 1786 et
1210 1754 1346 1795 singulis
1369 1753 1535 1786 memorati
1558 1753 1685 1786 Ordinis
1707 1753 1808 1785 sancti

1071 1806 1262 1839 IoannisDci
1279 1807 1509 1850 superioribus,
1527 1807 1678 1839 fratribus
1697 1812 1809 1850 etper-

1071 1859 1162 1892 sonis
1186 1869 1272 1892 nunc
1297 1865 1328 1892 et
1346 1870 1404 1902 pro
1423 1865 1567 1903 tempore
1586 1859 1809 1896 existentibus,

1049 1910 1051 1962 J,
1073 1916 1106 1946 ut
1129 1913 1191 1956 ipsi
1216 1914 1255 1946 de
1281 1918 1389 1946 cetero
1406 1940 1413 1953 ,
1440 1923 1481 1946 ne
1507 1913 1545 1946 ab
1565 1913 1602 1946 iis
1628 1913 1743 1956 quibus
1770 1913 1806 1945 ad

292 1965 559 2007 processionibus
585 1966 681 1998 etiam
716 1966 914 1998 solemnibus
947 1966 1050 1998 inte-¹

1071 1964 1275 1998 infirmorum
1291 1966 1322 1998 in
1338 1966 1438 2009 ipsias
1454 1965 1581 1998 Ordinis
1593 1965 1808 2008 hospitalibus

1073 2018 1261 2061 degentium
1291 2019 1541 2051 suta-mmmm
1577 2024 1608 2051 et
1633 2019 1807 2051 utilitatem

1072 2071 1185 2103 sedulo
1211 2076 1324 2103 vacant
1348 2071 1536 2103 ministeriis
1569 2071 1807 2109 distrahantur,

1072 2123 1333 2167 processionibus
1368 2124 1578 2167 supradictis,
1607 2134 1809 2167 quacumque

1073 2230 1152 2262 alias
1179 2240 1239 2272 pro
1265 2235 1411 2272 tempore
1437 2229 1603 2269 faciendis,
1630 2235 1683 2261 aut
1708 2230 1809 2272 aqui-

1073 2283 1181 2315 busvis
1199 2282 1377 2316 Ordinariis
1397 2283 1543 2315 locorum
1556 2282 1747 2323 indicendis,
1765 2283 1810 2315 in-

1075 2341 1199 2369 teresse
1212 2335 1345 2368 minime
1361 2341 1542 2376 teneantur,
1556 2346 1616 2368 nec
1630 2336 1669 2368 ad
1685 2335 1715 2368 id
1734 2335 1809 2378 per¹

1075 2388 1153 2421 alias
1178 2399 1397 2432 quascumque
1422 2398 1594 2432 personas,
1623 2389 1733 2432 quavis
1759 2398 1810 2420 au-

1076 2442 1223 2475 ctoritate
1249 2442 1298 2475 vel
1316 2441 1544 2485 superioritate
1562 2442 1745 2484 fungentes,
1764 2442 1811 2474 in-

1075 2495 1128 2527 viti
1154 2505 1209 2527 seu
1233 2496 1383 2528 nolentes
1407 2495 1477 2538 cogi
1503 2496 1550 2528 vel
1569 2494 1720 2537 compelli
1740 2504 1811 2536 pos-

1075 2549 1148 2588 sint,
1166 2548 1360 2581 auctoritate
1382 2549 1569 2591 apostolica,
1588 2554 1700 2580 tenore
1719 2557 1810 2589 prae-

1112 2611 1122 2637 1
1146 2610 1298 2646 Praeposit.
1316 2620 1371 2646 per
1391 2619 1438 2637 nos
1459 2610 1584 2638 addimus
1606 2612 1631 2643 (n
1664 2611 1713 2642 T.).

1701 213 1763 239 ’Ui
1811 221 1846 245 ,Χῆ
1876 221 1892 245 (J
1929 224 1934 245 i

1816 942 1886 962 (lictae
1900 947 1963 966 speci.
1975 942 1998 960 Ιι-

1817 970 1904 990 cratiae.
