2227 3225
112 216 162 243 Aa.
183 216 212 256 c,
231 215 293 243 1691

106 369 290 418 ortglomgnnubui
340 369 400 390 xix.
423 361 494 390 Item
517 361 665 391 decretum
688 361 739 390 suit
773 359 849 399 quod
878 363 959 398 pater
989 368 1056 396 gem

104 737 119 758 s
132 710 289 758 nse-''effovrxim
338 709 389 730 xx.
403 700 473 731 Item
485 700 703 731 considerantes
715 700 882 731 definitores
894 704 1034 739 quantum

176 1222 287 1243 Praedicta

102 1248 259 1269 confirmantur.

887 213 1076 239 ALExAMAEn
1102 213 1156 236 vlu
1181 214 1229 237 ΓΡ.

299 265 330 294 S.
352 264 478 304 Philippi
500 264 534 294 de
555 264 679 294 Tuderto
701 263 810 293 nullam
833 262 863 292 in
886 266 1033 301 posterum
1054 265 1056 269 '

300 313 470 351 erigendam
492 322 556 342 esse
578 313 746 342 societatem
769 310 973 340 saecularium.

300 409 408 439 neralis
430 419 529 440 curam
562 410 682 440 annales
701 409 819 439 Ordinis
846 406 1036 438 continuandi
1055 404 1057 433 !

299 457 406 488 alicui¹
422 458 451 488 in
468 458 682 497 chronologicis
698 458 792 497 perito
810 456 980 493 demandet3
1000 456 1035 485 ad

298 507 382 537 cuius
404 506 574 546 petitionem
595 516 610 536 a
633 506 725 537 nostri
747 506 865 537 Ordinis
887 505 1036 535 conventi-

299 555 353 585 bus
382 555 620 585 transmittantur
648 555 768 584 notitiae
794 554 829 583 ad
862 553 1035 592 religionem

299 608 476 643 spectantes,
500 613 575 644 quae
597 604 625 634 in
649 604 777 643 ipsorum
795 602 933 632 archiviis
955 611 1037 641 repe-

298 653 427 683 riuntur.

298 750 481 780 incommoda
504 751 542 780 sit
570 750 697 780 visitatio
719 754 880 780 conventus
902 749 952 779 SS.
975 749 1036 779 Sal-

298 798 406 827 vatoris
423 797 458 828 de
474 798 678 828 Monteserrato
697 797 868 837 provinciali
889 797 1034 833 Mantuae,

297 849 329 875 ut
350 846 409 876 sere
431 855 580 885 nunquam
603 846 756 883 visitetur,
780 846 936 876 decrevere
958 845 1034 884 quod

295 894 325 924 in
358 898 505 933 posterum
535 895 680 934 praefatus
715 894 745 924 S.
775 894 934 924 Salvatoris
967 903 1036 923 con-

297 947 401 972 ventus
428 943 463 973 ad
486 943 665 982 provinciam
681 943 939 981 Pedemontanam,
957 947 985 973 et
1003 943 1036 972 il-

297 991 356 1022 lius
381 992 444 1022 loco
469 992 503 1022 ad
526 991 709 1022 Mantuanam
733 997 892 1022 conventus
918 992 947 1022 S.
970 991 1035 1031 Syri

297 1040 332 1070 de
354 1040 452 1071 Castro
468 1041 576 1071 Noveto
598 1045 746 1080 spectent3
760 1041 860 1080 sicque
882 1041 1035 1079 utriusque
1054 1063 1056 1068 ,

297 1090 526 1129 provincialibus
548 1090 697 1120 commoda
726 1090 782 1120 erit
811 1090 973 1129 respective
995 1089 1036 1119 vi-

297 1138 395 1168 sitatio
411 1149 440 1168 n.

343 1213 357 1255 g
380 1213 411 1246 Ξ.
434 1213 512 1246 Cum
538 1218 644 1246 autem
663 1240 669 1252 ,
696 1213 776 1246 sicut
800 1213 912 1246 eadem
938 1220 1055 1256 expo-'

298 1266 373 1299 sitio
399 1266 628 1309 subiungebat,
652 1267 755 1299 dictus
769 1267 860 1310 prior
875 1266 1035 1308 generalis

298 1318 430 1351 decreta
454 1318 659 1357 huiusmodi,
684 1319 807 1362 quippe
839 1318 878 1350 ad
910 1328 1055 1350 consen*

297 1370 436 1402 vandum
462 1375 493 1403 et
518 1371 723 1403 solidandum
749 1371 781 1402 in
803 1370 922 1403 Ordine
946 1380 1035 1412 prae-

297 1422 384 1455 dicto
428 1423 588 1465 regularis
624 1423 849 1455 observantiae
888 1422 1034 1464 vigorem

298 1473 415 1507 eximie
439 1474 661 1507 conducibilia
677 1501 684 1514 ,
709 1485 768 1517 pro
793 1474 928 1507 firmiori
965 1475 1035 1508 illo-

297 1537 371 1560 rum
403 1528 612 1561 subsistentia
643 1529 864 1572 exactiorique
889 1529 1036 1562 observa-

297 1581 397 1620 tione,
414 1581 613 1623 apostolicae
631 1581 886 1614 confirmationis
903 1587 1034 1614 nostrae

296 1633 480 1675 patrocinio
506 1633 700 1666 communiri
717 1644 924 1677 summopere
951 1633 1036 1666 desi-

298 1684 407 1717 deret:
428 1695 497 1724 nos,
516 1685 620 1728 ipsius
639 1685 757 1728 prioris
775 1686 936 1728 generalis
953 1686 1034 1718 votis

298 1736 360 1770 hac
385 1737 419 1770 in
444 1748 496 1777 re,
522 1743 679 1781 quantum
705 1749 777 1770 cum
802 1738 940 1772 Domino
966 1749 1037 1781 pos-

298 1799 421 1829 sumus,
445 1790 666 1823 favorabiliter
698 1801 843 1823 annuere
868 1791 1034 1831 volentes,

299 1852 440 1884 eumque
457 1853 475 1874 a
492 1843 658 1885 quibusvis
675 1843 1034 1883 excommunicationis,

297 1894 521 1937 suspensionis
547 1900 578 1927 et
602 1894 788 1935 interdicti,
824 1895 962 1938 aliisque
987 1907 1038 1929 ec-

297 1947 487 1980 clesiasticis
513 1947 693 1986 sententiis,
717 1948 864 1980 censuris
898 1954 930 1981 et
959 1959 1038 1992 poe-

298 2000 362 2040 nis,
391 2011 408 2032 a
431 2000 502 2032 iure
527 2001 576 2032 vel
602 2000 641 2032 ab
662 2001 804 2040 homine,
824 2001 934 2044 quavis
949 2012 1039 2034 occa-

298 2052 391 2085 sione
410 2054 459 2085 vel
490 2055 587 2085 causa
608 2053 690 2092 latIs,
712 2053 738 2085 si
765 2054 881 2097 quibus
909 2065 1038 2097 quomo-

298 2106 424 2139 dolibet
456 2106 631 2139 innodatus
663 2107 792 2147 existit,
821 2108 859 2139 ad
890 2107 1038 2140 ellectum

298 2159 517 2202 praesentium
555 2159 716 2192 dumtaxat
741 2162 1010 2203 consequendum
1029 2189 1036 2201 ‚

299 2212 412 2246 harum
443 2213 527 2245 serie
563 2212 769 2245 absolventes
801 2219 832 2246 ct
853 2214 1038 2246 absolutum

299 2265 370 2298 sore
388 2271 570 2306 censentes,
590 2266 885 2308 supplicationibus
901 2267 970 2299 eius
987 2278 1040 2299 110-

299 2318 386 2351 mine
422 2318 517 2350 nobis
549 2329 646 2361 super
676 2319 739 2351 hoc
768 2319 934 2352 humiliter
958 2330 1036 2362 por-

300 2372 395 2404 rectis
413 2370 572 2410 inclinati,
590 2371 628 2403 de
646 2372 879 2404 venerabilium
906 2373 1040 2405 fratrum
1060 2380 1062 2410 3

299 2429 484 2456 nostrorum
509 2424 540 2456 S.
569 2423 605 2455 R.
632 2424 667 2456 E.
695 2425 907 2457 cardinalium
941 2436 1062 2470 nego-v

300 2476 352 2507 tiis
377 2481 408 2508 et
431 2476 726 2508 consultationibus
752 2478 981 2520 episcoporum
1008 2484 1040 2510 et

301 2528 497 2570 regularium
522 2528 782 2572 praepositorum
815 2530 953 2562 consilio
971 2558 978 2570 ,
1005 2542 1039 2563 o-

337 2591 349 2616 1
371 2588 441 2616 Edit.
462 2589 540 2617 Maia.
557 2590 622 2626 legit
636 2591 727 2618 alieni
742 2599 789 2627 pro
805 2592 894 2619 allecti
911 2598 946 2624 Kn.
964 2592 1012 2626 T.).

1717 202 1779 237 1⁶5
1825 212 1874 238 An.
1897 212 1924 237 c.
1944 214 2005 239 noi

1077 261 1162 293 mnia
1187 266 1220 293 et
1244 260 1374 302 singula
1398 262 1529 293 decreta
1554 262 1763 303 praeinserta‚
1784 262 1816 294 in

1078 313 1190 356 eisque
1210 318 1360 346 contenta
1377 324 1612 356 quaecumque,
1628 315 1817 348 auctoritate

1077 366 1272 409 apostolica,
1303 371 1415 398 tenore
1444 367 1676 409 praesentium,
1702 367 1819 399 confir-

1077 430 1200 451 mamus
1229 424 1262 451 et
1290 420 1521 462 approbamus,
1540 419 1670 462 illisque
1688 420 1819 452 inviola-

1078 472 1153 504 bilis
1172 472 1373 514 apostolicae
1398 472 1559 505 firmitatis
1583 472 1684 504 robur
1707 472 1819 504 adiici-

1078 535 1161 563 mus,
1179 535 1216 557 ac
1241 535 1353 557 omnes
1374 530 1405 557 et
1429 525 1579 567 singulos
1599 525 1676 557 iuris
1691 530 1723 557 et
1743 525 1818 557 sacti

1079 578 1233 617 desectus,
1260 578 1285 610 si
1316 578 1370 621 qui
1396 578 1538 621 desuper
1569 578 1819 621 quomodolibet

1079 631 1327 671 intervenerint,
1342 632 1543 674 supplemus.

1122 684 1136 726 ξς
1160 684 1191 717 3.
1219 684 1438 717 Decernentes
1466 685 1596 718 easdem
1628 690 1817 728 praesentes

1078 737 1203 770 litteras
1237 747 1275 769 ac
1306 737 1436 770 decreta
1460 738 1665 780 praeinserta
1689 748 1819 780 semper

1078 789 1180 830 firma,
1193 789 1298 822 valida
1316 795 1348 822 et
1368 790 1510 823 efficacia
1528 791 1668 823 existere
1687 796 1718 823 et
1739 791 1817 830 sore,

1079 852 1222 885 suosque
1248 842 1414 885 plenarios
1450 848 1482 876 et
1508 843 1654 886 integros
1686 843 1819 876 effectus

1079 895 1188 927 sortiri
1215 901 1246 928 et
1272 895 1446 935 obtinere,
1481 906 1516 928 ac
1548 896 1637 936 illis,
1667 896 1707 929 ad
1737 906 1817 939 quos

1078 953 1204 990 spectat
1236 953 1267 980 et
1290 958 1349 991 pro
1376 953 1525 991 tempore
1545 949 1818 992 quandocumque

1077 999 1247 1042 spectabit,
1262 999 1295 1032 in
1313 1000 1462 1033 omnibus
1481 1005 1512 1033 et
1531 1012 1592 1044 per
1616 1001 1726 1034 omnia
1749 1002 1818 1044 plc-

1077 1053 1210 1084 nissiine
1236 1051 1412 1094 suffragari,
1431 1059 1463 1085 et
1482 1054 1522 1086 ab
1548 1053 1611 1086 illis
1636 1053 1816 1096 respective

1077 1105 1311 1138 inviolabiliter
1334 1105 1507 1145 observari,
1533 1106 1644 1148 sicque
1668 1106 1701 1137 in
1724 1116 1818 1149 prae-

1076 1159 1181 1190 missis
1210 1168 1267 1200 per
1293 1168 1516 1201 quoscumque
1541 1158 1666 1191 iudices
1691 1159 1817 1191 ordina·

1076 1211 1140 1244 rios
1158 1217 1189 1244 et
1209 1211 1389 1254 delegatos,
1408 1211 1504 1244 etiam
1519 1222 1689 1244 causarum
1704 1212 1817 1254 palatii

1076 1264 1246 1307 apostolici
1267 1265 1444 1304 auditores,
1467 1264 1603 1297 iudicari
1629 1271 1661 1297 et
1688 1265 1815 1297 definiri

1076 1317 1207 1356 debere,
1225 1327 1261 1349 ac
1279 1316 1407 1349 irritum
1433 1322 1464 1349 et
1489 1317 1584 1350 inane
1605 1317 1630 1350 si
1648 1328 1741 1350 secus
1766 1327 1817 1350 su-

1854 696 1972 719 Clausulas.

1053 1403 1055 1414 ἱ
1076 1380 1136 1412 per
1161 1369 1211 1401 his
1241 1380 1258 1401 a
1283 1379 1456 1412 quoquam,
1472 1369 1584 1412 quavis
1612 1371 1816 1410 auctoritate,

1076 1422 1221 1455 scienter
1247 1423 1297 1455 vel
1330 1422 1542 1465 ignoranter,
1570 1422 1749 1465 contigerit
1771 1428 1818 1455 at-

1077 1475 1209 1508 tentari.

1121 1529 1136 1571 g
1160 1528 1189 1561 4.
1212 1528 1281 1561 Non
1307 1528 1513 1562 obstantibus
1531 1528 1817 1562 constitutionibus
1854 1538 1947 1566 estur-wi

1078 1586 1109 1614 et
1133 1581 1393 1614 ordinationibus
1418 1582 1621 1624 apostolicis,
1641 1593 1686 1621 ac,
1705 1587 1817 1625 quate·
1827 1564 1943 1586 ‘¹⁰'w'‘'¹¹⁰'

1078 1644 1138 1666 nus
1165 1645 1246 1677 opus
1273 1634 1321 1673 sit,
1348 1635 1426 1667 dicti
1452 1634 1581 1667 Ordinis
1606 1635 1718 1667 aliisve
1751 1636 1818 1678 qui-

1079 1687 1199 1726 busvis,
1227 1687 1324 1720 etiam
1350 1687 1544 1727 iuramento,
1570 1688 1817 1721 confirmatione

1078 1740 1270 1782 apostolica,
1289 1740 1339 1772 vel
1365 1740 1476 1783 quavis
1497 1740 1648 1773 firmitate
1679 1740 1740 1773 alis}
1765 1751 1817 1773 ro-

1078 1792 1210 1832 boratis,
1232 1793 1361 1825 statutis
1381 1799 1414 1825 et
1433 1793 1738 1833 consuetudinibus,
1756 1794 1818 1836 pri-

1078 1846 1204 1888 vilegiis
1229 1856 1371 1888 quoque,
1395 1846 1529 1878 indultis
1551 1852 1584 1878 et
1600 1846 1715 1879 litteris
1741 1857 1817 1889 apo-

1080 1899 1203 1931 stolicis
1248 1898 1281 1931 in
1321 1899 1521 1931 contrarium
1561 1899 1817 1942 praemissorum

1081 1952 1327 1995 quomodolibet
1351 1951 1537 1991 concessis,
1565 1951 1762 1984 confirmatis
1786 1957 1819 1984 et

1081 2004 1259 2044 innovatis·,
1286 2004 1403 2047 quibus
1429 2004 1579 2037 omnibus
1605 2010 1637 2037 et
1661 2004 1814 2047 singulis,

1081 2057 1212 2090 illorum
1238 2062 1366 2090 tenores
1390 2058 1617 2100 praesentibus
1635 2068 1694 2100 pro
1719 2058 1818 2099 plene

1083 2116 1111 2142 et
1131 2110 1328 2142 sufficienter
1349 2111 1509 2152 expressis
1530 2121 1567 2143 ac
1588 2111 1627 2143 de
1652 2111 1749 2143 verbo
1779 2111 1819 2143 ad

1082 2164 1211 2196 verbum
1238 2163 1369 2195 insertis
1396 2164 1570 2202 habentes,
1595 2164 1658 2196 illis
1683 2164 1761 2195 alias
1788 2164 1820 2195 in

1082 2227 1139 2248 suo
1166 2216 1283 2249 robore
1310 2217 1542 2258 permansuris,
1561 2217 1599 2248 ad
1626 2218 1820 2259 praemisso-

1084 2279 1150 2300 rnin
1169 2268 1327 2307 effectum,
1347 2269 1406 2300 hac
1423 2269 1487 2300 vice
1507 2269 1679 2307 dumtaxat,
1699 2269 1821 2311 specia-

1084 2321 1156 2353 liter
1177 2327 1207 2353 et
1227 2332 1380 2363 expresse
1402 2321 1613 2363 derogamus3
1633 2322 1819 2364 ceterisque

1083 2374 1256 2406 contrariis
1281 2374 1551 2416 quibuscumque.

1127 2426 1196 2467 35.
1228 2427 1382 2458 Volumus
1417 2433 1522 2459 autem
1558 2432 1593 2459 ut
1632 2428 1818 2460 earumdem

1083 2479 1303 2521 praesentium
1325 2480 1506 2511 litterarum
1525 2480 1745 2522 transumptis,
1764 2491 1819 2512 seu

1083 2532 1248 2574 exemplis,
1267 2532 1362 2563 etiam
1382 2532 1561 2574 impressis,
1575 2543 1670 2564 manu
1685 2533 1820 2565 alicuius

1083 2584 1199 2617 notarii
1222 2584 1345 2628 publici
1363 2584 1565 2627 subscriptis,
1580 2590 1610 2616 et
1626 2585 1734 2627 sigillo
1752 2594 1802 2628 pei

1952 1544 2009 1558 nrum

1871 2432 1932 2452 Fulvs
1957 2435 2012 2453 tran—

1829 2463 1965 2484 sumptorum.
