2254 3225
195 227 241 254 An,
260 227 288 253 C.
313 226 378 255 ¹69ss

427 218 489 253 736

384 277 485 310 larum
499 276 670 320 regimine,
690 278 905 322 pluribusque
923 289 1032 312 earum
1051 290 1119 312 mo-

384 329 549 363 nasteriis¹
560 331 640 364 haec
654 331 819 375 provincia
832 332 985 373 abundet,
996 332 1119 375 provin-

385 382 528 425 cialibus,
542 383 705 425 ministris‚
721 390 751 417 et
762 385 831 417 aliis
843 385 881 418 ad
894 396 974 428 quos
986 389 1118 428 spectat,

385 436 600 480 praecipimus
627 442 658 470 et
681 438 881 477 mandamus,
906 442 941 469 ut
957 437 989 469 in
1012 447 1119 469 earum

386 489 657 522 confessariorum
677 490 884 533 deputatione
903 490 1007 522 solum
1021 489 1120 521 Deum

384 552 462 585 prae
487 543 590 575 oculis
615 543 769 582 habeant,
785 542 934 585 virosque
960 547 1119 585 expertos,

386 595 516 638 optimis
538 596 680 628 moribus
701 600 842 635 ornatos,
859 595 1048 638 prudentes,
1068 605 1120 627 ae-

385 648 457 681 tatis
484 655 626 682 maturae
652 653 683 681 et
707 649 868 691 perfectos
895 648 1026 690 eligant,
1051 647 1117 690 qui,

385 702 480 735 saluti
495 702 673 735 animarum
687 701 871 734 earumdem
882 700 1118 739 incumbentes,

385 761 546 798 tamquam
570 755 626 788 Dei
651 764 785 798 sponsas
813 755 932 786 electas
958 764 1011 786 eas
1037 753 1119 786 exci-

384 812 453 840 tent
477 808 515 841 ad
541 809 646 841 cultus
673 806 807 847 divinos,
834 812 866 839 et
885 817 960 838 suae
984 807 1117 848 regulae

384 866 415 893 et
439 860 711 893 constitutionum
735 859 988 892 observantiam.
1017 859 1115 891 Prae-

382 914 519 957 cipimus
544 914 640 948 etiam
666 914 823 946 ministris
849 912 1117 956 provincialibus,

382 967 518 1011 aliisque
544 966 778 1010 superioribus,
800 966 858 998 sub
883 968 988 1009 poena
1013 965 1115 1009 priva—

380 1020 479 1052 tionis
505 1020 600 1053 officii
629 1031 665 1052 ac
694 1026 873 1063 perpetuae
904 1019 1117 1052 inhabilitatis

381 1073 420 1106 ad
441 1073 511 1116 ipsa
536 1078 567 1105 et
592 1073 655 1106 alia
679 1072 864 1112 obtinenda,
891 1083 930 1105 ne
957 1073 1034 1116 ipsis
1059 1083 1116 1104 seu

380 1125 475 1158 alicui
500 1126 643 1169 ipsarum
669 1126 849 1158 concedant
873 1125 1019 1158 licentias
1044 1136 1115 1169 per-

381 1179 532 1212 noctandi
549 1184 639 1212 extra
653 1179 895 1219 monasterium,
914 1179 991 1212 licet
1008 1184 1117 1211 votum

380 1233 552 1266 clausurae
578 1243 643 1265 non
662 1232 815 1271 habeant,
834 1232 875 1265 ita
893 1233 993 1275 quod,
1011 1232 1116 1275 aliqua

379 1285 559 1319 inevitabili
597 1285 746 1328 exigente
778 1285 986 1326 necessitate,
1013 1285 1039 1318 si
1065 1295 1117 1318 ex-

380 1339 477 1372 eundi
503 1349 519 1372 e
544 1339 742 1372 monasterio
767 1339 932 1381 contingat
956 1339 1116 1382 praebere

379 1392 642 1425 benedictionem
668 1397 700 1425 et
723 1391 900 1432 licentiam,
924 1402 961 1424 ea
985 1402 1116 1435 semper

380 1445 420 1478 sit
443 1444 589 1485 limitata,
616 1449 647 1477 et
666 1454 738 1477 cum
759 1454 858 1477 onere
877 1444 1036 1477 redeundi
1054 1450 1116 1477 sta-

380 1497 438 1531 tim
469 1498 509 1531 ad
541 1497 775 1530 monasterium
811 1501 885 1530 ante
911 1502 1057 1538 noctem,
1085 1502 1116 1530 et

379 1551 441 1595 ipsi
467 1550 651 1593 assignetur
675 1551 776 1583 altera
807 1549 958 1583 monialis
996 1549 1027 1582 in
1063 1560 1116 1583 so-

379 1604 472 1644 ciam,
499 1614 583 1646 quae
609 1603 651 1636 sit
685 1608 811 1636 matura
836 1608 867 1635 et
890 1602 976 1635 inter
1001 1613 1114 1636 omnes

378 1657 533 1701 prudens,
559 1661 591 1689 et
611 1666 685 1689 casu
705 1666 770 1699 quo
789 1661 922 1699 urgeret
938 1656 1113 1689 necessitas

378 1710 521 1754 ipsarum
536 1709 660 1752 aliquas
676 1709 858 1742 dimittendi
874 1709 912 1741 ad
928 1714 1114 1752 quaestuan-

380 1763 457 1796 dum
488 1772 544 1795 seu
574 1761 866 1801 emendicandum,
891 1761 977 1804 quod
1008 1766 1114 1793 tamen

379 1820 535 1860 quantum
557 1820 604 1848 est
621 1815 776 1858 possibile
795 1819 841 1847 est
860 1814 1112 1858 impediendum,

380 1869 469 1902 nulla
489 1868 592 1911 possit
616 1868 698 1900 mitti
725 1878 807 1910 quae
827 1868 1042 1910 quadraginta
1063 1877 1114 1899 ae—

379 1921 452 1954 tatis
467 1931 585 1954 annum
604 1931 669 1953 non
691 1920 879 1964 expleverit.
899 1920 935 1952 Et
953 1921 990 1953 ad
1010 1930 1113 1963 quarn-

377 1974 458 2009 libet
482 1974 663 2007 evitandam
688 1973 909 2013 occasionem,
934 1973 1014 2017 ipsis
1039 1983 1113 2016 pro-

378 2027 569 2060 vincialibus
593 2026 820 2070 prohibemus,
847 2036 887 2058 ne
909 2027 946 2059 ad
966 2026 1112 2059 habitum

379 2086 410 2114 et
433 2080 626 2123 religionem
652 2089 708 2112 seu
737 2079 975 2112 monasterium
1000 2079 1114 2112 admit-

380 2137 447 2165 tant
461 2133 492 2165 in
511 2137 677 2175 posterum
696 2131 756 2164 nisi
771 2132 1000 2172 totmoniales‚
1017 2130 1114 2175 quot³

378 2190 486 2229 potest
516 2186 603 2218 alere
629 2185 714 2217 idem
739 2185 982 2226 monasterium,
1008 2190 1039 2218 et
1063 2195 1114 2218 ea-

379 2249 451 2270 rum
478 2238 542 2270 sint
566 2237 776 2278 conditionis,
802 2249 882 2281 quas
911 2238 993 2271 sacri
1019 2249 1113 2271 cano—

380 2301 437 2323 nes
470 2290 712 2333 praescribunt‚
745 2295 776 2322 et
805 2301 893 2322 suam
929 2291 1037 2323 dotem
1063 2291 1112 2324 vel

380 2342 607 2376 sufficientiam
643 2347 774 2385 portent
803 2343 841 2375 ad
879 2343 1111 2376 monasterium

379 2407 437 2440 pro
453 2406 560 2429 earum
575 2395 728 2428 alimento
744 2400 774 2427 et
787 2396 1035 2436 sustentatione;
1050 2408 1112 2440 qua

380 2449 512 2481 metodo
538 2448 643 2481 omnis
670 2448 810 2480 cessabit
828 2448 906 2491 ipsis
928 2449 1113 2482 mendican-

381 2502 412 2535 di
439 2502 626 2541 necessitas,
649 2506 679 2534 et
700 2506 940 2544 consequenter
962 2503 1109 2544 vagandi.

967 231 1145 255 nuLLAnttm
1170 231 1320 255 ROMANUM

1163 279 1291 312 Eisdem
1317 278 1412 311 etiam
1437 277 1661 321 superioribus
1686 277 1846 318 iubentes,
1865 283 1901 311 ut

1164 332 1273 364 debita
1297 342 1360 374 qua
1393 331 1437 363 sas
1471 336 1521 363 est
1546 330 1736 364 dexteritate
1767 336 1799 364 et
1822 341 1900 375 pru-

1164 385 1282 425 dentia,
1306 385 1338 417 in
1360 388 1515 427 quantum
1532 388 1641 427 potest
1657 383 1738 424 fieri,
1756 384 1795 417 ad
1817 385 1900 416 clau-

1163 447 1271 470 suram
1285 437 1444 469 reducere
1459 442 1490 470 et
1507 436 1637 470 allicere
1653 437 1822 479 (adhibitis
1836 448 1900 471 me·

1163 490 1224 523 diis
1249 490 1329 530 illis,
1356 500 1438 533 quae
1463 490 1550 523 iuxta
1579 495 1763 534 temporum
1793 495 1824 524 et
1851 491 1900 524 lo-

1163 553 1274 576 corum
1300 543 1561 587 opportunitates
1579 543 1625 577 eis
1644 544 1677 576 in
1694 543 1832 577 Domino
1858 543 1901 576 vi-

1163 596 1304 639 debitur)
1323 602 1453 638 curent3
1473 597 1615 640 ipsisque
1632 596 1828 629 monialibus
1847 595 1901 630 siat

1162 655 1285 690 notum,
1311 650 1409 693 quod,
1431 650 1489 682 sub
1507 649 1622 693 poenis
1647 648 1781 682 arbitrio
1806 659 1901 692 supe-

1161 701 1283 734 riorum
1303 702 1485 743 reservatis,
1507 703 1604 735 etiam
1620 701 1768 742 carceris,
1786 702 1899 735 saltem

1161 764 1221 797 per
1245 755 1409 798 quoslihet
1433 754 1620 798 quindecim
1640 754 1708 788 dies
1728 759 1900 787 teneantur

1161 807 1306 840 confiteri
1344 814 1375 841 et
1398 810 1488 842 sacra
1512 807 1599 841 refici
1625 807 1758 852 synaxi,
1785 808 1899 841 eadem

1162 860 1213 893 die
1238 861 1400 894 audiendo
1426 861 1521 894 etiam
1547 871 1732 895 sermonem
1748 861 1900 894 exhorta-

1162 914 1302 954 torium,
1328 925 1422 958 quem
1447 914 1636 948 confessarii
1671 925 1783 947 eorum
1808 915 1900 947 volu·

1160 976 1231 999 mus
1256 966 1334 1010 ipsis
1360 966 1494 1000 habere.
1515 966 1703 1000 Abbatissae
1722 972 1828 1000 autem
1842 977 1898 1000 seu

1161 1019 1396 1062 superiorissae
1430 1029 1487 1052 seu
1523 1019 1690 1052 ministrae
1716 1024 1771 1052 aut
1799 1019 1898 1063 magi-

1160 1077 1246 1105 strae
1272 1078 1434 1116 nequeant
1451 1073 1555 1106 sacere
1573 1083 1731 1116 expensas
1748 1083 1809 1106 nec
1825 1084 1899 1106 ven·

1161 1125 1236 1158 dere
1258 1135 1318 1158 nec
1343 1136 1451 1159 emere
1470 1125 1538 1158 sine
1557 1136 1689 1159 assensu
1708 1125 1897 1160 monialium

1160 1188 1293 1211 suorum
1318 1178 1592 1212 monasteriorum
1613 1189 1671 1222 per
1688 1184 1814 1213 secreta
1831 1180 1897 1212 sus-

1160 1231 1260 1273 sragia
1285 1231 1450 1272 habendo;
1477 1236 1509 1265 et
1526 1232 1655 1265 tandem
1678 1231 1762 1265 inter
1786 1237 1898 1265 semet-

1159 1283 1243 1327 ipsas
1260 1284 1416 1317 moniales
1436 1295 1549 1318 omnes
1569 1289 1896 1318 exereeantrnutuam

1159 1336 1359 1378 charitatem,
1386 1338 1594 1371 concordiam
1620 1342 1652 1370 et
1675 1348 1802 1381 pacem,
1829 1338 1895 1372 Deo

1159 1395 1267 1422 sancte
1290 1395 1322 1423 et
1345 1391 1490 1433 perfecte
1516 1390 1699 1431 serviendo,
1725 1391 1764 1423 ab
1783 1401 1821 1423 eo
1843 1402 1896 1424 ae-

1160 1447 1282 1475 ternam
1307 1444 1457 1476 caelestis
1476 1444 1612 1487 praemii
1631 1444 1818 1477 mercedem
1835 1445 1892 1477 ha-

1158 1494 1315 1528 biturae¹.
1338 1496 1534 1539 Eisdemque
1561 1497 1747 1529 earumdem
1771 1497 1894 1530 monia-

1158 1547 1236 1580 lium
1262 1548 1445 1588 abbatissis,
1465 1549 1638 1591 magistris,
1660 1548 1817 1582 ministris
1835 1560 1892 1582 seu

1158 1601 1383 1644 superiorissis
1396 1601 1617 1645 praecipimus
1632 1601 1756 1644 pariter
1766 1607 1800 1634 ut
1814 1603 1891 1642 loca,

1158 1664 1239 1697 quae
1253 1655 1349 1696 vulgo
1363 1660 1518 1687 vocantur
1531 1654 1793 1697 parlatoria‚sint
1808 1655 1892 1688 bene

1157 1708 1341 1748 custodita,
1369 1718 1428 1740 nec
1465 1713 1539 1740 ante
1575 1707 1654 1740 sotis
1681 1713 1809 1747 ortum,
1833 1719 1894 1741 nec

1157 1766 1233 1804 post
1257 1761 1335 1794 solis
1362 1771 1522 1801 occasum,
1545 1771 1604 1793 nec
1625 1764 1772 1804 tempore
1797 1761 1893 1794 inter-

1158 1813 1263 1846 medio
1288 1813 1372 1845 inter
1396 1813 1570 1856 prandium
1597 1818 1629 1846 et
1645 1823 1798 1857 vesperas
1816 1824 1892 1857 ape-

1157 1866 1291 1906 riantur,
1318 1867 1373 1900 sed
1391 1872 1544 1899 maneant
1564 1867 1689 1907 clausa;
1710 1867 1796 1910 quod
1816 1878 1892 1910 quo-

1157 1930 1218 1961 que
1243 1920 1461 1963 praecipimus
1488 1930 1598 1952 earum
1623 1919 1839 1960 confessariis,
1856 1925 1892 1953 ut

1157 1972 1252 2004 huius
1278 1972 1400 2005 decreti
1427 1972 1651 2005 observantiae
1670 1972 1756 2005 omni
1782 1973 1890 2006 studio

1156 2025 1362 2065 incumbant;
1382 2035 1440 2058 nec
1458 2025 1490 2057 in
1508 2025 1622 2058 eodem
1645 2026 1717 2059 loco
1735 2025 1889 2069 deputato

1156 2089 1216 2122 pro
1241 2078 1425 2122 parlatoriis
1458 2078 1553 2112 liceat
1578 2079 1637 2111 sub
1663 2080 1776 2122 quovis
1800 2091 1890 2124 prae-

1157 2137 1242 2163 textu
1269 2141 1328 2163 nec
1351 2130 1464 2163 bibere
1489 2141 1549 2163 nec
1573 2131 1784 2165 manducare.

1200 2194 1249 2217 xv.
1277 2184 1432 2216 Omnibus
1465 2183 1606 2227 denique
1640 2185 1801 2227 religiosis
1833 2197 1890 2219 no-

1156 2243 1240 2270 strae
1265 2247 1359 2270 curae
1385 2237 1539 2270 subiectis
1572 2237 1690 2270 iterum
1723 2248 1888 2272 sacrarum

1156 2289 1420 2323 constitutionum
1445 2289 1573 2322 Ordinis
1597 2295 1629 2323 et
1652 2289 1787 2323 aliarum
1820 2302 1889 2324 san-

1156 2343 1298 2376 ctionum
1333 2347 1462 2375 sanctae
1500 2347 1532 2375 et
1566 2343 1772 2386 Apostolicae
1797 2344 1887 2377 Sedis

1156 2395 1394 2429 observantiam
1411 2394 1641 2439 praecipimus,
1657 2406 1778 2440 eosque
1795 2397 1887 2431 enixe

1154 2449 1187 2481 in
1210 2449 1348 2482 Domino
1373 2459 1525 2491 rogamus
1543 2453 1577 2481 ut
1601 2448 1633 2481 in
1658 2460 1737 2492 pace
1763 2455 1795 2483 et
1812 2461 1887 2484 con-

1154 2503 1264 2536 cordia
1294 2502 1402 2535 divino
1436 2501 1623 2534 incumbant
1647 2503 1791 2545 servitio,
1817 2515 1887 2537 sae-

416 2575 426 2600 1
446 2572 517 2599 Edit.
535 2572 614 2598 tttain.
631 2571 697 2606 legit
712 2580 812 2599 eorum
828 2573 1110 2608 ⁷120220s1e7·ii‹a.r.).
1154 2556 1226 2588 culo
1245 2554 1308 2588 Sint
1325 2555 1534 2598 exemplares»
1562 2555 1714 2597 religioni
1739 2556 1883 2599 ΡΓΟῆΟῙῙῙ»

413 2617 429 2652 2
450 2617 518 2643 Edit.
536 2616 613 2643 lllain.
631 2615 693 2651 legit
709 2623 761 2651 quo
776 2623 823 2651 pio
840 2619 906 2650 quot
920 2620 957 2650 (u.
974 2617 1022 2651 T.).

1190 2618 1200 2644 1
1224 2616 1294 2644 Edit.
1315 2616 1392 2644 Main.
1413 2616 1477 2652 tegit
1495 2617 1647 2645 habituras
1668 2619 1704 2653 (R.
1720 2617 1768 2654 T.)-

1908 229 1956 254 Αη.
1973 228 2003 256 C.
2025 230 2092 258 ¹696

1915 2195 1943 2215 Du
1959 2197 2082 2217 executione

1909 2225 2082 2242 eonsttlutinnurn

1901 2250 1921 2267 et
1956 2248 2082 2273 quibusdam

1899 2275 2007 2299 precibus
