2227 3225
143 192 194 221 An.
214 192 242 221 c.
261 193 326 220 1603

174 1834 294 1856 Clausulae.

911 192 1120 216 tNNecithu's
1145 193 1188 215 ΧΠ
1214 194 1259 216 ΡΡ.

336 242 431 275 etiam
458 241 732 283 derogatoriaruiu
754 240 1074 282 ‹terwana-iis,aliis-

336 306 397 338 que
438 294 670 326 efficacioribus
706 299 737 325 et
773 293 1006 325 efficacissimis
1043 298 1074 324 et

336 347 474 380 insolitis
499 346 661 385 clausulis,
681 357 716 379 ac
734 346 936 378 irritantibus
955 349 985 378 et
1003 345 1074 378 aliis

335 400 487 439 decretis,
504 400 537 432 in
562 410 681 442 genere
699 401 749 433 vel
775 399 806 432 in
833 399 951 442 speeie,
978 399 1072 432 etiam

334 458 434 492 motu,
460 453 598 486 scientia
623 459 654 485 et
677 453 846 496 potestatis
871 451 1073 495 plenitudine

335 505 508 546 similibus,
526 511 557 539 et
581 516 618 538 ex
638 515 838 549 quacumque
856 507 959 543 eausa,
978 504 1072 536 etiam

335 558 537 599 meritorum,
564 558 696 591 insimul
720 559 770 591 vel
787 558 825 590 ad
847 562 964 600 partes,
980 562 1012 589 et
1026 566 1075 589 se-

336 612 399 644 mel
420 612 468 644 vel
486 612 623 655 pluries,
643 611 682 644 ab
705 611 818 644 eadem
836 610 917 643 Sede
940 611 1074 652 Aposto-

335 664 396 696 lica
421 662 575 697 antehac¹
600 663 764 708 assequuti
790 663 929 703 suerint,
958 673 1014 695 seu
1041 662 1073 694 in

335 721 500 759 posterum
519 723 746 760 assequentur,
764 716 934 749 convenire
953 716 1075 759 pariter

336 769 557 802 existimamus
575 780 615 802 ne
632 768 767 802 iisdem²
787 768 964 801 maioribus
992 768 1074 800 savo-

336 822 426 855 ribus
453 828 484 855 et
508 823 617 865 gratiis
642 833 737 866 quam
762 822 916 865 praedicti
938 822 969 853 S.
987 820 1071 853 RE.

336 877 519 910 cardinales
545 877 713 920 potiantur
737 881 768 909 et
796 875 970 919 gaudeant.
991 875 1074 908 ldeo-

336 940 411 972 que,
431 934 541 970 motu,
568 929 702 962 scientia
720 934 752 962 et
776 929 947 972 potestatis
971 928 1076 971 pleni-

336 983 447 1016 tudine
473 983 622 1026 paribus,
648 983 674 1015 si
707 982 784 1026 quid
821 982 851 1014 in
888 981 1074 1014 huiusmodi

337 1035 501 1068 concessis
526 1036 576 1068 vel
601 1034 819 1068 concedendis
844 1034 977 1067 indultis
1012 1034 1076 1066 sor-

337 1098 394 1120 san
419 1088 662 1127 contineretur,
688 1088 771 1131 quod
799 1087 984 1120 memoratis
1011 1097 1077 1119 car-

338 1140 500 1174 dinalibus
525 1141 681 1180 concedi,
708 1146 741 1172 ut
776 1140 977 1183 praefertur,
1011 1149 1075 1172 non

337 1194 569 1233 consueverit³‚
596 1193 629 1226 in
654 1193 804 1226 omnibus
830 1198 861 1225 et
878 1192 1016 1235 singulis
1040 1193 1077 1226 il-

338 1247 377 1279 lis
402 1246 563 1290 partibus,
590 1246 622 1279 in
641 1246 757 1290 quibus
779 1245 899 1289 aliquid
918 1248 1002 1278 ultra
1021 1256 1075 1278 seu

339 1304 454 1332 contra
479 1304 625 1332 tenorem
651 1304 683 1332 et
707 1299 843 1332 sormam
879 1299 1075 1332 ordinariam

338 1361 410 1384 cum
435 1351 526 1384 dictis
551 1352 769 1385 cardinalibus
794 1351 914 1384 serrari
948 1352 1076 1385 solitam

339 1403 437 1437 suerit
454 1404 699 1447 quomodolibet
718 1414 908 1437 concessum
927 1415 982 1437 seu
1001 1414 1078 1437 con-

340 1457 481 1497 cedetur,
498 1457 681 1490 iisdemmet
701 1457 810 1496 modo,
826 1457 937 1497 forma,
956 1462 987 1490 et
1005 1468 1076 1490 cum

339 1509 602 1543 revocationibus
627 1509 766 1554 aliisque
791 1510 987 1553 praemissis,
1012 1521 1078 1543 mo-

339 1563 501 1603 deramur,
526 1568 558 1596 et
582 1563 621 1596 ad
639 1563 795 1597 terminos
821 1574 877 1596 seu
904 1563 1022 1596 limites
1048 1569 1080 1596 et

340 1616 476 1648 sormam
485 1615 683 1649 ordinariam
694 1615 853 1649 dictorum
868 1616 1077 1655 indultorum,

340 1668 492 1701 omnibus
518 1668 761 1709 cardinalibus,
795 1673 831 1701 ut
866 1668 1052 1711 praefertur
1071 1696 1078 1709 ,

340 1721 473 1754 concedi
500 1721 691 1762 solitorum,
718 1721 752 1754 in
781 1721 934 1754 omnibus
966 1727 999 1754 et
1022 1732 1080 1764 per

341 1774 459 1813 emnia,
485 1778 601 1807 tenore
625 1773 855 1816 praesentium,
880 1773 1077 1806 reducimus.

385 1826 400 1869 ξ
424 1825 456 1858 6.
483 1826 712 1866 Decernentes,
740 1827 869 1859 easdem
891 1831 1080 1869 praesentes

341 1879 468 1912 litteras
490 1884 522 1911 et
546 1879 578 1911 in
604 1879 651 1911 eis
669 1884 821 1912 contenta
845 1889 1079 1922 quaecumque,

340 1931 434 1965 etiam
460 1942 496 1964 ex
522 1942 560 1965 eo
585 1933 669 1975 q-uod
695 1942 808 1965 omnes
833 1938 865 1965 et
891 1932 1010 1974 singuli
1028 1943 1080 1964 su-

339 1985 488 2028 pradicti,
505 1989 537 2018 et
561 1985 614 2018 alii
636 1985 842 2028 quicumque,
861 1985 1002 2018 cuiusvis
1019 1989 1080 2017 sta-

341 2043 401 2077 tus,
428 2037 557 2079 gradus,
583 2037 718 2077 ordinis,
740 2037 948 2078 conditionis,
966 2047 1080 2080 praee-

340 2090 518 2124 minentiae
554 2096 587 2123 et
623 2091 813 2133 dignitatis,
837 2091 870 2123 in
894 2091 1080 2134 praemissis

341 2144 592 2187 quomodolibet
605 2144 655 2176 ius
682 2145 731 2177 vel
750 2144 907 2177 interesse
922 2145 1080 2178 habentes

341 2207 397 2229 seu
424 2196 545 2229 habere
569 2197 834 2240 praetendentes,
852 2197 968 2230 iisdem
993 2208 1081 2240 prae·

340 2249 448 2282 missis
472 2260 536 2282 non
561 2249 798 2290 consenserint,
824 2260 885 2283 nec
909 2250 948 2283 ad
974 2260 1011 2283 ea
1026 2261 1081 2283 vo-

341 2303 414 2343 cati,
438 2303 524 2336 citati
550 2313 606 2336 seu
637 2303 737 2336 auditi
774 2303 916 2342 suerint,
952 2305 1078 2337 tametsi

340 2366 472 2391 suorum
505 2356 709 2389 indultorum
745 2357 795 2389 vel
831 2356 1079 2399 privilegiorum

341 2409 453 2451 vigore
478 2409 674 2450 consentire,
700 2420 756 2442 seu
775 2410 883 2443 vocari
908 2415 939 2443 et
963 2411 1078 2451 audiri,

378 2490 387 2514 1
413 2488 482 2515 Edit.
501 2488 580 2516 Μαίη.
603 2488 670 2523 legit
688 2492 756 2517 ante
775 2490 827 2516 hoc
846 2490 886 2525 (n.
908 2493 955 2523 τ.).

377 2532 393 2559 2
413 2532 513 2559 Forsan
533 2533 676 2568 legendum
696 2534 783 2561 iidem
806 2535 841 2569 (tt.
856 2535 906 2569 τ.).

376 2577 394 2604 3
413 2576 484 2603 Edit.
504 2577 588 2604 Main.
610 2577 674 2613 legit
693 2579 893 2607 consueverint
911 2581 953 2608 (R.
968 2580 1018 2613 τ.).

430 2631 511 2660 Bull.
528 2632 612 2660 Rom.
632 2647 667 2652 —
690 2633 750 2661 Vol.
770 2634 830 2661 XX.
975 2633 1003 2661 Ἡ

1751 183 1807 215 ,ΠΜ

1116 241 1215 272 semel
1241 240 1288 272 rel
1306 240 1441 283 pluries,
1461 250 1593 282 quoquo
1611 241 1707 272 modo
1726 240 1855 271 ‹lebuis-

1116 298 1198 331 sent,
1223 298 1276 324 aut
1295 303 1330 325 ex
1349 293 1411 325 alia
1425 303 1627 335 quacumque
1650 293 1854 335 quantumvis

1117 344 1180 387 pia,
1208 345 1355 384 inridit-a,
1383 345 1589 388 privilegiata
1608 349 1639 376 et
1656 345 1854 383 rationabili,

1116 408 1151 429 ac
1175 397 1269 430 etiam
1296 397 1361 437 tali,
1386 408 1467 440 quae
1492 397 1529 429 ad
1568 396 1713 429 ell'ectuni
1745 397 1856 430 validi-

1117 450 1189 482 tatis
1224 450 1478 493 praemissorum
1518 449 1703 482 necessario
1741 448 1851 491 expri-

1117 503 1234 535 menda
1259 503 1354 543 soret,
1379 504 1474 535 causa
1493 507 1525 535 et
1542 502 1726 542 occasione,
1744 503 1854 534 colore

1117 566 1175 588 seu
1200 561 1379 599 praetextu,
1405 555 1508 596 titulo,
1527 556 1623 588 etiam
1649 565 1799 594 oneroso,
1825 560 1857 586 et

1115 609 1227 651 capite,
1243 608 1339 641 etiam
1356 607 1388 640 in
1405 618 1542 652 corpore
1560 608 1638 641 iuris
1655 609 1771 647 clauso,
1788 607 1856 640 ullo

1118 671 1258 704 unquam
1292 666 1439 704 tempore
1477 661 1515 694 de
1555 660 1775 704 subreptionis
1805 660 1855 692 vel

1117 713 1318 757 obreptionis
1343 719 1396 747 aut
1420 714 1577 747 nullitatis
1601 714 1699 755 vitio,
1727 724 1783 746 sen
1807 713 1857 745 in-

1118 767 1272 800 tentionis
1304 773 1445 808 nostrae,
1470 769 1518 800 vel
1544 767 1700 800 interesse
1733 767 1857 800 haben-

1119 820 1195 853 tium
1221 822 1419 861 consensus,
1447 820 1550 854 aliove
1577 821 1726 864 quolibet
1759 820 1855 852 etiam

1117 874 1267 914 maximo,
1294 873 1511 915 substantiali,
1543 873 1710 906 essentiali
1738 877 1769 905 et
1794 873 1858 905 sor-

1117 927 1190 960 mali
1217 932 1272 960 aut
1297 927 1474 969 incogitato
1501 927 1630 960 defectu
1656 926 1779 966 notari,
1804 925 1859 958 im-

1117 980 1268 1023 pugnari,
1293 979 1473 1019 invalidari,
1499 979 1679 1019 retractari,
1704 978 1856 1018 rescindi,

1118 1033 1148 1065 in
1166 1033 1421 1066 controversiam
1439 1032 1558 1073 vocari,
1574 1038 1628 1064 aut
1645 1032 1683 1064 ad
1704 1032 1858 1064 terminos

1118 1086 1197 1118 iuris
1223 1085 1346 1125 reduci,
1373 1096 1427 1118 seu
1454 1086 1608 1118 adversus
1628 1086 1680 1118 illa
1705 1084 1859 1128 aperitio-

1119 1139 1166 1172 nis
1181 1140 1257 1179 oris,
1269 1139 1483 1172 restitutionis
1498 1139 1528 1171 in
1544 1139 1715 1181 integrum,
1731 1138 1858 1171 aliudve

1119 1193 1346 1236 quodcumque
1372 1192 1464 1232 iuris,
1493 1193 1564 1225 sacti
1590 1194 1638 1225 rel
1665 1192 1785 1234 gratiae
1812 1202 1860 1224 re-

1119 1246 1259 1279 medium
1285 1246 1440 1278 intentari
1465 1246 1515 1278 vel
1535 1245 1710 1288 impetrari,
1732 1250 1787 1278 aut
1805 1245 1859 1277 im-

1119 1304 1269 1343 petrato,
1295 1310 1352 1332 seu
1391 1299 1487 1332 etiam
1519 1304 1629 1339 motu,
1667 1299 1801 1331 scientia
1828 1304 1860 1332 et

1120 1353 1289 1396 potestatis
1314 1353 1518 1396 plenitudine
1539 1353 1672 1396 paribus
1692 1363 1858 1391 concesso,

1120 1406 1305 1450 quempiam
1330 1407 1362 1438 in
1388 1406 1509 1439 iudicio
1530 1407 1580 1438 vel
1606 1411 1697 1438 extra
1716 1406 1794 1439 illud
1813 1406 1857 1437 uti

1121 1469 1178 1492 seu
1204 1469 1236 1492 se
1276 1459 1385 1491 iuvare
1421 1459 1606 1491 nullatenus
1645 1468 1762 1501 posse,
1803 1458 1859 1491 sed

1120 1512 1206 1556 ipsas
1230 1516 1420 1555 praesentes
1445 1511 1570 1544 litteras
1596 1516 1628 1544 et
1653 1511 1685 1543 in
1715 1511 1762 1543 eis
1783 1521 1861 1543 con-

1123 1570 1210 1597 tenta
1235 1574 1462 1608 quaecumque
1489 1574 1617 1607 semper
1641 1569 1673 1596 et
1696 1569 1859 1608 perpetuo

1122 1616 1220 1657 firma,
1241 1617 1347 1650 valida
1364 1621 1395 1650 et
1412 1616 1553 1650 efficacia
1571 1616 1711 1649 existere
1733 1622 1763 1649 et
1782 1617 1859 1657 fore,

1121 1680 1264 1714 siosque
1296 1670 1459 1713 plenarios
1485 1675 1517 1703 et
1549 1670 1693 1712 integros
1727 1669 1859 1703 etl'ectus

1123 1723 1232 1756 sortiri
1267 1727 1298 1756 et
1329 1723 1479 1756 obtinere
1513 1723 1655 1762 debere,
1689 1727 1721 1755 et
1754 1722 1793 1754 ab
1826 1733 1862 1755 o-

1122 1776 1261 1816 mnibus,
1277 1777 1315 1809 ad
1333 1786 1414 1820 quos
1434 1780 1557 1820 spectat
1574 1781 1605 1809 et
1629 1786 1688 1820 pro
1714 1779 1861 1819 tempore

1123 1830 1392 1874 quandocumque
1418 1835 1448 1862 et
1462 1830 1766 1874 quomodocumque
1788 1840 1859 1873 spe-

1122 1883 1242 1923 ctabit,
1268 1882 1503 1916 inviolabiliter
1528 1888 1559 1916 et
1584 1883 1779 1916 inconcusse
1804 1883 1862 1916 ob-

1121 1936 1253 1977 servari,
1281 1936 1393 1979 sicque
1419 1941 1451 1969 et
1474 1947 1541 1969 non
1566 1936 1662 1969 aliter
1686 1946 1745 1979 per
1765 1946 1860 1979 quosv

1122 1999 1260 2032 cumque
1285 1989 1407 2022 iudices
1431 1989 1616 2022 ordinarios
1633 1995 1663 2022 et
1681 1989 1861 2032 delegatos,

1122 2042 1219 2075 etiam
1245 2052 1414 2074 causarum
1439 2042 1550 2086 palatii
1576 2042 1746 2085 apostolici
1773 2042 1863 2075 audi-

1122 2100 1220 2134 tores,
1240 2106 1277 2128 ac
1302 2095 1448 2128 eiusdem
1474 2095 1505 2128 S.
1526 2095 1563 2127 R.
1583 2095 1618 2127 E.
1638 2095 1862 2136 camerarium,

1122 2153 1153 2181 et
1178 2148 1259 2181 alios
1284 2148 1478 2188 cardinales,
1506 2148 1601 2180 etiam
1628 2148 1666 2181 de
1691 2149 1791 2181 latere
1816 2149 1862 2181 le-

1123 2207 1223 2245 gatOS,
1250 2201 1421 2244 dictaeque
1446 2201 1598 2234 Gamerae
1634 2201 1862 2244 praesidentes

1123 2254 1272 2295 clericos7
1289 2259 1319 2287 et
1337 2255 1418 2288 alios
1438 2265 1671 2298 quoscumque,
1685 2254 1797 2298 quav1s
1813 2265 1863 2287 au‘

1123 2307 1280 2347 ctoritate,
1298 2306 1555 2350 praeeminentia
1572 2311 1603 2339 et
1617 2311 1778 2349 potestate
1796 2306 1864 2338 sun·

1124 2367 1236 2403 gentes
1263 2366 1293 2393 et
1319 2360 1566 2404 quadocumque
1593 2361 1770 2400 suncturos,
1793 2359 1864 2392 sub-

1123 2415 1185 2447 lata
1212 2413 1257 2446 eis
1282 2418 1314 2446 et
1339 2423 1450 2446 eorum
1482 2413 1603 2446 culibet
1634 2413 1743 2456 quavis
1770 2413 1863 2446 aliter

1123 2466 1287 2499 iudicandi
1313 2471 1343 2499 et
1368 2466 1605 2509 interpretandi
1624 2465 1786 2505 facultate,
1813 2465 1862 2497 iu-

1123 2519 1223 2553 dicari
1239 2524 1270 2552 et
1288 2519 1414 2552 definiri
1430 2519 1563 2559 debere,
1583 2519 1708 2551 irritum
1730 2528 1862 2561 quoque

1123 2573 1275 2614 etimne,
1298 2572 1326 2606 si
1351 2583 1446 2607 secus
1461 2572 1627 2616 superbis
1648 2582 1664 2604 a
1686 2581 1861 2615 quoquam,

1861 190 2043 219 An.c.16.03
