2254 3225
204 199 257 226 An.
271 200 299 225 c.
322 199 391 227 1696
436 193 500 227 774

235 260 326 285 Benigne
345 266 382 281 an-

199 288 244 307 uuit
259 287 360 308 Pontifex.

223 2444 286 2468 Fides
311 2450 366 2471 tran-

183 2475 318 2499 &amplorum-

975 208 1151 235 BULLARIUM

436 251 451 294 5
476 251 506 284 4.
533 250 596 286 Nos
624 252 746 297 igitur,
777 256 885 300 ipsum
918 256 1128 292 Franciscum

392 304 561 347 amplioris
581 305 686 340 favore
704 308 827 351 gratiae
846 311 999 354 prosequi
1019 312 1129 345 volen-

391 361 450 399 tes,
479 368 617 403 eumque
641 371 659 394 a
680 361 846 406 quibusvis
872 365 1130 398 excommunica·

392 409 500 453 tionis,
515 414 737 457 suspensionis
752 421 784 449 et
797 416 972 458 interdicti,
991 417 1127 461 aliisque

391 465 620 500 ecelesiasticis
638 469 822 510 sententiis,
840 471 984 503 censuris
1004 475 1035 504 et
1051 481 1128 514 poe-

390 517 450 559 nis,
476 529 493 552 a
518 519 587 553 iure
603 521 652 554 vel
671 521 709 554 ab
729 521 871 563 homine,
899 523 1011 566 quavis
1035 534 1128 556 occa-

390 571 482 605 sione
497 573 547 605 vel
568 575 663 606 causa
680 574 764 615 latis,
778 575 803 607 si
821 575 937 618 quibus
951 576 1128 619 quomodo-

389 623 469 657 libet
483 625 657 658 innodatus
675 626 794 668 existit,
814 628 853 660 ad
873 627 1019 661 effectum
1036 639 1127 672 prae-

389 678 528 710 sentium
539 678 704 712 dumtaxat
718 681 997 724 consequendum,
1010 682 1125 715 harum

389 731 472 764 serie
487 731 693 766 absolventes
713 738 744 766 et
764 735 949 768 absolutum
966 735 1035 769 sore
1050 746 1127 769 cen-

388 789 497 817 sentes
514 811 522 825 ,
549 784 733 819 huiusmodi
759 787 1052 831 supplicationibus
1078 788 1127 822 in-

388 837 510 880 clinati,
525 838 563 873 de
579 840 888 874 seeundodictorum
910 842 1124 876 cardinalium

387 892 524 926 consilio
540 920 547 933 ‚
576 899 607 926 et
632 896 753 927 attenta
773 895 930 929 relatione
957 907 1054 940 quam
1078 896 1125 930 di-

387 945 491 978 lectus
508 946 682 979 modernus
703 947 944 981 commissarius
962 949 1123 991 generalis

387 998 502 1032 Curiae
521 1000 597 1033 dicti
618 1000 746 1034 Ordinis
765 1002 887 1035 eisdem
906 1002 1124 1035 cardinalibus

386 1061 485 1095 super
509 1053 699 1096 praemissis
734 1053 817 1093 fecit,
851 1055 946 1087 etiam
980 1055 1125 1098 praefata

385 1105 458 1138 loca
482 1105 535 1148 pia
551 1106 624 1139 Viae
645 1106 754 1140 Crucis
771 1117 830 1140 seu
849 1106 988 1141 Calvarii
1014 1109 1047 1141 in
1073 1119 1124 1142 su-

384 1159 540 1202 pradictis
558 1160 735 1193 lnnocentii
755 1162 1014 1204 praedecessoris
1039 1163 1124 1197 litte-

384 1212 429 1245 ris
467 1213 724 1256 comprehendi,
751 1224 788 1247 ac
824 1214 960 1257 proinde
996 1215 1059 1247 srui
1092 1220 1123 1249 et

385 1266 527 1308 gaudere
546 1276 638 1309 posse
664 1266 879 1309 indulgentiis
896 1273 927 1300 et
944 1268 1122 1311 privilegiis

384 1317 418 1351 in
442 1319 560 1352 litteris
596 1319 782 1353 huiusmodi
820 1321 981 1354 concessis
1006 1327 1038 1355 et
1062 1332 1118 1354 ex-

384 1371 518 1414 pressis,
552 1382 662 1404 earum
697 1377 804 1405 tamen
837 1379 950 1407 tenore
983 1381 1122 1415 servato,

385 1425 577 1457 auctoritate
607 1425 796 1467 apostolica,
823 1431 934 1459 tenore
968 1437 1123 1470 praesen-

386 1477 476 1518 tium,
503 1477 705 1510 decernimus
731 1483 764 1510 et
789 1479 1010 1519 declaramus;
1037 1482 1121 1513 salva

385 1536 493 1564 tamen
518 1541 647 1574 semper
672 1531 703 1564 in
725 1532 909 1574 praemissis
934 1533 1121 1568 auctoritate

385 1584 637 1617 secundodietae
670 1584 941 1627 Congregationis
974 1587 1121 1620 cardina-

384 1637 476 1670 lium.
493 1637 714 1670 Deeernentcs
731 1637 866 1680 pariter,
887 1639 1015 1671 easdem
1031 1650 1121 1682 prae-

383 1695 494 1723 sentes
510 1690 635 1723 litteras
657 1700 785 1733 semper
804 1690 922 1731 firmas,
951 1692 1072 1724 validas
1090 1699 1121 1725 et

383 1744 531 1777 efficaces
555 1743 693 1776 existere
725 1748 757 1776 ct
785 1744 863 1785 fore,
890 1755 1031 1788 suosque
1052 1746 1117 1788 ple-

382 1796 494 1829 narios
512 1801 545 1829 et
563 1796 709 1838 integros
724 1795 859 1829 ell'ectus
885 1797 995 1829 sortiri
1018 1803 1050 1830 et
1065 1798 1121 1830 ob-

384 1849 497 1890 tinere,
523 1860 558 1883 ac
583 1849 659 1890 illis,
683 1850 722 1882 ad
748 1860 829 1892 quos
854 1855 979 1893 spectat
1004 1856 1036 1883 et
1060 1862 1119 1894 pro

383 1893 530 1945 tempore
554 1902 725 1945 spectabit,
750 1902 940 1945 plenissime
965 1902 1120 1947 suflraga-

381 1955 432 1996 ri,
459 1956 570 1999 sicque
595 1955 628 1988 in
652 1955 840 1998 praemissis
865 1966 926 1999 per
950 1967 1120 1999 quoscum-

382 2020 446 2053 que
482 2009 605 2042 iudices
640 2009 824 2042 ordinarios
861 2015 892 2042 et
927 2010 1116 2052 delegatos,

382 2062 478 2095 etiam
497 2072 666 2095 causarum
683 2062 796 2105 palatii
810 2062 980 2105 apostolici
1000 2064 1119 2097 audito-

382 2126 444 2156 res,
468 2115 603 2148 iudicari
626 2121 656 2148 et
682 2115 807 2148 definiri
832 2115 968 2156 debere,
994 2127 1030 2150 ae
1051 2117 1118 2150 irri-

383 2174 448 2201 tum
479 2174 511 2201 et
539 2169 650 2210 inane,
669 2169 693 2201 si
712 2179 803 2201 secus
819 2178 919 2212 super
936 2169 985 2202 his
1003 2180 1020 2201 a
1038 2181 1117 2213 quo-

382 2232 487 2264 quam,
524 2222 636 2265 quavis
664 2221 877 2261 auctoritate,
906 2222 1048 2255 scienter
1067 2223 1117 2256 vel

383 2274 585 2317 ignoranter,
607 2274 781 2316 eontigerit
797 2275 962 2307 attentari.
990 2275 1024 2307 In
1045 2286 1118 2308 con-

385 2327 515 2360 trarium
534 2327 723 2360 facientibus
744 2337 809 2360 non
825 2327 1026 2361 obstantibus
1048 2330 1117 2372 qui-

384 2382 600 2425 buscumque.

427 2435 498 2478 §5
526 2435 679 2468 Volumus
715 2440 823 2467 autem
859 2440 894 2467 ut
929 2436 1116 2470 earumdem

384 2488 601 2532 praesentium
621 2488 798 2520 litterarum
820 2489 1039 2531 transumptis,
1061 2500 1116 2523 seu

386 2543 553 2586 exemplis,
567 2544 661 2576 etiam
678 2543 855 2585 impressis,
873 2554 968 2575 manu
984 2544 1117 2576 alicuius
1139 2547 1140 2564 ¹

385 2597 502 2630 notarii
541 2597 662 2640 publii-i
700 2596 906 2639 subscriptis,
945 2602 971 2627 et
1012 2597 1140 2639 sigillo]

1174 209 1326 236 Romnum

1170 270 1328 303 personae
1353 259 1386 292 in
1407 259 1625 293 ecclesiastica
1650 259 1807 303 dignitate
1832 270 1905 293 con-

1169 313 1298 346 stitutae
1330 313 1475 355 munitis,
1509 313 1620 347 eadem
1657 324 1792 357 prorsus
1823 313 1903 346 fides

1169 366 1292 409 ubique
1324 368 1471 400 locorum
1506 372 1571 400 tam
1605 367 1639 400 in
1664 366 1783 400 iudicio
1809 376 1905 410 quam

1170 423 1258 451 extra
1284 419 1366 452 illud
1391 419 1561 461 habeatur,
1588 430 1671 463 qnae
1703 418 1784 463 ipsis
1809 429 1904 462 prae-

1169 471 1317 504 sentibus
1343 471 1519 505 haberetur
1555 471 1582 504 si
1611 472 1716 505 forent
1740 471 1903 505 exhibitae

1168 524 1218 555 vel
1242 529 1405 557 ostensae.

1212 575 1324 608 Datum
1350 576 1479 618 Romae,
1504 576 1588 619 apud
1618 576 1649 610 S.
1682 576 1813 610 Mariam
1841 577 1903 610 Ma-

1168 627 1279 668 iorem,
1298 629 1358 662 sul)
1384 631 1505 663 annulo
1531 630 1716 671 PiscatoriS,
1734 630 1785 663 die
1809 641 1828 664 v
1852 630 1904 663 de·

1168 681 1304 717 cembris
1328 691 1478 723 nncxcvi,
1499 682 1706 726 pontificatus
1723 683 1825 717 nostri
1850 693 1903 716 an-

1167 744 1209 767 no
1233 745 1277 768 vt.

1203 797 1263 824 Dat.
1282 796 1326 825 die
1341 798 1357 826 5
1373 797 1528 825 decembris
1546 798 1624 833 1696,
1640 798 1736 834 pontif.
1753 807 1823 826 anno
1837 804 1872 827 vt.

1466 942 1594 976 CXLIII.

1165 1020 1369 1054 Revocantur
1405 1022 1584 1065 privileqia
1622 1034 1643 1056 a
1680 1025 1903 1068 superioribus

1210 1074 1373 1116 religiosis
1397 1085 1539 1109 concessa
1565 1076 1602 1109 in
1629 1078 1737 1111 Incliis
1761 1080 1903 1112 occiden-

1211 1127 1331 1160 talibus
1357 1133 1470 1161 contra
1495 1129 1660 1163 Ordinum
1690 1131 1740 1164 vel
1768 1132 1903 1165 Sanctae

1209 1180 1300 1214 Sedis
1325 1181 1573 1216 constitutiones
1597 1181 1617 1216 ¹.

1340 1261 1535 1289 Innocentius
1555 1263 1634 1296 Papa
1654 1264 1718 1296 xn,

1308 1306 1344 1332 ad
1364 1306 1497 1334 futuram
1517 1307 1561 1334 rei
1581 1308 1762 1336 memoriam.

1209 1375 1254 1407 Ad
1280 1376 1443 1418 pastorale
1468 1375 1631 1419 fastigium
1665 1377 1788 1411 meritis
1826 1378 1902 1413 licet
1940 1393 2061 1413 manum...

1164 1427 1340 1470 imparibus
1367 1428 1473 1461 divina
1500 1429 1714 1472 dispositione
1740 1432 1851 1473 evecti,
1869 1432 1902 1464 in

1165 1492 1234 1514 cam
1258 1482 1434 1525 praecipue
1460 1493 1569 1515 curam
1609 1484 1753 1517 sollicitis
1786 1485 1902 1518 studiis

1164 1534 1389 1574 incumbimus,
1426 1540 1459 1567 ut
1491 1535 1721 1570 christifideles
1745 1537 1901 1570 Altissimi

1164 1587 1332 1630 obsequiis
1349 1587 1409 1620 sub
1427 1588 1515 1620 suavi
1534 1588 1700 1631 religionis
1720 1590 1797 1632 iugo
1815 1601 1900 1623 man-

1163 1640 1259 1683 cipati
1285 1640 1373 1672 iuxta
1399 1640 1577 1674 laudabilia
1609 1652 1723 1675 corum
1748 1642 1899 1676 instituta

1162 1703 1318 1735 prospere
1337 1692 1530 1734 dirigantur,
1549 1693 1679 1737 illisque
1701 1695 1835 1727 firmiter
1853 1695 1901 1728 in-

1163 1746 1324 1786 sistenteS,
1350 1745 1540 1779 laetioribus
1577 1747 1608 1779 in
1646 1747 1728 1788 dies,
1766 1749 1901 1781 benedi-

1162 1804 1253 1832 cente
1286 1798 1444 1838 Domino‚
1468 1799 1642 1842 proficiant
1674 1799 1897 1834 incrementis.

1161 1853 1217 1885 Illa
1238 1852 1384 1896 proinde,
1402 1862 1484 1895 quae
1509 1852 1651 1895 regulari
1676 1853 1819 1896 ipsorum
1844 1854 1897 1887 ob-

1162 1905 1345 1938 servantiae
1363 1905 1458 1938 noxia
1477 1916 1547 1938 esse
1566 1912 1754 1947 noscuntur,
1778 1917 1898 1950 oppor-

1163 1964 1257 1991 tunae
1281 1958 1476 2002 provisionis
1502 1965 1631 1992 nostrae
1662 1959 1842 1993 ministerio
1868 1972 1897 1994 c-

1161 2013 1281 2045 vcllere
1308 2012 1493 2054 satagimus,
1519 2012 1600 2045 sient
1625 2012 1677 2056 pia
1701 2014 1897 2048 orthodoxo-

1161 2076 1230 2098 rum
1252 2075 1365 2107 regum
1391 2065 1625 2107 multiplicibus
1650 2066 1683 2098 in
1715 2066 1799 2099 hanc
1820 2066 1895 2100 San-

1160 2124 1242 2150 ctam
1276 2118 1392 2151 Sedem
1431 2117 1555 2150 meritis
1596 2118 1787 2161 fulgentium
1823 2126 1898 2152 vot.

1160 2171 1335 2214 postulant,
1353 2175 1384 2203 et
1402 2180 1469 2211 nos,
1488 2171 1639 2203 omnibus
1655 2176 1799 2204 maturae
1820 2182 1897 2204 con-

1160 2224 1367 2257 siderationis
1393 2223 1514 2256 trutina
1534 2224 1714 2267 perpensis,
1733 2224 1772 2257 ad
1797 2225 1898 2257 omni-

1160 2277 1302 2321 potentis
1327 2277 1381 2310 Dei
1407 2277 1542 2320 gloriam
1576 2282 1608 2309 ct
1631 2277 1802 2320 religionis
1830 2278 1897 2311 feli-

1210 2385 1219 2410 l
1244 2383 1272 2410 ln
1293 2382 1438 2410 Clementis
1458 2382 1476 2409 X
1501 2386 1586 2409 const,
1605 2382 1647 2409 ed.
1665 2388 1782 2417 nucem,
1799 2382 1843 2410 die
1864 2385 1892 2410 Η

1160 2428 1237 2461 iunii,
1258 2428 1351 2463 pontif.
1372 2434 1390 2461 1,
1412 2427 1549 2454 declarata
1574 2426 1649 2454 fuere
1670 2427 1797 2454 nonnulla
1817 2428 1896 2463 privi-

1160 2474 1229 2508 legia
1248 2473 1412 2505 regularium
1426 2494 1432 2506 ,
1454 2476 1481 2499 et
1500 2481 1514 2498 a
1534 2472 1672 2498 Clemente
1692 2471 1727 2498 Xl
1749 2477 1833 2499 const.
1850 2473 1893 2499 ed.

1161 2524 1283 2550 MDCCxtx,
1301 2517 1343 2543 die
1365 2518 1377 2543 Τ
1398 2515 1569 2551 septembris,
1586 2515 1680 2550 pontif.
1697 2522 1748 2547 xlx,
1766 2524 1895 2543 rexocan-

1162 2566 1203 2587 tur
1224 2562 1363 2595 priuilegia
1383 2569 1509 2587 οοιιινε>η
1530 2569 1542 2586 a
1564 2561 1664 2586 nuncio
1685 2560 1709 2586 in
1731 2561 1893 2595 quibusdam

1162 2606 1263 2639 regnis.

1909 212 1958 239 An.
1974 213 2003 239 C.
2027 214 2094 242 1606
