2254 3225
216 249 267 277 Au.
285 249 312 276 C.
335 248 403 277 1695

243 1418 362 1440 Exordium.

273 1997 398 2019 Communis>

216 2023 330 2044 {innocentii
346 2024 380 2045 XI.

449 240 512 274 7⁶28

406 298 477 338 dae,
505 309 585 342 quae
611 299 672 332 erit
689 299 832 333 secunda
864 299 1041 339 Adventus,
1061 305 1136 339 010.,

407 350 550 394 (reliqua
573 352 655 384 sicul
685 353 719 384 in
744 351 927 385 Alexandri
956 352 1039 384 VIII
1067 362 1160 383 con-¹

1158 403 1160 424 ³
1180 403 1300 445 quitur,
1324 402 1475 435 videlicet

406 404 472 435 stit.
500 404 585 436 0011Ιᾶ
610 414 801 444 stnctxxxix,
826 405 878 436 die
901 415 929 438 xi
955 404 1138 443 decembris

405 458 524 499 pontif.
548 468 569 490 1.

451 509 562 541 Datum
586 509 716 547 Romae,
734 509 819 551 apud
841 508 871 541 S.
891 508 1019 540 Mariam
1044 507 1141 540 Maio-

407 573 486 602 rem,
515 563 572 595 sul)
601 564 719 594 annulo
739 561 920 600 piscatoris,
950 562 1054 593 (110111
1086 561 1140 593 110-

409 615 547 648 cambris
571 624 708 653 mocxcv,
733 613 942 656 pontificatus
962 613 1062 646 nostri
1088 623 1140 645 an-

409 678 451 700 no
477 679 505 700 V.

444 729 505 755 Dat.
526 727 568 754 die
586 728 599 754 4
617 727 768 754 decembris
789 727 870 760 1695,
887 727 984 761 pontif.
1001 735 1072 754 anno
1087 733 1113 754 v.

713 867 831 901 CXXII.

411 949 630 990 Confirmalur
653 948 839 980 consliluli'o
872 947 1056 980 Innocenlii
1078 947 1139 985 XI,

452 1013 518 1044 qua
543 1001 754 1042 confirmatur
778 1001 938 1033 decretum
962 1000 1142 1033 cardinalis

449 1055 636 1097 protectoris
656 1055 742 1086 circa
761 1055 977 1086 emeculz'onem
1001 1054 1143 1086 alterna-

453 1108 536 1139 lirae
560 1108 595 1139 in
618 1107 785 1149 provincia
819 1107 977 1139 Imzuensz‘
999 1108 1142 1149 fratrum

450 1160 617 1192 Mitzorum
640 1159 678 1191 dc
703 1159 917 1193 Observantid
942 1160 1142 1202 Reformato-

449 1211 554 1244 rum'.

583 1290 782 1317 Innocentius
802 1291 881 1324 Papa
901 1290 964 1323 xn,

541 1336 577 1362 ad
592 1336 727 1362 futuram
743 1335 787 1362 rei
807 1336 990 1363 memoriam.

450 1407 493 1440 Ex
520 1406 682 1440 commissi
718 1407 813 1440 nobis
851 1407 1001 1441 divinitus
1034 1412 1142 1451 pasto-

408 1461 484 1493 ralis
511 1459 606 1493 officii
626 1459 746 1499 debito,
765 1459 832 1500 illa,
852 1470 932 1503 quae
953 1471 970 1493 a
990 1461 1141 1494 Romanis

407 1511 616 1545 Pontificibus
629 1513 939 1555 praedecessoribus
950 1514 1069 1546 nostris
1082 1525 1141 1557 pro

407 1565 493 1598 felici
525 1564 786 1598 christifidelium
819 1566 935 1599 divinis
972 1566 1162 1610 obsequiis*

406 1618 465 1651 sub
490 1618 576 1651 suavi
594 1617 762 1660 religionis
784 1618 858 1661 iugo
883 1619 1140 1662 mancipatorum

406 1675 491 1704 statu
516 1671 748 1711 conservando,
766 1671 964 1715 illorumque
983 1673 1141 1715 tranquil-

408 1723 500 1757 litate
508 1722 644 1756 firmiter
656 1723 859 1766 stabilienda,
873 1725 924 1767 pie
940 1725 1139 1768 provideque

407 1788 572 1810 emanasse
598 1782 786 1818 noscuntur,
804 1782 839 1810 ut
856 1777 1001 1811 solidiori
1022 1779 1139 1812 robore

407 1835 598 1874 perennent,
623 1830 794 1874 apostolici
825 1831 1014 1864 muniminis
1038 1832 1139 1864 nostri

406 1882 580 1926 praesidio,
607 1893 679 1916 cum
704 1883 736 1915 id
761 1893 778 1916 a
809 1884 903 1917 nobis
938 1884 1070 1927 petitur,
1104 1885 1140 1918 li-

407 1935 524 1969 benter
547 1935 805 1969 constabilimus.

451 1988 466 2031 §
501 1988 533 2021 ’1.
566 1985 652 2021 Alias
690 1988 853 2032 siquidem
891 1999 949 2032 pro
986 1991 1140 2033 religiosa

409 2041 517 2084 quiete
542 2040 728 2084 provinciae
747 2041 915 2075 lanuensis
932 2042 1060 2076 Ordinis
1085 2044 1139 2076 Mi-

408 2104 525 2126 norum
550 2093 654 2127 sancti
679 2094 839 2127 Francisci
865 2095 904 2128 de
929 2095 1139 2130 Observantur

411 2146 665 2179 Reformatorum
691 2153 961 2190 nuncupatorum,
994 2149 1033 2182 ad
1064 2160 1139 2194 sup-

408 2197 617 2241 plicationem
636 2204 710 2231 tunc
727 2200 895 2233 existentis
913 2201 1051 2234 ministri
1069 2213 1139 2246 pro-

408 2250 553 2283 vincialis
578 2251 762 2293 provinciae
788 2253 987 2295 huiusmodi,
1010 2265 1136 2288 emanu-

408 2307 484 2335 runt
508 2314 524 2335 a
551 2303 651 2335 felicis
676 2305 916 2338 recordationis
948 2307 1137 2342 Innocentio

443 2367 454 2391 1
472 2364 549 2391 Dicta
570 2365 719 2392 Innocentii
735 2365 765 2391 Xl
787 2366 892 2393 constit.
910 2367 981 2394 edita
1003 2368 1052 2395 fuit
1070 2378 1138 2397 anuo

406 2415 581 2442 MDCLxxxvll,
601 2409 644 2434 die
666 2409 698 2435 12
724 2409 801 2443 iunii,
829 2411 924 2445 pontif.
946 2419 964 2443 1,
986 2417 1012 2438 et
1033 2414 1076 2439 1110
1096 2423 1138 2440 re-

405 2452 507 2485 fertur;
534 2453 562 2479 iu
588 2451 668 2478 11111115
692 2452 828 2479 Ρο111111015
847 2459 932 2480 const.
958 2455 1000 2482 ed.
1022 2463 1138 2491 ι1111011011,

406 2496 449 2523 die
472 2497 501 2523 17
523 2496 594 2530 maii,
616 2496 708 2530 pontif.
730 2503 747 2529 1,
768 2497 856 2531 agitur
876 2498 908 2524 de
933 2499 1092 2527 alternatim
1111 2502 1138 2527 in

407 2539 543 2575 provincia
562 2540 588 2566 S.
610 2539 722 2572 Nicolai3
743 2541 810 2566 etin
827 2545 912 2567 const.
933 2542 975 2568 ed.
996 2550 1138 2577 mocxcrui,

406 2585 450 2611 die
476 2586 489 2612 7
511 2584 640 2618 octobris,
663 2584 758 2618 pontif.
780 2591 841 2619 vul,
870 2585 903 2611 de
929 2587 1090 2614 alternative
1113 2589 1139 2614 in

405 2629 542 2665 provincia
561 2628 698 2657 Ianuensi.

982 250 1159 276 nt'LLAnlt'M
1183 250 1292 274 noum
1298 251 1338 274 [Ἥ

1180 299 1265 342 Papa
1288 299 1327 331 xl
1351 297 1607 341 praedecessore
1643 301 1753 330 nostro
1779 296 1906 329 litterae

1179 351 1212 383 in
1236 351 1332 383 simili
1363 351 1467 382 fornia
1498 350 1605 382 Brevis
1631 350 1751 382 tenoris
1775 349 1830 393 qui
1861 359 1908 382 se-

1230 467 1242 485 «
1266 455 1474 488 Innocentius
1498 456 1568 489 ΡΡ.
1594 455 1658 496 XI,
1690 455 1733 488 ad
1760 456 1908 498 futuram

1180 508 1227 540 rei
1251 508 1450 541 memoriam.
1478 508 1601 552 Exponi
1621 509 1716 541 nobis
1740 519 1844 551 nuper
1869 508 1910 541 fe-

1181 561 1224 593 cit
1262 561 1397 594 dilectus
1436 561 1521 594 1111115
1561 561 1718 594 Antonius
1756 561 1852 594 Maria
1893 571 1910 593 a

1182 613 1328 653 Finario‚
1361 613 1508 646 minister
1540 614 1746 657 provincialis
1781 613 1911 656 provin-

1182 667 1247 700 ciae
1266 667 1432 699 Ianucnsis
1457 666 1584 699 Ordinis
1601 667 1732 699 fratrum
1749 666 1911 699 Minorum

1182 720 1282 753 sancti
1315 719 1474 752 Francisci
1501 720 1540 753 de
1565 719 1779 753 Observantia
1802 719 1913 752 Refor-

1182 778 1341 805 matorum
1377 778 1660 815 nuncupatorum,
1695 772 1784 815 quod
1818 782 1914 805 vene-

1182 825 1293 858 rabilis
1319 825 1416 857 frater
1442 830 1554 857 1105101·
1578 825 1759 858 Aldcranus
1789 825 1914 868 episco-

1183 888 1241 920 pus
1274 878 1462 910 Portuensis
1488 882 1519 910 et
1542 877 1574 911 S.
1604 877 1641 911 R.
1670 877 1705 910 E.
1740 872 1912 911 cardinalis

1183 931 1267 973 Cybo
1299 936 1522 974 nuncupatus,
1552 932 1724 974 religiosae
1757 931 1915 975 tranquil·

1183 983 1265 1017 litati
1300 984 1432 1016 fratrum
1469 984 1573 1017 dietae
1612 984 1799 1027 provinciae
1838 995 1916 1017 con-

1183 1037 1300 1069 sultum
1326 1046 1396 1069 esse
1422 1036 1568 1079 cupiens,
1594 1037 1816 1070 alternativam
1833 1037 1916 1070 circa

1184 1089 1377 1122 electionem
1396 1089 1433 1121 ad
1454 1089 1720 1132 provincialatum
1739 1094 1915 1132 ceteraque

1184 1140 1358 1174 definitorii
1384 1141 1570 1185 provinciae
1596 1142 1784 1175 huiusmodi
1809 1141 1916 1175 officia

1184 1194 1216 1227 in
1254 1200 1317 1227 tres
1352 1200 1460 1238 partes
1497 1194 1562 1228 sive
1599 1194 1763 1228 districtus
1798 1195 1917 1238 quibus

1184 1246 1351 1290 provincia
1375 1247 1443 1291 ipsa
1468 1252 1604 1288 constat,
1629 1247 1749 1280 dudum
1775 1248 1808 1280 in
1833 1247 1916 1290 capi-

1185 1301 1250 1333 tulo
1275 1300 1464 1344 provinciali
1496 1301 1641 1334 eiusdem
1669 1300 1855 1344 provinciae
1880 1311 1917 1334 ac

1184 1364 1243 1396 per
1267 1353 1420 1397 quasdam
1453 1354 1556 1387 felicis
1590 1353 1827 1387 recordationis
1858 1353 1917 1387 Ur-

1183 1407 1258 1440 bani
1283 1407 1386 1449 Papae
1417 1406 1479 1438 Vlll
1511 1406 1776 1449 praedecessoris
1812 1407 1915 1439 nostri

1183 1459 1280 1493 simili
1298 1460 1329 1492 in
1351 1460 1453 1492 forma
1473 1459 1581 1492 Brevis
1602 1459 1724 1492 litteras
1742 1459 1916 1492 stabilitam

1183 1517 1214 1545 et
1239 1512 1435 1552 ordinatam,
1455 1512 1588 1552 servari,
1606 1522 1664 1545 nec
1682 1512 1857 1556 quidquam
1882 1513 1914 1545 in

1183 1565 1382 1598 contrarium
1406 1564 1554 1597 innovari
1579 1570 1634 1597 aut
1667 1564 1832 1604 attentari,
1856 1564 1915 1597 sub

1183 1617 1317 1652 diversis
1351 1618 1464 1660 poeuis
1500 1618 1668 1661 praecepit
1699 1624 1731 1650 et
1754 1617 1916 1650 mandavit

1181 1682 1239 1715 per
1263 1682 1354 1704 suum
1381 1671 1545 1704 decretum
1572 1671 1710 1713 desuper
1734 1676 1916 1703 emanatum

1183 1724 1303 1757 tenoris
1330 1724 1385 1766 qui
1410 1724 1568 1766 sequitur,
1593 1723 1757 1756 videlicet:
1787 1734 1800 1753 <r
1825 1722 1917 1755 Aide-

1181 1787 1277 1809 ranus
1303 1776 1478 1819 Episcopus
1495 1775 1610 1808 snit.
1637 1775 1809 1808 cardinalis
1830 1775 1915 1818 Cybo

1182 1829 1343 1872 seraphici
1368 1828 1496 1861 Ordinis
1520 1828 1621 1861 sancti
1647 1828 1811 1861 Francisci
1831 1829 1915 1872 apud

1181 1883 1329 1916 Sanctam
1354 1881 1468 1914 Scdem
1494 1885 1668 1924 protector,
1707 1881 1833 1914 dilectis
1858 1892 1917 1915 110-

1181 1935 1288 1968 bisin
1323 1934 1449 1968 Christo
1489 1934 1645 1967 fratribus
1682 1934 1847 1967 modernis
1885 1939 1918 1968 et

1181 1999 1239 2031 pro
1265 1993 1408 2031 tempore
1434 1987 1646 2020 existentibus
1671 1987 1820 2020 ministro
1844 1997 1917 2030 pro-

1182 2041 1320 2080 vinciali,
1355 2040 1484 2073 custodi
1512 2046 1543 2073 et
1569 2040 1805 2081 definitoribus,
1831 2047 1917 2073 cete-

1181 2095 1290 2137 risque
1325 2093 1476 2126 omnibus
1517 2094 1682 2135 religiosis
1719 2094 1916 2127 reformatae

1181 2147 1366 2191 provinciae
1388 2146 1565 2186 Iunucnsis,
1588 2147 1732 2187 salutem,
1756 2151 1818 2179 etc.
1838 2146 1916 2180 Cum

1181 2201 1260 2233 alias
1284 2200 1316 2231 111
1341 2199 1483 2242 capitulo
1514 2198 1708 2242 provinciali
1741 2199 1832 2231 istius
1867 2209 1918 2232 re-

1181 2254 1336 2287 formatae
1361 2252 1544 2295 proviuciae
1568 2251 1744 2291 Ianuensis,
1777 2252 1815 2284 de
1839 2262 1916 2284 con-

1181 2317 1277 2340 sensu
1294 2305 1452 2339 vocalium
1473 2305 1526 2348 qui
1546 2305 1652 2338 eidem
1670 2305 1812 2348 capitulo
1838 2310 1916 2339 tunc

1181 2360 1414 2400 interfuerunt,
1443 2359 1609 2392 decretum
1633 2358 1746 2399 fuerit,
1771 2358 1858 2402 quod
1882 2359 1916 2391 in

1181 2420 1348 2457 posterum
1367 2439 1374 2453 ‚
1405 2412 1445 2445 ad
1478 2412 1733 2445 conservandam
1766 2411 1914 2445 eiusdem

1180 2466 1364 2510 provinciae
1390 2476 1502 2507 pacem
1527 2470 1559 2498 et
1582 2464 1859 2508 tranquillitatem,
1878 2475 1916 2498 ex

1183 2520 1286 2552 tribus
1311 2519 1426 2562 quibus
1452 2519 1522 2562 ipsa
1552 2519 1720 2562 provincia
1751 2519 1916 2562 componi-

1183 2578 1233 2605 tur
1258 2572 1469 2612 districtibus,
1488 2571 1540 2614 qui
1559 2577 1633 2604 sunt
1657 2572 1764 2604 civitas
1782 2572 1916 2604 Ianuen-

1183 2625 1242 2667 sis,
1267 2625 1397 2669 Liguria
1421 2624 1590 2658 orientalis
1619 2629 1650 2657 et
1674 2624 1805 2667 Liguria
1830 2624 1916 2657 occi-

1917 245 1966 272 An.
1983 246 2010 272 C.
2032 245 2100 273 1695
