2227 3225
153 247 203 273 Aa.
220 247 248 274 C.
274 246 335 274 teet

925 245 1132 268 JNNOCENTtt's

344 305 416 327 cum
441 294 560 328 litteris
589 298 694 327 tamen
725 293 911 337 patentibus
943 304 1075 326 suorum

344 346 602 391 provincialium.
629 346 663 379 ln
689 357 752 390 quo
776 347 889 379 labore
917 356 974 389 per
999 342 1098 378 duo-³

345 400 446 433 devini
466 410 568 432 anuos
585 400 729 433 exerceri
752 399 902 438 debeant,
918 399 996 431 itaut
1014 399 1077 431 illis
1097 416 1099 438 ;

345 463 408 485 non
430 457 599 495 reputetur
623 452 660 485 ad
687 452 829 495 gradum,
853 462 910 483 nec
931 450 1076 494 suppleri
1097 473 1101 491 ,

346 505 471 538 valcant
496 506 566 539 aliis
591 505 738 544 meritis‚·
754 505 814 537 nisi
840 515 914 537 vere
941 510 971 536 et
998 504 1078 536 intc-

345 569 400 601 gre
437 559 663 592 huiuscemodi
697 557 836 591 officium
870 556 1078 600 perquamdi-

345 613 485 655 ligenter
510 612 711 656 expleverint
733 612 828 644 modo
852 617 881 643 et
909 611 1009 643 forma
1026 611 1077 642 hic

345 672 375 698 et
401 667 550 710 superius
576 666 649 698 dist.
677 676 699 698 ιι
725 675 792 708 cap.
811 675 833 698 11
852 664 1074 707 praescriptis.

344 721 477 754 Praeter
494 720 554 753 hoc
578 721 712 763 insuper
729 729 783 751 eos
805 719 907 751 teneri
930 719 1078 750 volumus

345 774 562 807 utconciones
576 777 762 813 conventus,
777 773 865 804 iuxta
883 771 1031 804 ordinem
1048 775 1076 803 et

345 826 594 869 dispositionem
620 825 902 863 commendatoris,
921 824 1076 863 habeant,

345 884 374 911 et
390 878 608 911 conscientiae
623 888 730 909 casum
745 878 869 909 alterne
891 880 1076 920 proponant

345 936 377 963 et
394 932 560 964 resolvant
580 929 723 973 quotidie
749 929 787 961 ab
807 929 897 962 initio
916 929 1078 961 Adventus

344 983 473 1016 Ordinis
491 993 594 1026 usque
613 982 652 1015 ad
671 982 865 1015 dominicam
884 981 1058 1014 Trinitatis.

389 1045 436 1070 111.
463 1035 520 1074 Qui
540 1045 618 1068 vero
637 1041 706 1067 actu
728 1034 759 1066 in
785 1034 845 1067 hoc
871 1034 1079 1077 praedicatio-

346 1089 395 1122 nis
409 1098 543 1121 munere
558 1086 789 1126 laboraverint,
804 1087 963 1128 gaudeant
978 1096 1081 1118 exem-

346 1141 515 1185 ptionibus
540 1141 579 1173 ab
605 1140 711 1173 officio
737 1139 828 1172 chori
860 1144 891 1172 et
916 1139 1037 1177 altaris,
1063 1150 1079 1171 a

345 1194 508 1227 matutinis
521 1193 627 1226 media
640 1197 733 1226 nocte
749 1191 904 1230 dicendis,
920 1197 951 1224 et
964 1192 1079 1224 Prima:

346 1246 482 1289 insuper
501 1246 628 1278 missam
654 1255 751 1277 unam
779 1255 836 1288 pro
858 1255 890 1277 se
912 1245 1078 1277 celebrare

346 1304 482 1342 possunt
495 1300 577 1332 ultra
595 1308 783 1331 concessam
800 1308 816 1329 a
833 1297 1077 1330 constitutione.
1099 1311 1102 1327 0

346 1351 381 1384 Et
409 1352 557 1390 tandem,
585 1351 755 1393 completis
792 1349 960 1382 duodecim
986 1350 1079 1381 aunis

346 1404 612 1448 praedicationis,
630 1402 792 1436 immunes
807 1403 902 1435 etiam
921 1403 959 1435 ab
974 1402 1080 1435 officio

346 1456 571 1490 hebdomadae
597 1456 810 1495 declaramus,
839 1466 901 1487 non
933 1460 1039 1488 tamen
1064 1466 1080 1487 a

345 1509 522 1543 residentia
546 1509 656 1547 chori,
684 1519 779 1552 quam
816 1519 871 1541 eos
907 1509 945 1541 de
972 1514 1080 1541 cetero

346 1563 471 1606 integre
496 1561 611 1595 sectari
633 1562 858 1605 praecipimus.

391 1625 435 1649 w.
462 1614 538 1647 Cum
553 1625 612 1658 pro
632 1614 692 1654 his,
710 1614 763 1656 qui
781 1614 941 1656 praefatae
959 1614 1081 1657 praedi·

346 1667 483 1702 cationis
504 1668 643 1701 officium
658 1667 902 1710 compleverint,
918 1678 971 1699 sex
993 1678 1082 1710 prae-

346 1727 529 1756 sentaturas
554 1721 614 1753 iam
640 1721 767 1763 pridem
786 1720 870 1753 Ordo
895 1720 1079 1757 instituerit,

346 1775 378 1808 in
398 1775 539 1819 qualibet
556 1774 722 1817 provincia
740 1784 793 1806 eas
811 1773 972 1806 neminem
987 1784 1080 1816 posse

347 1828 496 1861 obtinere
521 1827 744 1865 decernimus,
773 1827 834 1859 nisi
859 1827 1018 1869 peractis,
1047 1831 1082 1858 ut.

346 1882 409 1914 iam
433 1880 650 1924 praemissum
673 1885 728 1919 est,
748 1879 918 1912 duodecim
940 1879 1031 1911 annis
1049 1880 1080 1911 in

346 1933 598 1977 praedicationis
625 1932 791 1971 exercitio,
813 1932 1009 1975 praeviaque
1035 1932 1082 1964 iu-

347 1987 542 2021 formatione
568 1987 607 2019 de
632 1986 697 2019 illis
721 1985 759 2018 ab
792 1986 862 2028 ipso
891 1985 1081 2028 provinciali

346 2051 403 2074 seu
429 2039 596 2073 visitatore
622 2039 722 2079 sacta,
753 2039 811 2070 sub
837 2038 956 2071 eisdem
983 2038 1083 2071 forma

347 2098 380 2126 et
398 2098 554 2136 tempore,
570 2101 794 2134 annorumque
814 2091 964 2124 nullitate
982 2091 1015 2123 in
1033 2101 1083 2124 ca-

346 2145 452 2189 pitulo
477 2143 731 2188 praesentanda,
762 2153 844 2187 quae
871 2143 1017 2187 superius
1044 2144 1082 2176 de

347 2201 504 2232 lectorum
534 2197 816 2230 informationibus
849 2197 1081 2230 decernuntur.

345 2251 568 2285 Definitorium
604 2260 680 2284 vero
716 2250 849 2293 capituli
881 2250 929 2283 ius
966 2250 1084 2283 habeat

346 2305 539 2349 privativum
557 2314 610 2337 eas
634 2303 846 2347 approbandi,
865 2313 901 2336 ac
917 2303 1012 2336 etiam
1034 2314 1084 2336 cx-

347 2358 491 2401 ponendi
505 2357 747 2401 praedicatores
761 2356 799 2389 ad
814 2356 1001 2399 praedictos
1017 2367 1084 2399 gra-

347 2411 418 2450 dus,
440 2415 471 2443 et
488 2410 572 2442 hanc
590 2419 718 2453 quoque
740 2409 925 2442 facultatem
945 2410 1083 2442 cedendi

347 2464 522 2506 magistro,
547 2462 630 2496 sicut
654 2462 687 2494 in
713 2462 864 2504 gradibus
897 2462 935 2494 de
961 2462 1084 2494 lectura

349 2515 554 2549 sancivimus.

391 2579 422 2602 v.
440 2568 521 2612 Ipsis
537 2578 614 2602 vero
625 2568 911 2612 ,praedicatoribus
933 2569 994 2600 iam
1015 2579 1085 2611 gra-

349 2621 453 2655 duatis
477 2622 607 2655 easdem
632 2621 850 2654 immunitates
867 2648 874 2661 ,
905 2621 1029 2654 indulta
1054 2627 1085 2655 et

1751 238 1813 269 aa*

1159 246 1202 268 κη
1227 246 1272 268 rr.
1777 256 1814 270 -.·

1119 293 1291 336 privilegia
1314 293 1522 326 concedimus
1539 320 1546 333 ,
1573 294 1688 336 quihus
1713 296 1854 337 gaudent

1120 356 1231 378 omnes
1249 347 1444 388 praesentati
1463 347 1501 379 dc
1523 347 1660 386 tectura,
1679 358 1853 390 vocemque

1119 399 1268 432 similiter
1293 400 1426 432 activam
1456 401 1503 432 vel
1530 400 1686 442 passivam
1712 400 1743 432 in
1770 401 1856 443 capi-

1121 453 1186 484 tulo
1211 453 1419 495 provinciali,
1446 459 1475 485 et
1500 453 1532 485 in
1558 453 1717 485 electione
1744 452 1856 486 defini-

1121 506 1486 549 torumprovincialium
1509 511 1539 539 et
1557 505 1775 547 definitorum,
1797 508 1856 539 ele-

1119 564 1243 590 ctorum
1272 559 1493 602 generulimn,
1521 564 1552 592 et
1586 559 1702 591 ceteris
1732 560 1856 592 actibus

1120 612 1261 654 capituli,
1276 618 1502 656 praeterquam
1523 612 1554 644 in
1573 612 1640 645 eius
1659 612 1855 652 definitorio,

1121 665 1182 697 nisi
1209 666 1247 698 ad
1274 666 1353 698 illud
1379 665 1509 698 aliunde
1535 666 1707 708 pertineat.

1165 728 1184 750 1.
1205 718 1266 751 Per
1284 718 1518 761 professionem
1537 719 1718 750 litterarum
1739 728 1777 751 eo
1797 729 1858 751 ma-

1121 830 1329 864 sanrtorum,
1366 825 1595 868 mysticamque
1634 824 1855 867 theologiam,

1121 888 1183 920 qua
1216 878 1246 909 in
1273 877 1493 910 poenitentiae
1520 878 1589 909 foro
1616 876 1767 910 ductores
1792 877 1859 909 ani-

1122 941 1245 962 marum
1271 930 1436 969 efficimur,
1455 935 1487 962 et
1511 931 1634 972 lepram
1650 940 1666 962 a
1684 931 1771 972 lepra
1794 929 1858 962 dis-

1122 984 1292 1016 cernimus.
1311 983 1411 1021 tfude,
1433 993 1503 1015 eam
1526 983 1556 1015 in
1578 982 1783 1015 confessariis
1802 993 1859 1015 no-

1122 1035 1196 1068 stris
1222 1035 1446 1069 sufficieutiam
1467 1035 1689 1068 desiderantes
1708 1045 1787 1078 quae
1806 1035 1859 1068 de-

1122 1094 1173 1120 cet
1198 1089 1361 1121 ministros
1391 1088 1510 1121 Christi
1544 1094 1574 1121 et
1611 1088 1857 1131 dispensatores

1123 1141 1350 1184 mysteriorum
1384 1141 1459 1180 Dei,
1484 1141 1619 1174 tirmiter
1651 1141 1829 1173 stabilimus
1850 1168 1858 1182 ,

1122 1201 1156 1228 ut
1179 1195 1288 1228 nullus
1322 1195 1420 1227 frater
1445 1194 1477 1227 in
1502 1193 1621 1227 Ordine
1647 1199 1758 1227 nostro
1785 1204 1859 1227 con-

1100 1260 1101 1281 1
1124 1249 1281 1281 fossiones
1305 1248 1415 1280 audiat
1431 1248 1654 1287 saecularium,
1674 1258 1779 1290 neque
1799 1248 1860 1278 fra-

1124 1302 1218 1333 trcm'
1246 1301 1377 1334 alterius
1402 1300 1540 1339 Ordinis,
1565 1300 1626 1332 uisi
1653 1301 1741 1342 prius
1758 1311 1775 1332 a
1793 1312 1860 1332 ma-

1124 1355 1226 1396 gistro
1242 1353 1289 1386 vel
1316 1353 1507 1396 provinciali
1534 1352 1628 1385 fuerit
1649 1353 1859 1395 approbatus,

1125 1407 1239 1450 quibus
1258 1407 1351 1438 enixe
1377 1405 1614 1443 constituimus,
1632 1411 1667 1437 ut
1687 1406 1725 1438 ad
1743 1416 1860 1438 munus

1124 1460 1306 1493 huiusmodi
1334 1470 1390 1493 cos
1424 1463 1547 1491 tantum
1581 1458 1693 1490 fratres
1717 1459 1859 1502 eligant,

1124 1513 1177 1556 qui
1196 1513 1323 1552 litteris,
1339 1512 1400 1544 vita
1417 1516 1447 1543 et
1462 1511 1632 1543 sanctitate
1650 1511 1768 1543 suerint
1781 1522 1861 1544 com-

1124 1565 1354 1603 mendabiles3
1382 1569 1513 1607 praeter
1538 1563 1596 1595 has
1627 1567 1733 1596 autem
1760 1564 1862 1597 licen-

1125 1618 1183 1651 tias
1208 1619 1247 1651 ab
1272 1618 1400 1657 Ordine,
1428 1618 1536 1649 nullus
1563 1617 1660 1649 frater
1685 1618 1862 1650 confessio-

1124 1682 1180 1704 nes
1206 1671 1417 1703 saecularium
1445 1669 1555 1702 audire
1582 1676 1775 1712 praesumat,
1797 1670 1860 1702 nisi

1123 1725 1210 1758 illam
1238 1724 1333 1757 etiam
1359 1724 1502 1756 obtineat
1530 1734 1546 1756 a
1572 1723 1784 1762 dioecesano,
1812 1725 1860 1757 vel

1125 1778 1193 1810 eius
1220 1777 1349 1816 vicario,
1369 1778 1418 1809 vel
1444 1777 1482 1809 ab
1502 1777 1565 1809 alio
1584 1775 1655 1809 cui²
1674 1776 1861 1810 huiusmodi

1124 1831 1345 1864 confessiones
1372 1829 1524 1863 audiendi
1545 1829 1613 1861 iure
1640 1829 1745 1872 possit
1764 1830 1861 1862 facul-

1126 1889 1220 1917 tatem
1246 1884 1294 1916 vel
1322 1894 1431 1915 curam
1464 1882 1646 1914 animarum
1676 1881 1858 1924 iniungere.

1124 1934 1262 1968 Caveant
1287 1939 1393 1966 autem
1419 1933 1494 1966 dieti
1522 1933 1721 1971 confessarii,
1743 1943 1783 1965 ne
1805 1933 1862 1965 ali-

1125 1988 1203 2031 quid
1229 1998 1247 2020 a
1271 1987 1516 2030 poenitentibus
1543 1986 1689 2029 exigant,
1715 1986 1779 2018 imo
1805 1997 1862 2019 ne-

1126 2050 1187 2083 que
1203 2040 1391 2083 suscipiant,
1410 2040 1489 2072 illud
1505 2039 1669 2081 Evangelii
1686 2040 1863 2084 adimplen-

1126 2098 1189 2126 tes:
1208 2094 1311 2136 9ratz's
1335 2093 1482 2136 acceptis,
1507 2094 1610 2135 gyratis
1635 2092 1718 2125 dale.

1169 2157 1201 2180 11.
1227 2146 1367 2184 Quilibet
1392 2146 1632 2178 commendator
1649 2147 1681 2178 in
1705 2147 1759 2179 sua
1780 2157 1861 2180 com-

1124 2199 1239 2231 menda
1264 2199 1401 2231 idoneos
1427 2199 1540 2231 fratres
1565 2198 1714 2241 assignet,
1734 2205 1765 2232 ct
1785 2200 1860 2232 satis

1125 2252 1186 2284 sibi
1202 2252 1367 2295 probatos,
1381 2251 1581 2294 quintiorum
1598 2252 1728 2284 fratrum
1742 2254 1862 2285 confes-

1126 2303 1232 2336 siones
1250 2303 1395 2344 audiant;
1417 2314 1529 2336 omnes
1548 2309 1654 2336 tamen
1669 2311 1862 2338 conventua-

1126 2357 1173 2389 les
1199 2362 1371 2389 teneantur
1395 2357 1460 2389 suis
1486 2357 1802 2390 commendatoribus
1821 2359 1860 2391 ad

1125 2410 1232 2442 miuus
1246 2411 1345 2443 semel
1363 2410 1395 2442 in
1414 2420 1498 2443 anno
1513 2409 1670 2450 confiteri,
1689 2416 1719 2443 et
1737 2411 1860 2454 abipso

1126 2463 1388 2496 communionem
1414 2463 1581 2506 suscipere
1607 2463 1639 2495 in
1665 2464 1759 2496 missa
1779 2465 1862 2497 solc-

1126 2517 1191 2549 mni
1217 2517 1315 2549 feriae
1329 2517 1461 2560 quintae
1475 2517 1608 2550 maioris
1622 2517 1859 2551 hebdomadae.

1164 2589 1174 2614 1
1198 2587 1311 2614 Videtur
1330 2587 1473 2622 legendum
1494 2589 1620 2621 fratrum
1641 2588 1678 2618 (R.
1700 2588 1748 2623 T.).

1162 2632 1178 2658 2
1198 2632 1309 2658 Videtur
1329 2632 1470 2668 legendum
1493 2633 1544 2666 qui
1568 2632 1600 2667 [fl.
1617 2632 1664 2666 Τ.).

1868 249 1955 274 tn.t1.

1980 249 2041 274 ’.Γ-91

1902 728 1969 748 ΕΛΡΠ
1985 727 2018 747 lx.

1896 754 1924 773 tn—
1936 754 2006 773 cuufes
2033 760 2040 771 ⁸

1122 770 1202 804 xime
1240 772 1388 804 ducimur
1427 777 1459 803 ut
1498 771 1655 803 discamus
1688 761 2051 810 scientiamnmqwtcvniiss

1868 813 1937 827 satus.
