2254 3225
221 232 263 257 lu.
281 232 309 257 (Ζ,
336 231 395 255 tutti

446 220 509 251 ῒῖΓιὶἱ

450 289 513 311 xix.
541 277 616 311 Cum
641 276 756 320 aliquis
782 274 955 308 definitorii
981 272 1142 316 generalis

409 331 551 364 officium
575 331 683 363 denuo
709 328 898 372 susceperit,
920 328 1028 360 iurare
1049 326 1143 358 debet

409 385 441 417 in
467 384 615 417 manibus
647 382 808 427 praesidis
835 379 1030 419 definitm'ii,
1056 377 1143 412 suis¹

410 437 584 480 evangeliis
609 435 830 480 superpositis,
847 444 928 477 quae
947 437 1144 476 sequuntur:

416 502 430 521 α
447 490 535 523 luras
552 489 671 533 (inquit
688 488 845 531 praeses),
866 486 951 529 quod
970 483 1147 518 secundum

410 544 511 576 Deum
537 547 567 576 et
592 541 758 585 propriam
785 538 1032 577 conscientiam,
1051 540 1147 578 atque

411 595 499 630 omni
516 595 623 628 cordis
640 593 808 627 affcctione
827 590 1022 635 posthabita,
1036 597 1147 622 omnes

412 648 458 680 tui
485 647 627 680 muneris
652 652 740 679 actus
768 644 843 678 totis
866 643 986 676 viribus
1010 641 1148 684 implere

413 700 594 741 conaberis,
613 705 645 733 et
668 709 835 742 nunqnam
861 697 894 730 in
919 696 1016 729 rebus
1041 695 1151 728 decer-

413 754 531 787 nendis
570 753 633 786 eris
669 761 882 795 personarum
908 753 1070 792 acceptor,
1094 746 1149 779 scd

414 806 515 839 solius
540 805 617 838 boni
643 804 742 837 totius
767 803 895 836 Ordinis
927 807 958 834 et
993 799 1150 843 regularis

416 858 607 901 disciplinae
632 856 779 890 zelator?
795 868 825 888 n.
845 854 1003 888 Definitor
1027 857 1150 886 autem:
1170 868 1172 873 .

414 911 506 944 Iuro.

459 974 511 997 xx.
538 962 680 1006 Denique
699 963 738 995 ab
756 961 869 995 eodem
886 961 986 1004 pleno
1011 957 1152 1002 capitulo

416 1017 625 1050 nominemur
649 1015 771 1048 iudices
796 1024 960 1046 causarum
985 1017 1017 1045 et
1040 1009 1154 1044 exami-

417 1075 545 1103 natores
581 1079 738 1101 annorum
769 1068 910 1099 lecturae
935 1071 967 1098 et
990 1063 1155 1107 praediea-

418 1123 515 1155 tionis
548 1122 690 1154 omnium
723 1121 879 1153 lectorum
904 1124 935 1151 et
959 1118 1156 1161 praedicato-

417 1187 499 1215 rum,
526 1175 578 1217 qui
603 1184 658 1207 eos
676 1173 816 1216 probare
834 1171 1010 1211 voluerint,
1032 1176 1064 1203 et
1088 1175 1157 1202 tan-

419 1229 491 1262 dem
518 1228 730 1270 designentur
754 1227 964 1259 calculatores
996 1223 1156 1256 rationum

420 1291 437 1313 a
462 1280 645 1323 quibusque
680 1278 834 1311 fratribus
859 1277 892 1309 in
917 1277 1061 1320 capitulo
1086 1275 1158 1308 red—

421 1333 613 1365 dendarum.

465 1395 487 1418 1.
507 1384 562 1417 Die
581 1383 672 1416 tertia
690 1381 967 1426 capituli‚scilicct
984 1379 1157 1419 dominica,

405 1449 477 1471 -seu
503 1437 659 1481 postridie
685 1435 897 1475 electionem,
931 1433 984 1466 siat
1009 1432 1159 1466 solemnis

377 1491 604 1535 tuaprocessio,
631 1490 792 1532 missaque
817 1487 999 1520 celebretur
1023 1486 1062 1518 ab
1089 1486 1159 1528 ipso

378 1535 613 1588 ‘'¹'provinciali
639 1543 742 1575 electo
772 1540 820 1584 (si
853 1539 949 1573 suerit
973 1538 1161 1582 expeditus)

427 1598 465 1630 dc
492 1595 660 1628 festivitate
685 1594 760 1634 illa,
792 1593 839 1626 vel
871 1592 985 1625 Sancto
1010 1589 1137 1623 Ordinis
1154 1617 1161 1631 ‚

427 1660 523 1693 quam
547 1648 608 1681 iam
634 1645 835 1680 consuetudo
860 1645 1046 1689 provinciae
1069 1643 1165 1676 stabi-

427 1702 524 1742 lierit,
547 1702 596 1734 vel
620 1700 773 1743 magister
796 1699 860 1732 sive
897 1698 966 1732 eius
1003 1697 1163 1740 generalis

428 1755 567 1788 vicarius
599 1752 851 1797 provincialisve
884 1752 1052 1784 absolutus
1081 1751 1166 1783 desi-

430 1807 584 1850 gnaverit,
611 1809 704 1849 atque
722 1804 754 1837 in
772 1806 809 1838 ea
826 1804 982 1837 habeatur
998 1802 1110 1836 concio
1127 1802 1165 1836 de

429 1860 509 1903 ipso,
532 1869 613 1902 quae
638 1858 732 1891 simul
753 1858 792 1890 ad
816 1856 1053 1890 institutionem
1072 1855 1166 1888 electi

431 1913 600 1955 dirigatur.
638 1912 672 1944 In
709 1911 770 1944 hac
803 1910 899 1943 missa
929 1909 1168 1943 communicare

431 1967 550 2000 debent
581 1966 694 1998 fratres
726 1974 839 1997 omnes
870 1973 936 1996 non
962 1961 1167 2006 presbyteri3

432 2020 620 2053 sacerdotes
655 2028 732 2051 vero
765 2017 899 2060 capituli
931 2015 1024 2049 dictis
1055 2015 1170 2058 primis

433 2073 536 2105 tribus
562 2072 675 2104 diebus
700 2070 806 2103 divina
831 2070 1000 2103 celebrent
1035 2078 1095 2112 pro
1119 2068 1171 2100 be·

434 2124 651 2159 nesactoribus
675 2123 802 2156 Ordinis
818 2133 826 2163 3
844 2122 884 2155 ad
907 2131 1075 2164 vesperam
1093 2119 1172 2153 eins·

435 2179 509 2211 dem
526 2176 711 2221 provinciae
728 2175 956 2209 conclusiones
975 2174 1171 2207 habeantur:

436 2230 574 2264 residuis
597 2240 672 2262 vero
698 2228 811 2261 diebus
834 2227 921 2260 iuxta
952 2237 1075 2260 morem
1100 2237 1173 2270 pro-

437 2284 613 2318 vinciarum
646 2292 740 2315 mane
773 2281 957 2315 celebretur
981 2281 1118 2314 officium
1143 2285 1175 2313 et

438 2337 565 2378 concio,
584 2335 815 2370 conclusiones
831 2340 937 2368 autem
953 2344 1087 2377 vespere
1103 2345 1110 2375 ;
1130 2333 1174 2366 ita

438 2396 557 2431 tamen,
592 2394 628 2422 ut
662 2394 824 2432 postremo
848 2388 900 2421 die
926 2388 1066 2420 officium
1102 2397 1173 2419 cum

439 2443 597 2478 concione
621 2452 750 2484 semper
769 2441 811 2474 sit
833 2451 894 2484 pro
919 2440 1092 2473 defunctis.

484 2508 521 2531 11.
548 2497 594 2529 Ab
626 2496 687 2528 hac
711 2505 789 2537 ergo
821 2493 886 2534 die,
912 2494 961 2526 vel
994 2504 1011 2526 a
1040 2503 1175 2535 vespere

442 2550 506 2584 diei
524 2547 761 2593 praecedentis,
780 2547 910 2591 quando
929 2546 961 2579 id
978 2555 1043 2579 non
1060 2545 1177 2578 incom-

478 2612 490 2639 1
513 2610 620 2639 Videtur
639 2610 734 2638 deesse
753 2609 889 2638 manibus
907 2609 947 2643 (n.
963 2607 1011 2643 Τ.).

982 224 1158 248 BULLAMCM
1185 222 1337 245 Romnum

1184 271 1280 303 mode
1304 269 1374 302 fieri
1400 267 1643 312 possit‚debent
1660 267 1729 300 sine
1752 267 1819 300 ullo
1843 272 1919 301 tern-

1185 324 1274 367 poris
1312 322 1482 365 dispendio
1519 322 1678 355 celebrari
1715 321 1918 362 definitoria,

1186 387 1267 420 quae
1293 375 1374 407 intra
1398 375 1595 418 prorInciale
1613 375 1788 418 capitulum
1806 375 1921 408 consti-

1187 433 1319 461 tuuntur
1343 428 1446 471 primo
1471 438 1508 461 ex
1533 430 1672 471 persona
1696 427 1850 471 magistri,
1871 429 1920 462 vel

1188 482 1320 516 alterius
1345 491 1404 524 pro
1430 491 1469 514 co
1494 481 1661 524 praesidis,
1687 486 1719 514 et
1742 482 1860 515 deinde
1882 492 1920 515 ex

1189 534 1378 578 provinciali
1402 534 1518 573 electo,
1536 539 1567 566 ct
1583 534 1773 577 provinciali
1798 545 1856 567 seu
1881 535 1922 568 vi-

1189 588 1275 621 cario
1300 587 1491 631 provinciali
1517 587 1672 627 absoluto,
1694 587 1734 620 ad
1759 587 1923 621 dexteram

1191 646 1222 674 et
1246 641 1408 673 sinistram
1433 639 1535 683 ipsius
1559 640 1717 683 praesidis
1742 640 1922 681 collocatis,

1191 698 1223 725 ct
1247 698 1387 737 quatuor
1403 692 1628 726 definitoribus
1644 693 1832 736 provinciae
1848 692 1925 726 hinc

1191 746 1266 779 inde
1291 757 1418 790 quoque
1446 746 1633 781 sedentibus
1665 746 1844 780 secundum
1873 755 1927 779 or-

1192 798 1301 831 dinem
1337 798 1501 841 dignitatis
1540 798 1608 832 sive
1646 798 1850 842 antiquitatis
1887 798 1926 831 ad

1193 852 1351 893 invicem,
1379 851 1458 884 itaut
1482 852 1656 894 graduatus
1680 862 1746 885 non
1770 851 1927 894 graduato

1193 915 1320 948 semper
1344 905 1507 946 emineat,
1534 910 1566 938 et
1591 905 1676 938 inter
1705 905 1792 948 ipsos
1820 914 1928 937 serve-

1195 962 1244 989 tur
1267 958 1404 1000 qualitas
1438 957 1593 1000 graduum
1617 962 1649 991 et
1679 957 1852 1000 antiquitas
1877 966 1929 990 co-

1195 1010 1350 1042 rumdem.

1240 1073 1288 1096 111.
1307 1062 1366 1101 Qui
1393 1062 1562 1104 generales
1582 1062 1644 1094 iam
1663 1061 1793 1101 suerint,
1810 1061 1835 1094 si
1853 1060 1931 1094 huic

1198 1115 1384 1148 definitorio
1412 1121 1474 1148 tani
1510 1115 1592 1147 intra
1617 1125 1711 1158 quam
1737 1119 1826 1147 extra
1849 1113 1932 1156 capi-

1199 1168 1300 1200 tulum
1326 1168 1436 1201 adesse
1462 1167 1604 1207 libuerit,
1629 1178 1685 1200 eos
1709 1166 1841 1200 omnino
1860 1175 1933 1198 cum

1198 1231 1274 1253 voce
1293 1220 1426 1253 electiva
1444 1224 1474 1252 et
1492 1219 1632 1252 decisiva
1655 1218 1859 1261 suscipimus.
1877 1217 1932 1251 His

1200 1274 1348 1306 omnibus
1367 1273 1499 1306 additur
1513 1272 1634 1315 ubique
1654 1271 1847 1305 secretarius
1867 1271 1934 1304 sive

1200 1327 1346 1369 magistri
1366 1326 1430 1359 sive
1445 1326 1600 1369 praesidis
1614 1324 1756 1368 capituli,
1770 1324 1834 1357 sive
1855 1323 1936 1357 alius

1202 1381 1372 1423 quisquam
1405 1379 1444 1411 ad
1480 1378 1543 1411 hoc
1578 1388 1694 1411 munus
1719 1387 1736 1409 a
1761 1376 1936 1420 praedictis

1202 1435 1322 1467 clectus
1358 1432 1411 1475 qui
1447 1431 1542 1464 fidem
1574 1436 1736 1474 praestare
1768 1430 1880 1470 valeat,
1906 1434 1938 1461 et

1202 1487 1329 1529 signare
1352 1485 1467 1518 litteris
1485 1484 1633 1517 universa
1650 1493 1731 1526 quae
1749 1482 1792 1515 ibi
1818 1481 1938 1515 suerint

1204 1539 1422 1573 decernenda.

1248 1603 1291 1626 iv.
1317 1591 1434 1625 Omnes
1459 1601 1536 1633 ergo
1560 1599 1721 1633 personae
1739 1588 1938 1632 praedictae,

1206 1651 1339 1688 excepto
1363 1643 1535 1677 secretario
1561 1642 1636 1685 (nisi
1660 1642 1757 1675 suerit
1774 1642 1868 1675 etiam
1887 1642 1941 1674 de-

1205 1698 1352 1741 finitor),
1377 1696 1562 1739 suffragium
1585 1695 1763 1729 decisivum
1798 1694 1941 1727 habeant

1207 1753 1238 1784 in
1264 1752 1325 1784 hoc
1350 1749 1545 1789 definitorio,
1572 1753 1634 1781 tam
1658 1748 1690 1781 in
1715 1748 1853 1781 decretis
1883 1757 1941 1790 pro

1207 1806 1294 1838 bono
1319 1802 1475 1846 regimine
1500 1808 1532 1835 et
1555 1801 1784 1834 reformatione
1816 1800 1943 1844 provin-

1208 1859 1286 1897 ciae,
1324 1866 1420 1900 quam
1455 1856 1488 1888 in
1524 1854 1734 1888 electionibus
1768 1864 1829 1897 per
1863 1853 1943 1886 illud

1209 1911 1358 1954 agendis;
1374 1919 1456 1952 quae
1474 1908 1582 1942 omnia
1595 1913 1630 1940 ut
1647 1907 1827 1941 secundum
1842 1905 1943 1939 Deum

1210 1964 1296 2003 liant,
1308 1962 1449 1995 invocari
1475 1961 1573 1994 debet
1596 1960 1630 1992 in
1653 1960 1809 2002 cuiusque
1835 1957 1946 1991 defini-

1210 2017 1284 2050 torii
1309 2016 1401 2049 initio
1426 2014 1529 2057 gratia
1553 2013 1691 2057 Spiritus
1715 2012 1834 2052 Sancti,
1865 2011 1946 2044 reci-

1212 2070 1307 2104 tando
1324 2068 1535 2111 antiphonam
1560 2066 1649 2108 Veni,
1662 2066 1777 2100 &aucte
1790 2064 1944 2108 Spiritus,

1212 2133 1286 2157 cum
1310 2132 1403 2155 versu
1428 2126 1459 2153 et
1483 2118 1628 2153 oratione
1653 2117 1826 2151 consuetis.

1256 2186 1286 2209 v.
1312 2174 1436 2207 Deinde
1461 2182 1592 2216 praeses
1610 2182 1681 2204 cum
1697 2169 1865 2215 praedicto
1889 2168 1946 2202 de-

1214 2228 1376 2268 finitorio,
1404 2226 1493 2259 nulla
1525 2225 1588 2258 alia
1611 2225 1749 2268 persona
1774 2222 1947 2256 cuiuslibet

1214 2287 1326 2321 status,
1360 2279 1457 2313 officii
1489 2279 1539 2312 vel
1570 2277 1765 2311 conditionis
1796 2275 1945 2315 admissa,

1216 2334 1350 2367 invicem
1376 2332 1521 2366 conserat
1544 2341 1627 2375 quae
1655 2329 1776 2364 suerint
1799 2329 1949 2363 ordinan-

1216 2388 1255 2420 da
1280 2392 1310 2419 et
1334 2384 1467 2428 agenda,
1492 2384 1532 2417 ad
1557 2383 1642 2427 quod
1666 2393 1799 2427 praeses
1823 2382 1949 2426 primo,

1216 2438 1360 2473 secundo
1384 2443 1415 2471 et
1439 2437 1534 2470 tertio
1559 2442 1697 2478 moneat,
1723 2447 1759 2469 ac
1783 2434 1896 2477 iuret¹,
1919 2439 1951 2469 et

1217 2492 1396 2536 praecipiat
1432 2489 1582 2524 omnihus
1624 2500 1662 2523 ex
1698 2489 1883 2524 definitorio
1918 2488 1950 2521 in

1217 2545 1332 2578 virtute
1361 2543 1497 2587 Spiritus
1521 2543 1636 2584 Sancti,
1662 2548 1707 2584 ut,
1734 2543 1767 2576 in
1794 2543 1846 2576 his
1871 2552 1952 2586 quae

1250 2603 1259 2633 l
1284 2605 1438 2641 Legendum
1458 2605 1574 2633 adiuret
1594 2613 1642 2641 pro
1662 2613 1694 2632 ac
1715 2605 1789 2633 iuret
1808 2605 1846 2639 (R.
1867 2604 1915 2638 τ.).

1921 215 1968 243 An.
1990 214 2019 242 C.
2041 214 2104 241 ¹09¹
