2227 3225
117 234 164 260 An.
182 233 209 259 Γ..
233 232 301 260 1Γ94

142 405 164 426 Μ
174 402 300 422 determina-

117 434 158 452 tum
191 430 258 448 [¹¹¹¹de
286 433 298 447 ὃ

116 458 211 483 capitulo
235 461 298 480 gviii*-

247 488 298 505 xxxi.

257 512 297 528 tum

253 543 285 561 ’¹²
308 547 541 580 monachorum
560 558 713 590 expresse
727 548 949 591 professorum
965 546 1042 579 Con-

890 232 1099 255 {NYOCENTtt‘s
1124 232 1168 255 ΧΠ
1192 233 1239 255 rP.

484 281 681 309 Innocentius
703 281 781 314 Papa
801 281 866 314 XII,

448 326 485 353 ad
504 326 639 353 futuram
659 326 705 353 rei
726 325 907 353 memoriam.

353 388 367 431 ἓ
386 388 416 420 1.
437 388 546 430 Nuper
562 399 621 431 pro
643 394 735 431 parte
755 389 946 422 dilectorum
964 387 1045 421 tilio-

308 451 379 472 rum
395 441 610 483 Euphemiam
636 442 763 484 Yolpini
789 452 806 474 a
832 441 996 474 Placentia
1015 446 1044 473 et

309 494 394 526 Petri
414 494 599 537 llieronymi
617 495 805 537 Coquicomi
824 505 841 527 a
860 494 1043 526 Mediolano

309 599 506 642 gregationis
531 601 739 633 eremitarum
764 600 865 632 sancti
887 595 1045 642 vHierony—

309 653 353 684 mi
378 653 603 692 Lombardiae,
625 659 657 685 et
678 654 845 693 lectorum,
863 653 1046 695 (long-rega-

308 706 390 739 tioni
425 706 660 739 venerabilium
694 707 826 739 fratrum
862 712 1044 739 nostrorum

307 758 338 791 S.
359 759 396 791 R.
415 759 447 791 E.
466 759 678 792 cardinalium
702 759 842 802 negotiis
869 764 900 791 et
924 760 1046 791 consul-

310 811 487 844 tationibus
523 812 753 855 episcoporum
785 817 816 845 et
847 811 1045 854 regularium

308 865 515 908 praepositae
542 864 702 907 exposito,
717 864 803 907 quod
821 864 908 904 alias,
927 875 1045 906 nempe

307 928 393 950 anno
418 927 585 957 nncrxxw,
604 917 636 949 in
659 917 802 960 capitulo
828 917 974 960 generali
1000 917 1047 950 di-

308 976 379 1003 ctae
410 970 681 1012 Congregationis
714 971 949 1003 monachorum
975 981 1046 1013 spe-

307 1024 389 1056 ciale
425 1023 591 1065 quoddam
627 1023 793 1056 decretum
828 1024 867 1055 ad
904 1024 1045 1056 savorem

307 1076 545 1108 monachorum
581 1077 741 1109 lectorum
781 1076 904 1109 editum
944 1076 1067 1120 suerat}

306 1139 366 1172 pro
385 1129 442 1168 eis,
463 1129 517 1171 qui
536 1128 568 1161 in
586 1128 770 1161 civitatibus
796 1129 968 1162 duodecim
994 1141 1047 1162 an-

307 1192 424 1214 norum
445 1182 550 1225 spatio
566 1182 733 1224 legissent,
755 1188 786 1215 et
803 1183 842 1215 ad
858 1183 887 1220 id
904 1183 1045 1216 studium
1066 1182 1067 1219 i

310 1235 462 1267 adiuncto
481 1245 593 1268 sacrae
619 1235 808 1278 Scripturae
827 1236 948 1276 studio,
968 1237 1047 1270 duo-

308 1288 413 1321 decim
449 1290 597 1332 publicas
634 1289 804 1322 cathedras
840 1290 1067 1337 magistrales}

310 1342 562 1382 sustinuissent,
591 1343 854 1382 concedebatur,
891 1349 926 1376 ut
960 1345 1047 1387 prio-

305 1406 359 1428 res
394 1395 538 1428 titularcs
576 1397 764 1435 existerent,
791 1397 907 1429 eodem
938 1398 1046 1437 modo,

306 1459 371 1491 quo
387 1449 465 1482 alias
480 1460 497 1481 a
513 1449 614 1482 felicis
629 1449 867 1482 recordationis
878 1450 1044 1484 Clemente

307 1501 394 1544 Papa
411 1502 436 1533 X
461 1503 715 1544 praedecessore
740 1508 852 1535 nostro
873 1503 1043 1536 monachis

306 1553 577 1596 Congregationis
610 1555 806 1597 praedictae,
840 1555 893 1598 qui
926 1556 1045 1598 prioris

305 1607 470 1649 generalis
490 1607 592 1650 ipsius
611 1607 883 1650 Congregationis
903 1609 1043 1641 officium

303 1660 514 1693 laudabiliter
540 1661 772 1701 exercuissent,
790 1661 951 1694 indultum
977 1662 1045 1695 fue-

302 1718 361 1754 rat,
379 1719 425 1753 ut,
443 1713 589 1746 absoluto
609 1714 716 1747 officio
738 1715 934 1753 huiusmodi,
956 1715 1044 1758 prio-

303 1776 356 1799 res
388 1767 511 1810 pariter
544 1768 688 1800 titulares
721 1768 896 1801 existerent
928 1774 960 1801 et
989 1770 1044 1802 de-

305 1820 417 1853 clarati
449 1819 733 1862 intelligerentur3
760 1832 889 1861 verum,
919 1823 1065 1855 tametsi'·

308 1873 465 1914 subinde,
507 1873 660 1906 videlicet
695 1874 746 1906 die
777 1885 828 1908 xv1
861 1875 1042 1908 decembris

305 1936 503 1967 MDCLxxvni,
531 1926 696 1959 decretum
723 1927 908 1960 huiusmodi
934 1940 951 1961 a
982 1939 1044 1961 me-

306 1982 432 2012 morata
453 1979 711 2022 Congregatione
737 1980 950 2014 cardinalium
972 1991 1044 2014 con-

304 2031 478 2073 firmatum,
504 2032 637 2076 eiusque
662 2033 867 2066 observantia
893 2034 1043 2077 superio-

303 2086 393 2118 ribus
418 2096 476 2128 pro
496 2090 641 2128 tempore
663 2086 873 2119 existentibus
899 2088 1043 2130 supradi-

305 2143 376 2171 ctae
390 2137 658 2181 Congregationis
678 2139 883 2173 strictissime
898 2140 1042 2173 iniuncta

306 2191 452 2232 fuissent,
490 2197 589 2234 prout
624 2192 656 2224 in
693 2192 826 2225 decreto
863 2193 902 2224 ab
929 2194 1042 2226 eadem

305 2241 562 2284 Congregatione
579 2244 789 2276 cardinalium
804 2245 946 2288 desuper
961 2257 1040 2278 ema-

306 2301 380 2327 nato
398 2295 528 2327 uberius
547 2295 714 2328 dicebatur
732 2297 901 2336 contineri,
923 2299 1041 2332 nihilo-

306 2348 412 2380 minus
445 2349 668 2391 postmodmn,
698 2360 814 2392 nempe
843 2350 876 2382 in
905 2352 966 2384 alio
993 2362 1042 2384 ca-

307 2400 413 2444 pitulo
439 2402 582 2443 generali
608 2401 753 2434 eiusdem
777 2402 1041 2445 Congregationis

308 2464 394 2486 anno
419 2463 589 2488 nnetxxxn
610 2454 784 2494 celebrato,
808 2455 970 2489 decretum
993 2468 1042 2489 ca—

307 2507 446 2551 pitulare
462 2507 647 2551 praefatum
665 2519 682 2541 a
701 2508 925 2542 definitoribus
943 2511 1042 2553 ipsius

309 2559 442 2603 capituli
476 2560 683 2593 nesciebatur
708 2573 769 2605 qua
802 2563 925 2595 ratione
953 2574 1042 2596 revo-

310 2618 415 2646 catum
440 2613 565 2654 suerat,
593 2620 642 2656 at,
670 2626 741 2648 curn
775 2615 911 2650 subinde
937 2616 1042 2650 cidem

1084 279 1335 322 Congregutioni
1372 280 1583 312 cardinalium
1622 291 1680 324 pro
1720 281 1818 314 simili

1085 332 1206 365 decreti
1222 332 1408 365 huiusmodi
1422 333 1627 366 revocatione
1642 333 1818 367 obtinenda

1085 386 1301 428 supplicatum
1337 386 1463 425 suisset,
1500 386 1570 429 ipsa
1605 386 1819 428 Congregatio

1085 439 1308 479 cardinalium,
1321 439 1366 472 rei
1384 440 1539 482 gravitate
1552 441 1722 482 perpensa,
1737 440 1818 472 nihil

1086 491 1228 534 desuper
1253 492 1400 525 absolute
1426 493 1632 532 decreverat,
1664 492 1721 525 sed
1752 503 1820 525 rem

1085 545 1186 587 ipsam
1212 556 1269 588 per
1293 556 1385 578 suum
1413 546 1578 578 decretum
1602 546 1748 578 similiter
1770 556 1822 578 re-

1087 599 1220 631 miserat
1252 605 1328 631 tunc
1361 599 1393 631 in
1419 599 1568 632 humanis
1590 599 1697 642 agenti
1722 599 1821 632 Paulo

1087 652 1232 684 eiusdem
1257 652 1288 684 S.
1320 653 1357 684 R.
1387 652 1434 691 E„
1453 652 1527 684 dum
1552 652 1638 692 vixit,
1665 652 1822 686 cardinali

1087 704 1217 736 Sabello
1243 710 1439 747 nuncupato,
1455 705 1619 747 praefatae
1644 705 1824 748 Congrega-

1088 757 1182 789 tionis
1199 757 1433 790 monachorum
1452 758 1536 801 apud
1555 758 1671 791 Sedem
1688 758 1825 801 Aposto-

1087 810 1181 843 licam
1196 810 1388 852 protectori,
1407 810 1461 853 qui
1486 810 1623 843 subinde
1641 821 1699 854 per
1717 821 1826 854 quam—

1089 864 1161 896 dam
1186 874 1278 896 suam
1305 863 1357 896 die
1376 874 1392 896 v
1409 864 1537 906 augusti
1556 874 1731 897 itinchxxn
1749 864 1826 897 scri-

1088 922 1174 959 ptam
1212 917 1382 958 epistolam
1420 922 1496 950 tunc
1533 917 1683 950 existenti
1715 917 1823 950 abbati

1088 969 1234 1011 generali
1271 970 1376 1002 dictae
1413 969 1679 1013 Congregationis
1714 980 1825 1002 mona-

1089 1022 1234 1062 chorum,
1253 1033 1285 1055 se
1307 1023 1437 1065 quidem
1462 1023 1627 1066 praefatae
1643 1022 1825 1065 Congrega-

1090 1074 1168 1107 tioni
1193 1075 1406 1107 cardinalium
1431 1086 1492 1118 pro
1518 1075 1697 1108 abolitione
1715 1085 1825 1118 supra-

1089 1128 1165 1160 dicti
1191 1128 1313 1161 decreti
1339 1129 1526 1171 capitularis
1559 1129 1708 1162 retulisse
1726 1155 1733 1168 ‚
1767 1129 1824 1161 sed

1088 1182 1171 1214 nibil
1197 1183 1235 1214 ab
1261 1184 1297 1214 ea
1323 1182 1463 1225 desuper
1488 1193 1521 1215 re
1547 1183 1690 1215 solutum
1717 1182 1823 1222 fuisse,

1066 1236 1068 1275 j
1089 1246 1125 1267 ac
1156 1235 1294 1278 proinde
1321 1245 1381 1267 nec
1402 1245 1418 1266 a
1444 1245 1477 1268 se
1502 1245 1561 1267 nee
1586 1235 1625 1268 ab
1651 1235 1720 1278 ipsa
1745 1234 1827 1268 Con-

1089 1287 1277 1330 gregatione
1296 1287 1506 1320 cardinalium
1532 1288 1700 1320 decretum
1724 1289 1824 1321 ullum

1066 1342 1067 1350 ¹
1088 1340 1260 1373 memorati
1294 1341 1415 1373 decreti
1442 1341 1629 1384 capitularis
1654 1342 1826 1384 abrogato-

1090 1393 1172 1425 rium
1199 1393 1320 1426 editum
1338 1393 1437 1426 fuisse
1463 1393 1718 1436 significaverat;
1737 1395 1826 1427 ideo-

1088 1457 1149 1488 que
1176 1457 1235 1488 pro
1261 1451 1352 1488 parte
1390 1447 1577 1479 eorumdem
1607 1447 1824 1490 Euphemiam

1088 1505 1120 1532 et
1137 1500 1222 1532 Petri
1248 1500 1446 1543 Hieronymi,
1466 1500 1680 1533 asserentium
1699 1511 1730 1533 se
1749 1511 1826 1543 qua-

1086 1553 1230 1586 litatibus
1255 1553 1364 1595 vigore
1391 1553 1466 1586 dicti
1493 1554 1614 1587 decreti
1636 1554 1824 1596 capitularis

1088 1607 1250 1650 requisitis
1275 1606 1441 1649 praeditos
1467 1618 1550 1647 esse,
1567 1613 1598 1640 et
1622 1607 1696 1640 inde
1722 1608 1823 1650 ipsam

1088 1670 1200 1692 eorum
1239 1659 1532 1702 Congrcgationem
1571 1661 1757 1693 desiderare
1790 1667 1824 1692 ut

1087 1713 1149 1756 ipsi
1182 1718 1343 1755 tamquam
1372 1713 1412 1746 de
1442 1712 1479 1746 ea
1510 1714 1703 1747 benemeriti
1736 1714 1824 1758 prio—

1087 1772 1175 1798 ratus
1202 1766 1296 1799 titulo
1330 1766 1586 1807 decorarentur,
1612 1768 1717 1800 eidem
1743 1768 1823 1800 Con-

1087 1819 1267 1862 gregationi
1300 1819 1513 1852 cardinalium
1543 1820 1745 1863 supplicato,
1770 1826 1821 1861 ut,

1086 1878 1259 1915 antequam
1284 1872 1370 1905 dieta
1394 1882 1453 1915 pro
1472 1883 1585 1905 eorum
1615 1873 1821 1916 promotione

1086 1930 1332 1965 convocaretur,
1347 1925 1576 1968 primodictum
1593 1926 1757 1959 decretum
1772 1937 1822 1958 su-

1085 1979 1223 2022 pradicti
1249 1979 1371 2011 decreti
1397 1979 1583 2021 capitularis
1615 1979 1822 2013 confirmato-

1086 2031 1170 2063 rium
1191 2042 1207 2063 a
1231 2030 1377 2073 praet-„ua
1401 2031 1613 2064 cardinalium
1639 2031 1822 2075 Congrcga-

1087 2084 1184 2125 tione,
1210 2084 1294 2116 sicut
1310 2084 1536 2126 praemittitur,
1563 2091 1761 2125 emanatun'i,
1780 2086 1820 2119 ad

1086 2148 1201 2170 eorum
1220 2137 1356 2169 savorem
1378 2138 1559 2180 approbare
1578 2144 1609 2170 et
1626 2138 1820 2172 contirniare

1085 2191 1292 2233 dignaretur:
1312 2190 1472 2222 emanavit
1495 2192 1534 2223 ab
1552 2191 1620 2233 ipsa
1638 2191 1821 2235 Congrega-

1085 2244 1172 2277 tione
1199 2243 1410 2276 cardinalium
1436 2243 1601 2276 decretum
1629 2246 1748 2278 tenoris
1774 2256 1819 2279 se-

1084 2297 1222 2340 quentis,
1248 2296 1421 2329 videlicet:
1449 2310 1462 2327 «i
1483 2297 1578 2330 Sacra
1603 2297 1817 2341 Congrcgatio

1084 2350 1415 2383 eminentissimorum
1427 2356 1455 2383 et
1467 2351 1817 2385 reverendissimorum

1083 2404 1295 2437 cardinalium
1313 2404 1452 2446 negotiis
1470 2410 1500 2436 et
1521 2406 1817 2439 consultationilms

1083 2458 1309 2500 episcoporum
1335 2464 1365 2489 et
1389 2458 1585 2499 regularium
1616 2460 1815 2502 praeposita,

1083 2510 1192 2543 audito
1224 2516 1314 2552 patre
1340 2510 1449 2552 priore
1481 2511 1625 2553 generali
1656 2513 1812 2554 praedicti

1082 2562 1221 2603 Ordinis,
1247 2568 1279 2595 et
1302 2562 1431 2595 attentis
1457 2564 1609 2603 narratis,
1630 2565 1755 2597 censuit
1779 2576 1814 2597 ac

1084 2615 1224 2649 decrerit
1244 2616 1438 2650 servandum
1469 2627 1536 2650 csse
1563 2617 1728 2650 decretum
1752 2618 1813 2661 pri-

1715 223 1778 255 uta
1827 233 1917 259 Amo.
1943 232 2009 259 isat
