2254 3225
205 201 254 227 tin.
277 200 305 228 e.
323 201 390 229 1694
435 193 500 227 666

231 261 350 286 Clausulam

225 1424 380 1446 Contrariorum

197 1451 315 1477 derogatio.

444 252 458 294 §
471 251 502 285 9.
518 251 735 287 Decernentes
749 253 880 297 pariter,
899 253 1028 287 easdem
1045 264 1135 297 prae-

398 309 505 338 sentes
525 305 649 339 litteras
676 316 802 349 semper
819 306 938 347 sirmas,
955 307 1076 340 validas
1102 312 1134 339 et

398 357 546 392 efficaces
567 359 704 392 existere
731 365 762 392 et
786 359 868 399 sore,
896 370 1039 403 suosque
1064 360 1134 403 ple-

396 410 505 444 narios
524 415 555 445 et
579 411 723 454 integros
750 412 883 445 effectus
909 413 1017 445 sortiri
1034 417 1066 445 et
1082 412 1134 445 ob-

396 463 520 504 tinere,
546 475 582 497 ac
607 465 646 497 ab
672 465 756 504 illis,
783 465 822 497 ad
848 475 928 508 quos
955 469 1079 507 spectat
1103 470 1134 497 et

395 526 459 559 pro
483 522 631 560 tempore
657 517 928 560 quandocumque
954 517 1132 559 spectabit,

395 567 429 600 in
451 569 600 602 omnibus
623 575 654 602 et
677 580 737 612 per
757 569 863 601 omnia
888 569 1078 612 plenissime
1104 574 1135 601 et

395 620 630 655 inviolabiliter
654 622 842 662 observari,
871 621 981 664 sicque
1013 626 1044 653 et
1068 631 1133 653 non

397 675 491 707 aliter
516 685 575 718 per
602 685 825 718 quoscumque
852 674 976 707 iudices
1001 674 1133 707 ordina-

394 728 460 760 rios
481 733 511 760 et
528 728 707 770 delegatos,
723 728 818 760 etiam
837 737 1005 760 causarum
1020 728 1133 770 palatii

395 779 565 823 apostolici
591 780 768 821 auditores,
791 790 826 812 ac
851 780 981 813 eosdem
1006 786 1133 813 sanctae

394 833 560 866 Romanae
578 833 740 866 Ecclesiae
766 833 957 873 cardinales,
980 833 1076 866 etiam
1093 833 1132 866 de

393 885 496 918 latere
516 887 653 928 legatos,
668 884 717 919 et¹
732 885 822 918 Sedis
838 886 980 926 nuntios,
996 891 1027 918 et
1040 886 1134 919 alios-

393 937 446 971 νεῖ
464 939 629 982 quoslibet
647 949 852 981 quacumque
873 939 1132 982 praeeminentia

394 995 426 1023 et
442 996 608 1034 potestate
626 991 799 1033 fungentes
818 996 850 1023 et
864 992 1044 1031 suncturos,
1059 991 1133 1023 sub-

392 1044 458 1076 lata
476 1044 522 1076 eis
548 1048 580 1076 et
605 1053 719 1076 eorum
744 1043 880 1076 cuilibet
900 1044 1014 1087 quavis
1040 1045 1133 1077 aliter

392 1095 558 1129 iudicandi
584 1101 614 1128 et
648 1097 888 1140 interpretandi
925 1097 1076 1130 facultate
1102 1104 1132 1130 et

392 1148 606 1189 auctoritate,
627 1149 749 1192 ubique
782 1149 917 1182 iudicari
946 1155 977 1183 et
1003 1150 1132 1183 definiri

393 1202 527 1243 debere,
555 1212 591 1235 ac
611 1202 737 1235 irritum
757 1207 788 1234 et
805 1202 910 1243 inane,
929 1202 953 1235 si
972 1214 1064 1236 secus
1082 1215 1133 1237 su-

390 1265 451 1299 per
475 1255 526 1288 his
551 1265 567 1288 a
592 1266 767 1298 quoquam,
794 1256 903 1299 quavis
928 1256 1132 1298 auctoritate,

391 1309 534 1342 scienter
566 1309 616 1342 vel
649 1309 851 1352 ignoranter,
882 1310 1058 1352 contigerit
1086 1315 1132 1343 at-

392 1361 522 1394 tentari.

435 1415 450 1457 ἓ
474 1414 527 1447 10.
550 1414 620 1447 Non
645 1415 849 1448 obstantibus
875 1416 1075 1458 praemissis,
1095 1427 1131 1449 ac

392 1468 676 1501 constitutionibus
701 1473 734 1501 ct
758 1468 1019 1502 ordinationibus
1054 1480 1131 1512 apo-

392 1520 536 1562 stolicis,
562 1531 692 1554 necnon
727 1521 905 1564 quibusvis,
932 1522 1028 1554 etiam
1045 1522 1131 1554 iura-

390 1578 525 1613 mento,
557 1574 804 1607 confirmatione
841 1575 1042 1618 apostolica,
1079 1576 1130 1609 vel

391 1625 503 1669 quavis
530 1625 681 1659 firmitate
706 1626 769 1659 alia
792 1627 977 1667 roboratis,
1003 1628 1130 1661 statutis

391 1682 423 1710 et
453 1678 757 1718 consuetudinibus,
786 1679 966 1722 privilegiis
992 1691 1129 1724 quoque,

389 1730 525 1764 indultis
551 1735 581 1764 ct
612 1731 730 1764 litteris
755 1733 955 1775 apostolicis,
981 1734 1039 1766 sub
1064 1734 1131 1776 qui-

389 1784 589 1827 buscumque
614 1785 787 1817 verborum
813 1786 981 1818 tenoribus
1008 1793 1039 1819 et
1064 1787 1128 1819 sor-

389 1837 461 1878 mis,
483 1847 519 1869 ac
542 1847 614 1869 cum
641 1837 810 1880 quibusvis
836 1837 931 1871 etiam
957 1839 1128 1881 derogato-

389 1890 510 1923 riarum
537 1891 765 1933 derogatoriis,
787 1892 923 1935 aliisque
942 1892 1128 1926 efficaciori-

389 1943 448 1976 bus
466 1948 497 1976 et
515 1943 656 1976 insolitis
677 1944 838 1983 clausulis,
856 1944 1125 1989 irritantibusque

389 2001 422 2029 et
445 1996 515 2029 aliis
540 1996 700 2037 decretis,
727 1997 823 2030 etiam
855 2003 966 2038 motu,
992 1999 1126 2032 scientia

389 2054 421 2082 et
437 2049 605 2093 potestatis
629 2050 834 2093 plenitudine
859 2051 1002 2094 paribus,
1019 2051 1051 2084 in
1077 2063 1126 2094 ge-

388 2113 467 2136 nere
490 2104 541 2136 vel
567 2103 599 2135 in
626 2104 744 2146 specie,
763 2114 817 2136 seu
842 2104 921 2136 alias
946 2106 1126 2147 quomodo-

388 2156 466 2189 libet
490 2157 523 2189 in
548 2157 743 2190 contrarium
769 2158 1023 2201 praemissorum
1050 2170 1126 2192 con-

388 2210 499 2250 cessis,
525 2209 723 2243 confirmatis
750 2216 781 2243 et
804 2211 986 2252 innovatis3
1007 2213 1125 2255 quibus

387 2262 536 2296 omnibus
553 2268 584 2295 et
601 2263 752 2305 singulis,
770 2264 894 2296 etiamsi
912 2275 972 2308 pro
995 2265 1124 2299 illorum

388 2316 562 2349 sufficienti
594 2316 804 2358 derogatione
835 2318 872 2350 de
904 2318 967 2350 illis
992 2329 1122 2352 eorum-

388 2380 451 2414 que
477 2370 552 2403 totis
578 2369 744 2402 tenoribus
769 2370 939 2412 specialis,
966 2372 1123 2414 specifica,

388 2434 538 2467 expressa
562 2427 594 2455 et
617 2422 798 2463 individua,
825 2434 861 2456 ac
886 2425 924 2457 de
956 2426 1054 2458 verbo
1085 2427 1123 2460 ad

387 2478 531 2518 verbum,
557 2487 621 2510 non
647 2481 753 2509 autem
783 2487 841 2520 per
877 2478 1037 2511 clausulas
1072 2489 1125 2522 ge-

423 2549 434 2575 1
458 2547 538 2575 Deest
558 2548 735 2582 Apostolicae
754 2550 793 2582 (R.
808 2547 857 2581 T.).

421 2592 438 2621 2
457 2591 504 2620 Vel
518 2594 544 2621 et
558 2592 632 2620 alios
647 2592 716 2628 lege,
733 2592 775 2620 vel
790 2592 897 2621 aliosve
912 2594 949 2628 (R.
965 2593 1013 2628 τ.).

972 204 1151 230 BULLARIUM
1174 204 1328 230 ROMANUM

1175 256 1302 287 nerales
1326 255 1411 288 idem
1437 255 1648 299 importantes
1666 281 1673 293 ,
1697 253 1820 287 mentio
1857 262 1913 286 seu

1177 308 1309 350 quaevis
1335 308 1397 341 alia
1418 308 1582 351 expressio
1600 308 1762 347 habenda,
1782 312 1839 339 aut
1856 307 1914 339 ali-

1177 361 1311 403 quaalia
1329 361 1490 404 exquisita
1507 362 1608 394 forma
1626 361 1744 394 adhoc
1758 359 1914 393 servanda

1178 414 1281 453 soret,
1308 413 1438 446 illorum
1474 414 1618 446 omnium
1654 418 1685 446 et
1709 413 1913 455 singulorum

1178 471 1316 505 tenores,
1335 477 1369 499 ac
1395 466 1421 498 si
1448 467 1486 499 dc
1513 467 1613 499 verbo
1638 466 1676 498 ad
1701 467 1835 499 verbum
1861 476 1914 498 ex-

1177 517 1397 560 primerentur
1423 524 1454 551 et
1479 518 1722 558 insererentur,
1747 518 1832 550 nihil
1857 529 1914 561 pe-

1176 570 1260 602 nitus
1286 571 1429 610 omisso,
1458 576 1489 603 et
1514 572 1617 603 forma
1648 571 1681 603 in
1705 571 1770 604 illis
1796 570 1914 604 tradita

1176 622 1358 663 observata,
1380 622 1503 656 eisdem
1528 623 1754 666 praesentibus
1776 633 1836 666 pro
1861 633 1914 656 ex-

1176 676 1297 718 pressis
1322 680 1354 708 et
1377 676 1510 709 insertis
1536 677 1715 718 babentes,
1743 676 1807 709 illis
1833 677 1912 710 alias

1176 728 1208 760 in
1233 739 1291 761 suo
1326 730 1447 762 robore
1480 729 1719 772 permansuris,
1746 729 1785 762 ad
1821 740 1915 772 prae-

1176 781 1351 814 missorum
1377 782 1537 823 effectum,
1559 782 1620 815 hac
1644 782 1712 815 vice
1737 782 1912 823 dumtaxat,

1175 835 1362 877 specialiter
1387 841 1418 868 et
1442 846 1594 879 expresse
1620 837 1831 879 derogamus3
1863 847 1915 869 ce-

1176 887 1320 930 terisque
1346 888 1516 922 contrariis
1541 889 1813 932 quibuscumque.

1220 940 1234 983 ἓ
1259 941 1312 973 Μ.
1339 941 1492 974 Volumus
1517 947 1635 982 autem,
1662 947 1699 974 ut
1722 947 1911 984 praesentes

1175 993 1301 1026 litterae
1323 993 1356 1026 in
1380 995 1480 1027 valvis
1505 995 1662 1028 ecclesiae
1687 995 1913 1028 Lateranensis

1176 1051 1206 1077 et
1222 1046 1373 1080 basilicae
1394 1047 1551 1090 Principis
1573 1048 1817 1091 Apostolorum,
1839 1059 1914 1081 nec-

1175 1108 1238 1131 non
1264 1099 1482 1133 Cancellariae
1507 1100 1724 1143 Apostolieae,
1742 1111 1778 1133 ac
1794 1101 1827 1133 in
1845 1101 1912 1134 acie

1175 1150 1283 1194 Campi
1309 1152 1422 1185 Florae
1456 1153 1494 1185 de
1521 1153 1629 1193 Urbe,
1656 1158 1690 1185 ut
1715 1154 1815 1186 moris
1842 1159 1910 1193 est,

1175 1204 1383 1246 publicentur
1408 1211 1439 1238 et
1463 1205 1651 1247 affigantur,
1673 1206 1784 1249 sicque
1808 1206 1914 1249 publi-

1175 1262 1264 1290 catae
1283 1263 1313 1290 et
1330 1258 1440 1291 affixae
1464 1269 1576 1291 omues
1604 1263 1636 1291 et
1653 1259 1811 1301 singulos,
1830 1269 1911 1302 quos

1174 1310 1248 1343 illae
1273 1316 1485 1351 concernunt,
1501 1312 1639 1355 perinde
1665 1316 1792 1344 arctent
1817 1317 1848 1345 et
1868 1313 1912 1345 as-

1173 1361 1291 1404 ficiant,
1313 1374 1349 1396 ac
1373 1364 1400 1396 si
1425 1363 1602 1407 unicuique
1628 1374 1740 1397 eorum
1765 1365 1909 1398 nomina·

1174 1415 1232 1448 tim
1258 1421 1289 1448 et
1313 1417 1531 1459 personaliter
1556 1417 1720 1450 intimatae
1752 1418 1908 1458 fuissent,

1174 1469 1326 1512 quodque
1361 1470 1549 1502 earumdem
1579 1470 1801 1513 praesentium
1827 1476 1910 1503 tran-

1172 1522 1315 1564 sumptis,
1336 1532 1392 1555 seu
1411 1523 1577 1565 exemplis,
1604 1523 1701 1555 ctiam
1727 1524 1908 1566 impressis,

1172 1585 1269 1607 manu
1283 1575 1417 1608 alicuius
1430 1576 1549 1608 notarii
1565 1576 1687 1618 publici
1703 1577 1906 1619 subscriptis,

1173 1633 1204 1661 et
1220 1628 1326 1670 sigillo
1355 1629 1488 1661 alicuius
1513 1639 1674 1671 personae
1694 1629 1728 1661 in
1750 1629 1907 1672 dignitate

1172 1681 1392 1714 ecclesiastiea
1412 1681 1605 1714 constitutae
1630 1682 1774 1723 munitis,
1794 1683 1908 1715 eadem

1171 1745 1304 1777 prorsus
1331 1733 1409 1767 fides
1437 1739 1498 1766 tam
1532 1734 1564 1766 in
1589 1734 1708 1768 iudicio
1734 1746 1830 1778 quam
1855 1747 1908 1769 ex-

1170 1792 1219 1819 tra
1243 1787 1321 1819 illud
1342 1787 1464 1830 ubique
1490 1787 1703 1828 adhibeatur,
1726 1799 1810 1831 quae
1829 1788 1907 1832 ipsis

1169 1839 1397 1883 praesentibus
1423 1840 1635 1873 adhiberetur
1652 1841 1679 1873 si
1699 1841 1805 1874 forent
1820 1842 1908 1875 exhi-

1169 1893 1255 1925 bitae
1274 1894 1322 1925 vel
1341 1898 1504 1926 ostensae.

1213 1946 1227 1988 g
1252 1945 1305 1978 12.
1324 1946 1408 1979 Nulli
1430 1956 1508 1988 ergo
1529 1946 1663 1980 omnino
1680 1946 1849 1981 hominum
1866 1949 1905 1982 li-
1941 1955 2029 1977 Sanctio
2048 1962 2099 1983 roe-

1915 1983 1977 2004 natis.

1168 2003 1239 2031 ceat
1264 1999 1348 2031 banc
1373 1999 1523 2042 paginam
1545 2005 1731 2033 nostrorum
1757 2002 1905 2036 decreto-

1168 2062 1249 2091 rum,
1269 2052 1508 2092 declarationis,
1532 2054 1715 2094 voluntatis
1737 2055 1847 2087 statuti
1873 2061 1906 2088 et

1168 2105 1387 2147 derogationis
1401 2105 1591 2148 infringere,
1606 2107 1654 2139 vel
1673 2107 1701 2139 ei
1716 2118 1795 2140 ausu
1810 2114 1905 2141 teme-

1168 2158 1253 2191 rario
1267 2159 1440 2199 contraire3
1461 2158 1486 2190 si
1506 2159 1577 2201 quis
1595 2164 1701 2192 auten]
1723 2160 1785 2193 hoc
1804 2166 1905 2194 atten-

1168 2215 1235 2243 tare
1250 2210 1516 2254 praesumpserit,
1534 2211 1791 2253 indignationem
1806 2215 1905 2246 omni·

1167 2264 1308 2307 potentis
1326 2263 1382 2296 Dei
1408 2274 1443 2296 ac
1460 2263 1630 2296 beatorum
1651 2264 1735 2297 Petri
1759 2272 1791 2298 et
1813 2266 1901 2299 Pauli

1167 2318 1391 2360 apostolorum
1409 2316 1478 2349 eius
1495 2327 1529 2349 se
1547 2316 1672 2349 noverit
1688 2317 1900 2352 incursurum.

1210 2371 1325 2403 Datum
1351 2370 1483 2410 Romae,
1509 2370 1595 2413 apud
1622 2369 1654 2403 S.
1681 2370 1814 2404 Mariam
1840 2372 1902 2405 Ma-

1167 2424 1282 2464 iorem,
1323 2434 1407 2457 anno
1447 2423 1682 2456 incarnationis
1719 2424 1902 2459 dominicae

1166 2487 1316 2518 iuncxciv,
1344 2477 1448 2521 pridie
1474 2487 1575 2510 nonas
1599 2477 1794 2520 novembris,
1819 2489 1902 2522 pon-

1167 2532 1306 2564 tificatus
1331 2531 1435 2564 nostri
1457 2541 1543 2563 anno
1568 2541 1612 2564 1v.

1200 2593 1259 2622 Dat.
1276 2593 1320 2621 die
1335 2593 1350 2620 4
1365 2592 1521 2622 novembris
1536 2593 1615 2628 1694,
1631 2593 1724 2629 pontis.
1740 2601 1810 2622 anuo
1824 2601 1862 2623 lv.

1915 204 1963 231 An.
1980 204 2008 230 C.
2032 204 2104 231 ico-4

1963 953 2026 973 fmus
2051 955 2106 974 tran-

1923 982 2060 1005 sumpturum.
