2227 3225
124 257 169 280 An.
187 255 215 281 C.
237 255 305 281 1693

880 253 1088 276 lxxoctthtt's
1114 254 1155 275 ΧΗ

310 308 381 336 ctae
413 303 576 336 Romanae
612 301 725 335 Curiae
758 302 790 334 in
827 301 934 334 causis
972 309 1045 333 vere

311 355 468 398 delegatis
487 365 543 388 seu
569 354 810 394 con‘unissariis‚
831 353 956 387 etiamsi
978 353 1046 386 sue-

310 408 352 441 rit
374 408 405 441 S.
434 408 471 441 R.
500 408 535 440 E.
565 418 624 451 pro
651 413 796 451 tempore
829 406 1042 446 camerarius,

310 461 342 493 in
372 461 458 494 Urbe
493 461 626 505 eiusque
663 460 810 493 districtu
844 460 981 493 vicarius
1013 458 1045 492 in

310 513 533 557 spiritualibus
558 513 728 556 generalis,
762 513 925 556 praefatae
950 511 1045 544 Urbis

310 568 534 609 guberuator,
561 578 728 600 causarum
758 566 865 599 curiae
895 566 1046 599 Camerae

312 620 520 663 Apostolicae
564 620 724 663 generalis
760 619 906 658 auditor,
943 618 1047 651 dictae

311 672 406 705 Urbis
431 678 571 712 senator,
599 673 648 705 vel
674 671 778 705 dictae
803 671 954 704 Gamerae
981 671 1049 703 the-

311 725 471 758 saurarius
496 725 668 768 generalis,
688 725 747 757 sub
768 729 934 767 praetextu
961 723 1048 766 quod
1069 715 1071 737 ³

311 785 425 821 agatur
451 780 489 812 de
515 790 550 812 re
577 778 682 820 magni
715 778 831 811 valoris
847 804 854 817 ‚
885 783 940 810 aut
963 777 1048 820 qud

312 832 354 864 ita
388 831 420 864 in
457 843 571 865 eorum
604 831 816 864 tribunalibus
848 830 968 874 passim
999 828 1071 863 vel*

311 885 435 928 pluries
461 891 622 917 servatum
648 884 756 917 fuerit.

355 948 398 972 lx.
426 938 492 970 Hoc
510 938 595 971 idem
621 943 767 970 servetur
792 937 823 969 in
845 935 947 969 causis
966 946 1049 969 com-

312 990 416 1024 missis
441 991 692 1034 Congregationi
722 990 865 1034 plurium
891 989 1050 1034 praelato-

312 1055 391 1084 rum,
418 1045 469 1078 vel
495 1055 567 1077 cum
591 1054 648 1077 seu
671 1044 710 1077 de
735 1043 880 1076 eiusdem
906 1043 971 1075 sive
998 1053 1050 1075 eo-

312 1097 457 1130 rumdem
478 1102 570 1137 v0t03
590 1107 672 1137 nain,
692 1096 766 1130 licet
791 1106 904 1129 causae
924 1095 987 1128 siut
1010 1095 1048 1128 de

312 1151 489 1184 maioribus
506 1177 513 1191 ,
547 1161 612 1184 non
637 1155 778 1194 possunt
808 1155 914 1182 tamen
941 1160 957 1182 a
986 1149 1050 1181 sin-

313 1203 397 1247 gulis
433 1203 534 1247 accipi
574 1203 711 1236 maiores
749 1204 917 1247 sportulae
954 1213 1050 1246 quam

312 1262 477 1290 scutorum
503 1257 616 1290 decem
641 1256 723 1289 auri.

356 1320 385 1343 x.
413 1310 444 1342 Si
469 1309 565 1342 suerit
590 1310 675 1342 inter
695 1313 803 1353 partes
819 1309 1050 1342 concordatum

313 1367 367 1394 aut
391 1362 454 1395 alio
479 1363 575 1395 modo
600 1372 763 1395 recessum
796 1373 813 1394 a
844 1362 899 1394 lite
917 1389 924 1401 ,
955 1361 1049 1394 etiarn

312 1415 351 1447 ab
370 1412 472 1448 altera
499 1415 651 1458 partium,
671 1425 728 1458 per
755 1415 837 1446 viam
865 1419 972 1447 tamen
993 1425 1051 1457 pu-

313 1478 366 1500 rae
397 1473 428 1500 et
457 1467 580 1501 liberae
611 1467 869 1500 renunciationis
891 1466 922 1498 in
948 1466 1051 1510 quali-

311 1521 367 1554 bet
400 1520 552 1553 instantia
591 1525 623 1553 et
658 1519 689 1552 in
723 1530 927 1563 quacumque
959 1525 1049 1562 paru}

312 1573 423 1606 iudicii
449 1578 521 1605 ante
542 1572 738 1606 sententiam
756 1572 968 1612 definitivam,
986 1582 1049 1604 non

313 1631 450 1668 possunt
481 1625 644 1668 litigantes
680 1625 747 1658 ullo
779 1625 874 1657 modo
899 1623 1049 1667 compelli

312 1679 350 1711 ad
377 1678 612 1722 expediendam
632 1678 821 1711 sententiam
841 1688 897 1710 scu
923 1677 962 1710 ad
987 1678 1049 1710 sol-

312 1732 431 1764 vendas
456 1732 631 1774 sportulas.

354 1795 400 1818 xi.
435 1784 624 1818 Huiusmodi
661 1785 898 1818 declarationes
940 1795 1051 1828 respe-

313 1837 395 1870 ctive
421 1843 594 1870 serventur
627 1842 689 1870 tam
719 1837 751 1870 in
784 1838 864 1870 nota
897 1849 993 1881 quam
1018 1838 1050 1870 in

313 1891 456 1931 Camerti,
477 1891 612 1934 aliisque
630 1891 887 1934 quibuscumque
906 1891 1050 1924 tribuna-

312 1943 397 1976 libus
424 1949 454 1977 et
479 1943 640 1976 iudicibus
660 1945 827 1986 praefatae
854 1944 956 1985 Urbis,
981 1944 1051 1987 qui-

313 1997 374 2029 bus
397 2007 432 2029 ex
455 1997 742 2030 constitutionibus
760 1997 947 2040 apostolicis
963 1998 1052 2030 aliis-

313 2060 375 2092 que
402 2049 666 2082 ordinationibus
692 2060 757 2083 non
780 2056 825 2082 est
849 2050 1049 2093 prohibitum

312 2102 458 2145 accipere
478 2113 576 2145 posse
595 2104 757 2146 sportulas
775 2114 831 2136 seu
849 2103 1015 2147 propinas.

357 2166 412 2188 x11.
440 2155 501 2188 Pro
530 2155 750 2189 declaratione
782 2157 1049 2191 resorinationum

312 2219 368 2241 seu
394 2208 575 2241 litterarum
597 2209 686 2242 Pauli
712 2215 743 2241 et
762 2209 939 2242 lnnocentii
958 2220 1052 2252 prae-

315 2314 388 2347 tulis
413 2325 471 2348 seu
501 2315 669 2358 propinis‚
699 2316 847 2348 volumus
883 2321 913 2348 et
942 2315 1053 2348 decer-

313 2367 440 2407 nimus,
472 2368 561 2411 quod
593 2368 702 2400 nullus
739 2367 832 2401 iudex
865 2368 1050 2401 ordinarius

313 2419 408 2453 Urbis
439 2420 602 2464 praefatae
627 2421 659 2453 in
693 2422 797 2454 causis
829 2427 860 2454 et
887 2422 1049 2464 negotiis,

314 2473 346 2506 in
372 2473 491 2517 quibus
509 2480 624 2517 agatur
648 2474 687 2508 de
706 2474 927 2518 exequutione
949 2480 979 2507 et
998 2486 1051 2508 ve-

313 2527 493 2560 rificatione
528 2528 737 2561 decretorum
769 2534 955 2562 nostrarum
973 2529 1052 2562 Con-

314 2580 562 2622 gregassonum,
588 2581 765 2625 quidquam
799 2592 935 2625 prorsus
967 2583 1051 2615 acc-i-

1184 254 1230 275 rr.
1719 243 1782 273 528}

1089 312 1105 332 a
1131 306 1245 343 sponte
1267 298 1343 332 dare
1362 300 1556 339 volentibus,
1579 310 1684 343 neque
1705 301 1734 332 in
1754 311 1823 332 cau-

1089 352 1131 385 sis
1156 357 1188 385 et
1210 352 1351 395 negotiis
1377 353 1551 396 praedictis
1578 352 1672 385 liceat
1689 352 1824 385 notariis

1089 405 1252 438 conticere
1277 411 1439 449 regestra,
1467 406 1523 439 sed
1560 405 1669 438 onmia
1708 410 1771 437 tam
1807 415 1824 437 a

1089 457 1249 492 iudicibus
1275 470 1371 502 quam
1411 470 1428 492 a
1466 458 1599 491 notariis
1635 457 1826 500 expleantur

1089 511 1156 545 iure
1188 512 1352 545 ordinario
1385 517 1483 555 prout
1514 512 1546 544 in
1578 511 1695 544 ceteris
1719 510 1824 543 causis

1090 570 1121 598 et
1145 565 1284 608 negotiis
1311 576 1423 599 eorum
1448 565 1630 598 tribunalis.

1133 629 1200 651 xiu.
1221 618 1385 651 Postremo
1402 618 1597 661 ubicumque
1611 618 1642 650 iu
1660 617 1720 650 bac
1736 626 1826 660 spor-

1091 672 1228 704 tularum
1254 672 1390 704 materia
1415 672 1561 715 quaestio
1586 671 1694 714 aliqua
1722 680 1826 702 einer-

1091 725 1171 757 serit
1209 735 1308 768 super
1348 725 1645 768 interpretatione,
1682 723 1825 757 declara-

1092 778 1179 811 tione
1206 784 1260 811 aut
1286 778 1504 820 exequutione
1541 777 1762 821 praesentium
1796 781 1827 808 et

1091 831 1308 873 praefatarum
1334 830 1531 869 litterarum,
1558 835 1593 862 ut
1623 830 1824 874 praefertur,

1091 882 1352 916 consu-matarum
1378 883 1434 923 Pii,
1467 883 1557 916 Pauli
1584 888 1615 916 et
1647 882 1825 915 Innocentii

1091 937 1387 980 praedecessorum,
1406 937 1553 970 standum
1573 947 1642 969 esse
1661 936 1825 969 sancimus

1092 989 1211 1022 iudicio
1238 995 1269 1022 et
1295 990 1505 1022 declarationi
1528 989 1603 1022 dicti
1633 989 1828 1032 gubernato-

1093 1042 1136 1075 ris
1160 1043 1253 1075 t‘rbis
1279 1048 1307 1075 et
1342 1044 1478 1076 duorum
1508 1043 1691 1086 digniorum
1718 1043 1749 1075 in
1779 1053 1829 1075 or-

1093 1097 1166 1129 dine
1210 1096 1452 1129 succedentium
1493 1108 1529 1129 ex
1570 1096 1828 1139 Congregatione

1093 1149 1331 1182 referi-mitionis
1358 1149 1565 1182 tribunalium
1591 1149 1694 1182 dietae
1719 1148 1827 1187 Urbis,

1093 1202 1158 1244 qui,
1177 1202 1202 1233 si
1234 1202 1277 1234 ita
1305 1202 1483 1241 videbitur,
1507 1202 1635 1245 possint
1661 1201 1756 1234 etiam
1774 1212 1829 1234 vo-

1095 1261 1160 1287 tum
1187 1254 1332 1287 ciusdem
1363 1255 1459 1287 totius
1484 1254 1754 1297 Congregationis
1776 1266 1830 1288 ex-

1093 1307 1234 1351 quirere,
1260 1307 1346 1340 omui
1373 1308 1436 1341 alio
1464 1318 1598 1340 recursu
1628 1313 1659 1340 et
1685 1309 1830 1351 appella-

1095 1360 1181 1393 tione
1206 1361 1352 1393 sublatis.

1137 1414 1151 1456 g
1177 1413 1207 1445 7.
1228 1413 1458 1453 Decernentes,
1485 1414 1615 1446 easdem
1638 1418 1827 1457 praesentes

1093 1466 1233 1506 litteras,
1260 1471 1292 1499 et
1317 1467 1348 1499 in
1374 1467 1420 1499 eis
1459 1468 1637 1510 respective
1678 1473 1830 1500 contenta

1093 1529 1327 1562 quaecumque,
1355 1520 1450 1552 etiam
1477 1530 1513 1552 ex
1541 1531 1579 1553 eo
1608 1521 1695 1564 quod
1718 1530 1831 1552 omnes

1093 1577 1124 1604 et
1149 1572 1267 1614 singuli
1293 1573 1482 1616 supradicti,
1510 1584 1545 1605 ac
1563 1573 1616 1606 alii
1637 1573 1831 1616 quicumque

1093 1625 1124 1657 in
1150 1625 1335 1668 praemissis
1361 1626 1609 1669 quomodolibet
1642 1626 1690 1658 ius
1714 1628 1763 1660 vel
1789 1626 1832 1658 iu·

1094 1683 1212 1711 teresse
1242 1679 1398 1711 babentes
1435 1690 1489 1712 seu
1522 1680 1644 1712 habere
1680 1684 1832 1722 praeten-

1094 1731 1215 1771 dentes,
1242 1731 1380 1764 cuiusvis
1406 1737 1516 1770 status,
1544 1733 1670 1774 gradus,
1698 1733 1832 1771 ordinis,

1092 1784 1370 1827 praeeminentiae
1398 1787 1446 1818 vel
1474 1786 1639 1828 diguitatis
1672 1797 1728 1819 scu
1754 1786 1832 1818 alias

1092 1837 1256 1880 specifica,
1284 1843 1315 1870 et
1339 1838 1505 1871 individua
1531 1839 1697 1872 mentione
1723 1845 1753 1871 et
1779 1850 1832 1871 ex-

1092 1891 1263 1932 pressione
1283 1891 1529 1933 digniexistant‚
1544 1893 1661 1925 iisdem
1681 1893 1833 1935 praemi>-

1093 1943 1135 1975 sis
1161 1954 1225 1976 non
1251 1945 1487 1985 consenserint,
1516 1951 1575 1978 n'ec
1601 1946 1640 1978 ad
1667 1956 1703 1978 ea
1727 1947 1830 1978 vorati

1093 2006 1150 2028 seu
1175 1996 1275 2028 auditi
1301 1997 1428 2036 suerint,
1456 1997 1583 2030 tametsi
1610 2008 1744 2030 suorum
1785 1998 1832 2029 in-

1094 2048 1259 2081 dultorum
1285 2054 1316 2081 et
1340 2050 1586 2092 privilegiorum
1618 2050 1728 2092 vigore
1755 2062 1832 2083 cou-

1093 2101 1214 2134 sentire
1239 2112 1293 2134 seu
1325 2102 1430 2135 vocari
1461 2108 1494 2135 'et
1523 2103 1627 2135 audiri
1657 2105 1756 2136 semel
1780 2105 1831 2137 vel

1093 2155 1214 2198 pluries
1231 2166 1363 2199 quoquo
1381 2156 1478 2189 modo
1497 2157 1698 2197 debuissent,
1721 2162 1776 2190 aut
1794 2169 1831 2191 ex

1072 2250 1073 2255 1
1094 2208 1153 2241 alia
1178 2209 1394 2251 quamtumvis
1419 2209 1555 2242 iuridica
1574 2215 1606 2243 et
1626 2210 1832 2253 privilegiata

312 2261 453 2294 satorum
477 2261 651 2305 utrobique
677 2260 737 2294 sub
772 2262 863 2295 titulo
895 2263 933 2295 de
959 2258 1073 2305 spor-¹

1093 2264 1197 2301 causa,
1217 2263 1341 2302 colore,
1361 2267 1528 2305 praetextu
1550 2268 1581 2296 et
1598 2263 1712 2306 eapite,
1735 2264 1831 2296 etiam

1092 2315 1125 2347 in
1151 2325 1290 2358 corpore
1316 2315 1395 2347 iuris
1427 2316 1549 2355 clauso,
1586 2316 1653 2348 ullo
1687 2327 1831 2359 unquam

1095 2374 1239 2410 tempore
1258 2368 1297 2400 de
1323 2368 1546 2412 subreptionis
1560 2369 1609 2401 vel
1628 2368 1831 2412 obreptionis

1093 2432 1149 2454 seu
1174 2421 1332 2455 nullitatis
1356 2422 1456 2463 vitio,
1483 2427 1538 2455 aut
1554 2421 1747 2456 intentionis
1774 2434 1831 2457 no-

1094 2481 1187 2515 strae,
1199 2476 1249 2508 vel
1263 2475 1421 2509 interesse
1433 2475 1623 2510 habentium
1638 2478 1829 2517 consensus,

1093 2528 1219 2571 alioque
1244 2529 1390 2572 quolibet
1414 2529 1509 2562 etiam
1535 2530 1749 2572 quamtumvis
1767 2541 1831 2562 ma-

1093 2592 1156 2624 gno
1182 2592 1219 2614 ac
1242 2582 1369 2614 formali
1402 2587 1433 2614 et
1466 2582 1671 2615 substantiali
1700 2583 1830 2615 defectu

313 2643 393 2678 pere
417 2634 521 2666 valeat
546 2634 674 2668 ratione
707 2636 934 2679 sportularum,
954 2635 1048 2669 etiam
1093 2635 1207 2675 notari,
1234 2635 1425 2679 impugnari,
1452 2635 1600 2678 infringi,
1634 2635 1667 2668 in
1701 2640 1830 2669 contro-

1830 254 1876 277 .l¹:.
1896 252 1923 276 (ἶ,
1948 251 2015 276 tttslii

1866 1422 1983 1443 clausulae.
