2254 3225
198 195 246 222 An.
264 194 292 222 c.
316 195 382 223 1690
430 186 492 220 154

219 624 344 646 constitutio
352 625 383 646 ln·

197 652 289 671 nncentii
298 652 324 672 Xl
333 658 381 672 con-

604 247 725 279 xxxin
751 247 808 290 (al.
836 246 902 289 302).

389 325 543 357 Eduntur
565 325 723 368 quaedam
750 324 973 357 ordinaliones
995 334 1054 367 pro
1079 328 1122 355 lu-

435 378 512 410 tiori
535 379 679 410 custodia
704 378 860 410 librorum
885 376 1028 419 capellae
1045 385 1123 418 pon-

436 430 575 472 Mficiae'.

573 501 740 528 Alexander
759 502 839 534 Papa
858 499 936 531 vlu,

532 545 568 572 ad
588 545 720 572 futuram
739 544 782 571 rei
802 542 982 570 memoriam.

436 615 473 658 §4
484 642 490 647 .
501 615 624 658 Exponi
636 615 729 647 nobis
740 623 844 656 nuper
857 613 1001 645 fecerunt
1014 611 1121 643 dilecti

199 681 229 696 ...i
250 667 449 700 „manniaefflii
475 667 648 710 collegium
672 671 704 699 et
725 671 873 699 cantores
899 665 1043 707 capellae
1067 673 1123 696 no-

198 704 262 724 tuum
275 710 299 724 ex
314 705 382 729 capi-l·

198 731 230 749 m
262 732 382 754 pontificiae
394 720 583 763 strae‚quod
594 720 683 757 alias,
693 729 750 762 pro
762 723 853 761 parte
869 722 942 749 tunc
953 716 1121 749 existentis

197 762 216 776 a:
223 757 300 776 cinvio.

393 773 537 815 magistri
552 773 679 814 collegii
698 777 728 805 ct
741 777 906 804 cantorum
927 769 1119 808 huiusmodi,

394 825 494 858 felicis
520 825 753 858 recordationis
770 823 959 856 Innocentio
981 823 1065 865 Papa
1083 822 1121 855 XI

384 876 653 921 praedecessor?
666 881 775 909 nostro
790 875 945 918 exposito,
961 875 1056 918 quod,
1071 885 1122 908 oc-

392 930 520 962 casione
545 929 713 962 inventarii
738 929 895 961 librorum
921 927 1122 960 musicalium

392 984 430 1016 ad
453 983 569 1016 dictam
590 982 747 1025 capellam
765 981 980 1024 spectantium
998 991 1062 1013 non
1080 980 1122 1012 ita

391 1035 513 1078 pridem
539 1045 597 1077 per
627 1034 731 1076 ipsum
764 1034 912 1072 consecti,
937 1034 1032 1076 plura
1057 1033 1122 1066 dic-

390 1094 495 1120 torum
521 1087 676 1120 librorum
702 1086 790 1126 solia,
807 1086 838 1118 in
857 1086 974 1129 quibus
995 1086 1122 1118 diversa

389 1141 556 1172 missarum
574 1139 751 1182 primordia
772 1139 934 1182 descripta
948 1144 1047 1178 erant,
1066 1149 1120 1171 seu

389 1193 484 1225 etiam
504 1192 536 1224 in
561 1192 674 1234 quibus
699 1191 819 1234 figurae
852 1193 1028 1225 nonnullae
1049 1191 1122 1224 affa-

388 1246 445 1277 bre
481 1251 511 1277 et
547 1245 703 1287 singulari
735 1244 870 1277 artificio
899 1245 1047 1288 depictae
1072 1255 1122 1277 re-

390 1297 607 1340 periebantur,
634 1308 670 1330 ac
689 1298 796 1330 forsan
816 1297 943 1339 integra
960 1298 1122 1331 volumina

389 1360 425 1382 ex
458 1349 599 1382 archivio
631 1361 688 1382 seu
713 1350 858 1382 custodia
883 1350 986 1383 dictae
1018 1352 1123 1393 capel-

388 1404 436 1435 lae
463 1403 493 1434 in
519 1413 613 1444 grave
639 1402 785 1435 eiusdem
818 1404 962 1443 capellae
996 1403 1122 1445 praeiu-

388 1455 504 1487 dicium
531 1460 649 1488 temere
675 1455 801 1488 sublata
826 1456 924 1488 fuisse
955 1462 1119 1499 repertum

388 1508 510 1540 suerat:
538 1508 622 1540 idem
647 1508 854 1541 Innocentius
887 1509 1122 1551 praedecessor

388 1560 544 1592 dictorum
569 1561 724 1593 librorum
751 1561 990 1593 conservationi
1005 1572 1123 1594 consu-

388 1613 465 1652 lere,
490 1623 616 1647 necnon
642 1613 802 1646 eiusmodi
827 1614 918 1646 malis
952 1614 982 1646 in
1015 1620 1122 1657 poste-

389 1677 456 1698 rum
489 1677 657 1699 occurrere
693 1668 827 1707 volens,
862 1677 901 1700 ne
938 1668 976 1700 de
1010 1673 1120 1700 cetero

388 1719 567 1761 quisquam,
604 1720 714 1762 quavis
738 1720 927 1753 auctoritate
952 1721 1001 1753 vel
1027 1731 1121 1764 supe-

388 1772 529 1805 rioritate
555 1778 607 1804 aut
632 1773 738 1806 officio
757 1773 907 1815 fungens,
930 1774 1031 1806 libros
1058 1785 1121 1806 mu-

387 1825 512 1864 sicales,
550 1825 804 1868 quinterniones,
842 1827 968 1858 chartas
1004 1832 1035 1859 et
1059 1827 1120 1859 alia

388 1877 464 1910 solia
501 1888 733 1920 quaecumque,
760 1879 826 1911 sive
863 1879 1030 1922 impressa,
1055 1879 1120 1912 sive

388 1929 619 1972 manuscripta,
648 1936 708 1962 tam
742 1933 876 1963 eatenus
911 1931 942 1963 in
977 1932 1119 1965 archivio

389 1992 446 2014 seu
486 1982 630 2015 custodia
670 1982 855 2016 huiusmodi
896 1994 954 2026 pro
992 1984 1121 2018 servitio

389 2034 490 2067 dictae
526 2036 667 2077 capellae
704 2036 868 2076 collocata,
904 2037 1031 2076 donata,
1065 2047 1120 2069 seu

389 2087 467 2119 alias
492 2087 661 2129 assignata,
687 2099 781 2130 quarn
807 2088 839 2120 in
864 2094 1032 2131 posterum
1060 2090 1123 2122 [⁸01⁵

390 2150 444 2172 san
470 2141 667 2179 collocanda,
687 2141 836 2174 donanda
861 2147 892 2174 et
916 2143 1121 2184 assignanda,

391 2192 448 2224 sub
474 2193 585 2235 quovis
610 2193 754 2235 quaesito
791 2195 916 2233 colore,
943 2199 1120 2236 praetextu,

390 2245 532 2287 ingenio,
560 2248 674 2285 causa,
714 2246 839 2282 ratione
875 2252 906 2279 et
941 2247 1122 2287 occasione,

390 2303 614 2341 praeterquam
647 2299 686 2331 ad
712 2297 858 2332 effectum
883 2299 957 2332 illos
989 2311 1044 2332 seu
1069 2300 1123 2333 illa

429 2393 437 2419 1
462 2394 537 2419 Extat
552 2394 602 2420 alia
616 2394 748 2422 ordinatio
764 2394 911 2422 innocentii
928 2394 958 2421 XI
976 2395 999 2421 in
1016 2396 1121 2422 constit.

392 2437 433 2463 ed⁴
456 2444 624 2470 mnCLxxxVIt,
642 2438 683 2464 die
699 2439 732 2465 15
747 2439 875 2472 octobris,
891 2443 965 2473 pont.
984 2447 1034 2470 xiv,
1055 2440 1122 2466 etin

393 2481 537 2508 lnuocentii
558 2481 600 2507 Ml
620 2484 725 2508 constit.
747 2483 789 2509 ed.
806 2483 990 2515 >111ch1x,die
1008 2485 1038 2510 lo
1055 2484 1121 2517 iulii,

393 2526 484 2560 pontif.
506 2532 539 2553 tx„
560 2527 752 2553 confirmantur
772 2528 904 2562 quaedam
925 2528 1045 2554 decreta.

428 2572 441 2596 2
465 2570 532 2597 Edit,
555 2570 634 2596 Maia.
657 2571 719 2605 legit
734 2572 952 2608 praedecessore
969 2574 1004 2607 (R.
1021 2573 1069 2606 τ.).

969 197 1144 221 BULLAmUM
1170 196 1321 219 ROMANUM

1163 244 1201 276 ad
1227 243 1442 286 supradictam
1467 244 1626 286 capellam
1650 255 1710 288 pro
1742 256 1799 277 usu
1825 255 1899 277 can-

1164 301 1267 328 torum
1292 296 1510 338 praefatorum
1532 297 1709 338 deserendi,
1736 308 1772 330 ex
1791 298 1899 331 archi-

1164 347 1215 380 vio
1247 358 1303 380 seu
1329 348 1477 381 custodia
1508 349 1693 384 huiusmodi
1727 352 1898 385 extrahere

1164 404 1196 431 et
1220 404 1400 443 asportare,
1435 411 1492 434 seu
1527 407 1562 434 ut
1587 403 1837 436 extraherentur
1867 411 1899 438 et

1164 457 1414 494 asportarentur
1433 454 1620 497 permittere
1638 461 1693 488 aut
1716 457 1898 492 consentire

1164 504 1298 537 auderet
1334 515 1391 538 seu
1426 513 1664 550 praesumeret,
1699 509 1758 542 sub
1792 513 1898 553 poena

1164 558 1507 592 excommunicationis
1531 561 1614 593 latae
1639 562 1819 595 sententiae
1839 574 1899 606 per

1164 611 1433 644 contrafacientes
1459 622 1495 645 eo
1520 613 1590 655 ipso
1616 614 1737 657 absque
1762 615 1824 648 alia
1849 616 1900 648 de-

1164 662 1338 696 claratione
1359 663 1581 705 incurrendae,
1601 667 1778 709 apostolica
1797 673 1899 702 aucto-

1165 714 1255 747 ritate
1281 715 1456 756 interdixit,
1476 718 1652 759 prohibuit,
1669 719 1835 762 voluitque
1853 720 1900 753 in-

1164 778 1271 810 super,
1293 774 1338 808 ut,
1355 770 1500 812 praefato
1518 780 1576 802 usu
1597 771 1697 811 sinito,
1715 772 1788 805 libri
1807 783 1898 816 prae-

1165 819 1240 852 dicti
1258 820 1291 852 in
1308 821 1449 854 archivio
1468 832 1524 854 seu
1542 823 1685 856 custodia
1710 824 1898 859 huiusmodi

1163 873 1222 904 sub
1247 873 1360 906 eadem
1381 875 1721 909 excommunicationis
1739 881 1844 920 poena
1861 879 1898 912 il-

1164 924 1225 958 lico
1252 933 1509 969 reponerentur3
1535 933 1566 960 et
1598 929 1697 970 alias,
1724 936 1838 973 prout,
1864 932 1898 965 in

1164 978 1265 1020 ipsius
1282 979 1460 1012 Innocentii
1478 982 1739 1023 praedecessoris
1756 984 1898 1027 desuper

1164 1030 1195 1062 in
1228 1031 1324 1064 simili
1350 1032 1452 1064 forma
1477 1034 1586 1066 Brevis
1611 1035 1662 1067 die
1686 1046 1724 1068 xv
1753 1037 1896 1070 octobris

1164 1093 1352 1117 nncilxxxvn
1374 1085 1532 1128 expeditis
1553 1085 1681 1127 litteris,
1702 1098 1835 1131 quarum
1858 1095 1899 1123 te-

1165 1146 1277 1169 norem
1301 1138 1528 1180 praesentibus
1552 1150 1612 1182 pro
1644 1141 1742 1183 plene
1773 1148 1805 1174 et
1835 1143 1900 1175 sus-

1164 1189 1312 1223 ficienter
1336 1200 1489 1233 expresso
1514 1196 1545 1224 ct
1570 1192 1691 1226 inserto
1710 1194 1821 1228 haberi
1846 1206 1900 1229 vo-

1164 1244 1279 1282 lumus,
1296 1244 1427 1276 uberius
1441 1245 1636 1278 continetur.
1654 1246 1796 1281 Subinde
1813 1259 1898 1289 vcro,

1164 1306 1234 1328 cum
1261 1295 1406 1329 eiusdem
1431 1296 1611 1330 Innocentii
1636 1300 1900 1342 praedecessoris

1163 1349 1253 1381 iussu
1278 1355 1390 1382 contra
1415 1350 1556 1384 scientes
1575 1356 1607 1384 et
1624 1363 1690 1385 non
1708 1354 1897 1395 revelantes,

1165 1401 1354 1443 retinentes,
1381 1408 1577 1446 occupantes
1596 1409 1629 1437 et
1645 1415 1710 1438 non
1732 1407 1900 1440 restituen-

1166 1459 1211 1487 tes
1236 1455 1322 1488 bona
1342 1455 1484 1496 mobilia,
1506 1456 1682 1499 scripturas
1702 1458 1847 1501 publicas
1868 1464 1900 1492 et

1164 1507 1312 1549 privatas,
1338 1508 1431 1541 fidem
1457 1514 1566 1541 tamen
1597 1510 1763 1550 facientes,
1797 1511 1899 1544 libros

1164 1560 1341 1601 musicales,
1360 1562 1618 1604 quintei·nioneS‚
1638 1563 1768 1596 chartas
1789 1570 1820 1597 et
1838 1565 1900 1597 alia

1164 1613 1240 1646 solia
1271 1614 1428 1657 impressa
1460 1615 1525 1648 sive
1558 1617 1788 1660 manuscripta,
1820 1628 1899 1650 con-

1162 1666 1345 1699 stitutiones
1371 1672 1401 1700 et
1425 1668 1551 1701 litteras
1572 1670 1778 1712 apostolicas,
1797 1670 1900 1713 diplo-

1163 1724 1259 1759 mata,
1284 1720 1411 1762 aliaque
1436 1720 1552 1753 similia
1577 1722 1615 1754 ad
1642 1722 1759 1755 dictam
1793 1725 1901 1766 capel-

1163 1773 1224 1805 lam
1261 1773 1450 1815 spectantia,
1479 1774 1637 1816 quaedam
1674 1775 1900 1814 monitoriales

1163 1825 1287 1858 litterae
1313 1835 1370 1868 pro
1398 1827 1600 1859 restitutione
1636 1832 1669 1859 et
1699 1828 1899 1862 revelatione

1161 1878 1341 1921 respective
1366 1889 1472 1911 rerum
1503 1879 1688 1912 huiusmodi
1714 1882 1773 1913 sub
1799 1881 1898 1914 simili

1162 1931 1500 1963 excommunicationis
1512 1934 1617 1974 poena
1626 1932 1813 1975 pubblicata
1825 1933 1900 1966 suis-

1163 1988 1245 2022 sent,
1270 1983 1381 2026 vigore
1407 1985 1594 2017 earumdem
1620 1985 1800 2018 litterarum
1835 1997 1901 2019 mo-

1164 2035 1362 2069 nitorialium
1388 2036 1516 2079 plurimi
1542 2037 1615 2069 libri
1642 2038 1825 2078 musicales,
1851 2039 1899 2071 di-

1164 2090 1317 2131 plomata,
1342 2088 1466 2121 litterae
1491 2089 1703 2132 apostolicae,
1721 2090 1833 2131 diaria,
1853 2092 1900 2125 so-

1164 2142 1215 2181 lia,
1235 2141 1360 2184 aliaque
1378 2140 1495 2174 similia
1512 2142 1660 2174 restituta
1676 2153 1712 2174 ac
1735 2149 1900 2186 reportata

1165 2200 1196 2228 et
1219 2194 1253 2227 in
1278 2193 1420 2227 archivio
1445 2204 1503 2227 seu
1535 2195 1682 2228 custodia
1712 2196 1899 2231 huiusmodi

1165 2247 1318 2280 collocata
1343 2247 1483 2279 suerunt.

1208 2301 1223 2344 ἓ
1247 2299 1278 2332 2.
1305 2299 1382 2332 Cum
1407 2305 1524 2340 autem,
1557 2300 1641 2333 sieut
1664 2301 1776 2334 eadem
1801 2312 1900 2346 expo·
1930 2311 2009 2339 >raeces
2028 2311 2091 2333 cone-

1906 2337 1934 2362 gii
1944 2340 1964 2357 et
1974 2340 2091 2360 cantorum.

1165 2352 1239 2386 sitio
1258 2353 1491 2395 subiungebat,
1510 2352 1762 2386 conservationi¹
1783 2360 1814 2388 et
1831 2366 1899 2389 ma-

1164 2404 1347 2438 nutentioni
1391 2404 1546 2438 librorum
1585 2404 1785 2448 aliarumque
1821 2408 1900 2441 scri-

1165 2464 1334 2501 pturarum
1362 2457 1543 2490 huiusmodi
1570 2457 1768 2491 sufficienter
1793 2461 1900 2494 adhuc

1165 2510 1347 2542 consultum
1387 2509 1517 2541 minime
1565 2511 1768 2553 reperiatur:
1805 2513 1899 2546 nobis

1202 2574 1211 2600 1
1235 2573 1300 2600 Male
1321 2573 1363 2600 ed.
1381 2572 1458 2599 Μαίη.
1482 2572 1544 2608 legit
1563 2575 1775 2602 conversationi
1792 2576 1833 2609 (r.-
1851 2576 1898 2609 τ.),

1905 198 1955 225 Αη.
1972 198 2002 225 C.
2025 196 2092 228 16³0
