2254 3225
227 210 275 236 Λη.
294 209 322 237 c.
347 209 408 236 1601
459 198 522 232 ⁶288

417 258 443 290 si
469 262 626 289 maestum
652 254 791 298 aliquem
821 254 968 287 taediove
998 253 1146 287 atfectum

418 309 685 353 deprehenderit,
709 308 891 351 prudenter
926 312 957 339 et
980 306 1074 339 bonis
1107 317 1146 338 a-

418 362 521 395 ctibus
547 373 564 395 a
580 361 685 405 pravis
703 361 768 394 suis
789 360 1039 403 cogitationibus
1063 368 1148 391 aver·

418 421 473 455 tat,
499 414 648 457 iniungat
682 413 729 447 illi
766 413 941 446 ferventius
971 422 1077 451 orare,
1102 411 1147 443 ie-

419 468 533 501 iunare
558 467 697 510 parcius,
721 465 867 499 confiteri
900 470 932 498 et
962 463 1144 498 communi-

419 531 493 553 care
519 518 730 563 frequentius.
759 518 813 550 llis
839 518 924 550 enim
945 517 1017 549 telis
1042 515 1147 548 diabo-

418 575 468 607 lus
494 573 675 606 deterretur
706 577 736 604 et
759 570 907 603 vincitur.
943 569 1019 602 Cum
1042 574 1148 601 autem

417 627 462 659 sic
486 626 574 659 illum
600 613 870 663 m0n11e1·it‚‘f0rte
890 622 1069 656 lucrabitur
1083 622 1149 654 col-

418 679 606 718 labentem;
633 678 657 710 si
695 682 801 709 tamen
825 675 865 708 ab
900 685 938 708 eo
976 675 1148 717 despectus

418 731 562 775 perierit,
589 730 667 763 sciat
685 728 874 772 sanguinem
899 728 968 760 eius
991 727 1030 760 de
1054 737 1149 759 manu

418 787 474 817 sua
498 782 730 826 requirendum
757 791 839 814 esse.

253 849 319 868 cim-1
347 849 379 869 ii.
462 848 484 870 1.
512 836 587 869 Cum
613 835 698 868 dicat
721 834 917 877 Apostolus:
938 832 1055 866 Omnia
1078 843 1151 876 pro-

226 875 500 930 „l'v‘ntsst-t'ffi'ffiffibace,
520 893 547 921 et
571 888 654 931 quod
679 888 796 919 bonnm
821 890 864 918 est
886 890 995 925 tenete,
1015 886 1152 928 proinde

226 928 386 949 uret‘ussioneni.

419 952 483 975 non
520 951 631 974 omnes
658 944 712 972 aut
745 948 964 982 quoscumque
999 938 1151 977 novitios,

420 1006 457 1028 co
477 995 580 1028 solum
606 993 690 1036 quod
711 991 901 1024 novitiarum
932 990 1151 1034 impleverint,

419 1049 457 1082 ad
495 1046 732 1090 professionem
768 1043 969 1086 suscipimus,
1005 1044 1062 1076 sed
1101 1053 1154 1076 eos

420 1105 554 1138 tantum,
572 1109 651 1142 quos
679 1099 806 1139 integer
823 1096 1027 1139 probationis
1051 1106 1154 1128 annus

420 1158 452 1185 et
476 1162 601 1184 morum
626 1150 794 1192 integritas
831 1149 969 1181 idoneos
1001 1148 1040 1181 ad
1064 1148 1156 1181 Ordi-

420 1215 493 1238 nem
510 1203 721 1242 ostenderint,
740 1212 800 1234 nec
817 1201 1003 1234 informatio
1022 1201 1157 1234 authen-

422 1257 483 1289 tica
507 1255 657 1298 indignos
683 1253 812 1286 aliunde
837 1252 1029 1297 prodiderit.

465 1319 500 1342 11.
527 1308 589 1341 Sed
614 1318 653 1340 ne
679 1307 711 1340 in
743 1317 776 1339 re
813 1311 877 1339 tani
909 1306 1004 1349 gravi,
1031 1307 1156 1340 defectu

423 1361 650 1396 declarationis
686 1366 741 1393 aut
765 1360 910 1404 qualibet
943 1361 1005 1393 alia
1040 1363 1158 1401 causa,

423 1416 505 1448 male
541 1413 596 1446 fiat
629 1413 792 1453 admissio,
825 1418 1078 1446 consentaneum
1103 1414 1154 1446 in-

423 1469 550 1502 culcare
587 1466 736 1500 duximus
773 1476 855 1510 quae
901 1466 941 1498 ad
981 1466 1158 1509 legitimam

423 1519 662 1563 professionem
698 1518 766 1551 iure
802 1518 966 1551 communi
991 1523 1022 1551 et
1045 1524 1158 1551 nostro

423 1573 637 1617 requiramus.
664 1572 772 1604 Primo
790 1571 875 1604 enim
892 1572 1014 1605 nullum
1032 1572 1069 1604 ad
1088 1583 1160 1615 pro-

426 1625 601 1659 fessionem
636 1625 857 1665 admittimus,
896 1624 959 1657 nisi
996 1626 1159 1667 completo

425 1689 510 1712 anno
535 1679 592 1712 xv¹
618 1678 730 1711 aetatis
763 1688 855 1718 suae,
883 1682 914 1710 et
936 1687 1000 1710 uno
1035 1677 1160 1720 integro

426 1732 640 1776 probationis,
655 1741 750 1774 quem
768 1730 897 1773 quidem
914 1740 1044 1768 annum,
1057 1731 1162 1763 etiam-

427 1786 453 1818 si
494 1785 630 1818 novitius
665 1784 832 1817 intraverit
867 1788 940 1816 ante
976 1793 1015 1816 xv
1050 1784 1162 1816 aetatis

428 1849 516 1877 suae,
545 1839 746 1871 declaramus
765 1837 919 1870 canonice
936 1847 1001 1870 non
1019 1837 1161 1880 incipere

428 1901 530 1934 usque
566 1891 603 1923 ad
640 1890 710 1923 eius
736 1889 831 1922 finem
848 1916 855 1928 ,
880 1899 944 1932 quo
979 1889 1122 1932 perfecte
1147 1900 1163 1922 a

427 1948 547 1986 puncto
572 1943 603 1975 in
630 1947 785 1985 punctum
817 1943 929 1985 elapso
964 1941 1033 1975 fieri
1068 1942 1164 1975 debet

429 1996 600 2039 professio,
627 2001 658 2028 et
683 1995 708 2028 si
733 1995 825 2028 aliter
844 2000 1030 2035 attentetur,
1051 1994 1091 2027 sit
1115 1995 1164 2027 in-

429 2049 531 2081 valida
556 2054 588 2081 et
612 2048 701 2080 irrita
726 2048 810 2080 iuxta
828 2048 1011 2080 sanctiones
1029 2047 1164 2080 Concilii

429 2100 625 2134 Tridentini:
646 2111 726 2143 quae
746 2101 854 2133 omnia
878 2105 1024 2133 constare
1046 2100 1165 2133 debent

429 2164 488 2197 per
513 2153 695 2186 testimonia
719 2154 758 2186 de
784 2153 852 2186 iure
877 2153 1031 2196 legitima.

474 2216 522 2240 111.
549 2206 703 2248 Insuper,
729 2206 869 2248 antiquis
904 2206 1024 2238 nostris
1048 2205 1166 2238 eonsti-

432 2258 608 2292 tutionibus
624 2258 833 2297 inhaerendo,
850 2258 972 2290 irritam
989 2263 1020 2291 et
1038 2259 1166 2291 inanem

432 2312 632 2345 declaramus
664 2310 899 2353 professionem
934 2321 1059 2350 eorum,
1086 2321 1166 2354 quos

432 2366 471 2398 ad
497 2375 566 2398 eam
590 2365 752 2407 praelatus
785 2364 949 2396 admiserit
984 2364 1166 2397 inconsulto

433 2423 593 2452 conventu
624 2422 656 2450 et
681 2418 802 2460 absque
835 2417 967 2449 maioris
991 2417 1092 2459 partis
1117 2418 1166 2450 sui

434 2472 765 2516 capituliconsensu;
792 2469 846 2513 qui
875 2475 980 2501 tamen
1007 2471 1167 2511 praelatus

984 206 1160 229 lzt'ttAttttitt
1185 205 1336 228 noitANt'M

1189 252 1282 284 nibus
1307 250 1440 284 Concilii
1462 249 1653 291 Tridentini,
1669 260 1861 295 quemquam
1883 252 1921 285 ad

1190 305 1425 348 professionem
1464 313 1560 337 ausus
1600 304 1696 338 fuerit
1734 305 1922 344 admittere,

1189 357 1294 390 oflicio
1318 362 1349 389 ct
1369 356 1580 399 dignitatibus
1606 368 1642 390 ac
1664 368 1743 391 voce
1768 358 1869 391 activa
1894 364 1925 391 et

1189 409 1313 453 passiva
1338 413 1463 441 maneat
1488 414 1646 452 perpetuo
1668 410 1826 453 privatus.

1239 472 1282 495 iv.
1318 461 1472 494 Similiter
1513 462 1598 495 iuxta
1634 463 1924 506 motumproprium

1190 514 1266 547 sixti
1284 515 1306 547 V
1331 515 1369 547 ab
1393 515 1574 548 Alexandro
1590 514 1641 547 VII
1665 515 1697 547 in
1722 516 1926 548 constitutio-

1190 567 1284 600 nibus
1308 567 1410 600 nostri
1435 566 1564 600 Ordinis
1594 566 1827 607 confirmatum,
1860 568 1927 600 ina-

1191 619 1274 653 niter
1298 625 1329 653 et
1353 619 1443 652 irrite
1467 619 1539 662 ipso
1572 619 1655 652 facto
1687 619 1832 663 profiteri
1865 625 1928 652 sta-

1193 672 1310 705 tuimus
1337 683 1392 706 eos
1416 682 1529 705 omnes
1554 672 1608 717 qui
1626 682 1663 705 ex
1690 672 1849 715 sacrilego
1875 679 1928 706 aut

1193 725 1375 758 incestuoso
1401 725 1573 758 concubitu
1609 735 1711 768 usque
1737 724 1775 757 ad
1801 724 1929 758 tertium

1193 777 1482 820 consanguinitatis
1512 777 1570 817 *vel
1607 777 1769 810 affinitatis
1796 778 1930 820 gradum

1194 830 1311 863 fuerint
1335 829 1509 873 progeniti.
1535 830 1689 863 Poterunt
1712 835 1819 863 tamen
1843 829 1865 862 ii
1890 830 1930 863 de

1194 884 1323 916 licentia
1357 883 1501 926 magistri
1538 883 1699 925 generalis
1728 887 1782 916 aut
1806 883 1931 925 provin-

1195 936 1305 973 cialis.
1332 936 1418 968 iuxta
1441 941 1562 969 motum
1586 935 1729 968 eiusdem
1762 935 1840 968 Sixii
1856 962 1864 976 ,
1891 936 1930 968 ad

1195 988 1430 1031 professionem
1464 996 1695 1020 conversorum
1732 987 1880 1026 admitti,
1905 986 1931 1019 si

1196 1041 1340 1084 alioquin
1364 1041 1451 1073 bona
1474 1040 1583 1073 indole
1615 1045 1647 1073 et
1670 1049 1796 1072 morum
1829 1039 1933 1072 hone-

1197 1098 1278 1126 state
1303 1093 1368 1125 sint
1391 1091 1540 1135 praediti,
1562 1101 1622 1124 nec
1646 1101 1703 1124 eos
1729 1091 1861 1134 aliquod
1885 1091 1934 1123 in-

1197 1145 1241 1178 ris
1273 1155 1328 1178 seu
1355 1149 1484 1178 nostrae
1517 1144 1761 1178 constitutionis
1797 1143 1933 1188 impedi>

1198 1203 1339 1232 mentum
1379 1197 1505 1230 afficiat.
1538 1197 1704 1230 Praelatus
1743 1207 1843 1236 vero,
1878 1197 1933 1240 qui

1199 1251 1387 1285 huiusmodi
1412 1251 1567 1284 natalium
1592 1250 1739 1283 defectus
1774 1249 1934 1283 habentes

1199 1306 1237 1339 ad
1261 1305 1499 1348 professionem
1521 1304 1571 1336 vel
1596 1302 1692 1336 etiarn
1711 1302 1934 1345 receptionem

1200 1357 1338 1391 scienter
1355 1356 1528 1395 admiserit,
1553 1356 1601 1388 vel
1628 1355 1805 1388 informans
1829 1354 1862 1387 in
1887 1355 1936 1387 in-

1202 1410 1448 1445 formationibus
1489 1408 1702 1448 simulaverit,
1743 1407 1937 1450 gravissimis

1201 1463 1315 1507 poenis
1336 1473 1353 1495 a
1369 1462 1455 1495 Sixto
1473 1461 1495 1493 Y
1516 1461 1656 1501 inflictis,
1676 1465 1707 1492 et
1725 1459 1756 1491 in
1775 1459 1936 1503 superiori

1201 1521 1291 1560 parte
1316 1516 1379 1548 iam
1403 1515 1584 1553 declaratis,
1620 1513 1825 1546 severissime
1849 1514 1937 1557 plec-

1202 1569 1317 1603 tendos
1338 1579 1406 1601 esse
1431 1567 1667 1601 denuntiamus.

1244 1633 1273 1655 v.
1300 1622 1364 1655 Sub
1390 1621 1502 1654 eadem
1528 1621 1662 1663 insuper
1692 1619 1839 1652 nullitate
1865 1629 1937 1662 pro-

1204 1676 1375 1709 fessionem
1400 1678 1542 1706 nostram
1564 1672 1785 1705 interdicimus
1812 1671 1937 1704 univer-

1203 1728 1244 1761 sis
1268 1727 1392 1760 alienae
1417 1725 1626 1769 professionis
1662 1724 1815 1757 fratribus
1832 1750 1839 1764 ,
1878 1723 1937 1756 nisi

1204 1782 1243 1814 de
1269 1780 1431 1813 nobilibus
1456 1779 1612 1812 Ordinum
1647 1777 1834 1811 militarium
1861 1777 1939 1810 exli*-

1204 1834 1328 1873 terint,
1367 1833 1453 1865 iuxta
1488 1833 1620 1865 decreta
1655 1830 1708 1864 SS.
1748 1829 1938 1862 Pontificum

1206 1887 1323 1920 Urbani
1348 1885 1411 1918 Vnt
1438 1890 1469 1918 et
1493 1883 1667 1917 Alexandri
1691 1882 1750 1922 vll,
1776 1893 1812 1915 ac
1836 1881 1938 1915 nostri

1204 1941 1325 1984 pariter
1349 1939 1477 1973 Ordinis
1498 1937 1654 1978 instituta,
1689 1936 1835 1980 superius
1860 1946 1940 1978 quo-

1205 2003 1268 2036 que
1302 1993 1334 2025 in
1364 2002 1436 2035 cap.
1463 2000 1499 2024 111
1535 1989 1629 2023 liuius
1666 1989 1739 2022 dist.
1778 1988 1938 2021 ordinata.

1205 2045 1403 2088 Quicumque
1428 2048 1534 2077 autem
1555 2041 1729 2085 praedictis
1751 2042 1784 2073 in
1808 2040 1871 2073 lioc
1895 2051 1942 2072 ca-

1205 2099 1272 2142 pite
1297 2096 1540 2130 eonditionibus
1572 2099 1626 2127 aut
1651 2092 1831 2127 defectibus
1854 2092 1941 2125 labo-

1206 2156 1315 2184 rantes
1346 2149 1384 2182 ad
1405 2147 1642 2192 professionem
1666 2150 1811 2179 nostram
1837 2155 1942 2178 acces-

1208 2203 1317 2241 serint,
1346 2207 1378 2235 et
1402 2200 1576 2244 obreptitie
1601 2198 1658 2232 ac¹
1683 2198 1885 2241 subreptitie,
1912 2197 1943 2229 id

1207 2262 1254 2291 est
1277 2256 1423 2290 affectata
1448 2254 1584 2287 falsitate
1601 2254 1650 2286 vel
1676 2251 1772 2284 tacita
1796 2251 1943 2288 veritate,

1206 2310 1294 2343 illam
1318 2307 1494 2348 emiserint,
1514 2315 1719 2351 quocumque
1740 2310 1885 2347 tempore
1911 2304 1943 2336 id

1208 2366 1371 2406 appareat,
1395 2360 1541 2404 protinus
1567 2359 1605 2392 ab
1622 2358 1741 2391 Ordine
1762 2361 1873 2390 nostro
1891 2367 1944 2390 ex-

1208 2416 1373 2459 pellantur
1393 2418 1426 2445 ut
1445 2412 1585 2445 inaniter
1603 2411 1672 2454 ipso
1692 2411 1773 2442 facto
1792 2409 1942 2453 professi.

1252 2479 1294 2501 VI.
1337 2466 1489 2499 Praelatis
1525 2475 1601 2498 vero
1635 2463 1860 2507 praecipimus,
1885 2463 1942 2494 suli

435 2525 504 2558 sine
529 2524 596 2564 illo,
621 2528 673 2555 aut
708 2522 776 2555 sine
812 2522 983 2565 praedictis
1008 2522 1168 2555 conditio·
1210 2517 1554 2553 cxeonnnunicationis
1576 2516 1737 2549 sententia
1762 2515 1833 2558 ipso
1860 2515 1939 2548 facit

471 2588 482 2614 1
506 2584 575 2613 Edit.
597 2584 674 2612 Maiu.
696 2583 757 2620 legit
778 2584 813 2610 cib
833 2591 880 2620 pro
900 2586 936 2608 st'
953 2585 992 2618 (n.
1015 2583 1064 2617 T.).

1245 2583 1258 2608 ‘l
1282 2581 1377 2609 Potius
1397 2579 1454 2616 lege
1477 2582 1527 2607 aul
1547 2579 1586 2613 (n.
1601 2578 1650 2614 Τ.).

1933 204 1980 230 An.
1999 203 2025 230 C.
2051 204 2109 230 tom

2252 768 2254 776 .
2253 733 2254 750 „e
2252 671 2254 723 e„A⁴
2249 584 2254 637 .-..-
2247 447 2254 572 -...-ῥ.ᾼ
2247 415 2254 468 effi
2249 398 2254 413 .-
