<?xml version="1.0" encoding="UTF-8"?>
<!DOCTYPE html PUBLIC "-//W3C//DTD XHTML 1.0 Transitional//EN"
    "http://www.w3.org/TR/xhtml1/DTD/xhtml1-transitional.dtd">
<html xmlns="http://www.w3.org/1999/xhtml" xml:lang="en" lang="en">
 <head>
  <title>
</title>
<meta http-equiv="Content-Type" content="text/html;charset=utf-8" />
  <meta name='ocr-system' content='tesseract 3.04.00' />
  <meta name='ocr-capabilities' content='ocr_page ocr_carea ocr_par ocr_line ocrx_word'/>
</head>
<body>
  <div class='ocr_page' id='page_1' title='image "./bullarumdiplomat20cath_1086.png"; bbox 0 0 2254 3225; ppageno 0'>
   <div class='ocr_carea' id='block_1_1' title="bbox 470 204 534 237">
    <p class='ocr_par' dir='ltr' id='par_1_1' title="bbox 470 204 534 237">
     <span class='ocr_line' id='line_1_1' title="bbox 470 204 534 237; baseline 0 0"><span class='ocrx_word' id='word_1_1' title='bbox 470 204 534 237; x_wconf 65' lang='lat'>994</span> 
     </span>
    </p>
   </div>
   <div class='ocr_carea' id='block_1_2' title="bbox 429 270 1190 2614">
    <p class='ocr_par' dir='ltr' id='par_1_2' title="bbox 515 270 1169 408">
     <span class='ocr_line' id='line_1_2' title="bbox 515 270 1169 313; baseline 0.003 -14"><span class='ocrx_word' id='word_1_2' title='bbox 515 272 624 312; x_wconf 84' lang='lat' dir='ltr'>petuos</span> <span class='ocrx_word' id='word_1_3' title='bbox 650 278 703 301; x_wconf 86' lang='lat' dir='ltr'>seu</span> <span class='ocrx_word' id='word_1_4' title='bbox 720 275 824 312; x_wconf 83' lang='lat' dir='ltr'>patres</span> <span class='ocrx_word' id='word_1_5' title='bbox 851 270 1030 313; x_wconf 83' lang='lat' dir='ltr'>provinciae</span> <span class='ocrx_word' id='word_1_6' title='bbox 1046 270 1169 303; x_wconf 83' lang='lat' dir='ltr'>Ordinis</span> 
     </span>
     <span class='ocr_line' id='line_1_3' title="bbox 517 321 1169 364; baseline 0.002 -11"><span class='ocrx_word' id='word_1_7' title='bbox 517 321 669 354; x_wconf 81' lang='lat' dir='ltr'>Minorum</span> <span class='ocrx_word' id='word_1_8' title='bbox 684 321 713 354; x_wconf 83' lang='lat' dir='ltr'>S.</span> <span class='ocrx_word' id='word_1_9' title='bbox 725 322 882 355; x_wconf 83' lang='lat' dir='ltr'>Francisci</span> <span class='ocrx_word' id='word_1_10' title='bbox 898 322 1169 364; x_wconf 75' lang='lat' dir='ltr'>Conventualium,</span> 
     </span>
     <span class='ocr_line' id='line_1_4' title="bbox 518 374 593 408; baseline 0.013 -1"><span class='ocrx_word' id='word_1_11' title='bbox 518 374 593 408; x_wconf 62' lang='lat'>874.</span> 
     </span>
    </p>

    <p class='ocr_par' dir='ltr' id='par_1_3' title="bbox 429 428 1168 521">
     <span class='ocr_line' id='line_1_5' title="bbox 429 428 1168 465; baseline 0.003 -5"><span class='ocrx_word' id='word_1_12' title='bbox 429 428 568 462; x_wconf 89' lang='lat' dir='ltr'>CLXXX.</span> <span class='ocrx_word' id='word_1_13' title='bbox 601 428 751 462; x_wconf 77' lang='lat' dir='ltr'>IndIcitur</span> <span class='ocrx_word' id='word_1_14' title='bbox 785 430 961 462; x_wconf 76' lang='lat' dir='ltr'>universale</span> <span class='ocrx_word' id='word_1_15' title='bbox 999 430 1168 465; x_wconf 79' lang='lat' dir='ltr'>iubilaeum</span> 
     </span>
     <span class='ocr_line' id='line_1_6' title="bbox 517 481 931 521; baseline 0.002 -8"><span class='ocrx_word' id='word_1_16' title='bbox 517 481 589 514; x_wconf 92' lang='lat' dir='ltr'>anni</span> <span class='ocrx_word' id='word_1_17' title='bbox 616 482 712 514; x_wconf 84' lang='lat' dir='ltr'>sancti</span> <span class='ocrx_word' id='word_1_18' title='bbox 739 492 832 521; x_wconf 73' lang='lat' dir='ltr'>unce,</span> <span class='ocrx_word' id='word_1_19' title='bbox 858 481 931 515; x_wconf 78' lang='lat'>876.</span> 
     </span>
    </p>

    <p class='ocr_par' dir='ltr' id='par_1_4' title="bbox 430 534 1172 898">
     <span class='ocr_line' id='line_1_7' title="bbox 430 534 1171 577; baseline -0.003 -8"><span class='ocrx_word' id='word_1_20' title='bbox 430 535 579 569; x_wconf 87' lang='lat' dir='ltr'>CLXXXI.</span> <span class='ocrx_word' id='word_1_21' title='bbox 606 534 818 568; x_wconf 81' lang='lat' dir='ltr'>Contirmatur</span> <span class='ocrx_word' id='word_1_22' title='bbox 849 534 1030 568; x_wconf 84' lang='lat' dir='ltr'>constitutio</span> <span class='ocrx_word' id='word_1_23' title='bbox 1056 535 1171 577; x_wconf 79' lang='lat' dir='ltr'>Grego-</span> 
     </span>
     <span class='ocr_line' id='line_1_8' title="bbox 519 586 1171 630; baseline 0.002 -11"><span class='ocrx_word' id='word_1_24' title='bbox 519 587 555 620; x_wconf 91' lang='lat' dir='ltr'>rii</span> <span class='ocrx_word' id='word_1_25' title='bbox 583 588 633 620; x_wconf 85' lang='lat' dir='ltr'>XV</span> <span class='ocrx_word' id='word_1_26' title='bbox 658 587 740 620; x_wconf 86' lang='lat' dir='ltr'>cirea</span> <span class='ocrx_word' id='word_1_27' title='bbox 766 586 1030 630; x_wconf 74' lang='lat' dir='ltr'>dispensationem</span> <span class='ocrx_word' id='word_1_28' title='bbox 1049 587 1110 620; x_wconf 89' lang='lat' dir='ltr'>voti</span> <span class='ocrx_word' id='word_1_29' title='bbox 1136 598 1171 620; x_wconf 84' lang='lat' dir='ltr'>ac</span> 
     </span>
     <span class='ocr_line' id='line_1_9' title="bbox 519 640 1171 684; baseline 0.003 -12"><span class='ocrx_word' id='word_1_30' title='bbox 519 640 686 673; x_wconf 89' lang='lat' dir='ltr'>iuramenti</span> <span class='ocrx_word' id='word_1_31' title='bbox 719 651 735 672; x_wconf 90' lang='lat' dir='ltr'>a</span> <span class='ocrx_word' id='word_1_32' title='bbox 765 640 887 673; x_wconf 81' lang='lat' dir='ltr'>clericis</span> <span class='ocrx_word' id='word_1_33' title='bbox 913 640 1171 684; x_wconf 81' lang='lat' dir='ltr'>Congregationis</span> 
     </span>
     <span class='ocr_line' id='line_1_10' title="bbox 519 694 1171 728; baseline 0.002 -1"><span class='ocrx_word' id='word_1_34' title='bbox 519 694 684 727; x_wconf 74' lang='lat' dir='ltr'>Doctrinae</span> <span class='ocrx_word' id='word_1_35' title='bbox 707 694 900 728; x_wconf 75' lang='lat' dir='ltr'>Christianae</span> <span class='ocrx_word' id='word_1_36' title='bbox 918 694 955 727; x_wconf 89' lang='lat' dir='ltr'>de</span> <span class='ocrx_word' id='word_1_37' title='bbox 981 694 1065 727; x_wconf 72' lang='lat' dir='ltr'>Urbe</span> <span class='ocrx_word' id='word_1_38' title='bbox 1079 695 1171 728; x_wconf 86' lang='lat' dir='ltr'>emis-</span> 
     </span>
     <span class='ocr_line' id='line_1_11' title="bbox 519 747 1172 789; baseline 0 -9"><span class='ocrx_word' id='word_1_39' title='bbox 519 749 565 789; x_wconf 77' lang='lat' dir='ltr'>si,</span> <span class='ocrx_word' id='word_1_40' title='bbox 590 749 652 781; x_wconf 77' lang='lat' dir='ltr'>una</span> <span class='ocrx_word' id='word_1_41' title='bbox 678 758 748 780; x_wconf 91' lang='lat' dir='ltr'>cum</span> <span class='ocrx_word' id='word_1_42' title='bbox 779 747 862 780; x_wconf 91' lang='lat' dir='ltr'>illius</span> <span class='ocrx_word' id='word_1_43' title='bbox 887 747 1117 789; x_wconf 77' lang='lat' dir='ltr'>declaratione,</span> <span class='ocrx_word' id='word_1_44' title='bbox 1142 753 1172 780; x_wconf 92' lang='lat' dir='ltr'>et</span> 
     </span>
     <span class='ocr_line' id='line_1_12' title="bbox 520 800 1171 845; baseline -0.002 -11"><span class='ocrx_word' id='word_1_45' title='bbox 520 801 640 834; x_wconf 77' lang='lat' dir='ltr'>indulta</span> <span class='ocrx_word' id='word_1_46' title='bbox 666 800 858 845; x_wconf 85' lang='lat' dir='ltr'>suscipiendi</span> <span class='ocrx_word' id='word_1_47' title='bbox 884 801 1010 834; x_wconf 85' lang='lat' dir='ltr'>ordines</span> <span class='ocrx_word' id='word_1_48' title='bbox 1040 801 1078 833; x_wconf 87' lang='lat' dir='ltr'>ad</span> <span class='ocrx_word' id='word_1_49' title='bbox 1105 801 1171 834; x_wconf 90' lang='lat' dir='ltr'>titu-</span> 
     </span>
     <span class='ocr_line' id='line_1_13' title="bbox 520 853 980 898; baseline -0.002 -10"><span class='ocrx_word' id='word_1_50' title='bbox 520 856 584 888; x_wconf 91' lang='lat' dir='ltr'>lum</span> <span class='ocrx_word' id='word_1_51' title='bbox 612 854 882 898; x_wconf 75' lang='lat' dir='ltr'>Congregationis,</span> <span class='ocrx_word' id='word_1_52' title='bbox 907 853 980 888; x_wconf 73' lang='lat'>881.</span> 
     </span>
    </p>

    <p class='ocr_par' dir='ltr' id='par_1_5' title="bbox 433 908 1176 1210">
     <span class='ocr_line' id='line_1_14' title="bbox 433 908 1173 952; baseline -0.003 -9"><span class='ocrx_word' id='word_1_53' title='bbox 433 909 597 944; x_wconf 89' lang='lat' dir='ltr'>CLXXXII.</span> <span class='ocrx_word' id='word_1_54' title='bbox 616 908 814 941; x_wconf 70' lang='lat' dir='ltr'>Transfertur</span> <span class='ocrx_word' id='word_1_55' title='bbox 830 908 1089 941; x_wconf 82' lang='lat' dir='ltr'>valeludinarium</span> <span class='ocrx_word' id='word_1_56' title='bbox 1101 919 1173 952; x_wconf 87' lang='lat' dir='ltr'>pau-</span> 
     </span>
     <span class='ocr_line' id='line_1_15' title="bbox 522 962 1174 1007; baseline 0 -12"><span class='ocrx_word' id='word_1_57' title='bbox 522 973 633 1007; x_wconf 88' lang='lat' dir='ltr'>perum</span> <span class='ocrx_word' id='word_1_58' title='bbox 659 962 856 996; x_wconf 86' lang='lat' dir='ltr'>sacerdotum</span> <span class='ocrx_word' id='word_1_59' title='bbox 889 962 927 995; x_wconf 91' lang='lat' dir='ltr'>de</span> <span class='ocrx_word' id='word_1_60' title='bbox 951 962 1035 995; x_wconf 82' lang='lat' dir='ltr'>Urbe</span> <span class='ocrx_word' id='word_1_61' title='bbox 1058 962 1097 995; x_wconf 86' lang='lat' dir='ltr'>ad</span> <span class='ocrx_word' id='word_1_62' title='bbox 1121 973 1174 1007; x_wconf 84' lang='lat' dir='ltr'>pa-</span> 
     </span>
     <span class='ocr_line' id='line_1_16' title="bbox 522 1015 1175 1058; baseline -0.002 -9"><span class='ocrx_word' id='word_1_63' title='bbox 522 1016 630 1049; x_wconf 87' lang='lat' dir='ltr'>latium</span> <span class='ocrx_word' id='word_1_64' title='bbox 658 1015 687 1048; x_wconf 93' lang='lat' dir='ltr'>in</span> <span class='ocrx_word' id='word_1_65' title='bbox 714 1015 838 1048; x_wconf 81' lang='lat' dir='ltr'>civitate</span> <span class='ocrx_word' id='word_1_66' title='bbox 854 1016 1002 1058; x_wconf 76' lang='lat' dir='ltr'>Leonina,</span> <span class='ocrx_word' id='word_1_67' title='bbox 1021 1026 1092 1048; x_wconf 93' lang='lat' dir='ltr'>cum</span> <span class='ocrx_word' id='word_1_68' title='bbox 1110 1026 1175 1048; x_wconf 87' lang='lat' dir='ltr'>ere·</span> 
     </span>
     <span class='ocr_line' id='line_1_17' title="bbox 522 1068 1176 1112; baseline 0 -10"><span class='ocrx_word' id='word_1_69' title='bbox 522 1069 625 1102; x_wconf 83' lang='lat' dir='ltr'>ctione</span> <span class='ocrx_word' id='word_1_70' title='bbox 651 1068 776 1112; x_wconf 80' lang='lat' dir='ltr'>collegii</span> <span class='ocrx_word' id='word_1_71' title='bbox 807 1079 863 1102; x_wconf 88' lang='lat' dir='ltr'>seu</span> <span class='ocrx_word' id='word_1_72' title='bbox 892 1068 1053 1102; x_wconf 89' lang='lat' dir='ltr'>seminarii</span> <span class='ocrx_word' id='word_1_73' title='bbox 1079 1069 1176 1102; x_wconf 89' lang='lat' dir='ltr'>eccle-</span> 
     </span>
     <span class='ocr_line' id='line_1_18' title="bbox 523 1122 1175 1167; baseline 0 -12"><span class='ocrx_word' id='word_1_74' title='bbox 523 1123 640 1156; x_wconf 89' lang='lat' dir='ltr'>siastici</span> <span class='ocrx_word' id='word_1_75' title='bbox 666 1133 725 1167; x_wconf 88' lang='lat' dir='ltr'>pro</span> <span class='ocrx_word' id='word_1_76' title='bbox 750 1123 946 1167; x_wconf 67' lang='lat' dir='ltr'>presbyteris</span> <span class='ocrx_word' id='word_1_77' title='bbox 971 1128 1001 1155; x_wconf 90' lang='lat' dir='ltr'>et</span> <span class='ocrx_word' id='word_1_78' title='bbox 1032 1122 1175 1166; x_wconf 85' lang='lat' dir='ltr'>clericis,</span> 
     </span>
     <span class='ocr_line' id='line_1_19' title="bbox 523 1176 597 1210; baseline 0.014 -1"><span class='ocrx_word' id='word_1_79' title='bbox 523 1176 597 1210; x_wconf 77' lang='lat'>883.</span> 
     </span>
    </p>

    <p class='ocr_par' dir='ltr' id='par_1_6' title="bbox 436 1229 1179 1380">
     <span class='ocr_line' id='line_1_20' title="bbox 436 1229 1178 1274; baseline -0.004 -9"><span class='ocrx_word' id='word_1_80' title='bbox 436 1230 621 1266; x_wconf 80' lang='lat' dir='ltr'>CLXXXIII.</span> <span class='ocrx_word' id='word_1_81' title='bbox 634 1229 869 1264; x_wconf 84' lang='lat' dir='ltr'>Confirmantur</span> <span class='ocrx_word' id='word_1_82' title='bbox 883 1230 1115 1274; x_wconf 80' lang='lat' dir='ltr'>quamplurima</span> <span class='ocrx_word' id='word_1_83' title='bbox 1129 1229 1178 1263; x_wconf 89' lang='lat' dir='ltr'>de-</span> 
     </span>
     <span class='ocr_line' id='line_1_21' title="bbox 525 1283 1179 1329; baseline -0.002 -12"><span class='ocrx_word' id='word_1_84' title='bbox 525 1290 610 1317; x_wconf 84' lang='lat' dir='ltr'>creta</span> <span class='ocrx_word' id='word_1_85' title='bbox 630 1283 754 1327; x_wconf 77' lang='lat' dir='ltr'>collegii</span> <span class='ocrx_word' id='word_1_86' title='bbox 769 1288 932 1317; x_wconf 87' lang='lat' dir='ltr'>cantorum</span> <span class='ocrx_word' id='word_1_87' title='bbox 954 1284 1091 1328; x_wconf 77' lang='lat' dir='ltr'>capellae</span> <span class='ocrx_word' id='word_1_88' title='bbox 1105 1294 1179 1329; x_wconf 85' lang='lat' dir='ltr'>pon·</span> 
     </span>
     <span class='ocr_line' id='line_1_22' title="bbox 525 1336 752 1380; baseline 0 -10"><span class='ocrx_word' id='word_1_89' title='bbox 525 1338 650 1380; x_wconf 84' lang='lat' dir='ltr'>tificiae,</span> <span class='ocrx_word' id='word_1_90' title='bbox 677 1336 752 1370; x_wconf 78' lang='lat'>887.</span> 
     </span>
    </p>

    <p class='ocr_par' dir='ltr' id='par_1_7' title="bbox 438 1391 1182 1702">
     <span class='ocr_line' id='line_1_23' title="bbox 438 1391 1180 1426; baseline -0.003 0"><span class='ocrx_word' id='word_1_91' title='bbox 438 1392 615 1426; x_wconf 81' lang='lat' dir='ltr'>CLXXXIV.</span> <span class='ocrx_word' id='word_1_92' title='bbox 641 1391 878 1425; x_wconf 83' lang='lat' dir='ltr'>Confirmantur</span> <span class='ocrx_word' id='word_1_93' title='bbox 902 1391 964 1424; x_wconf 93' lang='lat' dir='ltr'>duo</span> <span class='ocrx_word' id='word_1_94' title='bbox 988 1391 1113 1425; x_wconf 85' lang='lat' dir='ltr'>decreta</span> <span class='ocrx_word' id='word_1_95' title='bbox 1134 1402 1180 1424; x_wconf 82' lang='lat' dir='ltr'>ca-</span> 
     </span>
     <span class='ocr_line' id='line_1_24' title="bbox 526 1444 1181 1489; baseline 0.005 -14"><span class='ocrx_word' id='word_1_96' title='bbox 526 1445 616 1489; x_wconf 80' lang='lat' dir='ltr'>pituli</span> <span class='ocrx_word' id='word_1_97' title='bbox 642 1444 799 1488; x_wconf 75' lang='lat' dir='ltr'>generalis</span> <span class='ocrx_word' id='word_1_98' title='bbox 824 1445 1086 1487; x_wconf 76' lang='lat' dir='ltr'>Congregationis</span> <span class='ocrx_word' id='word_1_99' title='bbox 1111 1445 1181 1479; x_wconf 89' lang='lat' dir='ltr'>Cae-</span> 
     </span>
     <span class='ocr_line' id='line_1_25' title="bbox 526 1497 1181 1532; baseline 0.002 -2"><span class='ocrx_word' id='word_1_100' title='bbox 526 1498 714 1531; x_wconf 87' lang='lat' dir='ltr'>lestinorum</span> <span class='ocrx_word' id='word_1_101' title='bbox 733 1497 858 1530; x_wconf 77' lang='lat' dir='ltr'>Ordinis</span> <span class='ocrx_word' id='word_1_102' title='bbox 873 1498 902 1531; x_wconf 75' lang='lat' dir='ltr'>S.</span> <span class='ocrx_word' id='word_1_103' title='bbox 921 1498 1080 1531; x_wconf 76' lang='lat' dir='ltr'>Benedicti</span> <span class='ocrx_word' id='word_1_104' title='bbox 1097 1499 1181 1532; x_wconf 84' lang='lat' dir='ltr'>circa</span> 
     </span>
     <span class='ocr_line' id='line_1_26' title="bbox 528 1551 1181 1593; baseline 0.003 -10"><span class='ocrx_word' id='word_1_105' title='bbox 528 1552 778 1584; x_wconf 81' lang='lat' dir='ltr'>liabilitationem</span> <span class='ocrx_word' id='word_1_106' title='bbox 805 1551 1032 1593; x_wconf 76' lang='lat' dir='ltr'>magistrorum</span> <span class='ocrx_word' id='word_1_107' title='bbox 1050 1552 1181 1585; x_wconf 84' lang='lat' dir='ltr'>novitio-</span> 
     </span>
     <span class='ocr_line' id='line_1_27' title="bbox 529 1605 1182 1648; baseline 0.002 -10"><span class='ocrx_word' id='word_1_108' title='bbox 529 1616 598 1638; x_wconf 91' lang='lat' dir='ltr'>rum</span> <span class='ocrx_word' id='word_1_109' title='bbox 635 1611 664 1638; x_wconf 87' lang='lat' dir='ltr'>et</span> <span class='ocrx_word' id='word_1_110' title='bbox 688 1609 823 1648; x_wconf 85' lang='lat' dir='ltr'>quatuor</span> <span class='ocrx_word' id='word_1_111' title='bbox 847 1605 1002 1639; x_wconf 86' lang='lat' dir='ltr'>lectorum</span> <span class='ocrx_word' id='word_1_112' title='bbox 1027 1605 1066 1638; x_wconf 90' lang='lat' dir='ltr'>ad</span> <span class='ocrx_word' id='word_1_113' title='bbox 1091 1606 1182 1639; x_wconf 82' lang='lat' dir='ltr'>abba-</span> 
     </span>
     <span class='ocr_line' id='line_1_28' title="bbox 531 1658 715 1702; baseline -0.005 -10"><span class='ocrx_word' id='word_1_114' title='bbox 531 1660 615 1702; x_wconf 73' lang='lat' dir='ltr'>tizlm,</span> <span class='ocrx_word' id='word_1_115' title='bbox 641 1658 715 1691; x_wconf 68' lang='lat'>904.</span> 
     </span>
    </p>

    <p class='ocr_par' dir='ltr' id='par_1_8' title="bbox 441 1712 1185 1915">
     <span class='ocr_line' id='line_1_29' title="bbox 441 1712 1183 1756; baseline -0.004 -8"><span class='ocrx_word' id='word_1_116' title='bbox 441 1713 600 1749; x_wconf 80' lang='lat' dir='ltr'>CLXXXV.</span> <span class='ocrx_word' id='word_1_117' title='bbox 626 1712 873 1746; x_wconf 85' lang='lat' dir='ltr'>Comunicantur</span> <span class='ocrx_word' id='word_1_118' title='bbox 897 1713 1016 1755; x_wconf 81' lang='lat' dir='ltr'>gratiae</span> <span class='ocrx_word' id='word_1_119' title='bbox 1041 1713 1183 1756; x_wconf 88' lang='lat' dir='ltr'>spiritua-</span> 
     </span>
     <span class='ocr_line' id='line_1_30' title="bbox 529 1765 1184 1808; baseline -0.002 -8"><span class='ocrx_word' id='word_1_120' title='bbox 529 1768 573 1799; x_wconf 87' lang='lat' dir='ltr'>les</span> <span class='ocrx_word' id='word_1_121' title='bbox 596 1765 855 1808; x_wconf 78' lang='lat' dir='ltr'>Congregationis</span> <span class='ocrx_word' id='word_1_122' title='bbox 873 1765 1065 1799; x_wconf 85' lang='lat' dir='ltr'>Cassiuensis</span> <span class='ocrx_word' id='word_1_123' title='bbox 1091 1766 1184 1799; x_wconf 88' lang='lat' dir='ltr'>Bene-</span> 
     </span>
     <span class='ocr_line' id='line_1_31' title="bbox 531 1818 1185 1852; baseline 0.002 -1"><span class='ocrx_word' id='word_1_124' title='bbox 531 1819 656 1852; x_wconf 87' lang='lat' dir='ltr'>dictinis</span> <span class='ocrx_word' id='word_1_125' title='bbox 675 1818 856 1852; x_wconf 87' lang='lat' dir='ltr'>monasterii</span> <span class='ocrx_word' id='word_1_126' title='bbox 870 1818 1056 1851; x_wconf 80' lang='lat' dir='ltr'>Mellieensis</span> <span class='ocrx_word' id='word_1_127' title='bbox 1077 1819 1107 1851; x_wconf 93' lang='lat' dir='ltr'>in</span> <span class='ocrx_word' id='word_1_128' title='bbox 1127 1820 1185 1852; x_wconf 86' lang='lat' dir='ltr'>Au-</span> 
     </span>
     <span class='ocr_line' id='line_1_32' title="bbox 531 1871 717 1915; baseline 0 -10"><span class='ocrx_word' id='word_1_129' title='bbox 531 1873 617 1915; x_wconf 84' lang='lat' dir='ltr'>stria,</span> <span class='ocrx_word' id='word_1_130' title='bbox 643 1871 717 1905; x_wconf 85' lang='grc'>905.</span> 
     </span>
    </p>

    <p class='ocr_par' dir='ltr' id='par_1_9' title="bbox 443 1925 1188 2238">
     <span class='ocr_line' id='line_1_33' title="bbox 443 1925 1185 1970; baseline -0.004 -8"><span class='ocrx_word' id='word_1_131' title='bbox 443 1927 623 1962; x_wconf 85' lang='lat' dir='ltr'>CLXXXVI.</span> <span class='ocrx_word' id='word_1_132' title='bbox 661 1925 845 1967; x_wconf 80' lang='lat' dir='ltr'>Mandatur,</span> <span class='ocrx_word' id='word_1_133' title='bbox 882 1930 915 1957; x_wconf 91' lang='lat' dir='ltr'>ut</span> <span class='ocrx_word' id='word_1_134' title='bbox 956 1925 986 1957; x_wconf 94' lang='lat' dir='ltr'>in</span> <span class='ocrx_word' id='word_1_135' title='bbox 1021 1926 1185 1970; x_wconf 76' lang='lat' dir='ltr'>provincia</span> 
     </span>
     <span class='ocr_line' id='line_1_34' title="bbox 531 1978 1186 2023; baseline 0 -10"><span class='ocrx_word' id='word_1_136' title='bbox 531 1980 560 2013; x_wconf 72' lang='lat' dir='ltr'>S.</span> <span class='ocrx_word' id='word_1_137' title='bbox 579 1980 703 2013; x_wconf 83' lang='lat' dir='ltr'>Ioannis</span> <span class='ocrx_word' id='word_1_138' title='bbox 728 1979 885 2023; x_wconf 80' lang='lat' dir='ltr'>Baptistae</span> <span class='ocrx_word' id='word_1_139' title='bbox 906 1978 937 2011; x_wconf 89' lang='lat' dir='ltr'>iu</span> <span class='ocrx_word' id='word_1_140' title='bbox 957 1989 1055 2023; x_wconf 78' lang='lat' dir='ltr'>regno</span> <span class='ocrx_word' id='word_1_141' title='bbox 1073 1980 1186 2013; x_wconf 82' lang='lat' dir='ltr'>Perua-</span> 
     </span>
     <span class='ocr_line' id='line_1_35' title="bbox 532 2032 1187 2067; baseline 0.002 -1"><span class='ocrx_word' id='word_1_142' title='bbox 532 2044 573 2067; x_wconf 95' lang='lat' dir='ltr'>no</span> <span class='ocrx_word' id='word_1_143' title='bbox 599 2033 724 2066; x_wconf 83' lang='lat' dir='ltr'>Ordinis</span> <span class='ocrx_word' id='word_1_144' title='bbox 744 2032 1002 2066; x_wconf 82' lang='lat' dir='ltr'>I&#39;raedieatorum</span> <span class='ocrx_word' id='word_1_145' title='bbox 1021 2038 1187 2067; x_wconf 86' lang='lat' dir='ltr'>serventur</span> 
     </span>
     <span class='ocr_line' id='line_1_36' title="bbox 533 2086 1183 2130; baseline 0 -10"><span class='ocrx_word' id='word_1_146' title='bbox 533 2087 773 2120; x_wconf 77' lang='lat' dir='ltr'>constitutiones</span> <span class='ocrx_word' id='word_1_147' title='bbox 799 2086 1011 2130; x_wconf 88' lang='lat' dir='ltr'>capitulorum</span> <span class='ocrx_word' id='word_1_148' title='bbox 1046 2097 1183 2130; x_wconf 77' lang='lat' dir='ltr'>genera-</span> 
     </span>
     <span class='ocr_line' id='line_1_37' title="bbox 532 2140 1188 2175; baseline 0.003 -2"><span class='ocrx_word' id='word_1_149' title='bbox 532 2142 607 2173; x_wconf 90' lang='lat' dir='ltr'>lium</span> <span class='ocrx_word' id='word_1_150' title='bbox 623 2141 705 2173; x_wconf 83' lang='lat' dir='ltr'>cirea</span> <span class='ocrx_word' id='word_1_151' title='bbox 720 2140 951 2173; x_wconf 79' lang='lat' dir='ltr'>successionem</span> <span class='ocrx_word' id='word_1_152' title='bbox 967 2141 1098 2174; x_wconf 83' lang='lat' dir='ltr'>fratrum</span> <span class='ocrx_word' id='word_1_153' title='bbox 1118 2152 1188 2175; x_wconf 85' lang='lat' dir='ltr'>eon-</span> 
     </span>
     <span class='ocr_line' id='line_1_38' title="bbox 535 2194 1098 2238; baseline 0.002 -11"><span class='ocrx_word' id='word_1_154' title='bbox 535 2195 712 2227; x_wconf 89' lang='lat' dir='ltr'>iunetorum</span> <span class='ocrx_word' id='word_1_155' title='bbox 740 2194 770 2226; x_wconf 90' lang='lat' dir='ltr'>in</span> <span class='ocrx_word' id='word_1_156' title='bbox 795 2194 999 2238; x_wconf 83' lang='lat' dir='ltr'>prioratibus,</span> <span class='ocrx_word' id='word_1_157' title='bbox 1024 2194 1098 2228; x_wconf 74' lang='lat'>906.</span> 
     </span>
    </p>

    <p class='ocr_par' dir='ltr' id='par_1_10' title="bbox 447 2247 1190 2556">
     <span class='ocr_line' id='line_1_39' title="bbox 447 2247 1189 2292; baseline 0 -10"><span class='ocrx_word' id='word_1_158' title='bbox 447 2249 639 2282; x_wconf 85' lang='lat' dir='ltr'>CLXXXVII.</span> <span class='ocrx_word' id='word_1_159' title='bbox 666 2247 880 2281; x_wconf 80' lang='lat' dir='ltr'>Confirmatur</span> <span class='ocrx_word' id='word_1_160' title='bbox 905 2249 1078 2292; x_wconf 76' lang='lat' dir='ltr'>resignatio</span> <span class='ocrx_word' id='word_1_161' title='bbox 1110 2250 1189 2282; x_wconf 87' lang='lat' dir='ltr'>faeta</span> 
     </span>
     <span class='ocr_line' id='line_1_40' title="bbox 537 2302 1188 2346; baseline 0.002 -11"><span class='ocrx_word' id='word_1_162' title='bbox 537 2302 705 2335; x_wconf 74' lang='lat' dir='ltr'>Franciseo</span> <span class='ocrx_word' id='word_1_163' title='bbox 731 2302 880 2334; x_wconf 83' lang='lat' dir='ltr'>Farnesio</span> <span class='ocrx_word' id='word_1_164' title='bbox 898 2312 1036 2346; x_wconf 80' lang='lat' dir='ltr'>suaeque</span> <span class='ocrx_word' id='word_1_165' title='bbox 1054 2303 1188 2337; x_wconf 87' lang='lat' dir='ltr'>familiae</span> 
     </span>
     <span class='ocr_line' id='line_1_41' title="bbox 536 2355 1189 2390; baseline 0.002 -1"><span class='ocrx_word' id='word_1_166' title='bbox 536 2355 773 2389; x_wconf 84' lang='lat' dir='ltr'>successoribus</span> <span class='ocrx_word' id='word_1_167' title='bbox 798 2355 927 2388; x_wconf 87' lang='lat' dir='ltr'>Parmae</span> <span class='ocrx_word' id='word_1_168' title='bbox 958 2361 989 2388; x_wconf 88' lang='lat' dir='ltr'>et</span> <span class='ocrx_word' id='word_1_169' title='bbox 1014 2356 1189 2390; x_wconf 87' lang='lat' dir='ltr'>Placentiae</span> 
     </span>
     <span class='ocr_line' id='line_1_42' title="bbox 538 2408 1190 2448; baseline 0.002 -7"><span class='ocrx_word' id='word_1_170' title='bbox 538 2408 690 2448; x_wconf 84' lang='lat' dir='ltr'>ducibus,</span> <span class='ocrx_word' id='word_1_171' title='bbox 712 2418 783 2440; x_wconf 86' lang='lat' dir='ltr'>cum</span> <span class='ocrx_word' id='word_1_172' title='bbox 809 2409 889 2441; x_wconf 78' lang='lat' dir='ltr'>nora</span> <span class='ocrx_word' id='word_1_173' title='bbox 915 2409 1119 2442; x_wconf 83' lang='lat' dir='ltr'>concessione</span> <span class='ocrx_word' id='word_1_174' title='bbox 1145 2410 1190 2442; x_wconf 94' lang='lat' dir='ltr'>of-</span> 
     </span>
     <span class='ocr_line' id='line_1_43' title="bbox 537 2461 1190 2504; baseline 0.002 -9"><span class='ocrx_word' id='word_1_175' title='bbox 537 2463 599 2496; x_wconf 84' lang='lat' dir='ltr'>ficii</span> <span class='ocrx_word' id='word_1_176' title='bbox 624 2462 729 2504; x_wconf 76' lang='lat' dir='ltr'>magni</span> <span class='ocrx_word' id='word_1_177' title='bbox 755 2461 897 2504; x_wconf 79' lang='lat' dir='ltr'>magistri</span> <span class='ocrx_word' id='word_1_178' title='bbox 919 2462 1047 2496; x_wconf 87' lang='lat' dir='ltr'>militiae</span> <span class='ocrx_word' id='word_1_179' title='bbox 1063 2468 1190 2496; x_wconf 88' lang='lat' dir='ltr'>auratae</span> 
     </span>
     <span class='ocr_line' id='line_1_44' title="bbox 538 2514 921 2556; baseline -0.008 -6"><span class='ocrx_word' id='word_1_180' title='bbox 538 2515 822 2556; x_wconf 84' lang='lat' dir='ltr'>Constantinianae,</span> <span class='ocrx_word' id='word_1_181' title='bbox 848 2514 921 2549; x_wconf 84' lang='grc'>999.</span> 
     </span>
    </p>

    <p class='ocr_par' dir='ltr' id='par_1_11' title="bbox 452 2569 1188 2614">
     <span class='ocr_line' id='line_1_45' title="bbox 452 2569 1188 2614; baseline -0.003 -8"><span class='ocrx_word' id='word_1_182' title='bbox 452 2570 655 2606; x_wconf 86' lang='lat' dir='ltr'>CLXXXVIII.</span> <span class='ocrx_word' id='word_1_183' title='bbox 681 2569 892 2604; x_wconf 80' lang='lat' dir='ltr'>Confirmatur</span> <span class='ocrx_word' id='word_1_184' title='bbox 923 2569 1085 2603; x_wconf 84' lang='lat' dir='ltr'>decretum</span> <span class='ocrx_word' id='word_1_185' title='bbox 1110 2581 1188 2614; x_wconf 89' lang='lat' dir='ltr'>pro-</span> 
     </span>
    </p>
   </div>
   <div class='ocr_carea' id='block_1_3' title="bbox 540 2624 1191 2670">
    <p class='ocr_par' dir='ltr' id='par_1_12' title="bbox 540 2624 1191 2670">
     <span class='ocr_line' id='line_1_46' title="bbox 540 2624 1191 2670; baseline 0.003 -13"><span class='ocrx_word' id='word_1_186' title='bbox 540 2624 659 2659; x_wconf 85' lang='lat' dir='ltr'>vinciae</span> <span class='ocrx_word' id='word_1_187' title='bbox 684 2625 712 2659; x_wconf 79' lang='lat' dir='ltr'>S.</span> <span class='ocrx_word' id='word_1_188' title='bbox 739 2624 901 2669; x_wconf 73' lang='lat' dir='ltr'>Evangelii</span> <span class='ocrx_word' id='word_1_189' title='bbox 922 2624 952 2659; x_wconf 92' lang='lat' dir='ltr'>in</span> <span class='ocrx_word' id='word_1_190' title='bbox 976 2624 1061 2660; x_wconf 74' lang='lat' dir='ltr'>Nova</span> <span class='ocrx_word' id='word_1_191' title='bbox 1082 2624 1191 2670; x_wconf 87' lang='lat' dir='ltr'>Hispa-</span> 
     </span>
    </p>
   </div>
   <div class='ocr_carea' id='block_1_4' title="bbox 1195 274 1218 2500">
    <p class='ocr_par' dir='ltr' id='par_1_13' title="bbox 1195 274 1218 2500">
     <span class='ocr_line' id='line_1_47' title="bbox 1195 274 1218 2500; baseline 0 0"><span class='ocrx_word' id='word_1_192' title='bbox 1195 274 1218 2500; x_wconf 95' lang='lat' dir='ltr'> </span> 
     </span>
    </p>
   </div>
   <div class='ocr_carea' id='block_1_5' title="bbox 1019 218 1368 243">
    <p class='ocr_par' dir='ltr' id='par_1_14' title="bbox 1019 218 1368 243">
     <span class='ocr_line' id='line_1_48' title="bbox 1019 218 1368 243; baseline 0.006 -3"><span class='ocrx_word' id='word_1_193' title='bbox 1019 218 1193 242; x_wconf 72' lang='lat' dir='ltr'>BULLABH&#39;M</span> <span class='ocrx_word' id='word_1_194' title='bbox 1217 219 1299 243; x_wconf 70' lang='lat' dir='ltr'>Rom</span> <span class='ocrx_word' id='word_1_195' title='bbox 1305 219 1368 243; x_wconf 70' lang='lat' dir='ltr'>NUM</span> 
     </span>
    </p>
   </div>
   <div class='ocr_carea' id='block_1_6' title="bbox 1310 271 1959 422">
    <p class='ocr_par' dir='ltr' id='par_1_15' title="bbox 1310 271 1959 422">
     <span class='ocr_line' id='line_1_49' title="bbox 1311 271 1958 306; baseline 0.003 -3"><span class='ocrx_word' id='word_1_196' title='bbox 1311 271 1361 303; x_wconf 79' lang='lat' dir='ltr'>nia</span> <span class='ocrx_word' id='word_1_197' title='bbox 1379 271 1504 304; x_wconf 86' lang='lat' dir='ltr'>Ordinis</span> <span class='ocrx_word' id='word_1_198' title='bbox 1529 271 1683 304; x_wconf 77' lang='lat' dir='ltr'>Minorum</span> <span class='ocrx_word' id='word_1_199' title='bbox 1702 271 1739 304; x_wconf 93' lang='lat' dir='ltr'>de</span> <span class='ocrx_word' id='word_1_200' title='bbox 1755 271 1958 306; x_wconf 76' lang='lat' dir='ltr'>Observantia</span> 
     </span>
     <span class='ocr_line' id='line_1_50' title="bbox 1310 324 1959 368; baseline 0.003 -11"><span class='ocrx_word' id='word_1_201' title='bbox 1310 325 1559 358; x_wconf 82' lang='lat' dir='ltr'>ltecollectorum</span> <span class='ocrx_word' id='word_1_202' title='bbox 1586 325 1624 358; x_wconf 84' lang='lat' dir='ltr'>de</span> <span class='ocrx_word' id='word_1_203' title='bbox 1649 324 1794 368; x_wconf 77' lang='lat' dir='ltr'>eligendo</span> <span class='ocrx_word' id='word_1_204' title='bbox 1818 335 1881 358; x_wconf 92' lang='lat' dir='ltr'>uno</span> <span class='ocrx_word' id='word_1_205' title='bbox 1905 326 1959 359; x_wconf 88' lang='lat' dir='ltr'>de-</span> 
     </span>
     <span class='ocr_line' id='line_1_51' title="bbox 1310 377 1914 422; baseline 0.003 -13"><span class='ocrx_word' id='word_1_206' title='bbox 1310 377 1434 411; x_wconf 84' lang='lat' dir='ltr'>linitorc</span> <span class='ocrx_word' id='word_1_207' title='bbox 1460 378 1599 411; x_wconf 76' lang='lat' dir='ltr'>eitlsdcni</span> <span class='ocrx_word' id='word_1_208' title='bbox 1625 377 1816 422; x_wconf 74' lang='lat' dir='ltr'>provinciae,</span> <span class='ocrx_word' id='word_1_209' title='bbox 1841 377 1914 411; x_wconf 77' lang='lat'>913.</span> 
     </span>
    </p>
   </div>
   <div class='ocr_carea' id='block_1_7' title="bbox 1195 430 1961 474">
    <p class='ocr_par' dir='ltr' id='par_1_16' title="bbox 1195 430 1961 474">
     <span class='ocr_line' id='line_1_52' title="bbox 1195 430 1961 474; baseline 0.001 -11"><span class='ocrx_word' id='word_1_210' title='bbox 1195 451 1197 458; x_wconf 37' lang='grc' dir='ltr'>κ</span> <span class='ocrx_word' id='word_1_211' title='bbox 1222 430 1399 464; x_wconf 86' lang='lat' dir='ltr'>CLXXXIX.</span> <span class='ocrx_word' id='word_1_212' title='bbox 1416 430 1649 464; x_wconf 80' lang='lat' dir='ltr'>Contirmantur</span> <span class='ocrx_word' id='word_1_213' title='bbox 1666 431 1817 474; x_wconf 84' lang='lat' dir='ltr'>quaedam</span> <span class='ocrx_word' id='word_1_214' title='bbox 1837 431 1961 466; x_wconf 65' lang='lat' dir='ltr'>dect-cta</span> 
     </span>
    </p>
   </div>
   <div class='ocr_carea' id='block_1_8' title="bbox 1229 483 1991 2659">
    <p class='ocr_par' dir='ltr' id='par_1_17' title="bbox 1309 483 1962 526">
     <span class='ocr_line' id='line_1_53' title="bbox 1309 483 1962 526; baseline 0.006 -12"><span class='ocrx_word' id='word_1_215' title='bbox 1309 483 1429 516; x_wconf 84' lang='lat' dir='ltr'>diaetae</span> <span class='ocrx_word' id='word_1_216' title='bbox 1454 484 1608 526; x_wconf 81' lang='lat' dir='ltr'>generalis</span> <span class='ocrx_word' id='word_1_217' title='bbox 1629 484 1866 517; x_wconf 88' lang='lat' dir='ltr'>Carmelitarum</span> <span class='ocrx_word' id='word_1_218' title='bbox 1888 485 1962 518; x_wconf 92' lang='lat' dir='ltr'>Con-</span> 
     </span>
    </p>

    <p class='ocr_par' dir='ltr' id='par_1_18' title="bbox 1310 536 1962 578">
     <span class='ocr_line' id='line_1_54' title="bbox 1310 536 1962 578; baseline 0.006 -11"><span class='ocrx_word' id='word_1_219' title='bbox 1310 536 1503 578; x_wconf 77' lang='lat' dir='ltr'>gregationis</span> <span class='ocrx_word' id='word_1_220' title='bbox 1528 537 1721 578; x_wconf 84' lang='lat' dir='ltr'>Mantuanae,</span> <span class='ocrx_word' id='word_1_221' title='bbox 1738 547 1808 569; x_wconf 90' lang='lat' dir='ltr'>cum</span> <span class='ocrx_word' id='word_1_222' title='bbox 1834 538 1962 571; x_wconf 91' lang='lat' dir='ltr'>additio·</span> 
     </span>
    </p>

    <p class='ocr_par' dir='ltr' id='par_1_19' title="bbox 1311 588 1962 633">
     <span class='ocr_line' id='line_1_55' title="bbox 1311 588 1962 633; baseline 0.006 -13"><span class='ocrx_word' id='word_1_223' title='bbox 1311 599 1349 621; x_wconf 88' lang='lat' dir='ltr'>ne</span> <span class='ocrx_word' id='word_1_224' title='bbox 1383 594 1413 621; x_wconf 89' lang='lat' dir='ltr'>et</span> <span class='ocrx_word' id='word_1_225' title='bbox 1445 588 1672 622; x_wconf 79' lang='lat' dir='ltr'>reformatione</span> <span class='ocrx_word' id='word_1_226' title='bbox 1703 589 1962 633; x_wconf 77' lang='lat' dir='ltr'>Congregationis</span> 
     </span>
    </p>

    <p class='ocr_par' dir='ltr' id='par_1_20' title="bbox 1312 642 1918 686">
     <span class='ocr_line' id='line_1_56' title="bbox 1312 642 1918 686; baseline 0.003 -12"><span class='ocrx_word' id='word_1_227' title='bbox 1312 653 1407 686; x_wconf 79' lang='lat' dir='ltr'>super</span> <span class='ocrx_word' id='word_1_228' title='bbox 1431 642 1597 686; x_wconf 80' lang='lat' dir='ltr'>disciplina</span> <span class='ocrx_word' id='word_1_229' title='bbox 1624 642 1830 686; x_wconf 81' lang='lat' dir='ltr'>regularium,</span> <span class='ocrx_word' id='word_1_230' title='bbox 1846 643 1918 676; x_wconf 74' lang='lat'>914.</span> 
     </span>
    </p>

    <p class='ocr_par' dir='ltr' id='par_1_21' title="bbox 1330 695 1964 738">
     <span class='ocr_line' id='line_1_57' title="bbox 1330 695 1964 738; baseline 0.003 -10"><span class='ocrx_word' id='word_1_231' title='bbox 1330 695 1551 736; x_wconf 81' lang='lat' dir='ltr'>Confirmatur,</span> <span class='ocrx_word' id='word_1_232' title='bbox 1578 695 1760 738; x_wconf 80' lang='lat' dir='ltr'>innovatur,</span> <span class='ocrx_word' id='word_1_233' title='bbox 1786 696 1964 730; x_wconf 86' lang='lat' dir='ltr'>declaratur</span> 
     </span>
    </p>

    <p class='ocr_par' dir='ltr' id='par_1_22' title="bbox 1312 749 1963 783">
     <span class='ocr_line' id='line_1_58' title="bbox 1312 749 1963 783; baseline 0.003 -2"><span class='ocrx_word' id='word_1_234' title='bbox 1312 749 1887 782; x_wconf 72' lang='lat' dir='ltr'>etextenditureonstitutioAlexandri</span> <span class='ocrx_word' id='word_1_235' title='bbox 1898 750 1963 783; x_wconf 89' lang='lat' dir='ltr'>VIII</span> 
     </span>
    </p>

    <p class='ocr_par' dir='ltr' id='par_1_23' title="bbox 1312 802 1966 847">
     <span class='ocr_line' id='line_1_59' title="bbox 1312 802 1966 847; baseline 0.003 -12"><span class='ocrx_word' id='word_1_236' title='bbox 1312 813 1406 847; x_wconf 86' lang='lat' dir='ltr'>super</span> <span class='ocrx_word' id='word_1_237' title='bbox 1432 802 1511 835; x_wconf 89' lang='lat' dir='ltr'>datis</span> <span class='ocrx_word' id='word_1_238' title='bbox 1536 808 1565 835; x_wconf 85' lang='lat' dir='ltr'>et</span> <span class='ocrx_word' id='word_1_239' title='bbox 1583 803 1748 846; x_wconf 88' lang='lat' dir='ltr'>promissis</span> <span class='ocrx_word' id='word_1_240' title='bbox 1773 814 1832 847; x_wconf 88' lang='lat' dir='ltr'>pro</span> <span class='ocrx_word' id='word_1_241' title='bbox 1849 803 1966 837; x_wconf 72' lang='lat' dir='ltr'>iustitia</span> 
     </span>
    </p>

    <p class='ocr_par' dir='ltr' id='par_1_24' title="bbox 1313 856 1964 955">
     <span class='ocr_line' id='line_1_60' title="bbox 1313 856 1963 901; baseline 0.003 -13"><span class='ocrx_word' id='word_1_242' title='bbox 1313 857 1359 889; x_wconf 73' lang='lat' dir='ltr'>vel</span> <span class='ocrx_word' id='word_1_243' title='bbox 1385 856 1486 899; x_wconf 78' lang='lat' dir='ltr'>gratia</span> <span class='ocrx_word' id='word_1_244' title='bbox 1510 856 1594 900; x_wconf 89' lang='lat' dir='ltr'>apud</span> <span class='ocrx_word' id='word_1_245' title='bbox 1619 856 1729 890; x_wconf 83' lang='lat' dir='ltr'>Sedem</span> <span class='ocrx_word' id='word_1_246' title='bbox 1751 857 1963 901; x_wconf 85' lang='lat' dir='ltr'>Apostolicam</span> 
     </span>
     <span class='ocr_line' id='line_1_61' title="bbox 1313 910 1964 955; baseline 0.002 -12"><span class='ocrx_word' id='word_1_247' title='bbox 1313 910 1493 950; x_wconf 79' lang='lat' dir='ltr'>obtinenda,</span> <span class='ocrx_word' id='word_1_248' title='bbox 1510 921 1580 943; x_wconf 89' lang='lat' dir='ltr'>cum</span> <span class='ocrx_word' id='word_1_249' title='bbox 1595 910 1768 943; x_wconf 86' lang='lat' dir='ltr'>adiectione</span> <span class='ocrx_word' id='word_1_250' title='bbox 1789 921 1964 955; x_wconf 86' lang='lat' dir='ltr'>poenarum</span> 
     </span>
    </p>

    <p class='ocr_par' dir='ltr' id='par_1_25' title="bbox 1315 963 1932 1007">
     <span class='ocr_line' id='line_1_62' title="bbox 1315 963 1932 1007; baseline 0.002 -10"><span class='ocrx_word' id='word_1_251' title='bbox 1315 969 1345 997; x_wconf 85' lang='lat' dir='ltr'>et</span> <span class='ocrx_word' id='word_1_252' title='bbox 1370 963 1579 1007; x_wconf 84' lang='lat' dir='ltr'>quorumdam</span> <span class='ocrx_word' id='word_1_253' title='bbox 1607 964 1839 1005; x_wconf 86' lang='lat' dir='ltr'>mandatorum,</span> <span class='ocrx_word' id='word_1_254' title='bbox 1859 964 1932 998; x_wconf 79' lang='lat'>917.</span> 
     </span>
    </p>

    <p class='ocr_par' dir='ltr' id='par_1_26' title="bbox 1229 1017 1971 1219">
     <span class='ocr_line' id='line_1_63' title="bbox 1229 1017 1971 1061; baseline -0.003 -9"><span class='ocrx_word' id='word_1_255' title='bbox 1229 1018 1322 1052; x_wconf 89' lang='lat' dir='ltr'>CXCl.</span> <span class='ocrx_word' id='word_1_256' title='bbox 1350 1017 1584 1052; x_wconf 84' lang='lat' dir='ltr'>Confirmantur</span> <span class='ocrx_word' id='word_1_257' title='bbox 1609 1017 1761 1061; x_wconf 88' lang='lat' dir='ltr'>quaedam</span> <span class='ocrx_word' id='word_1_258' title='bbox 1780 1017 1906 1050; x_wconf 87' lang='lat' dir='ltr'>decreta</span> <span class='ocrx_word' id='word_1_259' title='bbox 1923 1028 1971 1050; x_wconf 91' lang='lat' dir='ltr'>ca-</span> 
     </span>
     <span class='ocr_line' id='line_1_64' title="bbox 1317 1070 1967 1115; baseline 0 -12"><span class='ocrx_word' id='word_1_260' title='bbox 1317 1071 1407 1115; x_wconf 85' lang='lat' dir='ltr'>pituli</span> <span class='ocrx_word' id='word_1_261' title='bbox 1433 1070 1590 1114; x_wconf 82' lang='lat' dir='ltr'>generalis</span> <span class='ocrx_word' id='word_1_262' title='bbox 1620 1070 1880 1113; x_wconf 80' lang='lat' dir='ltr'>Congregationis</span> <span class='ocrx_word' id='word_1_263' title='bbox 1904 1071 1967 1104; x_wconf 88' lang='lat' dir='ltr'>Re-</span> 
     </span>
     <span class='ocr_line' id='line_1_65' title="bbox 1318 1123 1969 1158; baseline 0.002 -2"><span class='ocrx_word' id='word_1_264' title='bbox 1318 1124 1470 1157; x_wconf 88' lang='lat' dir='ltr'>formatae</span> <span class='ocrx_word' id='word_1_265' title='bbox 1488 1123 1585 1156; x_wconf 87' lang='lat' dir='ltr'>sancti</span> <span class='ocrx_word' id='word_1_266' title='bbox 1604 1123 1753 1156; x_wconf 87' lang='lat' dir='ltr'>Bernardi</span> <span class='ocrx_word' id='word_1_267' title='bbox 1779 1123 1904 1157; x_wconf 84' lang='lat' dir='ltr'>Ordinis</span> <span class='ocrx_word' id='word_1_268' title='bbox 1921 1123 1969 1158; x_wconf 89' lang='lat' dir='ltr'>Ci-</span> 
     </span>
     <span class='ocr_line' id='line_1_66' title="bbox 1318 1176 1604 1219; baseline 0 -9"><span class='ocrx_word' id='word_1_269' title='bbox 1318 1177 1508 1219; x_wconf 85' lang='lat' dir='ltr'>sterciensis⁷</span> <span class='ocrx_word' id='word_1_270' title='bbox 1530 1176 1604 1210; x_wconf 67' lang='lat'>9123.</span> 
     </span>
    </p>

    <p class='ocr_par' dir='ltr' id='par_1_27' title="bbox 1230 1230 1974 1489">
     <span class='ocr_line' id='line_1_67' title="bbox 1230 1230 1972 1275; baseline -0.001 -9"><span class='ocrx_word' id='word_1_271' title='bbox 1230 1231 1339 1267; x_wconf 90' lang='lat' dir='ltr'>CXCII.</span> <span class='ocrx_word' id='word_1_272' title='bbox 1378 1231 1566 1266; x_wconf 88' lang='lat' dir='ltr'>Conceditur</span> <span class='ocrx_word' id='word_1_273' title='bbox 1601 1230 1794 1274; x_wconf 79' lang='lat' dir='ltr'>indulgentia</span> <span class='ocrx_word' id='word_1_274' title='bbox 1832 1231 1972 1275; x_wconf 90' lang='lat' dir='ltr'>plenaria</span> 
     </span>
     <span class='ocr_line' id='line_1_68' title="bbox 1318 1284 1973 1330; baseline 0 -12"><span class='ocrx_word' id='word_1_275' title='bbox 1318 1295 1374 1330; x_wconf 89' lang='lat' dir='ltr'>per</span> <span class='ocrx_word' id='word_1_276' title='bbox 1399 1285 1528 1318; x_wconf 90' lang='lat' dir='ltr'>modum</span> <span class='ocrx_word' id='word_1_277' title='bbox 1553 1284 1695 1328; x_wconf 73' lang='lat' dir='ltr'>suffragii</span> <span class='ocrx_word' id='word_1_278' title='bbox 1713 1284 1743 1317; x_wconf 93' lang='lat' dir='ltr'>in</span> <span class='ocrx_word' id='word_1_279' title='bbox 1764 1284 1813 1317; x_wconf 93' lang='lat' dir='ltr'>die</span> <span class='ocrx_word' id='word_1_280' title='bbox 1830 1295 1973 1318; x_wconf 86' lang='lat' dir='ltr'>eommu-</span> 
     </span>
     <span class='ocr_line' id='line_1_69' title="bbox 1320 1339 1971 1383; baseline 0 -11"><span class='ocrx_word' id='word_1_281' title='bbox 1320 1339 1422 1373; x_wconf 89' lang='lat' dir='ltr'>nionis</span> <span class='ocrx_word' id='word_1_282' title='bbox 1447 1339 1603 1382; x_wconf 76' lang='lat' dir='ltr'>generalis</span> <span class='ocrx_word' id='word_1_283' title='bbox 1633 1349 1650 1372; x_wconf 92' lang='lat' dir='ltr'>a</span> <span class='ocrx_word' id='word_1_284' title='bbox 1676 1339 1818 1383; x_wconf 87' lang='lat' dir='ltr'>patribus</span> <span class='ocrx_word' id='word_1_285' title='bbox 1847 1339 1971 1372; x_wconf 87' lang='lat' dir='ltr'>Iesuitis</span> 
     </span>
     <span class='ocr_line' id='line_1_70' title="bbox 1321 1393 1974 1427; baseline 0.002 -1"><span class='ocrx_word' id='word_1_286' title='bbox 1321 1394 1388 1427; x_wconf 87' lang='lat' dir='ltr'>fieri</span> <span class='ocrx_word' id='word_1_287' title='bbox 1414 1393 1524 1427; x_wconf 88' lang='lat' dir='ltr'>solitae</span> <span class='ocrx_word' id='word_1_288' title='bbox 1549 1393 1644 1426; x_wconf 88' lang='lat' dir='ltr'>semel</span> <span class='ocrx_word' id='word_1_289' title='bbox 1664 1393 1693 1426; x_wconf 92' lang='lat' dir='ltr'>in</span> <span class='ocrx_word' id='word_1_290' title='bbox 1720 1404 1828 1427; x_wconf 86' lang='lat' dir='ltr'>mense</span> <span class='ocrx_word' id='word_1_291' title='bbox 1852 1393 1974 1427; x_wconf 85' lang='lat' dir='ltr'>christi-</span> 
     </span>
     <span class='ocr_line' id='line_1_71' title="bbox 1320 1445 1841 1489; baseline -0.002 -9"><span class='ocrx_word' id='word_1_292' title='bbox 1320 1447 1465 1480; x_wconf 79' lang='lat' dir='ltr'>fidelibus</span> <span class='ocrx_word' id='word_1_293' title='bbox 1490 1446 1579 1489; x_wconf 77' lang='lat' dir='ltr'>regni</span> <span class='ocrx_word' id='word_1_294' title='bbox 1605 1446 1745 1489; x_wconf 78' lang='lat' dir='ltr'>Angliae,</span> <span class='ocrx_word' id='word_1_295' title='bbox 1766 1445 1841 1479; x_wconf 64' lang='lat'>926.</span> 
     </span>
    </p>

    <p class='ocr_par' dir='ltr' id='par_1_28' title="bbox 1233 1500 1975 1809">
     <span class='ocr_line' id='line_1_72' title="bbox 1233 1500 1975 1544; baseline -0.001 -9"><span class='ocrx_word' id='word_1_296' title='bbox 1233 1502 1357 1537; x_wconf 87' lang='lat' dir='ltr'>CXCIII.</span> <span class='ocrx_word' id='word_1_297' title='bbox 1383 1500 1595 1535; x_wconf 83' lang='lat' dir='ltr'>Confirmatur</span> <span class='ocrx_word' id='word_1_298' title='bbox 1619 1500 1779 1533; x_wconf 87' lang='lat' dir='ltr'>decretum</span> <span class='ocrx_word' id='word_1_299' title='bbox 1799 1500 1975 1544; x_wconf 72' lang='lat' dir='ltr'>Congrega-</span> 
     </span>
     <span class='ocr_line' id='line_1_73' title="bbox 1323 1553 1974 1596; baseline -0.002 -9"><span class='ocrx_word' id='word_1_300' title='bbox 1323 1554 1414 1587; x_wconf 83' lang='lat' dir='ltr'>tionis</span> <span class='ocrx_word' id='word_1_301' title='bbox 1440 1553 1566 1586; x_wconf 84' lang='lat' dir='ltr'>Rituum</span> <span class='ocrx_word' id='word_1_302' title='bbox 1601 1553 1684 1586; x_wconf 88' lang='lat' dir='ltr'>circa</span> <span class='ocrx_word' id='word_1_303' title='bbox 1714 1553 1884 1596; x_wconf 89' lang='lat' dir='ltr'>primatum</span> <span class='ocrx_word' id='word_1_304' title='bbox 1916 1564 1974 1596; x_wconf 86' lang='lat' dir='ltr'>pro</span> 
     </span>
     <span class='ocr_line' id='line_1_74' title="bbox 1322 1606 1973 1651; baseline 0.002 -13"><span class='ocrx_word' id='word_1_305' title='bbox 1322 1606 1485 1651; x_wconf 75' lang='lat' dir='ltr'>provincia</span> <span class='ocrx_word' id='word_1_306' title='bbox 1499 1607 1528 1640; x_wconf 88' lang='lat' dir='ltr'>S.</span> <span class='ocrx_word' id='word_1_307' title='bbox 1546 1606 1651 1639; x_wconf 87' lang='lat' dir='ltr'>Didaci</span> <span class='ocrx_word' id='word_1_308' title='bbox 1673 1606 1803 1639; x_wconf 88' lang='lat' dir='ltr'>fratrum</span> <span class='ocrx_word' id='word_1_309' title='bbox 1818 1606 1973 1640; x_wconf 87' lang='lat' dir='ltr'>Minorum</span> 
     </span>
     <span class='ocr_line' id='line_1_75' title="bbox 1322 1659 1974 1693; baseline -0.002 0"><span class='ocrx_word' id='word_1_310' title='bbox 1322 1661 1360 1693; x_wconf 86' lang='lat' dir='ltr'>de</span> <span class='ocrx_word' id='word_1_311' title='bbox 1385 1660 1589 1693; x_wconf 79' lang='lat' dir='ltr'>Observantia</span> <span class='ocrx_word' id='word_1_312' title='bbox 1613 1659 1877 1692; x_wconf 86' lang='lat' dir='ltr'>Discaleeatorum</span> <span class='ocrx_word' id='word_1_313' title='bbox 1902 1670 1974 1692; x_wconf 87' lang='lat' dir='ltr'>con-</span> 
     </span>
     <span class='ocr_line' id='line_1_76' title="bbox 1325 1712 1974 1756; baseline -0.002 -9"><span class='ocrx_word' id='word_1_314' title='bbox 1325 1720 1372 1747; x_wconf 88' lang='lat' dir='ltr'>tra</span> <span class='ocrx_word' id='word_1_315' title='bbox 1396 1714 1509 1746; x_wconf 84' lang='lat' dir='ltr'>fratres</span> <span class='ocrx_word' id='word_1_316' title='bbox 1541 1713 1786 1756; x_wconf 80' lang='lat' dir='ltr'>Augustinianos</span> <span class='ocrx_word' id='word_1_317' title='bbox 1816 1712 1845 1745; x_wconf 94' lang='lat' dir='ltr'>in</span> <span class='ocrx_word' id='word_1_318' title='bbox 1876 1722 1974 1756; x_wconf 81' lang='lat' dir='ltr'>regno</span> 
     </span>
     <span class='ocr_line' id='line_1_77' title="bbox 1325 1766 1593 1809; baseline -0.007 -9"><span class='ocrx_word' id='word_1_319' title='bbox 1325 1767 1493 1809; x_wconf 80' lang='lat' dir='ltr'>Mexicano,</span> <span class='ocrx_word' id='word_1_320' title='bbox 1519 1766 1593 1799; x_wconf 73' lang='lat'>9:27.</span> 
     </span>
    </p>

    <p class='ocr_par' dir='ltr' id='par_1_29' title="bbox 1238 1818 1991 2068">
     <span class='ocr_line' id='line_1_78' title="bbox 1238 1818 1991 1864; baseline -0.005 -8"><span class='ocrx_word' id='word_1_321' title='bbox 1238 1821 1360 1856; x_wconf 89' lang='lat' dir='ltr'>CXCIV.</span> <span class='ocrx_word' id='word_1_322' title='bbox 1385 1821 1567 1853; x_wconf 86' lang='lat' dir='ltr'>Declaratur</span> <span class='ocrx_word' id='word_1_323' title='bbox 1593 1819 1722 1852; x_wconf 87' lang='lat' dir='ltr'>facultas</span> <span class='ocrx_word' id='word_1_324' title='bbox 1746 1818 1880 1863; x_wconf 78' lang='lat' dir='ltr'>eligendi</span> <span class='ocrx_word' id='word_1_325' title='bbox 1905 1829 1991 1864; x_wconf 37' lang='lat' dir='ltr'>con-3</span> 
     </span>
     <span class='ocr_line' id='line_1_79' title="bbox 1327 1872 1977 1917; baseline -0.003 -9"><span class='ocrx_word' id='word_1_326' title='bbox 1327 1874 1492 1908; x_wconf 87' lang='lat' dir='ltr'>fessarium</span> <span class='ocrx_word' id='word_1_327' title='bbox 1519 1873 1557 1905; x_wconf 89' lang='lat' dir='ltr'>ab</span> <span class='ocrx_word' id='word_1_328' title='bbox 1574 1872 1742 1906; x_wconf 88' lang='lat' dir='ltr'>Ordinario</span> <span class='ocrx_word' id='word_1_329' title='bbox 1767 1873 1977 1917; x_wconf 85' lang='lat' dir='ltr'>approbatum</span> 
     </span>
     <span class='ocr_line' id='line_1_80' title="bbox 1327 1926 1978 1967; baseline 0 -7"><span class='ocrx_word' id='word_1_330' title='bbox 1327 1929 1358 1960; x_wconf 92' lang='lat' dir='ltr'>in</span> <span class='ocrx_word' id='word_1_331' title='bbox 1389 1927 1477 1960; x_wconf 76' lang='lat' dir='ltr'>Bulla</span> <span class='ocrx_word' id='word_1_332' title='bbox 1513 1926 1676 1960; x_wconf 88' lang='lat' dir='ltr'>Cruciatae</span> <span class='ocrx_word' id='word_1_333' title='bbox 1707 1936 1876 1967; x_wconf 84' lang='lat' dir='ltr'>concessa,</span> <span class='ocrx_word' id='word_1_334' title='bbox 1906 1937 1978 1960; x_wconf 89' lang='lat' dir='ltr'>cum</span> 
     </span>
     <span class='ocr_line' id='line_1_81' title="bbox 1327 1979 1977 2024; baseline 0.002 -11"><span class='ocrx_word' id='word_1_335' title='bbox 1327 1981 1529 2014; x_wconf 84' lang='lat' dir='ltr'>damnatione</span> <span class='ocrx_word' id='word_1_336' title='bbox 1572 1979 1732 2024; x_wconf 86' lang='lat' dir='ltr'>opinionis</span> <span class='ocrx_word' id='word_1_337' title='bbox 1775 1980 1952 2014; x_wconf 85' lang='lat' dir='ltr'>contrariae</span> <span class='ocrx_word' id='word_1_338' title='bbox 1969 2009 1977 2023; x_wconf 90' lang='lat'>,</span> 
     </span>
     <span class='ocr_line' id='line_1_82' title="bbox 1328 2033 1640 2068; baseline -0.003 0"><span class='ocrx_word' id='word_1_339' title='bbox 1328 2033 1401 2068; x_wconf 65' lang='lat'>928.</span> <span class='ocrx_word' id='word_1_340' title='bbox 1637 2044 1640 2047; x_wconf 66' lang='grc'>’</span> 
     </span>
    </p>

    <p class='ocr_par' dir='ltr' id='par_1_30' title="bbox 1240 2087 1981 2346">
     <span class='ocr_line' id='line_1_83' title="bbox 1240 2087 1976 2132; baseline -0.004 -9"><span class='ocrx_word' id='word_1_341' title='bbox 1240 2089 1346 2125; x_wconf 88' lang='lat' dir='ltr'>CXCV.</span> <span class='ocrx_word' id='word_1_342' title='bbox 1369 2088 1508 2131; x_wconf 80' lang='lat' dir='ltr'>Erigitur</span> <span class='ocrx_word' id='word_1_343' title='bbox 1533 2087 1744 2130; x_wconf 81' lang='lat' dir='ltr'>Congregatio</span> <span class='ocrx_word' id='word_1_344' title='bbox 1775 2087 1872 2121; x_wconf 87' lang='lat' dir='ltr'>saneti</span> <span class='ocrx_word' id='word_1_345' title='bbox 1898 2087 1976 2132; x_wconf 87' lang='lat' dir='ltr'>Ilip-</span> 
     </span>
     <span class='ocr_line' id='line_1_84' title="bbox 1328 2141 1981 2187; baseline -0.002 -12"><span class='ocrx_word' id='word_1_346' title='bbox 1328 2142 1426 2187; x_wconf 69' lang='lat' dir='ltr'>polyti</span> <span class='ocrx_word' id='word_1_347' title='bbox 1450 2141 1614 2185; x_wconf 85' lang='lat' dir='ltr'>hospitalis</span> <span class='ocrx_word' id='word_1_348' title='bbox 1641 2151 1815 2185; x_wconf 89' lang='lat' dir='ltr'>pauperum</span> <span class='ocrx_word' id='word_1_349' title='bbox 1843 2141 1981 2174; x_wconf 83' lang='lat' dir='ltr'>intirmo-</span> 
     </span>
     <span class='ocr_line' id='line_1_85' title="bbox 1329 2194 1979 2237; baseline -0.003 -8"><span class='ocrx_word' id='word_1_350' title='bbox 1329 2206 1400 2229; x_wconf 86' lang='lat' dir='ltr'>rum</span> <span class='ocrx_word' id='word_1_351' title='bbox 1427 2195 1456 2227; x_wconf 93' lang='lat' dir='ltr'>in</span> <span class='ocrx_word' id='word_1_352' title='bbox 1490 2195 1585 2228; x_wconf 85' lang='lat' dir='ltr'>ludiis</span> <span class='ocrx_word' id='word_1_353' title='bbox 1613 2194 1882 2237; x_wconf 88' lang='lat' dir='ltr'>Occidentalibus,</span> <span class='ocrx_word' id='word_1_354' title='bbox 1908 2205 1979 2227; x_wconf 90' lang='lat' dir='ltr'>eum</span> 
     </span>
     <span class='ocr_line' id='line_1_86' title="bbox 1330 2248 1977 2292; baseline -0.003 -9"><span class='ocrx_word' id='word_1_355' title='bbox 1330 2249 1571 2283; x_wconf 85' lang='lat' dir='ltr'>confirmatione</span> <span class='ocrx_word' id='word_1_356' title='bbox 1595 2248 1834 2292; x_wconf 79' lang='lat' dir='ltr'>privilegiorum</span> <span class='ocrx_word' id='word_1_357' title='bbox 1866 2253 1896 2282; x_wconf 86' lang='lat' dir='ltr'>et</span> <span class='ocrx_word' id='word_1_358' title='bbox 1927 2248 1977 2281; x_wconf 92' lang='lat' dir='ltr'>in-</span> 
     </span>
     <span class='ocr_line' id='line_1_87' title="bbox 1330 2301 1670 2346; baseline -0.006 -10"><span class='ocrx_word' id='word_1_359' title='bbox 1330 2303 1576 2346; x_wconf 76' lang='lat' dir='ltr'>dulgentiarum,</span> <span class='ocrx_word' id='word_1_360' title='bbox 1597 2301 1670 2335; x_wconf 76' lang='lat'>931.</span> 
     </span>
    </p>

    <p class='ocr_par' dir='ltr' id='par_1_31' title="bbox 1243 2355 1983 2611">
     <span class='ocr_line' id='line_1_88' title="bbox 1243 2355 1981 2401; baseline -0.005 -9"><span class='ocrx_word' id='word_1_361' title='bbox 1243 2357 1364 2393; x_wconf 85' lang='lat' dir='ltr'>CXCVI.</span> <span class='ocrx_word' id='word_1_362' title='bbox 1390 2357 1564 2401; x_wconf 89' lang='lat' dir='ltr'>Deputatur</span> <span class='ocrx_word' id='word_1_363' title='bbox 1596 2355 1764 2390; x_wconf 89' lang='lat' dir='ltr'>cardinalis</span> <span class='ocrx_word' id='word_1_364' title='bbox 1789 2355 1981 2399; x_wconf 86' lang='lat' dir='ltr'>Pamphilius</span> 
     </span>
     <span class='ocr_line' id='line_1_89' title="bbox 1332 2408 1981 2455; baseline -0.006 -10"><span class='ocrx_word' id='word_1_365' title='bbox 1332 2412 1361 2444; x_wconf 92' lang='lat' dir='ltr'>in</span> <span class='ocrx_word' id='word_1_366' title='bbox 1386 2415 1597 2455; x_wconf 85' lang='lat' dir='ltr'>protectorem</span> <span class='ocrx_word' id='word_1_367' title='bbox 1621 2416 1651 2443; x_wconf 90' lang='lat' dir='ltr'>et</span> <span class='ocrx_word' id='word_1_368' title='bbox 1674 2408 1981 2453; x_wconf 86' lang='lat' dir='ltr'>superintendentem</span> 
     </span>
     <span class='ocr_line' id='line_1_90' title="bbox 1331 2461 1983 2505; baseline -0.005 -8"><span class='ocrx_word' id='word_1_369' title='bbox 1331 2465 1444 2497; x_wconf 84' lang='lat' dir='ltr'>Portus</span> <span class='ocrx_word' id='word_1_370' title='bbox 1468 2464 1561 2504; x_wconf 74' lang='lat' dir='ltr'>Antii,</span> <span class='ocrx_word' id='word_1_371' title='bbox 1583 2473 1653 2496; x_wconf 88' lang='lat' dir='ltr'>cum</span> <span class='ocrx_word' id='word_1_372' title='bbox 1675 2462 1830 2495; x_wconf 85' lang='lat' dir='ltr'>erectione</span> <span class='ocrx_word' id='word_1_373' title='bbox 1849 2461 1983 2505; x_wconf 80' lang='lat' dir='ltr'>Congre-</span> 
     </span>
     <span class='ocr_line' id='line_1_91' title="bbox 1332 2514 1983 2560; baseline -0.005 -11"><span class='ocrx_word' id='word_1_374' title='bbox 1332 2516 1466 2560; x_wconf 75' lang='lat' dir='ltr'>gationis</span> <span class='ocrx_word' id='word_1_375' title='bbox 1487 2522 1558 2560; x_wconf 94' lang='lat' dir='ltr'>post</span> <span class='ocrx_word' id='word_1_376' title='bbox 1576 2515 1642 2548; x_wconf 89' lang='lat' dir='ltr'>eius</span> <span class='ocrx_word' id='word_1_377' title='bbox 1658 2514 1776 2548; x_wconf 90' lang='lat' dir='ltr'>obitum</span> <span class='ocrx_word' id='word_1_378' title='bbox 1799 2520 1828 2547; x_wconf 89' lang='lat' dir='ltr'>et</span> <span class='ocrx_word' id='word_1_379' title='bbox 1849 2514 1983 2558; x_wconf 82' lang='lat' dir='ltr'>assigna-</span> 
     </span>
     <span class='ocr_line' id='line_1_92' title="bbox 1333 2567 1628 2611; baseline -0.003 -9"><span class='ocrx_word' id='word_1_380' title='bbox 1333 2571 1416 2603; x_wconf 87' lang='lat' dir='ltr'>tione</span> <span class='ocrx_word' id='word_1_381' title='bbox 1439 2569 1530 2611; x_wconf 87' lang='lat' dir='ltr'>dotis,</span> <span class='ocrx_word' id='word_1_382' title='bbox 1555 2567 1628 2602; x_wconf 69' lang='lat'>934.</span> 
     </span>
    </p>

    <p class='ocr_par' dir='ltr' id='par_1_32' title="bbox 1242 2621 1984 2659">
     <span class='ocr_line' id='line_1_93' title="bbox 1242 2621 1984 2659; baseline -0.007 0"><span class='ocrx_word' id='word_1_383' title='bbox 1242 2623 1378 2659; x_wconf 88' lang='lat' dir='ltr'>CXCVII.</span> <span class='ocrx_word' id='word_1_384' title='bbox 1398 2623 1630 2659; x_wconf 81' lang='lat' dir='ltr'>Confirmantur</span> <span class='ocrx_word' id='word_1_385' title='bbox 1650 2621 1888 2657; x_wconf 81' lang='lat' dir='ltr'>constitutiones</span> <span class='ocrx_word' id='word_1_386' title='bbox 1906 2621 1984 2658; x_wconf 87' lang='lat' dir='ltr'>Con-</span> 
     </span>
    </p>
   </div>
   <div class='ocr_carea' id='block_1_9' title="bbox 1223 695 1304 729">
    <p class='ocr_par' dir='ltr' id='par_1_33' title="bbox 1223 695 1304 729">
     <span class='ocr_line' id='line_1_94' title="bbox 1223 695 1304 729; baseline 0 -1"><span class='ocrx_word' id='word_1_387' title='bbox 1223 695 1304 729; x_wconf 71' lang='lat' dir='ltr'>CXC.</span> 
     </span>
    </p>
   </div>
  </div>
 </body>
</html>
