2254 3225
272 258 313 284 An
343 257 370 283 c.
393 257 460 285 1692
508 246 572 282 44ss

293 1749 413 1770 Clausulae.

291 2595 448 2615 Contrariorum

270 2621 382 2647 Ικϊιημὶιο.

465 305 655 340 clesiasticis
669 305 850 346 sententiis,
868 304 1012 339 censuris
1027 311 1059 339 et
1075 305 1200 349 poenis,

465 369 483 392 a
508 358 577 392 iure
595 359 645 393 vel
670 359 709 392 ab
733 359 879 399 homine,
898 358 1010 402 quavis
1031 358 1202 392 occasione

464 412 515 445 vel
540 413 635 445 causa
658 411 740 452 latis,
765 411 791 444 si
816 411 931 455 quibus
955 410 1203 454 quomodolibet

464 464 638 499 innodatae
668 465 820 506 existunt,
854 464 893 497 ad
925 463 1073 497 effectum
1107 473 1202 506 prae-

465 519 602 552 sentium
617 519 782 552 dumtaxat
797 517 1075 560 consequendum,
1086 516 1202 548 harum

464 572 548 606 serie
573 573 778 606 absolventes
803 575 835 604 et
860 570 1022 603 absolutas
1039 569 1108 603 sore
1126 579 1202 602 cen-

465 630 583 665 sentes,
609 623 900 668 supplicationibus
933 633 1044 656 eorum
1067 622 1201 655 nomine

464 687 564 720 super
589 678 651 710 hoc
671 676 766 710 nobis
782 676 951 709 humiliter
971 675 1128 719 porrectis
1154 674 1201 707 in-

463 730 585 770 clinati,
604 730 642 762 de
667 729 902 763 venerabilium
922 729 1054 762 fratrum
1071 732 1202 761 nostro-

462 792 533 815 rum
559 782 590 815 S.
611 782 646 815 R.
667 782 702 815 E.
739 782 951 815 cardinalium
976 781 1109 815 Concilii
1134 780 1201 813 Tri-

463 836 590 869 dentini
616 836 832 880 interpretum
858 834 1006 876 consilio,
1020 840 1051 868 et
1068 835 1199 868 attentis

463 889 676 922 relationibus
702 889 777 922 dicti
810 889 918 923 Iacobi
948 888 1198 932 archiepiscopi,

462 953 591 976 necnon
611 942 719 977 dilecti
736 942 793 977 filii
818 942 922 976 nostri
938 942 1077 976 Leandri
1095 941 1199 975 dictae

462 995 493 1029 S.
510 995 546 1029 R.
559 996 594 1029 E.
628 996 803 1029 cardinalis
827 995 980 1030 Coloredi
1004 995 1197 1039 nuncupati,

461 1049 501 1081 ad
519 1059 615 1092 quem
631 1048 849 1092 Congregatio
863 1053 1119 1082 memoratorum
1133 1059 1199 1081 car-

462 1101 620 1135 dinalium
640 1102 770 1136 easdem
788 1102 1039 1135 constitutiones
1064 1112 1123 1145 pro
1148 1112 1199 1135 re-

459 1154 585 1188 visione
599 1154 739 1193 remisit,
756 1165 855 1198 super
870 1155 1057 1198 praemissis
1075 1155 1198 1188 eisdem

461 1207 681 1240 cardinalibus
707 1207 805 1247 sactis,
838 1207 1058 1251 praeinsertas
1082 1208 1198 1241 consti-

461 1260 625 1300 tutioneS,
651 1260 842 1294 auctoritate
867 1260 1054 1304 apostolica,
1080 1265 1196 1294 tenore

460 1314 690 1357 praesentium,
715 1314 944 1347 confirmamus
982 1319 1014 1347 et
1038 1314 1198 1358 approba-

461 1378 542 1407 mus,
568 1367 699 1411 illisque
715 1368 911 1402 inviolabilis
929 1369 1125 1412 apostolicae
1143 1368 1197 1401 fir-

460 1421 579 1453 mitatis
609 1421 709 1455 robur
740 1421 919 1463 adiicimus,
951 1433 988 1456 ac
1023 1432 1135 1455 omnes
1167 1427 1198 1455 et

461 1473 607 1516 singulos
632 1474 713 1507 iuris
733 1480 764 1508 et
788 1474 862 1507 sacti
894 1475 1051 1516 desectus,
1083 1475 1109 1508 si
1142 1475 1196 1519 qui

461 1527 602 1570 desuper
614 1528 860 1571 quomodolibet
872 1528 1117 1570 intervenerint,
1128 1539 1198 1572 sup-

1043 256 1223 281 BULLARIUM
1247 254 1401 280 ROMANUM

1246 315 1305 338 nus
1321 315 1401 348 opus
1418 303 1468 346 sit,
1488 303 1592 338 dictae
1609 303 1878 348 Congregationis
1894 313 1981 348 pres-

1244 358 1449 401 byterorum,
1469 368 1525 391 seu
1545 357 1751 398 clericorum,
1778 357 1888 391 aliisve
1908 357 1980 400 qui-

1244 411 1362 451 husvis,
1387 411 1483 444 etiam
1507 411 1704 451 iuramento,
1734 410 1978 445 confirmatione

1244 464 1432 506 apostolica,
1459 474 1516 497 seu
1540 464 1653 507 quavis
1677 463 1826 497 firmitate
1847 464 1910 497 alia
1933 473 1979 497 ro-

1243 516 1375 557 boratis,
1396 516 1519 549 statutis
1537 521 1569 549 et
1589 516 1889 557 consuetudinibus,
1914 516 1980 560 pri-

1244 568 1368 612 vilegiis
1394 579 1533 612 quoque,
1558 568 1692 603 indultis
1715 573 1747 602 et
1770 569 1885 602 litteris
1903 580 1980 613 apo-

1243 621 1366 655 stolicis
1408 622 1442 655 in
1487 622 1684 655 contrarium
1725 622 1978 666 praemissorum

1244 676 1490 718 quomodolibet
1513 676 1688 716 concessis,
1714 675 1913 710 confirmatis
1947 681 1979 709 et

1244 728 1427 770 innovatis;
1454 728 1572 772 quibus
1597 728 1748 762 omnibus
1772 733 1804 762 et
1828 728 1977 771 singuliS‚

1242 781 1375 815 illorum
1400 787 1529 816 tenores
1554 782 1778 826 praesentibus
1798 792 1857 825 pro
1882 783 1977 825 plene

1243 839 1275 866 et
1298 833 1498 868 sufficienter
1521 834 1684 878 expressis
1710 845 1747 868 ac
1771 834 1901 868 insertis
1926 835 1980 867 ha-

1241 887 1364 928 bentes,
1390 887 1454 921 illis
1480 886 1558 921 alias
1572 887 1604 919 in
1619 897 1678 920 suo
1692 888 1810 920 robore
1827 897 1979 931 perman-

1242 940 1335 981 suris,
1363 940 1403 974 ad
1430 939 1682 984 praemissorum
1715 938 1864 973 effectum
1881 966 1890 981 ,
1917 940 1978 973 hac

1241 992 1308 1026 vice
1333 993 1519 1033 dumtaxat,
1545 991 1731 1035 specialiter
1762 997 1795 1025 et
1825 1003 1978 1036 expresse

1241 1045 1445 1089 derogamus,
1477 1045 1662 1089 ceterisque
1696 1045 1868 1079 contrariis
1903 1045 1977 1090 qui-

1239 1099 1449 1143 buscumque.

1283 1153 1298 1196 5
1328 1152 1360 1186 5.
1386 1153 1540 1186 Volumus
1573 1154 1681 1186 autem
1717 1157 1754 1185 ut
1786 1151 1977 1186 earumdem

1239 1205 1462 1249 praesentium
1482 1205 1665 1238 litterarum
1681 1205 1902 1249 transumptis,
1919 1215 1978 1238 seu

1239 1259 1407 1303 exemplis,
1432 1259 1530 1292 etiam
1553 1258 1732 1302 impressis,
1755 1268 1854 1292 manu
1878 1259 1979 1292 alicu-

1239 1313 1287 1346 ius
1312 1312 1431 1346 notarii
1455 1312 1577 1355 publici
1598 1311 1799 1355 subscriptis,
1818 1316 1851 1345 et
1870 1311 1979 1355 sigillo

1239 1376 1401 1411 personae
1425 1365 1459 1398 in
1484 1365 1703 1399 ecclesiastica
1728 1365 1885 1408 dignitate
1902 1375 1979 1399 con-

1239 1422 1371 1454 stitutae
1389 1419 1532 1459 munitis,
1557 1419 1670 1452 eadem
1683 1429 1818 1463 prorsus
1841 1418 1921 1452 fides
1945 1419 1978 1452 in

1239 1474 1359 1509 iudicio
1394 1479 1426 1507 et
1460 1478 1547 1506 extra
1578 1472 1658 1505 illud
1686 1472 1856 1512 habeatur,
1895 1483 1978 1515 quae

1239 1528 1414 1562 haberetur
1430 1526 1509 1571 ipsis
1525 1526 1755 1570 praesentibus
1769 1525 1794 1559 si
1808 1526 1917 1559 forent
1930 1536 1979 1559 ex-

460 1581 612 1624 plemus3
640 1582 725 1614 salva
761 1586 869 1615 tamen
894 1591 1023 1625 semper
1046 1582 1080 1615 in
1105 1593 1198 1625 prae-
1240 1582 1364 1616 hibitae
1378 1582 1428 1614 vel
1449 1585 1612 1614 ostensae.

460 1633 566 1666 missis
591 1634 782 1668 auctoritate
813 1635 1019 1679 supradictae
1055 1635 1197 1678 Congre-

461 1686 598 1730 gationis
622 1687 847 1721 cardinalium.

503 1740 518 1783 ἓ
542 1741 574 1774 3.
601 1741 830 1782 Decet-nentes,
855 1742 984 1775 easdem
1009 1746 1196 1785 praesentes

459 1794 595 1833 litteras,
621 1800 652 1827 et
691 1794 941 1827 constitutiones
965 1795 1194 1838 praeinsei‘laS‚

459 1856 592 1889 semper
615 1847 731 1887 sirmas,
763 1847 881 1880 validas
907 1852 938 1879 et
963 1847 1107 1880 efficaces
1132 1847 1196 1880 exi-

459 1903 543 1932 stere
568 1904 599 1932 et
624 1900 704 1940 sore,
733 1910 875 1943 suosque
900 1900 1067 1943 plenarios
1094 1905 1124 1933 et
1148 1900 1196 1933 in-

461 1956 568 1993 tegros
594 1951 725 1985 effectus
757 1952 865 1986 sortiri
892 1958 923 1985 et
959 1952 1121 1993 obtinere,
1159 1963 1195 1985 ac

459 2004 533 2045 illis,
567 2005 607 2038 ad
644 2016 726 2049 quos
758 2010 884 2048 spectat
910 2010 940 2038 et
963 2016 1022 2049 pro
1049 2011 1195 2049 tempore

460 2058 730 2102 quandocumque
751 2058 921 2102 spectabit,
941 2059 973 2092 in
998 2058 1148 2092 omnibus
1165 2064 1196 2091 ct

459 2120 519 2153 per
544 2112 651 2144 omnia
675 2111 867 2155 plenissime
901 2111 1079 2155 suffragari,
1099 2116 1130 2144 ct
1155 2112 1194 2144 ab

459 2164 505 2197 cis
539 2164 720 2207 respective
755 2164 985 2198 inviolabiliter
1016 2164 1193 2205 observari,

460 2218 570 2260 sicque
596 2217 627 2249 in
659 2217 845 2260 praemissis
878 2229 938 2261 per
970 2228 1194 2261 quoscumque

459 2271 583 2304 iudices
607 2270 789 2303 ordinarios
822 2276 853 2303 et
877 2271 1059 2313 delegatos,
1098 2271 1194 2304 etiam

459 2334 630 2357 causarum
672 2323 784 2366 palatii
820 2324 987 2366 apostolici
1019 2324 1193 2364 auditores,

458 2377 595 2410 iudicari
621 2382 653 2409 et
677 2376 803 2410 definiri
830 2377 967 2416 debere,
996 2388 1032 2410 ac
1067 2378 1195 2410 irritum

459 2436 492 2464 et
514 2430 622 2468 inane,
641 2428 667 2462 si
688 2439 780 2462 secus
799 2439 898 2471 super
917 2429 966 2461 his
984 2439 1000 2460 a
1018 2440 1191 2472 quoquam,

458 2484 569 2527 quavis
593 2483 791 2521 auctoritate,
810 2482 948 2514 scienter
973 2483 1019 2514 vel
1045 2482 1195 2524 ignoran-

458 2543 516 2575 ter,
538 2535 710 2577 contigerit
730 2534 894 2567 attentari.

502 2590 517 2633 ἓ
541 2589 573 2621 4.
599 2588 669 2621 Non
687 2587 889 2620 obstantibus
907 2586 1193 2621 constitutionibus

459 2646 490 2676 et
514 2640 772 2676 ordinationibus
797 2640 997 2685 apostoliciS,
1017 2651 1062 2682 ac,
1081 2646 1192 2687 quate-

1282 1635 1396 1668 Datum
1422 1634 1562 1673 Romae,
1588 1632 1675 1675 apud
1700 1631 1732 1665 S.
1759 1631 1890 1665 Mariam
1915 1631 1978 1665 Ma-

1239 1689 1363 1727 iorem,
1391 1687 1451 1720 sub
1480 1687 1600 1719 annulo
1629 1685 1820 1726 piscatoris,
1847 1685 1899 1719 die
1926 1696 1976 1720 xx1

1238 1742 1318 1774 iunii
1348 1749 1498 1780 mucxen,
1535 1738 1743 1783 pontificatus
1775 1738 1880 1772 nostri
1919 1749 1976 1771 an-

1240 1806 1282 1828 nO
1308 1805 1331 1828 I.

1273 1855 1332 1884 Dat.
1349 1855 1392 1883 die
1408 1854 1437 1881 21
1455 1853 1522 1882 iunii
1541 1853 1619 1885 1692,
1637 1853 1737 1888 pontit.
1759 1859 1855 1881 annot

1529 2023 1662 2056 XXVIII.

1237 2111 1481 2145 Praescribitur
1526 2110 1703 2144 moderatio
1748 2110 1907 2143 servanda
1953 2121 1974 2142 a

1280 2164 1440 2206 Pontifice
1472 2164 1507 2196 in
1532 2163 1739 2196 concedendis
1765 2162 1855 2196 tonis
1880 2163 1973 2196 eccle-

1280 2217 1419 2251 siasticis
1443 2218 1512 2249 suis
1536 2217 1785 2259 consanyuinez's
1807 2221 1835 2249 et
1860 2217 1970 2259 affini-

1282 2270 1347 2311 bus,
1376 2270 1556 2313 horumque
1581 2269 1647 2301 loco
1671 2269 1825 2309 adlectis,
1850 2279 1970 2301 necnon

1281 2323 1394 2356 modus
1414 2323 1449 2356 in
1476 2322 1645 2366 siynaizdis
1667 2322 1788 2365 gratiis
1810 2332 1869 2365 per
1893 2332 1972 2355 con-

1280 2387 1410 2410 cessum
1434 2376 1503 2418 ipso
1527 2374 1748 2418 aemulante&

1272 2475 1282 2500 1
1306 2473 1335 2500 In
1356 2471 1501 2499 Alexandri
1519 2471 1580 2498 VllI
1600 2471 1708 2498 constit.
1730 2471 1795 2498 edit.
1811 2478 1910 2506 mccxc,
1927 2472 1971 2499 die

1238 2515 1269 2542 15
1280 2516 1378 2548 martii,
1393 2514 1488 2550 pontif.
1505 2520 1523 2546 1,
1540 2513 1637 2539 iterum
1655 2513 1834 2540 restituuntur
1849 2514 1970 2540 redditus

1235 2558 1465 2589 vicecanceltarim
1477 2561 1504 2585 et
1518 2558 1544 2584 in
1555 2557 1636 2584 huius
1649 2558 1786 2585 pontificis
1797 2562 1880 2585 const.
1899 2558 1969 2585 edita

1216 2611 1218 2613 ·
1234 2610 1362 2637 innexum,
1383 2603 1426 2630 die
1448 2603 1478 2630 15
1497 2602 1625 2636 octobris,
1647 2603 1740 2638 pontif.
1757 2609 1789 2637 11,
1802 2604 1897 2630 modus
1915 2603 1967 2629 im-

1233 2649 1342 2685 ponitur
1361 2647 1543 2676 cardinalibus
1559 2647 1629 2674 circa
1648 2647 1820 2685 privilegium
1841 2646 1965 2675 testandi.

1988 255 2036 281 Αη.
2054 255 2081 280 C.
2106 255 2171 282 1(OE

2027 1161 2089 1182 fulc<
2114 1166 2171 1184 tran-

1987 1192 2123 1216 sumptorum.
