2227 3225
144 265 194 291 An.
209 264 240 293 C.
259 263 327 292 ¹603

169 1335 290 1356 Clausulas.

166 2022 323 2043 Contrariorum

140 2047 258 2075 derogatio.

927 263 1135 288 lNNOCENTlUS

337 312 527 346 communiri
544 312 716 355 plurimum
733 312 907 346 desideret:
924 323 992 353 nos,
1004 323 1076 356 spe-

337 365 450 398 cialem
479 365 540 409 ipsi
578 365 697 399 vicario
734 372 765 399 et
791 366 892 409 priori
929 365 1074 409 generali

336 418 470 460 gratiam
497 418 601 451 facere
626 419 784 458 volentes,
810 429 949 461 eumque
968 429 985 451 a
1006 418 1075 462 qui-

335 469 445 503 busvis
471 471 830 512 excommunicationis,
852 471 1074 514 suspensionis

336 528 367 556 et
392 523 564 563 interdicti,
592 523 730 567 aliisque
755 523 985 557 ecclesiasticis
1004 534 1075 556 scn-

336 575 463 617 tentiiS,
500 577 646 610 censuris
683 583 713 610 et
737 577 862 621 poenis,
889 588 905 609 a
931 577 998 610 iure
1024 577 1073 610 vel

335 630 374 663 ab
401 630 543 670 homine,
571 630 681 673 quavis
705 630 875 664 occasione
900 631 950 663 vel
978 631 1074 663 causa

335 683 420 724 laus,
447 683 473 716 si
498 683 614 727 quibus
635 683 884 726 quomodolibet
900 683 1072 717 innodatus

335 736 452 776 existit,
494 737 532 769 ad
558 736 706 770 ellectum
738 737 958 780 praesentium
984 737 1074 769 dum-

336 794 419 822 taxat
438 789 716 833 consequendum,
735 790 850 823 harum
869 790 953 824 serie
971 790 1075 823 absol·

335 847 446 875 ventes
482 847 514 875 et
550 843 738 876 absolutum
774 843 843 876 sore
880 849 1070 883 censentes,

334 894 632 938 supplicationibus
658 895 726 929 eius
753 896 886 929 nomine
913 895 1008 929 nobis
1027 906 1074 928 su·

334 957 393 990 per
417 948 478 981 hoc
510 948 681 982 humiliter
713 949 876 993 porrectis
914 948 1072 989 inclinati,

335 1000 499 1034 decretum
523 1001 769 1044 praeinsertum,
786 1003 977 1036 auctoritate
1003 1013 1075 1045 apo-

335 1054 460 1094 stolica,
474 1061 587 1088 tenore
602 1056 837 1098 praesentium,
857 1056 1074 1100 approbamus

336 1113 367 1140 et
385 1107 627 1149 confirmamus,
645 1109 760 1152 illique
778 1110 976 1143 inviolabilis
997 1119 1075 1153 apo-

336 1161 471 1193 stolicae
497 1161 659 1194 firmitatis
676 1162 775 1194 robur
796 1162 972 1195 adiicimus:
990 1162 1076 1194 salva

337 1219 443 1246 tamen
461 1224 592 1257 semper
611 1214 643 1246 in
669 1215 856 1258 praemissis
885 1215 1075 1248 auctoritate

337 1272 534 1300 memoratae
560 1267 828 1311 Congregationis
849 1267 1074 1302 cardinalium.

382 1320 396 1362 g
421 1319 452 1353 3.
479 1319 711 1360 Decernentes,
731 1321 862 1354 easdem
888 1326 1076 1364 praesentes

337 1373 464 1406 litteras
498 1384 628 1417 semper
659 1374 775 1415 firmas,
801 1375 921 1408 validas
954 1380 985 1407 et
1010 1374 1077 1406 effi-

336 1436 429 1459 caces
454 1426 593 1459 existere
619 1432 652 1459 et
684 1427 762 1467 sore,
795 1438 935 1471 suosque
967 1428 1077 1470 plena-

336 1479 402 1512 rios
429 1484 461 1511 et
485 1479 629 1522 integros
655 1479 786 1513 effectus
811 1481 922 1513 sortiri
948 1486 980 1513 et
998 1480 1076 1513 obti-

336 1542 426 1571 nere,
454 1543 490 1565 ac
516 1532 589 1573 illis,
608 1534 647 1566 ad
681 1544 762 1577 quos
796 1541 921 1577 spectat
947 1539 978 1567 et
1002 1544 1076 1577 spe-

336 1585 435 1618 ctabit
462 1585 493 1618 in
518 1585 674 1627 futurum,
690 1587 879 1630 plenissime
897 1586 1074 1628 suflragari,

337 1640 447 1682 sicque
482 1639 517 1672 in
551 1640 738 1683 praemissis
763 1651 821 1684 per
854 1651 1075 1684 quoscumque

335 1693 459 1726 iudices
485 1693 669 1727 ordinarios
700 1699 732 1726 et
763 1694 941 1736 delegatos,
979 1694 1075 1726 etiam

335 1756 505 1779 causarum
519 1746 629 1790 palatii
650 1746 821 1790 apostolici
841 1747 1013 1786 auditores,
1028 1747 1075 1779 iu-

336 1799 435 1832 dicari
460 1805 491 1832 et
515 1799 644 1832 definiri
671 1799 811 1839 debere,
839 1811 876 1832 ac
895 1800 1022 1832 irritum
1043 1805 1075 1832 et

335 1853 444 1893 inane,
471 1852 495 1885 si
521 1862 613 1885 secus
637 1863 736 1895 super
770 1853 820 1885 his
846 1864 863 1885 a
888 1864 1070 1896 quoquam,

336 1906 445 1949 quavis
481 1905 695 1945 auctoritate,
722 1906 863 1938 scienter
895 1907 944 1939 vel
982 1906 1074 1949 igno-

335 1964 453 1998 ranter,
480 1959 655 2001 contigerit
680 1959 844 1992 attentari.

379 2012 393 2055 ἓ
417 2012 449 2044 4.
477 2011 544 2045 Non
566 2011 770 2044 obstantibus
787 2012 1073 2045 constitutionibus

335 2070 366 2098 et
404 2064 666 2097 ordinationibus
706 2065 907 2108 apostolicis,
945 2076 1071 2098 necnon

335 2117 410 2149 dicti
435 2116 576 2157 Ordinis,
602 2117 698 2150 etiam
733 2118 924 2157 iuramento,
957 2118 1073 2150 contir-

334 2171 476 2204 matione
502 2170 688 2213 apostolica,
712 2181 767 2203 seu
790 2171 902 2214 quavis
920 2170 1071 2203 firmitate

334 2224 395 2257 alia
419 2223 590 2264 roboratis,
616 2225 744 2257 statutis
769 2230 802 2257 et
826 2225 1072 2258 consuetudini-

333 2277 617 2321 bus‚'privilegiis
642 2288 785 2320 quoque,
810 2277 944 2311 indultis
970 2283 1002 2311 et
1021 2278 1072 2310 lit—

334 2331 412 2363 teris
449 2331 649 2374 apostolicis‚
684 2331 717 2363 in
754 2331 951 2364 contrarium
977 2342 1071 2375 prae-

333 2384 508 2416 missorum
532 2383 783 2427 quomodolibet
807 2384 979 2425 concessis,
999 2395 1073 2418 con-

332 2437 465 2471 firmatis
497 2444 528 2471 et
562 2438 743 2479 innovatis;
771 2438 887 2482 quibus
921 2438 1070 2471 omnibus

333 2497 364 2524 et
383 2491 527 2534 singulis,
545 2491 677 2524 illorum
697 2496 824 2524 tenores
841 2492 1070 2536 praesentibus

333 2555 392 2588 pro
425 2545 521 2588 plene
555 2551 587 2578 et
617 2545 814 2578 sufficienter
846 2546 1008 2589 expressis
1035 2556 1070 2579 ac

332 2599 371 2631 ad
396 2599 529 2631 verbum
555 2599 684 2632 insertis
710 2600 879 2639 babentes,
905 2600 969 2633 illis
991 2601 1070 2633 alias

333 2652 364 2685 in
390 2663 446 2685 suo
469 2653 583 2684 robore
604 2653 833 2693 permansuris,
857 2653 893 2685 ad
916 2653 1070 2696 praemis-

1161 264 1205 289 xn
1227 265 1274 288 rr’.
1745 255 1804 289 571

1116 323 1227 345 sorum
1241 311 1398 352 effectum,
1420 312 1481 345 hac
1499 312 1566 346 rice
1585 313 1758 352 dumtaxat,
1780 323 1852 356 spe—

1117 366 1241 399 cialiter
1271 372 1302 399 et
1336 376 1487 409 expresse
1521 367 1734 408 deroganius;
1768 371 1853 399 eete-

1117 418 1222 462 1*isque
1249 419 1420 452 contrariis
1445 419 1717 462 quibusctunquc.

1160 471 1274 504 Datum
1300 472 1430 511 Romae,
1456 472 1540 515 apud
1577 472 1608 504 S.
1637 470 1766 503 Mariam
1792 470 1854 503 Ma-

1116 524 1227 564 iorem,
1253 525 1311 557 sub
1338 525 1460 558 annulo
1495 524 1678 563 piscatoris,
1706 523 1756 556 die
1781 532 1853 556 xxiv

1115 577 1257 611 octobris
1295 587 1462 617 mccxcut,
1504 577 1711 622 pontificatus
1753 575 1855 609 nostri

1116 640 1201 663 anno
1226 640 1273 664 111.

1151 691 1210 719 Dat.
1228 691 1271 719 die
1291 692 1325 719 24
1344 691 1462 720 octobris
1480 692 1557 727 1693,
1573 691 1671 728 pontif.
1689 699 1762 720 anuo
1777 697 1818 719 ιιι.

1418 809 1551 842 LXXIII.

1115 879 1265 922 Eriyitetr
1288 880 1482 922 ymberm'um
1509 884 1672 913 terrarum
1693 879 1857 914 Civitatis-

1159 932 1285 965 velalae
1317 937 1345 965 ee
1374 933 1522 975 Tulplzae
1553 944 1625 965 cum
1650 933 1856 975 superinten-

1160 985 1270 1018 deuicti
1297 986 1333 1018 in
1357 986 1486 1019 civitate
1512 986 1721 1020 CornetuwN.

1293 1058 1490 1085 Innocentius
1511 1058 1589 1091 Papa
1610 1058 1679 1091 ΧΠ,

1241 1103 1277 1129 ad
1293 1106 1468 1137 perpetuam
1488 1103 1532 1130 rei
1549 1104 1730 1130 memoriam.

1160 1164 1195 1197 In
1220 1175 1373 1208 supremo
1394 1165 1560 1197 militantis
1578 1165 1740 1198 Ecclesiae
1761 1165 1855 1206 solio,

1117 1217 1241 1250 meritis
1264 1218 1338 1250 licet
1363 1218 1551 1261 imparibus,
1577 1229 1636 1262 per
1656 1218 1856 1251 ineffabilem

1118 1271 1244 1304 divinae
1258 1271 1414 1304 bonitatis
1429 1272 1658 1304 abundantiam
1677 1272 1854 1311 constituti,

1117 1325 1157 1357 ad
1183 1335 1219 1357 ea
1236 1325 1412 1368 propensis
1431 1325 1546 1357 studiis
1567 1325 1773 1363 intendimus,
1796 1336 1857 1368 per

1118 1387 1201 1420 quae
1228 1382 1386 1410 terrarum
1413 1378 1603 1420 temporalis
1630 1378 1662 1410 S.
1690 1378 1726 1410 R.
1754 1379 1788 1411 E.
1810 1379 1857 1411 di-

1118 1429 1215 1462 tionis
1241 1430 1340 1463 decor
1365 1430 1551 1473 amplietur,
1579 1431 1778 1474 illarumque
1801 1431 1858 1464 ho-

1117 1482 1240 1515 minum
1276 1488 1307 1516 ct
1342 1483 1522 1516 incolarum
1559 1488 1657 1517 status
1683 1485 1857 1517 salubriter

1118 1535 1288 1578 dirigatur.

1161 1588 1175 1631 g
1201 1589 1232 1621 1.
1260 1588 1337 1622 Cum
1363 1589 1470 1632 itaque
1498 1600 1557 1622 nos
1583 1600 1686 1633 nuper
1716 1600 1776 1633 per
1799 1601 1878 1628 no-⁴

1868 1626 1908 1643 1¹1¹!
1921 1625 1938 1638 Ιιι
1956 1626 1978 1638 itt
1998 1626 2040 1638 tiri

1117 1647 1215 1674 stram
1251 1643 1393 1685 desuper
1431 1643 1549 1675 editam
1588 1643 1857 1676 constitutionem

1118 1695 1172 1738 (nc
1198 1697 1346 1735 salutari,
1373 1706 1470 1739 quam
1496 1695 1528 1728 in
1555 1698 1590 1729 ea
1623 1707 1700 1738 erga
1727 1702 1855 1729 nostros

1117 1758 1405 1792 successorumque
1432 1753 1618 1782 nostrorum
1633 1749 1856 1782 Romanorum

1116 1803 1305 1845 pontificum
1331 1812 1390 1845 pro
1417 1807 1565 1845 tempore
1584 1803 1790 1835 existentium
1809 1814 1857 1836 se-

1116 1855 1256 1888 cundum
1283 1866 1413 1888 carnem
1450 1855 1653 1899 propinquos
1684 1856 1768 1888 circa
1797 1857 1856 1889 bo-

1116 1918 1230 1940 norum
1271 1914 1302 1940 et
1335 1907 1523 1940 reddituum
1561 1908 1855 1943 ecclesiasticorum

1115 1971 1151 1993 ac
1176 1960 1213 1993 ad
1237 1961 1320 1992 banc
1338 1966 1480 1993 sanctam
1501 1960 1617 1993 Scdcm
1638 1967 1669 1994 et
1686 1961 1852 1995 Cameram

1115 2019 1258 2046 nostram
1283 2013 1496 2056 apostolicam
1515 2014 1731 2056 spectantium
1750 2015 1854 2048 distri-

1114 2067 1247 2099 butione
1274 2066 1394 2099 servari
1420 2067 1711 2110 praescripsimus,
1734 2068 1852 2101 rationi

1114 2131 1150 2153 ac
1174 2120 1452 2163 disciplinac‚pcr
1476 2120 1570 2153 nimis
1596 2131 1712 2163 magna
1730 2122 1854 2164 stipen-

1114 2173 1165 2206 dia
1191 2185 1248 2206 seu
1275 2173 1452 2206 honoraria
1470 2174 1549 2206 alias
1577 2175 1743 2207 nonnullis
1761 2175 1851 2208 Sedis

1113 2227 1299 2270 praedictae
1324 2227 1436 2260 officiis
1463 2237 1520 2259 scu
1538 2228 1738 2267 muneribus,
1768 2239 1851 2271 quae

1113 2281 1300 2313 eorumdem
1321 2280 1538 2313 Romanorum
1560 2280 1752 2313 Pontificum
1775 2292 1852 2314 con-

1112 2333 1301 2376 sanguineis
1334 2343 1389 2365 seu
1425 2333 1574 2365 affinibus
1610 2339 1646 2365 ut
1670 2334 1849 2376 plurimum

1112 2386 1249 2420 concedi
1286 2391 1528 2427 consueverant,
1555 2386 1733 2429 assignata,
1762 2387 1848 2419 fraus

1148 2484 1158 2510 1
1181 2484 1362 2518 Suppressum
1382 2483 1431 2510 fuit
1459 2483 1579 2510 officium
1608 2483 1799 2517 gubernatoris
1822 2483 1850 2510 in

1111 2529 1316 2555 Civitateretula
1327 2537 1377 2563 per
1387 2532 1472 2555 const.
1485 2528 1526 2555 ed.
1540 2534 1660 2561 Mpcxcu,
1673 2528 1715 2554 die
1725 2528 1758 2553 22>
1769 2528 1849 2562 iunii,

1111 2577 1183 2608 pont.
1205 2580 1229 2604 13
1250 2576 1276 2599 et
1296 2572 1323 2598 in
1339 2574 1421 2599 const.
1437 2573 1480 2598 ed.
1502 2578 1648 2604 siocxcvtu,
1671 2572 1714 2598 die
1730 2572 1746 2598 5
1760 2580 1849 2606 augu-

1110 2618 1155 2649 sti,
1176 2623 1249 2652 pont.
1272 2624 1332 2649 riu,
1355 2616 1549 2651 praescribitur
1564 2616 1649 2644 forma
1665 2616 1850 2659 regiminisin

1111 2662 1218 2688 ciuitate
1240 2662 1399 2688 laur-utana.

1861 264 1910 292 Αἠ.

1895 1179 1909 1198 li
1914 1185 1922 1197 ι

1930 265 1961 293 C.
1976 265 2045 294 16⁰8

1926 1178 2016 1198 ordiunt-

1925 1592 2009 1611 lii-evin·
2025 1592 2050 1612 ile

1982 1620 1985 1628 t
2024 1626 2026 1629 .
