2227 3225
143 236 192 263 An.
210 236 238 263 C.
262 237 328 264 1696

164 612 201 642 θ’(
215 613 320 634 filiatione

136 641 271 661 novitiorum.

159 2295 188 2315 De
212 2293 302 2314 transta-

118 2322 176 2343 tione
188 2321 302 2342 filiationis.

910 241 1118 264 tNNOCENTtUS
1142 241 1188 264 xit
1212 242 1259 265 rr.

335 286 470 319 cialibus
485 291 538 319 aut
555 287 625 320 aliis
647 287 869 330 superioribus
888 289 946 320 sub
963 291 1068 331 poena
1088 309 1089 316 η

334 338 526 381 privationis
551 339 646 371 officii
672 339 796 372 admitti
832 339 936 382 possit
972 339 1063 383 quis·
1088 361 1089 375 1

334 401 428 433 quam
461 392 500 424 ad
533 391 723 424 novitiatum
761 398 792 425 et
823 393 1064 436 probationem.

332 443 418 476 Nihil
452 449 561 478 tamen
595 445 683 478 aliud
720 451 850 488 praeter
885 446 1089 491 supradicta¹⁴

1088 498 1089 502 ’
1110 498 1254 541 patribus
1289 504 1320 531 ct
1345 498 1416 532 filiis
1441 504 1643 537 conventus,
1668 503 1703 530 ut
1726 508 1841 541 snpra,

331 496 455 538 possint
479 497 662 540 superiores
683 504 794 541 petere
819 505 874 532 aut
898 505 1065 542 acceptare

330 554 365 580 ut
389 559 424 582 ex
452 556 553 583 const.
580 556 613 582 ut
638 562 745 594 supra.

376 612 417 635 1v.
437 602 626 636 Filiationes
643 611 868 645 conventuum,
882 616 963 648 quae
975 616 1066 648 prae·
1086 616 1087 619 ¹

331 655 447 688 cedere
474 656 594 689 debent
614 656 841 690 admissionem
860 658 898 691 ad
919 658 1064 690 habitum

330 714 361 741 et
386 709 611 752 probationem
637 712 684 752 (ut
708 720 744 742 ex
769 717 871 743 const.
895 711 926 743 in
951 721 1022 754 cap.
1044 721 1065 744 11

329 763 472 804 regulae,
490 762 539 795 tit.
566 774 613 803 vt,
641 769 672 796 ct
697 763 768 796 aliis
793 763 967 806 pontificiis
993 775 1065 796 san-

329 815 505 858 ctionibus)
527 817 616 849 nullo
642 817 740 849 modo
765 816 842 849 {iant
866 828 883 849 a
908 817 1064 849 ministris

328 868 604 911 provincialibus,
632 880 691 902 nec
726 880 744 902 a
776 870 980 910 delinitorio‚
1008 871 1064 903 scd

329 922 434 954 solum
460 933 477 955 a
501 923 650 966 patribus
689 929 721 956 ct
751 923 825 956 siliis
862 924 948 957 illius
981 934 1061 956 con-

327 980 457 1015 ventus,
481 976 530 1008 cui
564 977 779 1019 acceptandus
805 977 843 1010 ad
871 977 1063 1019 religionem

328 1028 396 1060 vult
420 1028 564 1068 assiliari,
593 1029 675 1061 itant
707 1041 724 1061 a
761 1029 941 1072 gnardiano
974 1030 1062 1062 illius

327 1086 508 1114 conventus
545 1081 752 1124 assignentur
781 1083 870 1125 prius
906 1088 970 1116 tres
1003 1088 1064 1115 ter-

327 1132 405 1164 mini
430 1133 577 1166 canonici
603 1144 657 1166 sex
690 1134 837 1174 dierum,
858 1145 995 1178 qnorum
1016 1136 1065 1167 ul-
1084 1163 1085 1183 ἶ

327 1184 405 1218 timo
439 1186 571 1229 elapso,
607 1186 725 1219 dentur
757 1193 879 1220 secreta
911 1186 1085 1237 suffragia}

327 1238 366 1270 ab
391 1238 542 1271 omnibus
569 1239 718 1282 patribus
754 1245 785 1272 et
814 1239 889 1272 siliis
916 1239 1063 1273 eiusdem

327 1297 516 1332 conventus,
542 1292 638 1325 etiam
664 1292 775 1332 laicis,
800 1293 975 1326 dummodo
999 1293 1064 1326 sint

325 1355 438 1378 omnes
464 1346 615 1388 professi,
633 1346 715 1378 sicut
739 1345 778 1378 ab
803 1346 924 1379 eisdem
945 1347 1063 1379 consti-

324 1399 504 1431 tutionibus
522 1404 669 1443 utsupra
686 1400 933 1442 praescribitur;
951 1406 983 1432 et
999 1410 1063 1433 ser-

323 1456 438 1483 ventur
463 1462 576 1485 omnes
601 1452 684 1485 aliae
710 1452 915 1486 conditiones
941 1453 980 1486 ab
999 1453 1082 1487 eis-2

322 1503 395 1536 dem
421 1504 718 1544 constitutionibus,
744 1510 778 1537 ut
802 1516 910 1548 supra,
936 1511 967 1538 et
990 1506 1060 1538 aliis

321 1556 499 1599 pontificiis
518 1558 739 1591 sanctionibus
756 1559 991 1602 praescriptae,
1012 1559 1060 1591 in-

322 1614 372 1642 ter
396 1621 474 1653 quas
499 1611 594 1644 etiam
620 1615 678 1652 est,
709 1612 794 1654 quod
821 1623 914 1645 nemo
939 1613 977 1645 ad
1004 1612 1059 1645 lia-

321 1661 424 1695 bitum
451 1669 482 1696 et
517 1664 747 1707 probationem
778 1664 966 1697 admittatur
996 1665 1056 1697 nisi

321 1715 410 1760 prius
435 1717 609 1759 praecedat
634 1717 702 1750 eius
728 1717 888 1760 legittima
912 1718 1056 1751 affiliatio

321 1768 416 1801 alicui
441 1769 633 1810 conventui,
666 1775 697 1802 et
728 1770 892 1812 quaelibet
916 1770 1056 1804 affiliatio

321 1821 415 1855 aliter
440 1822 522 1855 sacta
550 1828 662 1856 contra
695 1823 829 1856 sormam
855 1823 1078 1857 constitutio-r

321 1885 398 1908 num
422 1876 542 1909 nullius
572 1875 700 1908 roboris
725 1876 766 1916 sit
790 1882 821 1909 et
845 1877 996 1918 invalida,
1024 1883 1055 1910 et
1076 1884 1078 1921 j
1099 1876 1306 1919 provincialis
1331 1877 1565 1920 permanentia,
1594 1877 1765 1911 occasione
1791 1877 1836 1911 vi—

320 1927 460 1960 ministri
496 1928 720 1971 provinciales,
746 1939 801 1961 scu
832 1929 886 1961 alii
908 1930 1055 1972 superio·
1076 1925 1078 1949 ⁴,

320 1990 372 2013 res
395 1986 426 2014 et
447 1980 645 2020 definitores,
666 1981 718 2024 qui
736 1981 959 2014 auctoritatem
977 1982 1055 2025 ipsi—

319 2038 385 2066 met
423 2033 564 2066 debitam
600 2034 754 2067 affiliandi
780 2042 996 2078 usurparent,
1022 2035 1054 2068 in

317 2096 458 2130 poenam
482 2087 674 2130 privationis
704 2098 835 2121 suorum
872 2088 1052 2122 officiorum
1074 2118 1076 2134 3

318 2143 350 2171 ct
381 2139 468 2171 vocis
505 2139 627 2172 activae
653 2145 685 2172 et
709 2141 854 2183 passivae
880 2141 950 2184 ipso
969 2142 1052 2174 sacto

317 2191 495 2232 incurrant,
514 2193 553 2225 ad
575 2204 670 2236 quam
697 2193 757 2226 nisi
785 2204 801 2226 a
828 2193 943 2227 Sancta
969 2194 1051 2227 Sede
1073 2206 1075 2215 ⁴

316 2244 442 2287 possint
466 2245 671 2288 reintegrari.

361 2308 390 2330 v.
411 2297 616 2331 Filiationum
634 2304 851 2332 conventuum
870 2300 1052 2332 translatio·
1072 2325 1073 2330 ,

316 2360 374 2383 nes
401 2351 441 2383 ad
466 2351 546 2384 alios
571 2357 764 2392 conventus,
790 2358 823 2384 ut
847 2353 1052 2395 praecipiunt

316 2403 561 2437 constitutiones
586 2405 619 2437 in
644 2415 713 2448 cap.
737 2416 766 2438 v1
791 2406 923 2447 regulae
951 2406 998 2438 tit.
1018 2416 1052 2446 11,

315 2467 382 2489 non
403 2457 625 2498 admittantur,
648 2464 679 2490 et
702 2458 728 2491 si
749 2459 973 2492 convenientia
998 2465 1052 2492 aut
1072 2489 1073 2495 ,

315 2511 491 2542 necessitas
516 2511 577 2544 hoc
595 2511 752 2553 exigeret,
774 2522 838 2544 non
864 2512 964 2554 possit
989 2513 1051 2545 hoc

315 2562 385 2595 fieri
404 2563 466 2595 nisi
484 2563 570 2596 iuxta
595 2565 760 2597 decretum
784 2576 892 2598 sacrae
914 2566 1051 2607 Congre-

316 2615 453 2660 gationis
470 2623 660 2659 emanatum‚
676 2618 808 2651 obtenta
821 2618 944 2652 scilicet
959 2619 1049 2662 prius

1111 288 1241 321 licentia
1260 288 1292 320 in
1319 288 1445 331 scriptis
1472 299 1488 320 a
1513 289 1659 321 ministro
1685 290 1840 331 generali,

1111 345 1141 372 et
1166 341 1297 374 servatis
1315 340 1386 373 aliis
1406 341 1444 373 de
1470 340 1538 373 iure
1558 341 1734 381 servandis,
1753 352 1843 374 accc-

1110 393 1206 426 dente
1241 393 1363 426 scilicet
1388 403 1547 425 consensu
1573 393 1741 435 utriusque
1767 404 1844 425 con-

1109 450 1231 485 ventus,
1253 450 1284 478 ct
1300 456 1357 488 per
1381 451 1504 478 secreta
1529 445 1679 488 sull‘ragia
1704 445 1808 477 danda
1826 457 1843 478 a

1109 551 1202 583 aliter
1220 552 1388 584 translatio
1414 552 1502 585 nulla
1523 551 1563 584 sit
1589 557 1620 584 ct
1644 551 1796 583 invalida.

1152 614 1192 637 vt.
1213 604 1300 637 Circa
1320 605 1530 648 paternitates
1548 611 1774 643 conventuum,
1793 614 2037 664 ne'1b2}F³¹,“'‘¹¹,³‚‘⁴‘

1866 652 1867 660 l
1925 651 1949 664 GU
1966 651 1991 664 un
2010 652 2037 664 Ιυ·

1109 667 1158 689 mo
1184 656 1222 689 ad
1253 657 1337 699 ipsas
1370 658 1474 701 possit
1498 657 1645 698 admitti,
1671 657 1732 689 nisi
1758 656 1907 691 iuxtasum.

1109 710 1342 753 praescriptum
1368 721 1478 743 sacrae
1513 710 1775 748 constitutione,
1801 709 1844 742 ita

1108 763 1194 805 quod
1220 773 1331 795 omnes
1350 774 1460 796 sacrae
1479 763 1663 805 theologiae
1682 762 1841 805 magistri,

1108 815 1214 847 statim
1240 826 1276 848 ac
1301 816 1410 848 laurea
1435 821 1511 848 sunt
1535 815 1698 855 decorati,
1719 815 1841 858 absque

1108 867 1168 900 alia
1195 868 1375 907 electione,
1403 879 1440 901 eo
1465 868 1537 911 ipso
1563 868 1787 910 intelligantur
1811 873 1843 900 et

1108 920 1171 953 sint
1185 921 1310 964 priores
1326 921 1412 954 illius
1430 927 1613 961 conventus,
1629 921 1677 954 cui
1693 927 1768 953 sunt
1782 920 1842 953 asli-

1109 973 1195 1014 liati3
1222 973 1357 1006 aliorum
1389 980 1494 1006 autem
1520 980 1668 1017 patrum,
1693 973 1746 1017 qui
1775 984 1841 1006 non

1107 1027 1476 1069 suntmagistri‚electio
1489 1038 1552 1061 non
1564 1028 1602 1060 ad
1619 1026 1842 1060 definitorium

1107 1080 1303 1122 provinciae,
1328 1091 1388 1113 nec
1405 1081 1444 1113 ad
1462 1081 1643 1113 ministrum
1662 1079 1842 1124 provincia-

1107 1134 1181 1172 lem,
1202 1134 1258 1166 sed
1278 1135 1381 1166 solum
1400 1134 1438 1166 ad
1456 1134 1633 1177 capitulum
1654 1139 1841 1171 conventus,

1107 1186 1149 1217 ita
1166 1186 1252 1228 quod
1276 1192 1384 1229 patres
1411 1187 1498 1219 illius
1523 1193 1699 1220 conventus
1716 1197 1775 1230 per
1792 1197 1842 1219 sc-

1107 1244 1195 1272 creta
1215 1238 1367 1282 suffragia
1392 1240 1511 1282 eligere
1539 1241 1659 1273 debent
1684 1251 1757 1272 eum
1785 1240 1840 1283 qui

1106 1292 1313 1335 paternitatis
1338 1293 1424 1326 illius
1458 1299 1636 1326 conventus
1662 1293 1753 1326 titulo
1780 1292 1839 1325 frui

1105 1345 1202 1388 cupit,
1220 1351 1254 1377 nt
1272 1346 1499 1388 praescribunt
1512 1357 1621 1379 sacrae
1636 1346 1840 1379 constitutio-

1104 1408 1161 1430 nes
1175 1398 1206 1429 in
1221 1407 1292 1440 cap.
1307 1408 1337 1431 vt
1354 1399 1484 1440 regulae
1501 1398 1548 1431 tit.
1563 1409 1600 1438 11;
1616 1403 1647 1431 et
1662 1399 1840 1441 quamlibet

1103 1449 1295 1483 electionem
1314 1451 1408 1484 aliter
1429 1451 1545 1483 saetam
1563 1451 1685 1484 irritam
1699 1461 1769 1484 esse
1782 1461 1839 1484 vo-

1103 1504 1208 1536 lumus
1242 1509 1274 1536 et
1305 1504 1492 1537 invalidam.
1523 1503 1730 1537 Confirmatio
1762 1515 1837 1538 vero

1102 1557 1270 1590 electionis
1292 1563 1420 1600 patrum
1442 1562 1615 1590 conventus
1641 1557 1673 1589 in
1699 1568 1836 1591 conven-

1102 1609 1186 1643 tibus
1215 1609 1447 1652 insignioribus
1473 1610 1511 1643 ad
1537 1610 1718 1643 ministrum
1745 1621 1838 1653 gene-

1100 1663 1200 1696 ralem
1218 1668 1350 1706 spectat,
1369 1668 1400 1696 et
1424 1663 1455 1695 in
1481 1663 1552 1696 aliis
1576 1674 1652 1697 vero
1674 1664 1837 1697 conventi-

1099 1716 1158 1749 bus
1184 1716 1222 1749 ad
1248 1715 1430 1749 ministrum
1456 1716 1701 1760 provincialem,
1731 1722 1767 1749 ut
1798 1727 1835 1750 cii

1076 1778 1079 1815 ξ
1100 1775 1201 1802 const.
1228 1775 1263 1802 ut
1284 1780 1393 1813 snpra.

1143 1832 1202 1856 v11.
1228 1823 1303 1856 Cum
1328 1824 1505 1866 aliquando
1527 1824 1679 1858 diuturna
1698 1824 1835 1857 ministri

1098 1929 1257 1962 sitationis
1282 1930 1313 1962 in
1333 1931 1556 1971 conventibus,
1576 1931 1734 1964 anteactis
1754 1937 1835 1964 tem-

1098 1982 1230 2025 poribus
1254 1993 1407 2025 magnnm
1439 1984 1588 2016 intulerit
1618 1984 1696 2027 ipsis
1723 1995 1836 2026 grava-

1097 2045 1170 2068 men
1197 2046 1257 2078 pro
1279 2036 1441 2069 alimentis
1466 2042 1498 2069 et
1515 2037 1586 2069 aliis
1604 2037 1763 2079 expensis,
1784 2038 1836 2070 de-

1097 2088 1261 2121 cernimus
1296 2094 1328 2122 et
1364 2089 1532 2122 statuimus
1570 2091 1656 2133 qnod
1694 2089 1835 2124 ministri

1096 2141 1310 2184 provinciales
1345 2141 1377 2174 in
1402 2142 1662 2183 visitationibus,
1689 2143 1728 2175 ad
1754 2153 1833 2186 quas

1097 2194 1245 2237 quolibet
1271 2204 1355 2227 anno
1380 2199 1541 2236 tenentur,
1564 2196 1596 2228 in
1615 2196 1692 2238 ipsis
1709 2207 1835 2239 perma-

1096 2257 1173 2279 nere
1198 2253 1366 2290 nequeant
1389 2248 1451 2280 nisi
1471 2249 1626 2291 quamdiu
1643 2255 1757 2292 urgeat
1777 2260 1834 2283 ne·-

1095 2300 1247 2341 cessitas;
1275 2305 1306 2333 et
1340 2301 1491 2344 quamdiu
1517 2302 1699 2335 manentin
1725 2303 1832 2347 aliquo

1095 2358 1253 2386 conventu
1269 2353 1439 2394 visitando,
1463 2365 1592 2398 semper
1615 2356 1717 2389 choro
1737 2362 1767 2389 et
1784 2367 1832 2390 re—

1095 2407 1228 2439 fectorio
1243 2407 1282 2440 ad
1296 2418 1439 2440 mensam
1453 2418 1659 2442 communem
1672 2409 1831 2444 interesse

1095 2466 1266 2493 teneantur
1290 2462 1354 2493 una
1378 2471 1450 2494 cum
1481 2461 1552 2494 aliis
1578 2462 1729 2495 fratribus
1747 2490 1754 2503 ,
1781 2464 1831 2496 cui

1093 2513 1241 2545 ministro
1263 2514 1453 2556 provinciali
1473 2515 1585 2548 eteius
1606 2516 1830 2550 assistentibus

1094 2567 1179 2599 omni
1203 2578 1265 2610 qua
1291 2568 1383 2600 decet
1409 2569 1566 2602 charitate
1591 2576 1622 2602 et
1646 2570 1828 2604 urbanitate

1093 2620 1201 2653 omnia
1224 2621 1406 2654 necessaria
1428 2622 1678 2665 suppeditentur
1693 2634 1753 2666 pro
1772 2623 1829 2655 ali-

1745 234 1808 265 7353
1853 241 1902 266 Λη.
1919 240 1946 267 C.
1970 241 2036 268 1696

1870 1836 1898 1856 De
1910 1836 2030 1856 numnam

1848 1864 1934 1882 ministri
1946 1869 2030 1889 prunn-

1847 1890 1914 1909 cisiis.
