2227 3225
115 297 164 324 An.
181 295 209 323 C.
232 294 300 322 1690

899 289 1083 315 AIAExANDEn
1107 288 1164 312 VIII
1188 288 1235 312 FP.

352 342 463 374 Datum
490 341 619 380 Romae,
641 340 725 384 apud
747 340 778 373 S.
798 339 929 372 Mariam
949 338 1045 371 Maio-

1369 316 1371 319 ’
1408 335 1498 369 xxn.

308 406 386 435 rmn’
421 394 482 427 ³⁰¹³
518 395 639 427 annum
673 394 857 433 p¹³ffi¹0s¹si
892 393 943 425 ὼε
973 402 1043 425 xxm
1086 409 1305 442 Deam-antur
1343 409 1438 441 mitta
1478 409 1620 441 extensio
1657 409 1823 450 reqatiae,

309 448 378 481 iulii
403 457 521 489 tinet-tc,
549 447 756 491 pontificatus
780 447 883 479 nostri
908 457 994 478 anno
1021 456 1042 478 1.

343 511 403 538 Dat.
427 510 470 538 die
491 510 521 538 31
544 510 602 538 iulii
625 508 823 545 1690‚'p0ntif.
847 517 918 536 anno
934 515 952 535 1.

638 654 717 688 XXI.

311 736 537 771 Concedunlur
558 735 734 780 prii-ileyia
756 734 936 778 capellanis
959 744 1045 766 com-

419 789 573 822 munibus
598 788 790 821 sanctitatis
813 787 896 820 Suae
920 786 938 819 ¹.

494 869 662 896 Alexander
681 869 760 902 Papa
780 868 858 902 VIII,

449 915 487 941 ad
507 915 640 941 futuram
659 914 705 941 rei
724 914 907 941 memoriam.

366 985 463 1018 Grata
497 984 726 1018 familiaritatis
765 984 941 1027 obsequia,
968 995 1049 1027 quae

311 1038 422 1072 dilecti
448 1038 503 1070 filii
522 1038 695 1071 Ioachinus
714 1038 935 1077 Tenaceiotus,
960 1048 1051 1080 pres-

310 1091 404 1134 byter
421 1091 562 1124 Civitatis
590 1091 728 1128 Castelli‚
748 1091 925 1123 canonicus
951 1090 1051 1123 colle-

312 1144 414 1184 giatae
450 1144 610 1177 ecclesiae
647 1143 678 1176 S.
698 1143 821 1176 Nicolai
858 1143 890 1175 in
916 1142 1050 1175 Cat-cere

311 1195 458 1229 Tulliano
484 1197 523 1229 de
548 1196 655 1235 Urbe,
687 1207 723 1228 ac
749 1196 880 1229 Carolus
906 1195 1051 1228 Emidius

312 1248 494 1292 Ridolphus
513 1249 752 1289 asculanensis,
766 1249 979 1292 Hieronymus
996 1248 1053 1281 No-

311 1302 468 1335 rariensis
495 1303 674 1345 respective
700 1302 865 1334 civitatum
892 1303 939 1334 vel
966 1302 1054 1334 dioe-

312 1365 442 1394 cesum,
478 1355 616 1388 Ioannes
654 1355 837 1387 Dominieus
874 1354 1054 1387 Cozzarilus

312 1406 488 1447 Romanus,
527 1413 558 1439 et
582 1408 801 1441 Bernardinus
827 1407 964 1440 Brusetti
996 1407 1055 1440 Ye-

312 1464 417 1501 netus,
442 1459 632 1504 presbyteri,
651 1459 800 1493 moderni
826 1460 971 1502 capellae
998 1470 1055 1492 no-

313 1518 398 1545 strae
438 1512 624 1556 pontificiae
663 1513 840 1556 capellani,
881 1513 1054 1545 sarmium-es

315 1565 432 1606 nostri,
461 1565 556 1598 nobis
582 1571 613 1598 et
638 1566 847 1609 Apostolicae
872 1566 946 1598 Sedi
977 1566 1055 1598 liac-

314 1625 407 1652 tenus
431 1620 676 1663 impenderunt,
704 1624 736 1652 et
766 1619 873 1651 adhuc
906 1618 1055 1651 sollicitis

314 1672 429 1705 studiis
448 1673 636 1716 impendere
654 1683 719 1705 non
738 1672 908 1710 desistunt,
926 1682 1055 1704 necnon

314 1726 397 1758 vitae
423 1736 459 1758 ac
484 1736 610 1759 morum
637 1726 803 1765 honestas,
840 1725 967 1768 aliaque
992 1726 1058 1757 lau-

316 1778 439 1811 dabilia
474 1778 645 1822 probitatis
682 1784 714 1810 et
744 1779 897 1810 virtutum
933 1778 1057 1816 merita,

316 1831 432 1873 quibus
465 1842 577 1864 eorum
614 1841 770 1874 personas
808 1836 870 1863 tam
907 1831 1056 1863 familiari

317 1884 521 1926 experientia
543 1895 636 1927 quam
669 1884 764 1917 etiam
791 1884 852 1916 fide
887 1884 1058 1925 dignorum

319 1937 515 1970 testimoniis
540 1937 641 1969 iuvari
675 1937 893 1980 percipimus,
925 1947 983 1969 nos
1011 1937 1058 1968 in-

317 1991 440 2024 ducunt
475 1995 510 2023 ut
545 1990 608 2023 illis
645 1991 820 2023 reddamur
851 1990 891 2023 ad
922 1990 1057 2033 gratiam

317 2042 483 2076 liberales.

363 2096 445 2128 Ilinc
470 2101 518 2129 est
555 2096 663 2139 (quae
698 2100 881 2139 sequuntur
915 2095 988 2128 vide
1025 2095 1058 2128 in

318 2148 463 2182 laudatis
481 2149 763 2181 constitutionibus
780 2149 889 2181 citatis
911 2149 1000 2190 infra
1024 2149 1057 2180 in

317 2203 393 2235 nolti
410 2201 452 2234 ad
468 2202 666 2245 rubricam).

362 2255 477 2287 Datum
499 2255 630 2296 Romae,
656 2255 742 2298 apud
767 2255 798 2288 S.
819 2255 949 2287 Mariam
968 2255 1060 2287 Maio-

319 2319 402 2348 rem,
424 2308 483 2340 sub
509 2309 632 2341 annulo
650 2308 833 2347 piscatoris,
851 2308 903 2340 die
919 2318 941 2341 11
963 2318 1060 2350 augu-

320 2360 361 2393 sti
387 2370 507 2401 Mnexc,
534 2360 747 2404 pontificatus
773 2360 879 2394 nostri
908 2371 995 2393 anno
1021 2371 1043 2394 1.

355 2421 415 2450 Dat.
435 2423 480 2450 die
500 2423 516 2449 2
535 2423 642 2458 augusti
669 2423 745 2457 1690,
768 2423 867 2458 pontif.
883 2429 989 2451 annot.

358 2603 368 2630 1
388 2601 455 2630 Huic
469 2603 570 2630 similes
586 2607 647 2630 sunt
667 2607 752 2630 const.
771 2602 919 2630 innocentii
935 2601 979 2633 XI,
997 2601 1060 2628 edit.

322 2653 453 2680 Moetxxx,
474 2648 517 2675 die
540 2648 570 2675 13
591 2648 690 2678 martii,
709 2649 804 2683 pontif.
826 2654 863 2680 tr,
884 2651 909 2673 et
928 2648 1062 2674 Innocen-

323 2692 351 2720 tii
369 2691 409 2718 ΧΗ
427 2691 490 2719 ριΜ.
509 2699 639 2727 amenum,
655 2693 696 2719 die
713 2693 726 2718 4
743 2692 905 2726 decembris,
923 2692 1016 2727 pon'il'.
1034 2698 1061 2719 tl.
1082 2711 1085 2720 .

1130 467 1273 505 quatuor
1296 463 1538 505 propositiones,
1557 467 1584 495 et
1607 461 1737 504 reliqua
1760 472 1829 504 per-

1132 521 1205 548 acta
1222 527 1241 548 α
1263 516 1353 550 Ctero
1372 516 1544 549 Gallicano
1560 516 1595 548 in
1613 519 1641 548 et
1665 520 1756 547 extra
1780 525 1829 547 co-

1132 570 1229 602 mitia
1249 580 1304 602 an.
1332 579 1502 603 noctxxxu
1526 568 1548 602 ¹.

1280 649 1447 676 Alexander
1468 649 1546 682 Papa
1566 648 1645 680 vm,

1210 695 1246 722 ad
1264 698 1440 729 perpetuam
1460 694 1506 721 rei
1528 694 1710 721 memoriam.

1133 766 1220 799 Inter
1239 765 1432 809 multiplices
1456 765 1629 809 pastoralis
1655 765 1750 798 officii
1776 775 1830 799 no-

1091 820 1148 853 stri
1173 830 1277 859 curas,
1303 820 1419 863 quibus
1440 819 1559 862 iugiter
1582 819 1773 862 premImur‚
1797 819 1830 852 in

1091 875 1179 907 illam
1214 873 1372 917 peculiari
1409 873 1514 905 studio
1547 872 1774 912 incumbimus,
1800 878 1833 905 ut

1093 928 1295 971 Apostolicae
1307 926 1397 959 Sedis
1407 937 1442 958 ac
1454 924 1658 959 universalislt
1669 926 1832 959 Ecclesiae

1092 991 1218 1014 necnon
1255 980 1351 1013 etiam
1384 979 1585 1022 singularum
1623 980 1832 1012 ecclesiarum

1092 1035 1161 1067 iura
1184 1034 1304 1077 ubique
1331 1038 1417 1066 sarta
1438 1038 1519 1066 tecta
1548 1044 1583 1066 ac
1601 1033 1726 1066 illibata
1752 1034 1833 1066 tueri

1093 1093 1124 1120 et
1140 1098 1349 1126 conservare,
1369 1097 1472 1129 eaque
1490 1087 1644 1119 adversus
1661 1096 1835 1129 quaecum-

1093 1151 1168 1184 que,
1193 1151 1252 1183 per
1276 1151 1358 1183 quae
1386 1140 1450 1172 illis
1486 1140 1608 1183 aliquid
1644 1140 1832 1173 detrimenti

1094 1193 1206 1226 inferri
1226 1198 1338 1236 potest,
1357 1193 1474 1225 tradita
1494 1193 1588 1226 nobis
1607 1192 1761 1226 divinitus
1780 1204 1836 1236 po-

1096 1252 1208 1279 testate
1223 1246 1404 1279 vindicare³
1417 1252 1610 1288 satagamus,
1630 1247 1721 1287 sieut,
1737 1247 1838 1279 omni·

1095 1300 1155 1331 bus
1179 1305 1303 1331 mature
1330 1309 1365 1330 ac
1392 1298 1501 1331 debite
1520 1300 1676 1342 pensatis,
1696 1299 1838 1332 iustitiae

1097 1363 1131 1384 ac
1157 1351 1275 1385 rationi
1302 1357 1562 1385 consentaneum
1588 1363 1658 1385 csse
1684 1352 1715 1384 in
1735 1353 1840 1386 Domi-

1097 1415 1138 1438 no
1164 1405 1371 1438 arbitramur.

1140 1458 1154 1501 ξ
1179 1458 1210 1490 ’1.
1233 1457 1310 1490 Cum
1327 1458 1447 1501 itaque,
1466 1468 1503 1490 ex
1529 1468 1592 1500 quo
1614 1458 1753 1500 primum
1779 1458 1840 1490 hu-

1098 1511 1266 1544 militatem
1295 1516 1441 1544 nostram
1474 1511 1678 1544 inscrutabili
1712 1511 1838 1544 divinae

1098 1575 1175 1597 suae
1210 1564 1435 1607 providentiae
1473 1574 1593 1597 arcano
1622 1565 1653 1596 in
1687 1567 1841 1607 suprema

1098 1618 1265 1651 militantis
1298 1618 1463 1651 Ecclesiae
1501 1620 1634 1661 specula
1669 1618 1842 1651 collocavit

1100 1671 1290 1711 Altissixiiiis,
1309 1681 1386 1714 prae
1405 1671 1532 1711 ceteris,
1553 1682 1633 1713 quae
1654 1671 1841 1714 pontificiae

1099 1730 1226 1758 nostrae
1252 1725 1464 1757 sollicitudini
1491 1735 1560 1756 sese
1587 1724 1748 1762 obtulere,
1789 1734 1843 1756 ue-

1100 1779 1207 1820 gomis,
1235 1779 1290 1811 illa
1316 1778 1348 1810 in
1374 1777 1487 1821 primis
1513 1778 1700 1820 gravissima
1726 1789 1761 1810 ac
1788 1788 1842 1810 no-

1099 1831 1149 1863 bis
1168 1858 1175 1871 ‚
1203 1831 1256 1874 qui
1291 1831 1490 1863 carissimum
1527 1831 1558 1862 in
1584 1830 1712 1863 Christo
1737 1830 1840 1863 filium

1100 1889 1245 1916 nostrum
1272 1883 1469 1916 Ludovieum
1495 1883 1693 1916 Francorum
1728 1894 1839 1925 regem

1100 1936 1403 1969 christianissimum
1423 1942 1455 1969 et
1474 1936 1740 1969 florentissimum
1753 1937 1842 1969 illius

1101 2000 1237 2033 regnum
1257 1990 1288 2022 in
1308 1990 1484 2023 visceribus
1503 1990 1647 2032 gerimus
1665 1989 1842 2030 charitatis,

1101 2044 1299 2086 permolesta
1323 2048 1354 2076 et
1378 2044 1476 2086 plane
1500 2044 1619 2076 acerba
1653 2042 1843 2081 acciderint,

1102 2107 1182 2140 quae
1208 2097 1272 2129 sive
1299 2096 1450 2128 adversus
1475 2095 1553 2129 dicti
1578 2095 1671 2138 regni
1696 2095 1845 2128 ecclesia-

1102 2161 1172 2182 rum
1194 2149 1273 2188 iura,
1299 2149 1363 2181 sive
1389 2149 1544 2181 adversus
1570 2149 1707 2182 Romani
1733 2149 1844 2182 Ponti-

1102 2202 1170 2235 ficis
1196 2207 1227 2235 et
1251 2202 1412 2234 Ecclesiae
1431 2201 1601 2234 universae
1619 2202 1844 2234 auctoritatem

1102 2256 1253 2288 nonnulli
1278 2255 1482 2288 venerabiles
1515 2256 1631 2288 fratres
1665 2255 1845 2298 archiepis-

1103 2309 1187 2352 copi,
1216 2308 1361 2352 episcopi
1389 2314 1420 2340 et
1445 2308 1499 2341 alii
1518 2308 1663 2341 eiusdem
1683 2308 1774 2351 regni
1793 2318 1845 2340 ec-

1103 2362 1277 2394 clesiastici
1303 2361 1362 2393 viri
1388 2361 1419 2394 in
1439 2361 1577 2394 comitiis
1596 2361 1674 2394 cleri
1694 2361 1843 2404 gallicani

1141 2425 1148 2450 1
1182 2423 1321 2450 Declarata
1350 2423 1427 2450 suere
1455 2423 1531 2450 nulla
1559 2427 1618 2449 acta
1647 2423 1750 2449 consilii
1778 2423 1847 2456 regii

1104 2468 1234 2495 Castellae
1249 2467 1282 2495 ab
1293 2467 1443 2494 innocentii
1456 2467 1492 2493 XI
1504 2471 1590 2494 const.
1603 2467 1667 2494 edit.
1680 2473 1844 2497 nocturni,

1104 2514 1147 2540 die
1161 2514 1195 2540 ‘28
1210 2513 1375 2546 novembris,
1391 2512 1486 2548 pontif.
1503 2519 1542 2546 111,
1559 2516 1585 2539 et
1605 2512 1708 2539 nullum
1729 2512 1845 2538 edictum

1104 2558 1237 2593 praetoris
1251 2557 1441 2584 Cremonensis
1461 2557 1494 2583 ab
1508 2557 1657 2583 Innocentii
1673 2555 1716 2582 xit
1737 2556 1843 2582 constit.

1104 2602 1168 2628 edit.
1191 2608 1322 2634 moment,
1343 2602 1386 2629 die
1409 2603 1417 2627 l
1441 2601 1613 2636 septembris,
1635 2599 1728 2636 pontif.
1746 2605 1774 2626 11.

1139 2647 1155 2673 ἴ..)
1176 2647 1245 2672 Edit.
1266 2646 1344 2673 Main.
1365 2646 1428 2680 legit
1448 2646 1608 2672 universali
1630 2651 1665 2679 tn.
1686 2644 1734 2674 ixl.

1139 2693 1154 2719 3
1174 2691 1240 2718 Male
1261 2691 1324 2717 elit.
1348 2690 1427 2717 lIain.
1451 2691 1512 2725 legit
1535 2690 1683 2716 vindicata.
1705 2695 1731 2723 (Β
1759 2689 1808 2722 Τ.)-

1747 278 1787 312 ὓ7
1834 289 1882 315 An.
1899 287 1927 315 c.
1950 289 2018 316 1690

1866 777 2007 801 Prooemium.

1873 1469 1960 1489 Peracta
1972 1468 1991 1487 in
2002 1473 2035 1488 co-

1850 1499 1913 1515 mihis
1929 1499 1948 1514 et
1964 1498 2028 1515 enta.
