2254 3225
222 212 270 238 An.
292 211 320 238 c.
340 212 404 238 1093
450 204 513 237 556

415 314 515 357 pisset
535 314 567 347 in
592 315 699 358 aliqua
724 316 907 349 studiorum
933 317 1151 357 universitate,

416 367 466 400 vel
490 367 523 400 in
548 368 687 410 collegio
711 368 742 401 S.
766 368 941 402 Clementis
968 370 1152 403 Bononien-

418 419 462 452 sis
488 431 549 464 per
572 421 677 454 bonae
702 423 880 455 memoriae
913 423 1074 465 AEgidium
1101 423 1153 454 Al-

415 473 613 513 bernothun,
638 474 713 506 dum
738 474 839 515 vixit,
866 475 897 507 S.
923 475 959 507 R.
988 475 1023 507 E.
1050 474 1174 507 cardi-³

415 527 522 559 nalem
547 526 691 566 fundato,
716 531 814 569 prout
845 528 878 559 in
915 527 1031 560 litteris
1060 534 1174 569 reco-[

415 577 531 613 lendae
556 579 731 612 memoriae
756 579 833 612 Sixti
859 579 894 611 IV
920 585 951 612 et
981 579 1097 612 Leonis
1127 579 1151 611 X

415 631 633 665 Romanorum
659 631 848 665 Pontificum
866 633 1152 676 praedecessorum

414 685 539 726 pariter
582 690 767 718 nostrorum
812 685 955 728 desuper
994 684 1152 718 emanatis

413 794 521 822 autem
547 800 630 824 novo
655 801 758 834 regno
784 791 972 824 Granatensi
1009 792 1098 824 nulla
1122 802 1152 824 a·

414 843 521 877 desset
543 844 733 878 universitas
760 845 941 879 studiorum
966 851 1028 878 tam
1046 856 1152 878 sacro-

413 907 486 930 rum
523 908 685 931 canonum
725 904 755 932 et
790 899 870 932 iuris
915 899 1017 932 civilis
1057 909 1149 942 quam

412 950 616 994 theologiae,
642 956 673 984 ct
708 953 926 996 propinquior
960 952 1151 986 universitas

413 1014 484 1037 esse
510 1004 542 1038 in
568 1004 694 1038 civitate
720 1006 851 1038 Limana
877 1006 969 1048 regni
1001 1005 1150 1046 Peruani,

414 1067 497 1100 quae
523 1068 581 1101 per
605 1057 799 1101 quingentas
827 1069 843 1091 a
868 1058 898 1090 S.
927 1058 1015 1091 Fidei
1038 1063 1069 1091 et
1093 1068 1151 1101 per

413 1115 575 1143 trecentas
600 1123 617 1145 a
642 1110 808 1149 Quintensi
849 1111 1031 1144 civitatibus
1060 1121 1151 1154 prae-

411 1163 484 1196 fatis
510 1164 619 1196 leucas
644 1165 823 1207 respective
859 1164 1018 1204 distabat3
1047 1169 1078 1197 et
1104 1164 1149 1196 di-

411 1216 487 1250 lecti
512 1217 642 1260 quidem
672 1217 729 1250 filii
762 1217 871 1250 clerici
903 1217 1069 1260 regulares
1103 1217 1150 1250 di-

411 1275 481 1303 ctae
524 1269 694 1303 Societatis
736 1271 769 1302 in
809 1270 930 1303 eisdem
971 1269 1170 1311 civitatibusj

411 1322 581 1361 Quintensi
608 1329 639 1357 et
663 1324 694 1356 S.
722 1324 810 1357 Fidei
837 1330 921 1357 artes
952 1329 983 1356 et
1017 1324 1147 1357 theolo-

413 1376 499 1418 giam
526 1377 696 1416 docerent,
725 1388 761 1410 ac
788 1375 993 1420 praesectus¹
1027 1377 1150 1410 studio-

412 1439 483 1461 rum
508 1429 641 1470 ibidem,
655 1430 764 1472 vigore
783 1430 940 1463 facultatis
959 1441 976 1462 a
994 1430 1066 1473 piae
1082 1440 1149 1463 me-

412 1481 535 1515 moriae
554 1482 711 1525 Gregorio
730 1483 788 1515 PP.
805 1483 872 1516 XIII
895 1483 991 1516 etiam
1011 1483 1150 1526 praede·
1168 1497 1170 1500 ·

413 1544 544 1568 cessere
558 1540 673 1568 nostro
685 1546 746 1579 per
761 1536 916 1578 quasdam
931 1546 1004 1568 suas
1023 1536 1148 1568 litteras

412 1587 605 1631 incipientes
641 1588 773 1627 Quanta
807 1589 843 1621 in
871 1589 965 1621 vinea
993 1589 1169 1627 Domini„

412 1651 498 1674 anno
517 1641 750 1675 Incarnationis
776 1641 955 1675 dominicae
984 1652 1148 1676 MDLxxvul

412 1705 442 1728 tx
467 1694 540 1727 maii
559 1700 719 1728 emanatas
745 1705 928 1735 concessae,
942 1701 1148 1738 promoveret

412 1748 450 1780 ad
466 1748 583 1789 gradus
601 1748 833 1791 philosophiae
848 1753 880 1781 et
900 1748 1097 1790 theologiae,
1113 1758 1149 1780 ac

411 1801 554 1833 lauream
581 1800 738 1840 doctoris,
765 1800 922 1833 licentiati
949 1806 980 1834 et
1004 1801 1170 1843 magistri

412 1853 670 1896 quibuscumque
696 1853 728 1885 in
754 1853 876 1887 scholis
903 1854 1062 1887 dictorum
1088 1854 1170 1887 601-Ἰ

411 1907 574 1949 legiorum
598 1907 802 1940 studentibus
832 1908 1010 1947 conferret,
1039 1918 1149 1941 verum

413 1959 489 1992 dicti
514 1959 682 1992 studentes
707 1970 725 1992 a
744 1960 891 2003 praefato
905 1960 1069 2004 praesecto
1090 1966 1150 1993 stu-

413 2012 541 2044 diorum
565 2012 609 2045 ita
633 2013 782 2055 graduati
809 2018 841 2045 et
865 2014 1010 2053 laureati,
1035 2013 1060 2046 si
1085 2015 1150 2047 vel-

411 2066 482 2098 lent
505 2076 700 2099 concurrere
726 2067 765 2099 ad
783 2067 990 2100 canonicatus
1010 2073 1040 2101 et
1057 2078 1150 2111 prae-

413 2119 536 2152 bendas
561 2120 744 2154 doctorales
758 2121 806 2154 vel
820 2121 1023 2164 magistrales
1043 2131 1150 2165 supra-

414 2173 570 2206 dictarum
595 2174 830 2207 cathedralium
856 2175 1074 2216 ecclesiarum,
1093 2186 1151 2218 op-

413 2226 611 2269 positionem
628 2227 795 2267 haberent,
809 2228 866 2260 sub
881 2233 1050 2272 praetextu
1064 2228 1149 2272 quod

413 2289 481 2312 non
506 2285 614 2313 essent
637 2280 725 2313 iuxta
750 2281 851 2314 dictas
875 2281 953 2314 Sixti
979 2287 1010 2314 et
1034 2282 1150 2314 Leonis

412 2332 704 2376 praedecessorum
736 2333 861 2366 litteras
887 2333 920 2366 in
949 2334 1150 2367 universita-

413 2385 512 2426 tibus,
539 2387 589 2419 vel
613 2385 646 2418 in
671 2386 757 2419 dicto
784 2387 921 2429 collegio
946 2387 977 2420 S.
1005 2387 1150 2421 Clemen-

413 2439 455 2472 tis
492 2438 708 2471 Bononiensis
743 2439 888 2481 graduali
905 2467 914 2481 ,
941 2445 971 2473 et
995 2441 1048 2474 alii
1074 2452 1150 2475 con-

414 2497 585 2526 currentes
617 2491 739 2524 idcirco
764 2491 836 2525 illos
866 2503 884 2525 a
912 2503 1072 2526 concursu
1097 2505 1151 2526 ex-

413 2546 546 2580 cludere
571 2545 745 2588 tentarent>
779 2545 853 2578 iude
885 2545 982 2578 tiebat
1014 2552 1049 2579 ut
1081 2552 1148 2580 stu-

450 2610 461 2636 l
481 2607 554 2636 Edit.
575 2606 654 2635 Mam.
677 2607 741 2643 legit
757 2607 917 2642 praefectos
938 2609 976 2643 (n.
994 2609 1042 2642 Τ.).

989 216 1168 240 BULLAmuu
1192 216 1348 241 Romanum

415 263 513 300 ratus,
539 261 763 295 licentiaturae
786 263 836 296 vel
862 263 1040 306 magisterii
1062 274 1152 297 acce·
1171 266 1173 286 ⁵

1194 265 1306 298 dentes
1326 264 1401 297 dicti
1420 264 1492 297 novi
1514 264 1605 307 regni
1622 263 1843 305 Granatensis,
1862 274 1926 307 quo

1172 318 1346 359 igradibus
1372 317 1555 350 huiusmodi
1581 318 1826 358 decorarentur,
1856 318 1928 350 lon-

1194 380 1267 412 gum
1294 370 1356 402 iter
1381 371 1418 403 ad
1445 375 1655 403 memoratam
1683 370 1928 404 universitatem

1195 422 1368 461 Limanam,
1383 422 1564 455 civitatibus
1589 422 1762 465 praedictis
1788 428 1824 456 ut
1839 433 1928 466 prae-

1194 475 1298 507 fertur
1328 475 1613 518 propinquiorem,
1643 476 1824 519 suscipere,
1854 487 1924 509 ma-

1195 537 1341 571 gnosque
1363 534 1506 571 sumptus
1525 529 1640 569 facere,
1659 539 1695 561 ac
1709 529 1804 561 etiam
1821 529 1928 562 multis

1195 581 1290 614 maris
1309 586 1477 624 terraeque
1495 581 1648 625 periculis
1665 592 1699 615 se
1716 592 1750 615 se
1765 592 1929 625 exponere

1194 639 1411 675 cogerentur;
1446 640 1477 667 et
1515 635 1547 667 iu
1574 634 1686 667 eadem
1725 634 1930 678 expositione

1171 726 1173 729 ι
1194 687 1378 727 subiuncto,
1405 688 1490 731 quod
1516 688 1705 731 praedictus
1731 688 1795 722 Leo
1827 698 1930 731 prae-

412 737 547 770 uberius
582 737 749 771 dicebatur
788 738 970 778 contineri,
996 738 1030 770 in
1067 731 1173 771 dicto²

1194 740 1349 774 decessor
1362 740 1564 784 supradictas
1574 740 1651 773 Sixti
1663 741 1929 784 praedecessoris

1194 792 1329 834 litteras,
1357 804 1438 836 quae
1463 794 1501 826 ad
1527 794 1697 836 graduatos
1717 793 1749 826 in
1773 793 1930 827 universi-

1194 847 1313 880 tatibus
1337 848 1513 880 studiorum
1547 848 1710 881 restrictae
1745 853 1857 888 crant,
1889 848 1930 881 ad

1194 901 1371 942 graduatos
1396 899 1428 932 iu
1455 900 1540 933 dicto
1566 900 1707 942 collegio
1732 899 1763 933 S.
1783 899 1930 933 Clemen-

1194 953 1233 985 tis
1263 952 1479 986 Bononiensis
1512 954 1720 993 extenderat,
1748 953 1826 986 dicti
1853 963 1929 986 vero

1192 1011 1334 1039 rectores
1365 1006 1577 1048 collegiorum
1609 1011 1640 1039 et
1672 1005 1827 1049 praefecti
1857 1011 1930 1038 stu-

1193 1058 1317 1092 diorum
1344 1060 1528 1092 earumdem
1550 1059 1714 1092 civitatum
1732 1059 1859 1092 easdem
1878 1059 1930 1092 lit-

1192 1117 1276 1145 teras
1305 1112 1344 1145 ad
1380 1113 1555 1154 graduatos
1589 1112 1621 1145 in
1655 1112 1748 1145 dictis
1780 1112 1927 1154 collegiis

1191 1165 1336 1204 Quitensi
1364 1171 1394 1199 et
1412 1165 1443 1198 S.
1466 1166 1554 1199 Fidei
1573 1166 1694 1209 pariter
1714 1165 1844 1199 extendi
1861 1166 1929 1209 plu-

1192 1218 1308 1250 rimum
1335 1218 1573 1258 desiderabant,
1601 1229 1666 1262 quo
1697 1218 1728 1251 in
1755 1218 1805 1251 his
1829 1219 1930 1252 colle-

1192 1271 1252 1312 giis
1278 1270 1412 1303 laureati
1439 1276 1470 1303 et
1495 1271 1640 1313 graduati
1660 1271 1698 1304 ad
1719 1270 1928 1304 canonicatus

1192 1329 1224 1356 et
1247 1324 1452 1367 praebendas
1478 1324 1661 1357 doctorales
1677 1328 1709 1356 et
1725 1323 1929 1366 magistrales

1192 1377 1374 1420 praedictos
1414 1387 1607 1410 concurrere
1647 1377 1815 1409 valerent:
1842 1376 1928 1409 idem

1191 1429 1340 1462 Clemens
1366 1430 1611 1473 praedecessor,
1636 1429 1928 1472 supplicationibus

1191 1483 1350 1516 dictorum
1377 1489 1537 1516 rectorum
1563 1488 1592 1515 et
1613 1483 1853 1526 praefectorum
1874 1494 1928 1516 no·

1191 1537 1276 1569 mine
1301 1536 1362 1569 sibi
1389 1547 1487 1580 super
1506 1537 1567 1569 hoc
1586 1537 1753 1569 humiliter
1770 1537 1927 1579 porrectis

1190 1589 1377 1628 inclinatus,
1393 1589 1581 1622 auctoritate
1600 1589 1780 1632 apostolica
1794 1589 1930 1622 indulsit

1191 1648 1221 1675 et
1247 1642 1423 1675 declaravit
1452 1648 1486 1674 ut
1519 1642 1652 1675 laureati
1685 1643 1718 1674 in
1754 1642 1929 1686 praedictis

1191 1695 1338 1738 collegiis
1364 1695 1531 1728 Societatis
1563 1695 1652 1735 lesu,
1686 1695 1790 1728 donec
1822 1695 1929 1739 aliqua

1191 1748 1321 1791 publica
1362 1749 1554 1781 universitas
1598 1748 1777 1791 proximior
1823 1754 1930 1782 erecta

1191 1802 1313 1843 suisset,
1339 1812 1374 1834 ac
1398 1802 1423 1835 si
1449 1802 1480 1834 in
1506 1802 1646 1844 publicis
1665 1801 1929 1835 universitatibus

1192 1861 1403 1888 censerentur
1439 1855 1586 1895 laureati,
1621 1855 1762 1897 ideoque
1794 1865 1928 1897 capaces

1192 1909 1232 1941 ad
1257 1908 1434 1941 obtinenda
1448 1918 1674 1951 quaecumque
1691 1906 1851 1940 beneficia
1868 1908 1930 1940 ltu-

1192 1961 1330 1994 iusmodi
1356 1961 1492 2003 gradum
1521 1961 1670 2004 publicae
1708 1960 1928 1993 universitatis

1192 2014 1231 2046 ad
1257 2014 1492 2057 praescriptum
1514 2013 1787 2046 constitutionum
1803 2018 1930 2056 aposto-

1192 2066 1325 2100 licarum
1351 2071 1383 2099 et
1402 2066 1501 2098 sancti
1521 2065 1658 2099 ConciIIi
1677 2065 1854 2099 Tridentini
1878 2076 1930 2098 re-

1193 2119 1358 2163 quirentia
1373 2119 1607 2159 redderentur·‚
1624 2124 1654 2151 et
1673 2119 1759 2158 alias
1778 2124 1875 2161 prout
1895 2119 1927 2151 in

1192 2172 1337 2206 eiusdem
1373 2171 1548 2206 Clementis
1582 2171 1843 2214 praedecessoris
1878 2171 1928 2205 lit-

1192 2227 1270 2260 teris
1307 2226 1449 2268 desuper
1485 2225 1517 2257 in
1552 2225 1649 2257 simili
1683 2224 1784 2257 forma
1819 2225 1928 2258 Brevis

1192 2280 1242 2313 die
1268 2290 1326 2312 xxx
1343 2279 1416 2312 maii
1437 2288 1595 2312 unetxxtv
1611 2277 1775 2320 expeditiS,
1791 2288 1927 2321 quarum

1192 2339 1338 2366 tenorem
1364 2331 1589 2375 praesentibus
1613 2341 1674 2374 pro
1699 2331 1795 2373 plene
1816 2335 1847 2363 et
1866 2331 1929 2363 suf-

1192 2386 1337 2419 ficienter
1361 2385 1521 2428 expressis
1547 2390 1579 2417 et
1595 2384 1724 2417 insertis
1744 2384 1858 2417 haberi
1871 2394 1928 2418 vo-

1192 2441 1306 2480 lumus,
1330 2440 1462 2472 uberius
1488 2438 1685 2471 continetur.

1236 2494 1250 2536 ᾖ
1276 2493 1306 2525 ἵῖ.
1322 2493 1399 2525 Cum
1418 2497 1535 2532 autem,
1558 2491 1642 2523 sicut
1655 2491 1767 2524 dilecti
1785 2491 1842 2525 filii
1860 2501 1926 2525 mo-

1192 2546 1282 2579 derni
1308 2551 1449 2578 rectores
1481 2549 1512 2577 et
1544 2543 1719 2588 praesecti¹
1744 2544 1924 2578 studiorum

1228 2610 1237 2635 1
1258 2608 1306 2635 Ed.
1319 2608 1393 2635 Main.
1409 2608 1472 2642 legit
1482 2607 1614 2642 praefati
1624 2608 1819 2643 propraefecli
1833 2608 1924 2644 (Rs->0

1934 216 1985 246 ΑΙ.
2012 218 2040 247 (ἶ.
2055 217 2128 245 1693

1963 2499 2031 2520 Causa
2049 2498 2122 2521 dicta·

1936 2526 2087 2546 declarationi·
2100 2528 2123 2548 οι

1935 2553 2086 2579 ampliationls.
