2254 3225
275 228 324 257 An.
344 228 372 255 C.
396 228 462 256 1693

317 2133 454 2155 Confirmatio

283 2160 440 2191 praedictorum

271 2192 370 2208 omnium·

507 219 570 254 518

466 277 650 319 praestandi
676 277 850 321 impeditus
882 278 996 318 suerit,
1021 278 1089 310 eius
1121 287 1196 310 con-

465 329 600 363 scientia
620 331 759 375 desuper
779 331 981 364 strictissime
999 332 1152 370 onerata3

509 393 552 416 lv.
579 383 706 417 lndulta
731 387 825 417 causa
849 384 959 424 studii,
986 394 1045 427 pro
1072 385 1197 417 lucran-

466 435 515 468 dis
541 436 699 469 fructibus
724 437 900 477 dumtaxat,
927 447 987 469 nec
1012 436 1106 468 aliter
1138 444 1197 478 pro

465 489 629 523 lucrandis
661 489 942 523 distributionibus
982 487 1198 532 quotidianis,

466 552 535 575 esse
560 543 777 583 concedenda,
803 553 899 585 quam
932 552 991 584 pro
1024 539 1169 574 ecclesiis
1188 566 1195 579 ,

466 605 603 638 quarum
627 595 772 628 redditus
794 595 977 628 consistunt
1001 594 1051 627 vel
1069 593 1101 626 in
1121 592 1198 626 solis

466 648 750 681 distributionibus
761 647 969 691 quotidianis,
981 648 1028 679 vel
1040 646 1072 679 in
1085 645 1197 679 iisdem

466 700 750 733 distributionibus
776 701 912 733 unsieum
948 699 1109 743 aliquibus
1134 699 1200 731 sru-

466 753 570 786 etibus
586 754 690 786 tenuis
704 753 921 797 praebendae,
945 753 1073 795 dempta
1093 757 1199 784 tamen

467 806 561 838 tertia
579 811 677 849 parte,
701 817 784 849 quae
806 805 1076 839 interessentibus
1097 814 1200 838 accre-

464 863 550 898 scat;
577 868 637 890 nec
662 857 783 901 pariter
808 858 1017 896 concedenda
1042 858 1125 890 ultra
1146 857 1201 890 tri-

466 910 607 950 ennium,
633 921 739 954 neque
764 911 940 944 maioribus
966 911 1079 953 viginti
1108 910 1201 954 quin-

465 974 526 1006 que
552 964 663 1004 annis,
690 955 857 1008 quinimo,
883 964 1070 997 huiusmodi
1096 969 1199 997 aetate

464 1016 725 1061 vigintiquinque
740 1028 899 1050 annorum
913 1017 1071 1061 exceptet',
1087 1017 1200 1050 eadem

465 1069 598 1110 indulta,
623 1070 699 1103 licet
723 1070 809 1103 idem
827 1070 1003 1103 triennium
1023 1070 1129 1103 adhuc
1147 1080 1201 1103 ex-

464 1123 587 1165 pletum
614 1133 678 1155 non
704 1123 810 1164 suerit,
837 1123 1004 1167 expirare3

508 1185 538 1208 v.
565 1175 682 1209 Omnes
704 1176 844 1219 denique
870 1177 1030 1210 habentes
1051 1176 1175 1209 indulta
1190 1203 1197 1217 ‚

463 1237 523 1271 pro
544 1228 680 1271 singulis
706 1229 819 1262 diebus
845 1235 878 1262 et
902 1229 1001 1269 horis,
1023 1229 1139 1272 quibus
1156 1239 1201 1261 ra-

465 1281 552 1315 tione
577 1282 697 1315 servitii
722 1282 753 1314 in
780 1293 892 1315 eorum
924 1282 1115 1315 muneribus
1144 1292 1199 1315 seu

464 1333 576 1367 officiis
615 1334 785 1367 actualiter
824 1334 1011 1377 praestandi
1051 1334 1199 1378 impediti

465 1387 606 1427 suerint,
632 1387 739 1420 adhuc
771 1398 839 1420 esse
872 1387 1073 1430 punctandos
1106 1387 1200 1420 toties

465 1439 592 1482 quoties
617 1439 773 1472 ecclesiae
798 1450 854 1472 seu
879 1440 980 1473 choro
1011 1450 1076 1473 non
1102 1440 1199 1473 inter-

465 1492 602 1532 suerint,
621 1492 676 1525 sed
702 1492 733 1525 in
749 1492 895 1535 qualibet
913 1493 1121 1526 hebdomada
1141 1494 1201 1525 liu-

465 1544 606 1579 iusmodi
632 1550 752 1588 puncta
777 1556 871 1588 posse
897 1551 928 1578 et
956 1546 1075 1579 debere
1097 1546 1199 1579 deleri

465 1609 521 1631 seu
537 1598 606 1632 tolli
620 1609 680 1641 pro
695 1598 759 1631 illis
773 1603 896 1631 tantum
912 1598 1027 1631 diebus
1046 1604 1077 1632 et
1097 1599 1199 1640 horis,

465 1650 581 1694 quibus
610 1650 775 1684 indultarii
807 1651 1020 1693 allegaverint
1051 1652 1197 1694 particu-

464 1703 544 1736 laria
569 1703 800 1746 impedimenta
825 1704 949 1736 ratione
988 1714 1099 1737 eorum
1131 1715 1200 1737 mu-

464 1765 591 1797 nerum,
616 1767 726 1789 eorum
751 1757 949 1789 conscientia
974 1757 1201 1799 desuperstri-

465 1809 607 1842 ctissime
647 1812 804 1842 onerata:
832 1815 863 1842 et
901 1809 984 1842 circa
1010 1810 1197 1843 huiusmodi

465 1862 772 1905 impedimentorum
821 1863 1029 1895 relevantiam
1076 1863 1198 1896 iudicio

464 1914 589 1958 proprii
615 1914 724 1947 vicarii
750 1915 922 1947 cuiuslibet
953 1915 1106 1949 ecelesiae
1128 1944 1134 1956 ‚
1167 1916 1197 1948 in

464 1967 605 2000 ecelesiis
632 1977 716 2007 vero,
741 1967 794 1999 ubi
824 1978 888 2000 non
903 1968 994 2001 adest
1015 1969 1198 2002 huiusmodi

464 2019 614 2060 vicarius,
642 2020 761 2053 iudicio
781 2021 937 2064 dignioris
959 2022 1105 2055 canonici
1128 2033 1197 2055 esse

465 2073 688 2106 deserendum.

509 2126 524 2168 ξ
547 2126 578 2158 3.
605 2126 700 2159 Facta
719 2137 778 2170 per
803 2138 853 2160 me
879 2128 1119 2172 infrascriptum
1138 2128 1199 2162 Iiac

465 2177 516 2211 die
542 2189 597 2212 viii
621 2179 695 2211 maii
717 2189 861 2213 iincxcui
886 2181 1044 2214 relatione
1069 2181 1199 2224 praedi-

464 2237 587 2264 ctarum
627 2233 864 2265 resolutionuin
904 2232 1105 2267 sanctissimo
1142 2235 1199 2268 do-

464 2284 551 2317 mino
570 2278 690 2324 nostro,
707 2285 864 2318 Sanctitas
890 2286 952 2319 Sua
970 2286 1063 2319 illas³
1083 2298 1198 2330 appro-

464 2338 558 2377 bavit,
585 2342 617 2370 et
639 2348 657 2370 a
682 2338 733 2370 die
748 2338 851 2381 prima
868 2339 947 2371 iunii
964 2342 1110 2382 proxime
1124 2351 1199 2374 ven-

465 2389 527 2422 turi
551 2390 712 2423 mandavit
741 2390 972 2424 inviolabiliter
1007 2393 1196 2434 observari,

465 2442 598 2475 indultis
624 2447 685 2475 tam
704 2453 721 2475 a
745 2453 779 2475 se
797 2454 892 2486 qnam
910 2455 927 2476 a
947 2444 1097 2478 Romanis
1118 2445 1199 2478 Pon-

465 2494 602 2528 tificibus
630 2495 935 2538 praedecessoribus
966 2498 1030 2530 suis
1065 2508 1198 2540 quomo-

501 2566 512 2592 1
534 2565 649 2592 Videtur
668 2565 810 2601 legendum
830 2566 942 2601 expleat
960 2568 997 2598 (a.
1018 2568 1067 2603 τ.).

498 2610 516 2636 2
535 2609 603 2636 Edit.
622 2609 699 2637 Main.
724 2610 788 2644 legit
809 2611 861 2638 itta
880 2611 919 2637 in.
942 2613 988 2644 12),

1044 227 1222 254 BULLARIUM
1246 227 1400 252 ROMANUM

1241 277 1366 309 delibet
1383 275 1557 317 concessis,
1576 280 1608 308 et
1630 274 1700 308 aliis
1718 273 1888 308 contrariis
1901 273 1971 317 qui-

1240 328 1438 372 buscumque
1463 338 1529 362 non
1549 327 1761 369 obstantibus,
1779 326 1895 370 quibus
1910 335 1970 369 pro

1240 381 1467 414 observatione
1492 379 1743 424 praemissorum
1774 377 1970 422 amplissime

1241 433 1419 475 derogavit.

1277 493 1334 520 Dat.
1352 494 1395 520 die
1412 494 1428 521 8
1447 494 1509 521 maii
1530 493 1615 527 1693,
1636 493 1737 529 pontif.
1758 502 1828 522 anno
1847 501 1877 521 ιι.

1281 572 1331 602 Die
1342 581 1409 602 xxm
1419 574 1488 603 maii
1498 582 1628 604 Mocxcm
1640 573 1829 613 supradictum
1836 573 1972 604 decretum

1241 621 1354 659 afflatum
1374 626 1399 650 et
1418 622 1588 660 publicatum
1608 623 1663 661 suit
1684 623 1719 652 ad
1739 622 1831 651 valvas
1845 622 1974 652 ecclesiae

1241 668 1270 698 S.
1296 669 1406 698 Ioannis
1431 670 1645 709 Lateranensis,
1675 670 1802 700 basilicae
1831 670 1974 709 Principis

1241 717 1440 756 Apostolorum,
1460 723 1485 748 et
1509 718 1697 749 Cancellarz'ae
1723 719 1910 757 Apostolicae,
1944 719 1974 748 in

1241 767 1299 796 acie
1322 766 1528 806 Campislorae,
1551 777 1583 797 ac
1604 769 1633 797 in
1654 768 1719 797 aliis
1746 768 1812 797 locis
1835 767 1922 797 solitis
1948 772 1974 797 et

1241 818 1374 844 consuens
1398 815 1489 854 Urbis,
1504 826 1556 855 per
1570 826 1612 844 me
1634 816 1811 845 Francia-um
1827 815 1975 845 Antonium

1241 863 1434 894 Simoncellum
1460 865 1626 894 sanctissimi
1653 865 1756 894 (lentini
1777 865 1862 894 nostr-a·
1884 864 1976 904 Papae

1242 922 1388 943 cursorem.

1480 1059 1541 1094 tvi
1565 1060 1631 1104 (at.
1659 1060 1733 1105 55).

1245 1138 1463 1180 Confirmatur
1494 1140 1608 1173 erectio
1632 1140 1820 1183 provinciae
1854 1141 1977 1185 Hispa-

1286 1192 1362 1224 niae
1396 1192 1588 1225 clericorum
1629 1194 1833 1237 requlariam
1871 1195 1974 1227 Mini-

1286 1246 1464 1278 sti-antium
1488 1245 1657 1288 Infirmis,
1688 1257 1755 1280 cum
1780 1247 1979 1291 redinleyra-

1289 1297 1376 1330 tione
1397 1298 1585 1342 provinciae
1605 1299 1818 1333 Bononiensis
1838 1310 1875 1332 ac
1898 1310 1979 1333 non-

1285 1350 1389 1383 nullis
1412 1351 1675 1384 ordinationibus
1688 1351 1708 1385 ¹.

1424 1431 1619 1458 Innocentius
1638 1432 1715 1465 Papa
1734 1432 1796 1465 Xll,

1382 1476 1418 1501 ad
1437 1474 1571 1501 futuram
1590 1475 1634 1502 rei
1654 1476 1836 1502 memoriam.

1286 1543 1320 1576 In
1345 1554 1497 1587 supremo
1522 1545 1688 1578 militantis
1713 1545 1874 1579 Ecclesiae
1898 1546 1979 1580 solio

1242 1601 1411 1639 paternam
1448 1597 1708 1630 christifidelium
1735 1599 1849 1631 divinis
1885 1600 1980 1632 obse-

1243 1648 1326 1691 quiis
1352 1649 1411 1682 sub
1435 1649 1522 1682 suavi
1553 1650 1721 1692 religionis
1750 1651 1827 1694 ingo
1859 1651 1980 1684 manci-

1243 1706 1414 1743 patorum,
1444 1701 1627 1745 uberesque
1653 1703 1812 1736 bonorum
1844 1714 1978 1748 operum

1243 1754 1371 1794 fructus,
1408 1755 1623 1788 benedicente
1657 1755 1804 1796 Domino,
1830 1757 1978 1800 proferre

1242 1805 1360 1849 ingiter
1383 1808 1606 1850 satagentium,
1625 1818 1734 1841 curam
1759 1814 1922 1851 gerentes,
1943 1810 1980 1844 il-

1242 1859 1299 1899 lis,
1327 1870 1408 1903 quae
1438 1860 1524 1893 felici
1557 1861 1687 1893 illorum
1720 1862 1868 1904 regimini
1904 1862 1979 1896 reli-

1241 1912 1414 1955 giosaeque
1450 1913 1677 1956 tranquillitati
1704 1914 1886 1949 conducere
1919 1926 1972 1949 ar-

1241 1965 1405 2006 bitramur,
1431 1965 1628 2008 peculiarem
1647 1967 1817 2009 pastoralis
1835 1968 1979 2001 muneris

1242 2018 1344 2050 nostri
1361 2018 1613 2051 sollicitudinem
1634 2022 1798 2062 propensa
1819 2020 1976 2054 charitate

1241 2071 1446 2112 adhibemus,
1462 2071 1554 2113 sieut,
1573 2073 1722 2105 omnibus
1741 2079 1886 2107 maturae
1904 2085 1978 2107 eon-

1240 2124 1447 2157 siderationis
1472 2124 1590 2157 trutina
1608 2126 1788 2168 perpensis,
1803 2126 1977 2160 salubriter

1241 2177 1273 2210 in
1298 2178 1436 2211 Domino
1461 2179 1614 2222 expedire
1640 2180 1868 2223 conspicimus.

1284 2232 1298 2274 g
1322 2231 1353 2264 ’1.
1376 2231 1498 2274 Exponi
1523 2231 1680 2274 siquidem
1699 2233 1794 2265 nobis
1810 2244 1915 2277 nuper
1932 2234 1976 2267 se-

1978 225 2027 252 An.
2043 225 2074 252 C.
2095 223 2162 253 ¹C93

2017 1558 2137 1580 Exordium.

2042 2242 2168 2263 Reserumur

1986 2269 2087 2295 antiquae
2114 2269 2168 2289 diii-

1241 2289 1356 2317 cerunt
1379 2284 1488 2317 dilecti
1524 2284 1581 2317 filii
1605 2285 1785 2328 praefectus
1818 2287 2055 2328 generalis-<iones
2082 2301 2168 2320 prowm·

1954 2340 1960 2346 ,
1985 2322 2065 2342 ciarum
2080 2325 2099 2341 nt
2111 2322 2166 2342 modi

1241 2343 1273 2370 et
1295 2337 1350 2371 alii
1372 2337 1555 2381 superiores
1586 2338 1851 2382 Congregationis
1881 2341 2167 2374 cleri-engendirraeso-

1278 2436 1288 2462 1
1314 2434 1355 2462 Ob
1384 2434 1531 2461 innocentii
1560 2433 1591 2461 xl
1622 2438 1707 2461 const.
1739 2435 1782 2462 ed.
1810 2442 1972 2470 mncnxxxiv,

1240 2479 1283 2506 die
1302 2479 1332 2506 31
1355 2479 1471 2513 augusti,
1492 2478 1586 2514 pontif.
1604 2485 1665 2513 vui,
1682 2480 1742 2506 laici
1760 2480 1821 2516 eligi
1837 2484 1975 2515 nequeunt

1239 2524 1268 2550 in
1287 2523 1462 2556 consultores,
1492 2531 1579 2558 neque
1606 2523 1725 2558 gaudere
1754 2532 1818 2551 voce
1842 2525 1929 2552 activa
1947 2528 1975 2552 et

1240 2569 1354 2603 passini,
1375 2572 1453 2604 prout
1480 2568 1507 2594 in
1527 2568 1607 2594 huius
1627 2568 1765 2595 Pontiticis
1793 2573 1877 2596 const.
1908 2569 1972 2597 edit.

1240 2620 1371 2646 avexerit,
1393 2612 1435 2639 (lic
1451 2611 1485 2638 ⁶20
1505 2611 1620 2646 angusti,
1642 2612 1737 2647 pontii&
1760 2619 1804 2639 vn.
