2254 3225
229 225 276 249 An.
294 223 320 249 C.
345 222 411 249 1600

280 761 413 782 confirmatio

231 788 344 808 relatarum
359 789 414 808 litle-

232 820 310 835 rarum.

456 213 498 246 ⁶222

422 271 538 311 Sancti,
563 272 676 304 Amen.
703 270 962 310 Quibuscumque
979 267 1012 298 in
1030 271 1155 298 contra-

423 325 506 357 rium
525 335 590 357 non
608 324 821 357 obstantibus.
840 322 874 355 In
895 330 1032 364 quorum
1058 317 1154 350 fidem

423 378 473 410 his
500 378 595 410 officii
628 377 728 410 nostri
760 376 867 418 sigillo
899 372 1028 407 munitis
1059 379 1153 403 manu

422 432 553 474 propria
578 430 837 474 subscripsimus.
875 429 985 460 Datum
1011 425 1152 461 Romae,

422 483 454 515 in
481 489 641 516 conventu
666 489 778 516 nostro
796 483 826 514 S.
849 480 964 513 Mariae
985 487 1083 520 super
1102 475 1156 506 Mi-

423 547 565 576 nervam,
584 537 634 569 die
652 547 703 569 xix
720 534 860 569 octobris
877 540 1077 567 nncrxxxvn.
1094 529 1155 561 AN-

424 599 559 623 'rounws
583 590 710 623 CLoan
734 588 887 630 magister
910 584 1051 618 Ordinis.
1079 582 1155 614 Fra-

426 647 473 675 ter
497 643 643 675 leivATms
668 652 708 674 DE
732 641 891 680 Qmssim
909 637 1061 679 magister
1080 644 1156 677 pro-

423 696 568 728 vincialis
592 695 853 727 Praedicatorum
879 701 988 723 servus
1013 701 1044 721 n.

469 748 531 789 §2
551 748 628 781 Cum
646 753 760 784 autem,
777 746 857 777 sicut
871 745 979 777 eadem
998 741 1157 785 expositio

425 801 647 843 subiungebat,
669 799 827 842 praefatus
855 801 1049 840 procurator
1073 795 1158 828 litte-

425 864 476 886 ras
497 853 690 892 huiusmodi,
710 852 828 895 quippe
847 850 885 882 ad
903 848 1156 882 conservandum

426 912 457 939 et
476 907 679 939 solidandum
704 905 734 937 in
757 903 921 947 provincia
945 902 1089 945 praefata
1109 912 1159 934 re-

426 960 547 1003 gularis
576 958 763 1002 disciplinae
788 957 930 999 vigorem
948 955 1061 988 eximie
1083 966 1159 988 eon-

425 1012 591 1051 ducibiles‚
610 1022 669 1055 pro
689 1010 821 1043 firmiori
838 1010 963 1042 illarum
982 1008 1159 1041 subsisten-

426 1066 488 1105 tia,
514 1071 544 1097 et
575 1076 614 1097 ne
644 1074 784 1106 unquam
815 1073 926 1095 earum
956 1061 1159 1094 observantia

425 1118 484 1150 snb
510 1117 623 1160 quovis
650 1121 838 1159 praetextu,
867 1115 959 1148 titulo
985 1120 1017 1147 et
1041 1115 1158 1157 capite,

425 1170 520 1203 etiam
547 1170 743 1202 validitatem
775 1174 806 1201 et
838 1168 992 1200 iustitiam
1017 1168 1157 1211 ipsarum

424 1222 604 1255 litterarum
617 1226 845 1260 concernente,
855 1221 887 1252 in
900 1221 1157 1253 controversiam

423 1275 525 1307 vocari
552 1275 665 1317 possit,
690 1273 884 1317 apostolicae
905 1273 1158 1307 confirmationis

423 1333 552 1361 nostrae
584 1327 763 1370 patrocinio
796 1326 986 1359 communiri
1019 1337 1160 1359 summo-

424 1390 501 1424 pere
527 1380 707 1413 desideret:
725 1390 795 1420 nos,
820 1379 922 1422 ipsius
940 1379 1024 1411 Petri
1046 1390 1160 1422 procu-

424 1434 541 1467 ratoris
567 1433 649 1467 votis
684 1433 744 1465 hac
769 1433 800 1465 in
825 1442 877 1471 re,
904 1437 1061 1475 quantum
1087 1444 1158 1465 cum

423 1486 559 1520 Domino
576 1497 755 1529 possumus,
775 1485 992 1518 favorabiliter
1016 1496 1158 1518 annuere

423 1541 578 1580 volentes,
600 1550 742 1582 eumque
760 1549 776 1571 a
795 1538 958 1582 quibusvis
976 1548 1160 1571 excommu—

423 1593 614 1633 nicationis,
649 1592 872 1635 suspensionis
908 1596 940 1624 et
976 1591 1158 1631 interdicti,

423 1646 560 1689 aliisque
593 1645 819 1678 ecclesiasticis
854 1644 1050 1685 sententiis,
1085 1654 1160 1676 cen-

423 1699 504 1732 suris
533 1704 565 1732 et
591 1698 717 1742 poenis,
737 1709 754 1730 a
782 1698 853 1730 iure
877 1698 927 1730 vel
957 1698 995 1729 ab
1014 1697 1157 1737 bomine,

424 1752 535 1796 quavis
559 1752 727 1784 occasione
752 1752 802 1784 vel
820 1752 915 1783 causa
935 1750 1019 1790 latis,
1044 1750 1070 1782 si
1089 1750 1159 1793 qui-

423 1806 481 1838 bus
506 1805 749 1848 quomodolibet
772 1805 945 1837 innodatus
971 1803 1093 1843 existit,
1119 1804 1157 1836 ad

423 1859 568 1893 effectum
602 1859 822 1902 praesentium
858 1859 1023 1891 dumtaxat
1047 1868 1158 1891 conse-

423 1913 610 1956 quendum,
639 1913 754 1944 barum
788 1912 872 1944 serie
902 1912 1105 1944 absolventes
1128 1916 1160 1944 et

422 1966 605 1999 absolutum
631 1966 698 1998 sore
732 1970 919 2004 censentes,
949 1964 1159 2008 supplicatio-

423 2019 516 2052 nibus
545 2020 613 2051 eius
634 2019 763 2051 nomine
789 2018 882 2051 nobis
902 2028 1000 2061 super
1019 2018 1079 2050 boc
1099 2017 1158 2049 hu-

423 2073 542 2106 militer
570 2073 727 2116 porrectis
749 2072 906 2111 inclinati,
928 2083 961 2104 ac
980 2071 1155 2103 venerabili

423 2126 513 2158 fratri
538 2131 649 2158 nostro
666 2125 790 2158 Palutio
808 2126 963 2168 episcopo
988 2124 1156 2157 Sabinensi

423 2179 455 2212 S.
480 2179 514 2211 ll.
536 2179 569 2210 E.
592 2178 746 2211 cardinali
765 2179 802 2211 de
820 2178 950 2211 Alteriis
972 2183 1157 2220 nuncupato

424 2231 552 2265 Ordinis
584 2232 741 2275 praedicti
778 2232 862 2275 apud
899 2242 958 2264 nos
985 2236 1016 2263 et
1040 2230 1155 2263 Scdem

423 2284 638 2328 Apostolicam
665 2290 846 2328 protectore
872 2284 1003 2324 audito,
1029 2284 1156 2326 praein-

424 2345 523 2371 sertas
547 2339 713 2370 memorati
748 2338 902 2371 Antonini
933 2337 1076 2380 magistri
1103 2348 1156 2379 ge·

423 2392 541 2425 neralis
559 2391 691 2431 litteras,
709 2402 780 2423 curn
800 2391 949 2423 omnibus
971 2395 1002 2423 et
1019 2390 1155 2432 singulis

423 2445 455 2478 in
481 2445 526 2477 eis
552 2445 722 2483 contentis,
750 2446 939 2477 auctoritate
964 2444 1154 2486 apostolica,

424 2505 535 2531 tenore
562 2499 789 2540 pt‘acsijuilium,
811 2498 1037 2531 confirmamus
1056 2503 1084 2530 et
1103 2508 1156 2540 ap-

423 2552 608 2594 probamus,
629 2551 759 2593 illisque
785 2551 981 2583 inviolabilis
1006 2550 1156 2594 apostoli-

423 2613 476 2637 cae
499 2603 655 2636 firmitatis
676 2605 775 2636 robur
792 2604 968 2644 adiicimus,
989 2614 1024 2635 ac
1044 2613 1154 2636 omncs

999 217 1174 241 n'JLLAfflrM
1200 216 1216 237 Γ.
1223 214 1352 237 OMANUM

1198 268 1231 295 et
1247 262 1393 303 singulos
1411 260 1488 292 iuris
1510 264 1543 292 et
1562 260 1636 292 sacti
1661 259 1819 301 desectus,
1837 260 1934 293 etiam

1198 314 1435 353 substantiales,
1460 312 1485 345 si
1506 313 1560 356 qui
1586 313 1730 356 desuper
1754 314 1935 356 quomodo-

1198 367 1279 401 libet
1299 367 1542 406 intervenerint,
1558 377 1613 399 seu
1626 365 1843 400 intervenisse
1861 367 1933 408 dici,

1198 421 1321 454 censeri
1347 422 1396 454 vel
1428 420 1598 464 praetendi
1633 425 1780 464 possent,
1806 422 1936 465 supple-

1199 485 1268 507 mus
1294 480 1326 508 et
1351 484 1513 507 sanamus.

1241 529 1256 571 ἓ
1281 528 1312 561 3.
1335 528 1555 561 Decernentes
1572 528 1659 571 ipsas
1676 534 1868 572 praesentes
1882 529 1937 563 lit-

1199 586 1283 614 teras
1301 581 1419 621 firmas,
1438 581 1561 615 validas
1579 587 1611 615 et
1630 583 1778 616 efficaces
1797 583 1937 616 existere

1199 639 1230 667 et
1254 634 1342 675 fore,
1372 644 1513 677 suosque
1543 635 1710 678 plenarios
1735 640 1768 669 et
1790 635 1936 678 integros

1200 686 1334 720 ell'ectus
1359 687 1468 720 sortiri
1495 693 1528 720 et
1551 689 1709 729 obtinere,
1736 700 1771 722 ac
1794 689 1872 730 illis,
1896 690 1948 730 ad¹

1201 751 1282 783 quos
1308 746 1432 784 spectat
1453 746 1482 773 et
1505 743 1667 784 spectabit
1686 743 1718 775 in
1741 743 1889 784 futurum,
1904 743 1937 776 in

1201 794 1352 827 omnibus
1379 799 1411 827 et
1435 805 1493 837 per
1516 796 1623 828 omnia
1654 796 1844 838 plenissime
1874 797 1940 829 suf-

1200 848 1324 891 ragari,
1351 854 1383 881 et
1406 849 1445 881 ab
1467 849 1529 882 illis
1548 849 1726 892 respective
1743 850 1940 883 inviolabili-

1203 907 1252 933 ter
1283 901 1468 941 observari,
1502 902 1613 945 sicque
1646 907 1677 934 et
1701 913 1767 935 non
1793 903 1886 936 aliter
1905 903 1939 936 in

1202 954 1388 997 praemissis
1414 965 1474 998 per
1498 965 1720 998 quoscumque
1746 955 1869 989 iudices
1889 966 1940 989 or-

1202 1007 1346 1040 dinarios
1373 1012 1404 1039 et
1428 1008 1615 1050 delegatos,
1643 1009 1739 1041 etiam
1769 1019 1939 1042 causarum

1202 1060 1313 1102 palatii
1339 1060 1510 1102 apostolici
1539 1061 1712 1101 auditores,
1733 1072 1769 1094 ac
1794 1062 1939 1095 eiusdem

1202 1114 1232 1146 S.
1254 1113 1290 1145 R.
1307 1113 1342 1145 E.
1358 1114 1550 1154 cardinales
1567 1114 1662 1146 etiam
1681 1115 1720 1147 de
1738 1115 1839 1148 latere
1856 1116 1940 1158 lega-

1204 1173 1250 1199 tos
1265 1172 1297 1199 et
1314 1167 1518 1209 Apostolicae
1544 1166 1635 1200 Sedis
1655 1167 1802 1207 nuncios,
1819 1168 1939 1202 aliosve

1203 1220 1369 1262 quoslibet
1401 1231 1601 1263 quacumque
1633 1221 1887 1263 praeeminentia
1909 1226 1942 1254 et

1204 1277 1361 1314 potestate
1381 1273 1551 1315 fungentes
1569 1279 1600 1306 et
1618 1272 1799 1314 mucan-os,
1815 1274 1942 1307 sublata

1203 1325 1249 1357 eis
1274 1331 1431 1358 eteorum
1453 1325 1588 1358 cuilibet
1608 1326 1719 1370 quavis
1736 1326 1831 1359 aliter
1856 1326 1940 1359 iudi-

1203 1378 1297 1411 candi
1325 1383 1358 1410 et
1384 1378 1623 1421 interpretandi
1651 1380 1803 1412 facultate
1828 1385 1860 1412 et
1886 1390 1941 1412 au-

1203 1432 1363 1471 ctoritate,
1387 1431 1521 1463 iudicari
1548 1437 1579 1463 et
1604 1432 1730 1464 definiri
1752 1432 1884 1472 debere,
1903 1442 1940 1465 ac

1202 1483 1327 1516 irritum
1355 1489 1386 1517 et
1410 1484 1507 1517 inane
1540 1485 1565 1516 si
1597 1495 1688 1517 secus
1721 1495 1820 1528 super
1844 1484 1894 1518 his
1922 1495 1941 1518 a

1202 1548 1373 1580 quoquam,
1393 1537 1504 1581 quavis
1518 1538 1720 1578 auctoritate,
1734 1537 1875 1571 scienter
1887 1538 1939 1572 vel

1201 1591 1401 1633 ignoranter,
1428 1592 1602 1634 contigerit
1626 1591 1792 1624 attentari.

1245 1645 1259 1687 ἓ
1284 1644 1314 1676 4.
1342 1643 1479 1682 Quocira
1514 1644 1692 1677 venerabili
1729 1644 1819 1677 fratri
1843 1644 1940 1677 Fran-

1201 1696 1287 1730 cisco
1313 1697 1562 1740 archiepiscopo
1588 1697 1783 1736 Rhodiensi,
1809 1697 1842 1730 in
1865 1697 1940 1730 Por-

1202 1749 1354 1792 tugalliae
1380 1756 1411 1782 ct
1435 1750 1661 1792 Algarbiorum
1690 1749 1799 1792 regnis
1824 1754 1938 1783 nostro

1201 1807 1232 1834 et
1256 1801 1462 1845 Apostolicae
1492 1802 1584 1835 Sedis
1608 1802 1735 1842 nuntio,
1761 1812 1820 1845 per
1843 1812 1938 1845 prae-

1200 1861 1307 1888 sentes
1333 1855 1564 1888 committimus
1590 1860 1622 1888 et
1644 1855 1845 1896 mandamus,
1865 1865 1940 1898 qua-

1201 1914 1292 1942 tenus
1315 1909 1395 1953 ipse,
1414 1920 1471 1952 per
1488 1920 1531 1949 se,
1550 1910 1600 1942 vel
1626 1919 1687 1952 per
1711 1908 1799 1949 alios,
1826 1908 1881 1941 ubi
1906 1913 1939 1942 et

1201 1963 1330 2005 quando
1348 1973 1429 2005 opus
1456 1962 1561 2002 suerit,
1578 1967 1610 1994 et
1627 1962 1752 2004 quoties
1769 1971 1828 2004 pro
1845 1966 1937 2004 parte

1200 2016 1335 2059 praefati
1361 2016 1446 2049 Petri
1471 2016 1590 2058 prioris
1620 2026 1677 2048 seu
1702 2015 1839 2047 aliorum
1860 2015 1937 2047 inte-

1200 2080 1290 2102 resse
1316 2069 1347 2101 in
1372 2068 1557 2112 praemissis
1583 2068 1783 2108 habentium,
1809 2078 1865 2100 seu
1883 2068 1937 2101 ali-

1200 2123 1290 2156 cuius
1315 2133 1438 2162 eorum,
1464 2122 1604 2164 desuper
1630 2121 1726 2153 suerit
1749 2120 1934 2164 requisitus,

1200 2177 1328 2209 easdem
1362 2180 1549 2219 praesentes
1583 2175 1732 2213 litteras,
1767 2178 1798 2206 et
1829 2173 1862 2206 in
1889 2173 1935 2207 eis

1200 2234 1351 2263 contenta
1372 2238 1604 2271 quaecumque,
1623 2226 1813 2260 solemniter
1830 2226 1937 2269 publi-

1199 2293 1287 2323 cans,
1308 2282 1437 2324 illisque
1463 2281 1494 2313 in
1520 2280 1704 2323 praemissis
1730 2280 1866 2312 efficacis
1886 2280 1937 2312 de-

1200 2336 1353 2368 fensionis
1378 2334 1542 2377 praesidio
1568 2333 1737 2373 assistens,
1764 2332 1858 2365 saciat
1883 2343 1936 2365 au-

1198 2390 1350 2422 ctoritate
1375 2388 1488 2420 nostra
1506 2387 1579 2419 illos
1604 2395 1715 2418 omnes
1734 2390 1767 2418 et
1788 2385 1934 2428 singulos

1198 2441 1416 2485 praesentium
1448 2440 1628 2473 litterarum
1658 2444 1690 2472 et
1721 2438 1753 2470 in
1779 2438 1825 2471 eis
1858 2449 1935 2471 con-

1199 2501 1358 2528 tentorum
1377 2493 1564 2527 eorumdem
1585 2492 1755 2525 commodo
1773 2497 1804 2524 et
1821 2490 1934 2524 effectu

1198 2548 1328 2591 pacifice
1353 2547 1412 2579 srui
1435 2552 1466 2579 et
1485 2546 1635 2588 gaudere,
1654 2555 1717 2578 non
1741 2545 1933 2587 permittens

1197 2601 1270 2634 illos
1295 2601 1434 2644 desuper
1459 2610 1475 2632 a
1500 2609 1660 2642 quoquam
1691 2597 1802 2642 quavis
1827 2602 1934 2631 aueto-

1937 210 1989 237 Αη.
2009 209 2040 237 C.
2057 209 2126 238 1690

1973 538 2092 561 clausulae.

2011 1650 2133 1673 commissio

1949 1676 2109 1703 publicationis.
