2254 3225
194 272 241 297 An.
262 271 288 297 C.
312 269 377 296 ¹⁶98
423 261 488 295 830

189 1160 355 1179 cutisttttitturu-.

384 330 515 362 quoquc
540 323 669 353 sanctae
695 319 860 352 Romanae
880 319 1043 352 Ecclesiae
1069 320 1127 352 bo-

383 384 499 406 norum
538 374 718 406 custodiam
755 373 877 416 vigilet,
914 378 944 406 et
976 373 1126 406 Gamerae

383 427 598 470 Apostolicae,
626 438 685 470 per
715 438 812 470 quam
839 427 1037 470 quotidianis
1069 437 1126 470 pro

383 481 631 514 conservatione
643 481 887 513 Ecclesiasticae
901 480 1038 512 Ditionis
1054 490 1127 512 onc-

383 533 472 565 ribus
501 540 532 566 et
557 533 787 566 communibus
807 533 901 565 etiam
928 532 1126 564 christianae

383 587 586 630 reipublicae
629 586 878 619 necessitatibus
919 585 1125 625 subvenitur,

382 640 543 683 profectui
571 645 602 673 et
623 639 811 679 commodis,
839 644 1001 682 tamquam
1021 638 1126 671 fidelis

385 694 589 737 dispensator
614 698 645 726 et
669 693 823 736 prudens,
842 693 953 725 habita
972 692 1068 725 ctiam
1087 692 1126 724 de

384 746 594 790 pauperibus,
623 757 760 790 quorum
786 746 949 779 Ecclesiae
983 756 1035 778 res
1071 756 1126 788 pa-

385 799 574 832 trimonium
611 804 695 839 sunt,
721 800 855 842 provida
891 799 1017 832 ratione
1050 809 1126 842 pro-

384 853 520 897 spiciat·,
543 854 653 896 sicque
679 853 845 892 resecatis,
872 853 993 895 absque
1021 852 1126 894 digni—

384 906 457 939 tatis
478 906 716 947 imminufione,
735 916 814 949 quae
835 906 865 938 in
884 906 1048 938 Romanae
1066 905 1126 939 Cu-

383 959 451 992 riae
488 959 666 992 maioribus
693 960 788 992 etiam
818 959 932 991 officiis
963 959 1126 1002 superflua

382 1012 485 1045 videri
526 1017 670 1056 possunt,
706 1012 761 1044 fiat
798 1012 893 1045 unius
929 1012 1125 1044 abundantia

384 1066 559 1099 multorum
586 1066 715 1109 inopiae
738 1067 1016 1110 supplementum.

429 1121 443 1164 ξ
469 1120 499 1153 1.
518 1119 595 1153 Cum
621 1119 728 1163 itaque
747 1126 838 1153 vetus
863 1130 900 1152 ac
920 1121 1124 1163 praeclarum

385 1175 485 1208 nostri
517 1174 549 1207 S.
581 1173 618 1207 R.
649 1173 683 1206 E.
716 1174 945 1207 camerariatus
973 1173 1123 1214 officium,

385 1229 472 1272 quod
499 1239 557 1272 per
586 1228 708 1261 obitum
733 1229 839 1261 bonae
865 1228 1043 1261 memoriae
1070 1228 1126 1260 Pa-

384 1282 465 1322 lutii,
503 1282 578 1314 dum
614 1281 703 1320 vixit,
742 1280 886 1324 episcopi
924 1281 1124 1323 Portucnsis,

384 1335 416 1368 S.
429 1335 465 1368 R.
481 1335 514 1368 E.
535 1335 708 1368 cardinalis
728 1335 766 1368 de
785 1335 915 1368 Alteriis
932 1335 1124 1379 nuncupati,

383 1389 658 1429 vacavit.‚etvacat
675 1388 705 1421 in
721 1399 890 1432 praesens,
904 1388 1125 1422 Romanorum

384 1442 575 1476 Pontificum
612 1443 900 1486 praedecessorum
939 1448 1125 1476 nostrorum

384 1496 597 1530 concessione
634 1496 825 1540 multiplici,
862 1507 897 1528 ac
933 1497 1124 1539 praesertim

385 1550 489 1583 felicis
514 1550 749 1583 reeordationis
779 1550 927 1593 Gregorii
954 1551 1013 1591 XV,
1040 1561 1125 1583 anno

384 1603 622 1636 lucarnationis
648 1602 828 1636 dominicae
854 1613 993 1644 uncxm,
1020 1604 1125 1647 pridie

384 1665 486 1689 nonas
512 1655 598 1696 maii,
624 1655 832 1699 pontificatus
859 1656 906 1689 sui
932 1667 1018 1689 anno
1040 1667 1050 1690 1
1072 1657 1127 1690 de-

384 1719 482 1753 super
507 1708 666 1753 expeditis
684 1708 812 1750 litteris,
833 1710 917 1742 ultra
935 1711 1128 1753 quamplura

384 1763 554 1806 privilegia
579 1768 609 1795 et
634 1762 802 1795 facultates
828 1768 924 1807 atque
950 1774 1126 1807 praeroga-

385 1816 473 1857 tivas,
486 1816 661 1860 pinguibus
680 1816 861 1849 redditibus
879 1822 911 1849 et
928 1818 1128 1850 emolumen-

385 1870 424 1902 tis
442 1870 600 1903 hactenus
619 1870 785 1902 abundare
805 1871 1024 1911 consueverit,
1044 1881 1126 1914 quae

385 1923 515 1966 quidem
541 1933 577 1955 ex
604 1933 641 1956 eo
658 1923 795 1956 maxime
814 1924 952 1957 decursu
972 1925 1127 1968 temporis

386 1976 567 2009 excrevisse
582 1982 771 2017 noscuntur,
788 1977 874 2020 quod
889 1977 965 2010 olim
985 1988 1129 2010 eamera-

385 2029 484 2062 riatus
510 2029 698 2062 huiusmodi
717 2030 803 2062 inter
828 2030 994 2064 Romanae
1012 2031 1127 2064 Curiae

385 2083 490 2116 officia
516 2083 652 2116 venialia
676 2085 918 2125 recensebatur,
937 2085 1027 2118 cuius
1052 2096 1129 2129 pro-

384 2141 498 2179 pterea
515 2136 639 2178 ingenti
660 2137 769 2180 pretio
795 2139 997 2180 congruebat
1021 2138 1128 2171 reddi-

386 2195 475 2222 tuum
500 2190 696 2223 affluentiam
722 2192 949 2234 respondere:
976 2203 1044 2231 nos,
1061 2192 1126 2235 qui,

385 2252 426 2275 ne
452 2242 485 2274 in
505 2248 670 2286 posterum
697 2253 865 2276 causarum
890 2244 999 2277 curiae
1018 2244 1128 2277 Came-

385 2305 440 2328 rae
474 2302 604 2329 nostrae
631 2296 835 2340 Apostolicae
862 2298 1066 2331 auditoratus
1092 2309 1128 2331 ac

386 2350 644 2382 thesaurariatus
670 2351 873 2392 generalium
904 2362 1033 2385 necnon
1064 2353 1129 2385 cle-

386 2403 543 2436 ricatuum
576 2408 607 2436 et
643 2404 902 2446 praesidentatus
939 2405 1043 2438 officia
1079 2416 1128 2438 re-

387 2462 482 2500 cepto
507 2457 613 2500 pretio
640 2458 914 2499 concederentur,
937 2458 1016 2491 alias
1042 2459 1128 2492 edita

387 2510 621 2544 constitutione
647 2513 758 2544 nostru
783 2511 998 2553 sancivimus,
1025 2523 1128 2556 eoque

388 2564 490 2607 magis
516 2575 532 2597 a
555 2564 724 2608 praedicto
756 2566 988 2599 camerariatus
1011 2567 1129 2607 officio,

388 2618 475 2662 quod
500 2618 649 2662 personis
673 2619 875 2662 amplissima
911 2619 1129 2653 cardinalatus

968 269 1147 294 BULLARIUM
1171 269 1327 294 ROMANUM
1914 267 1966 294 An.
1986 267 2017 294 C.
2036 268 2103 296 1698

1170 319 1349 351 venalitatis
1376 329 1411 351 ac
1436 318 1532 361 pretii
1570 317 1771 351 mentionem
1806 315 1909 350 arceri

1170 373 1347 407 consultius
1382 373 1589 412 arbitramur,
1626 372 1730 405 eidem
1757 371 1908 405 Gamerae

1170 432 1310 467 nostrae,
1338 437 1419 470 quae
1446 426 1508 459 iam
1534 438 1550 459 a
1575 427 1673 468 longo
1698 431 1845 468 tempore
1872 423 1910 457 li-

1170 480 1334 512 beralibus
1358 491 1393 512 ae
1419 479 1617 521 gratioribus
1644 479 1833 522 eorumdem
1851 477 1910 511 Ro-

1170 543 1340 564 manorum
1385 531 1574 564 Pontificum
1620 532 1909 574 praedecessorum

1170 590 1356 618 nostrorum
1376 584 1670 617 condonationibus
1689 584 1910 616 intervenien-

1171 638 1254 670 tibus
1280 638 1375 681 pretii
1403 638 1607 671 commodum
1633 648 1698 670 non
1725 637 1860 680 recepit,
1878 642 1910 670 et

1170 693 1279 724 multis
1305 691 1382 725 alias
1408 692 1563 724 oneribus
1596 696 1836 735 praegravatur,
1862 691 1910 724 in-

1170 745 1336 778 demnitati
1356 746 1530 779 consulere
1550 756 1730 788 congruum
1749 745 1908 785 duximus,

1169 798 1338 841 simulque,
1361 798 1522 842 Sapientis
1543 799 1624 832 illud
1650 798 1784 831 Honora
1802 798 1912 831 Domi-

1170 862 1247 884 num
1271 852 1309 884 dc
1334 853 1391 885 lud
1414 852 1595 885 substantia
1630 852 1786 885 monitum
1812 852 1912 885 adim-

1169 906 1299 949 plendo,
1321 906 1353 939 in
1379 907 1509 950 aliquod
1537 907 1626 950 pium
1652 917 1743 950 opus,
1759 906 1834 939 huic
1859 906 1908 939 al-

1169 971 1239 992 mae
1258 959 1333 993 Urbi
1360 965 1491 993 nostrae
1518 960 1654 993 maxime
1680 960 1909 1000 necessarium,

1169 1014 1386 1056 praefatorum
1398 1014 1580 1057 portionem
1595 1014 1753 1046 fructuum
1764 1024 1911 1055 erogare.

1214 1068 1228 1109 ξ,
1247 1067 1277 1099 2.
1297 1066 1509 1110 Quapropter,
1529 1067 1639 1100 habito
1651 1077 1750 1110 super
1767 1066 1817 1100 liis
1835 1076 2106 1122 non-latinitatem-

1169 1121 1334 1153 nullorum
1361 1121 1554 1154 dilectorum
1580 1120 1721 1154 filiorum
1748 1105 2107 1163 Romanaec't‘i†¹'‹‡33i1i¹'ssfflss

1169 1174 1282 1208 Curiae
1302 1176 1536 1218 praelatorum,
1553 1174 1727 1218 probitate,
1750 1174 1909 1214 doctrina,
1923 1164 1968 1184 ¹³⁸⁰
1984 1159 2049 1180 ΗΜ

1170 1239 1345 1272 rerumque
1382 1240 1440 1262 usu
1478 1229 1723 1273 praestantium,
1749 1228 1910 1269 consilio,

1170 1288 1266 1326 atque
1299 1282 1396 1315 etiam
1427 1287 1515 1315 motu
1547 1283 1681 1326 proprio
1707 1288 1739 1315 et
1763 1292 1799 1315 ex
1826 1283 1913 1314 certa

1170 1334 1303 1369 scientia
1322 1347 1358 1369 ac
1375 1338 1499 1369 matura
1520 1337 1758 1370 deliberatione
1777 1335 1910 1375 nostris,

1170 1390 1274 1434 deque
1293 1390 1493 1433 apostolicae
1507 1390 1680 1433 potestatis
1693 1388 1912 1433 plenitudine,

1170 1444 1231 1476 hac
1262 1445 1372 1476 nostra
1398 1449 1556 1487 perpetuo
1588 1443 1726 1477 valitura
1750 1442 1908 1476 constitu-

1172 1497 1267 1537 tione,
1293 1496 1452 1540 praedicti
1484 1496 1715 1530 camerariatus
1741 1495 1837 1529 osficii
1859 1506 1913 1529 ve-

1170 1550 1506 1597 nalitatem—omnem
1544 1549 1674 1593 penitus
1710 1555 1742 1582 et
1777 1549 1911 1582 omnino

1170 1603 1415 1647 supprimimus,
1439 1603 1656 1646 extinguimus
1676 1608 1707 1636 et
1725 1602 1909 1642 abolemus,

1171 1657 1316 1700 illudque
1343 1657 1496 1700 deinceps
1523 1656 1647 1700 absque
1680 1657 1745 1690 ullu
1778 1666 1912 1699 prorsus

1171 1710 1264 1754 pretii
1292 1709 1540 1750 interventione,
1566 1709 1693 1741 virtutis
1720 1719 1755 1741 ac
1780 1709 1913 1742 merito-

1172 1775 1242 1796 rum
1269 1764 1434 1796 dumtaxat
1451 1763 1580 1804 intuitu,
1599 1763 1741 1797 consen-i
1765 1762 1913 1796 decerni-

1172 1828 1241 1849 mus
1267 1822 1298 1850 et
1323 1817 1528 1849 mandamus.

1216 1870 1285 1913 §ft
1320 1870 1437 1903 Omnes
1470 1875 1576 1903 antem
1608 1870 1744 1914 praefati
1769 1880 1912 1903 camera-
1965 1877 2107 1926 nis-‹nffmbra-

1173 1924 1273 1956 riatus
1297 1923 1395 1957 officii
1429 1923 1560 1964 fruetus,
1587 1923 1747 1964 redditus,
1774 1908 2025 1967 p1·0ven-{¹0‘}u.3.“‘⁰
2036 1911 2107 1927 ‘'mm''

1173 1982 1231 2017 tus,
1248 1977 1378 2019 regalia,
1393 1977 1520 2017 salaria,
1531 1976 1657 2017 iocalia,
1673 1976 1912 2020 responsiones,

1172 2031 1401 2072 obventiones,
1439 2031 1568 2074 aliaque
1605 2031 1748 2064 cuiusvis
1784 2031 1913 2074 generis

1173 2087 1405 2126 emolumenta,
1431 2090 1493 2118 tam
1532 2085 1697 2118 ordinaria
1732 2096 1828 2129 quam
1861 2096 1914 2118 ex-

1173 2139 1400 2179 traordinaria,
1434 2148 1639 2181 quocumque
1671 2138 1805 2171 nomine
1837 2148 1915 2170 nun-

1172 2198 1288 2236 cupata
1313 2198 1345 2225 et
1369 2192 1599 2235 undecumque
1615 2191 1855 2235 provenientia,
1875 2191 1914 2224 ad

1172 2246 1385 2280 camerarium
1422 2256 1481 2289 pro
1517 2251 1664 2289 tempore
1702 2244 1911 2284 existentem,

1173 2306 1235 2333 tam
1261 2299 1344 2333 Sede
1371 2298 1561 2342 Apostolica
1595 2299 1692 2342 plena
1729 2308 1823 2341 quam
1860 2308 1913 2330 va-

1172 2359 1275 2394 cante,
1302 2352 1552 2396 quomodolibet
1584 2351 1789 2395 pertinentia,
1816 2356 1846 2384 et
1871 2351 1911 2384 ab

1172 2419 1209 2441 eo
1234 2406 1358 2450 percipi
1384 2406 1490 2446 solita,
1516 2405 1556 2438 ab
1581 2405 1693 2438 eodem
1720 2404 1912 2437 cameraria-

1173 2462 1223 2494 tus
1255 2459 1371 2500 officio,
1407 2460 1492 2492 salva
1518 2458 1682 2491 dumtaxat
1706 2457 1912 2501 infrascripta

1172 2513 1400 2552 reservatione,
1439 2513 1556 2545 harum
1593 2512 1677 2545 serie
1714 2512 1843 2554 penitus
1880 2516 1913 2544 et

1172 2567 1304 2600 omnino
1341 2566 1610 2599 dismembramus
1644 2575 1679 2598 ac
1712 2575 1910 2608 separamuS,

1172 2624 1202 2654 ct
1226 2630 1286 2664 pro
1312 2618 1550 2653 dismembratis
1569 2629 1606 2652 ac
1623 2618 1779 2663 separatis
1798 2617 1912 2652 haberi

389 2671 545 2715 dignitate
564 2672 762 2716 fulgentibus
779 2673 876 2706 tribui
895 2674 986 2715 solet,
1000 2684 1129 2708 omnem
1172 2675 1319 2707 volumus
1345 2678 1376 2707 ct
1400 2672 1605 2706 mandamus.
