2254 3225
228 194 277 220 An.
294 193 322 221 C.
345 192 411 221 1693
456 184 520 217 596

247 1413 380 1433 Confirmatio
390 1415 410 1433 el.

227 1440 261 1459 inu
273 1443 335 1458 >vatio

421 242 505 274 cium
523 242 561 274 ad
583 241 714 286 Tyberis
733 242 846 286 stipam
866 242 1010 286 Magnam
1033 253 1155 276 nuncu-

421 300 528 337 patam
571 296 631 329 sub
674 295 878 329 invocatione
919 296 951 329 S.
988 295 1152 329 Michaelis

422 347 577 381 haetenus
616 354 856 390 constructum,
882 349 1084 388 induximus,
1111 348 1154 380 di-

420 404 570 444 ctumque
594 401 748 445 palatium
765 403 911 444 congrua
927 400 1153 444 suppellectile

420 464 458 486 ac
480 454 673 487 necessariis
698 459 729 487 et
752 454 943 497 opportunis
961 452 1153 486 utensilibus

421 511 453 539 et
468 506 656 546 mobilibus,
673 517 736 540 non
755 506 909 540 mediocri
926 510 1056 548 sumptu
1070 515 1155 538 com-

419 559 550 602 paratis,
564 559 762 593 sufficienter
778 558 997 597 instruximus,
1018 557 1155 600 parique

420 617 550 655 sumptu
584 612 639 645 tali
675 613 835 645 structura
873 610 1096 650 distinximus,
1120 614 1156 641 ut

420 664 479 697 viri
504 675 522 698 a
546 664 737 697 mulieribus
761 670 794 697 et
817 663 934 707 puellis
956 663 987 695 in
1006 662 1155 696 discretis

422 722 453 750 et
477 717 621 761 propriis
645 717 821 750 cuiuslibet
837 726 931 749 sexus
956 714 1152 755 refectoriis,

420 770 642 802 mansionibus
658 796 665 810 ,
690 769 884 813 porticibus,
911 769 1016 809 atriis,
1042 768 1152 808 celtis,

421 822 579 863 officinis,
605 822 807 865 ingressibus
841 828 871 855 et
895 822 1035 862 scholis,
1062 832 1099 854 ac
1122 821 1155 853 in

420 876 569 908 omnibus
604 886 741 919 prorsus
778 875 912 908 seiuncti
951 880 983 908 et
1017 874 1155 917 separati

421 928 615 962 commorari
639 928 768 962 interim
793 927 960 971 potuerint
981 932 1011 959 et
1036 927 1068 959 in
1086 938 1155 970 pos-

421 986 525 1014 terum
550 981 691 1024 possint.
719 981 756 1013 Et
791 991 831 1013 ne
860 980 1044 1022 coniugati,
1075 990 1155 1022 qnos

421 1045 478 1067 seu
504 1044 639 1077 quorum
665 1035 802 1066 alterum
820 1033 1004 1066 huiusmodi
1023 1043 1156 1076 pauper-

421 1090 467 1118 tas
492 1091 524 1117 et
548 1084 730 1117 invaliditas
758 1083 944 1116 mendicare
970 1085 1153 1125 coegerant,

421 1139 642 1172 subventionis
668 1144 796 1171 nostrae
821 1143 1028 1171 remanerent
1047 1147 1156 1181 exper-

421 1198 477 1231 tes,
503 1192 628 1232 iisdem,
654 1192 730 1225 licet
755 1196 843 1225 extra
868 1191 1043 1234 hospitium
1069 1201 1156 1234 prae-

420 1244 519 1278 fatum
543 1244 829 1283 commorantibus,
854 1244 990 1277 alicuius
1014 1245 1157 1277 eleemo-

420 1308 516 1341 synae
542 1297 687 1331 subsidio
721 1308 776 1330 seu
804 1297 1030 1330 distributione
1055 1297 1156 1341 provi-

422 1351 538 1384 dimus.

465 1404 480 1447 ἐξ
496 1403 528 1437 3.
543 1403 625 1437 Hinc
639 1409 697 1443 est,
715 1408 749 1436 ut
767 1414 813 1444 ea,
835 1414 928 1447 qnae,
947 1403 1084 1436 Domino
1101 1404 1157 1436 bo-

227 1471 302 1485 eium<
322 1466 409 1491 praelati
421 1467 534 1490 norum
559 1456 701 1489 omnium
731 1462 861 1489 auctore
891 1456 1090 1498 inspirante,
1116 1456 1155 1489 ad

226 1492 321 1518 huspttti.

421 1510 491 1543 eius
517 1509 669 1542 maiorem
696 1509 842 1551 gloriam,
862 1509 1064 1552 proximique
1090 1515 1154 1542 tum

421 1562 624 1605 spiritualem
650 1567 715 1594 tum
740 1562 940 1605 corporalem
972 1563 1108 1594 salutem
1126 1568 1157 1595 et

421 1614 680 1653 aedificationem
694 1614 908 1657 incoepimus,
924 1614 1043 1647 Eodem
1056 1614 1157 1648 inere-

421 1673 567 1701 mentum
593 1668 697 1707 dante,
718 1668 756 1699 ad
782 1668 870 1700 illam
888 1669 1010 1707 saltem,
1033 1668 1082 1700 eui
1103 1668 1156 1700 Ca-

420 1731 529 1753 merae
553 1725 681 1752 nostrae
698 1719 914 1762 Apostolicae,
932 1720 1027 1752 variis
1046 1730 1155 1753 neces-

421 1773 570 1805 sitatibus
595 1783 739 1816 pressae,
764 1772 897 1814 exiguae
922 1772 1005 1805 vires
1031 1783 1151 1816 suppe-

422 1832 489 1858 tere
505 1826 661 1858 hactenus
685 1826 868 1865 valuerunt,
890 1825 1036 1865 formam,
1055 1826 1155 1858 subsi-

421 1878 570 1910 stentiam
605 1883 637 1910 et
670 1877 906 1921 perfectionem
933 1878 1125 1911 reducamus
1145 1906 1152 1919 ‚

420 1930 612 1973 maiorique,
627 1941 690 1973 quo
705 1940 886 1973 possumus,
899 1930 1087 1963 commissae
1101 1942 1156 1964 no—

419 1983 469 2015 bis
494 1982 646 2015 divinitus
669 1982 868 2015 auctoritatis
889 1983 1065 2016 munimine
1083 1994 1154 2016 con·

419 2035 619 2068 stabiliamus
633 2034 651 2074 ¹,
673 2045 708 2067 ac
733 2040 909 2078 propterea
933 2046 971 2067 ne
997 2036 1036 2068 de
1062 2036 1154 2068 infra-

420 2088 551 2131 scriptis
578 2088 710 2130 hospitii
737 2088 922 2127 erectione,
950 2088 1151 2129 fundatione,

420 2141 595 2180 dotatione,
617 2141 775 2179 instituto,
799 2140 1012 2180 ordinatione,
1031 2141 1150 2183 gratiis,

420 2192 651 2227 donationibus
678 2198 709 2226 et
743 2193 918 2226 unionibus
936 2221 943 2232 ,
977 2204 1152 2237 earumque

417 2246 583 2285 varietate,
598 2251 723 2286 tenore,
742 2246 914 2286 validitate,
932 2247 1150 2288 subsistentia,

417 2298 652 2342 perpetuitate,
677 2299 950 2332 irrevocabilitate
976 2306 1007 2332 et
1030 2300 1149 2332 immu-

417 2350 576 2383 tabilitate
609 2351 675 2383 ullo
703 2361 841 2393 unquam
879 2357 1047 2395 tempore,
1084 2354 1150 2386 ullo

418 2403 488 2436 iure
504 2430 511 2442 ,
536 2404 645 2436 ullove
669 2404 784 2443 modo,
810 2404 858 2436 via
894 2415 950 2437 seu
983 2411 1150 2448 praetextu

419 2456 556 2490 dubitari
580 2457 681 2499 possit
705 2467 760 2490 seu
778 2458 953 2500 contingat,
972 2464 1059 2491 motu
1077 2470 1151 2502 pro-

418 2511 504 2555 prio,
522 2520 559 2542 ex
584 2512 671 2543 certa
697 2510 830 2543 scientia
860 2517 888 2542 et
918 2514 1039 2544 matura
1064 2512 1147 2546 deli-

455 2575 466 2599 1
490 2572 557 2599 Edit
580 2572 645 2599 Main
679 2573 741 2608 tegit
758 2573 973 2600 conslnbilimus
995 2576 1029 2607 (u.
1048 2575 1095 2607 T.).

992 195 1168 220 BULLARIUM
1192 194 1345 219 noitANtJit

1194 242 1362 276 beratione
1384 242 1516 282 nostris,
1535 241 1640 285 deque
1658 240 1854 285 apostolicae
1872 250 1926 283 po-

1196 297 1318 329 testatis
1342 296 1556 340 plenitudine,
1576 295 1757 339 hospitium
1771 293 1926 338 apostoli-

1195 359 1265 381 cum
1278 358 1459 392 pauperum
1473 348 1698 387 invalidorum,
1712 351 1822 381 tenore
1833 355 1927 390 prae-

1194 401 1350 441 sentium,
1375 406 1535 444 perpetuo
1560 401 1731 443 erigimus,
1755 399 1926 432 fundamus

1196 458 1227 485 et
1251 452 1490 493 constituimus,
1517 463 1573 485 seu
1603 452 1683 486 illud
1707 463 1724 486 a
1747 452 1841 486 nobis
1864 451 1927 485 iam

1195 505 1388 549 incoeptum,
1408 505 1577 539 fundatum
1590 510 1622 539 et
1637 506 1845 539 constitutum
1858 514 1928 549 per-

1196 563 1296 601 petuo
1321 559 1552 602 approbamus,
1579 558 1805 592 confirmamus
1829 563 1861 592 et
1880 559 1929 591 in-

1197 621 1367 651 novamus,
1394 622 1431 644 ae
1455 611 1641 645 huiusmodi
1666 610 1835 652 erectioni,
1861 611 1930 644 fun·

1197 663 1319 696 dationi
1355 669 1386 697 et
1411 664 1636 697 constitutioni
1671 669 1857 708 perpetuae,
1881 663 1931 696 in-

1197 715 1357 749 violabilis
1398 721 1429 749 et
1463 716 1695 758 irrefragabilis
1731 715 1930 759 apostolicae

1197 767 1357 801 firmitatis
1382 769 1482 802 robur
1506 774 1538 802 et
1558 769 1733 802 efficaciam
1751 768 1929 801 adiicimus.

1241 821 1255 864 ς
1279 821 1311 854 4.
1338 821 1399 854 Pro
1424 821 1609 855 huiusmodi
1628 826 1733 854 autem
1754 831 1931 864 pauperum

1926 191 1981 219 An.
1996 192 2026 219 C.
2050 193 2117 219 ¹693

1968 833 2070 853 Palatium
2083 832 2124 852 La-

1938 862 2050 879 tei-„nense
2062 861 2124 879 varis

1197 873 1424 915 invalidorum,
1440 874 1580 907 virorum
1595 874 1748 907 nimirum
1769 879 1802 906 et
1822 873 2125 907 mulie-mmmmm&

1942 914 2040 932 situatum
2050 927 2054 934 ,
2079 914 2124 931 tan-

1198 937 1268 960 rum
1292 937 1419 960 necnon
1442 928 1622 970 puellarum
1646 927 1859 967 habitatione,
1880 937 1988 969 pa-den.
2026 937 2125 958 invitm,

1951 969 1991 983 viris
2002 979 2007 987 ,
2032 964 2125 983 mulieri-

1198 979 1309 1013 latium
1345 981 1558 1023 apostolicum
1594 980 1766 1024 primariae
1802 986 1980 1013 nostraeim«
2003 992 2023 1010 ει
2047 990 2123 1014 ouen-s

1198 1032 1356 1065 ecclesiae
1391 1032 1618 1066 Lateranensi¹
1655 1043 1691 1066 ex
1729 1043 1794 1065 uno
1830 1034 1931 1066 latere

1198 1085 1386 1126 cohaerens,
1413 1086 1574 1129 situmque
1600 1085 1631 1118 in
1657 1086 1762 1128 platea
1787 1096 1844 1119 seu
1869 1087 1932 1129 pla-

1199 1138 1257 1171 teis
1282 1138 1403 1182 pariter
1427 1139 1697 1172 Lateranensibus
1723 1139 1929 1182 nuncupatis,

1197 1191 1274 1224 olim
1300 1202 1317 1224 a
1349 1196 1528 1224 memorato
1562 1191 1649 1224 Sixto
1680 1192 1930 1235 praedecessore

1197 1254 1257 1287 pro
1272 1244 1469 1277 habitatione
1495 1244 1710 1278 Romanorum
1732 1244 1931 1285 Pontificum,

1198 1297 1252 1340 qui
1278 1297 1489 1330 nihilominus
1515 1299 1715 1341 subsequuto
1742 1303 1871 1331 centurn
1901 1303 1933 1330 et

1198 1350 1282 1382 ultra
1306 1359 1464 1382 annorum
1491 1350 1662 1382 intervallo
1686 1350 1765 1382 inibi
1789 1360 1855 1382 non
1881 1350 1933 1382 ha-

1198 1402 1350 1441 bitarunt,
1377 1403 1482 1445 ampla
1507 1408 1538 1435 et
1558 1403 1659 1435 nobili
1678 1404 1836 1435 structura
1855 1403 1932 1435 olim

1199 1454 1411 1495 aedificatum,
1430 1455 1549 1487 iamdiu
1572 1460 1678 1487 tamen
1694 1460 1725 1487 et
1741 1455 1930 1498 praesertim

1199 1516 1301 1549 nuper
1334 1509 1449 1549 magna
1481 1512 1512 1539 et
1544 1508 1693 1550 prompta
1725 1507 1930 1549 reparatione

1198 1559 1230 1591 in
1255 1560 1402 1602 pluribus
1429 1560 1495 1591 eius
1520 1560 1667 1602 partibus
1687 1559 1785 1592 etiam
1808 1559 1930 1592 ruinam

1198 1612 1393 1644 minantibus
1407 1612 1566 1654 indigens,
1582 1617 1799 1655 etpropterea
1816 1613 1933 1655 aliqua-

1198 1676 1266 1697 rum
1303 1665 1581 1708 contignationum
1617 1665 1679 1699 iam
1715 1666 1931 1708 collapsaruni

1197 1719 1425 1759 innovatione,
1451 1719 1681 1752 nonnullorum
1710 1719 1931 1762 laquearium,

1197 1772 1356 1805 fornicum
1383 1777 1414 1804 et
1444 1781 1611 1806 murorum
1644 1782 1729 1815 pene
1753 1771 1931 1814 [collaben-

1198 1825 1275 1857 tium
1300 1824 1494 1857 solidatione
1521 1829 1552 1857 et
1578 1824 1830 1865 restauratione,
1856 1826 1930 1868 plu-

1196 1878 1350 1911 rimarum
1372 1877 1553 1920 lignearum
1583 1883 1647 1910 tum
1668 1882 1833 1920 portarum
1863 1884 1930 1911 tum

1196 1931 1411 1964 fenestrarum
1440 1931 1629 1971 refectione,
1655 1931 1792 1974 aliisque
1817 1941 1931 1965 neces-

1195 1983 1287 2016 sariis
1324 1988 1356 2016 et
1390 1983 1581 2026 opportunis
1613 1983 1875 2027 reparationibus
1911 1995 1928 2017 a

1195 2036 1287 2069 nobis
1310 2036 1517 2068 multifariam
1550 2036 1740 2079 magnisque
1772 2036 1928 2080 impensis

1196 2089 1350 2129 fulcitum,
1368 2089 1540 2121 solidatum
1562 2094 1594 2121 et
1610 2089 1836 2129 instauratum,
1855 2100 1929 2123 nec-

1195 2153 1260 2175 non
1285 2142 1323 2174 ad
1353 2143 1534 2184 praefatum
1568 2142 1700 2184 hospitii
1732 2153 1824 2174 usum
1851 2143 1927 2176 satis

1194 2195 1360 2228 commode
1375 2195 1553 2234 reductum,
1569 2195 1722 2238 illudque,
1738 2196 1812 2228 licet
1825 2207 1840 2228 a
1855 2196 1926 2239 piae

1194 2248 1368 2281 memoriae
1395 2249 1491 2280 Paulo
1517 2248 1601 2290 Papa
1627 2248 1649 2279 V
1674 2248 1770 2280 etiam
1794 2250 1928 2291 praede-

1194 2312 1322 2335 cessore
1347 2307 1460 2335 nostro
1485 2297 1544 2344 per
1561 2311 1633 2334 suas
1651 2301 1682 2333 in
1698 2302 1798 2334 form-‘⁴1
1817 2302 1925 2335 Brevis

1194 2356 1244 2388 die
1257 2366 1313 2389 vni
1328 2355 1465 2388 ianuarii
1490 2355 1699 2398 pontificatus
1723 2355 1770 2387 sui
1788 2366 1873 2388 anno
1895 2366 1925 2389 tv

1195 2408 1361 2452 expeditas
1386 2407 1509 2440 litteras
1534 2407 1827 2451 archipresbytero,
1845 2408 1927 2451 capi-

1195 2462 1260 2494 tulo
1286 2465 1317 2493 et
1342 2459 1506 2493 canonicis
1537 2465 1732 2492 memoratae
1768 2461 1925 2494 ecclesiae

1193 2524 1252 2557 pro
1276 2513 1463 2547 eorumdem
1477 2512 1705 2545 canonicorum
1722 2513 1924 2546 habitatione

1229 2577 1238 2601 1
1264 2575 1333 2601 Edit.
1354 2574 1431 2601 Maia.
1454 2574 1517 2609 legit
1539 2575 1738 2602 lateranensis
1757 2576 1795 2609 (R.
1817 2576 1865 2609 Τ.),

1940 1016 2073 1036 conceditur,
