2227 3225
134 237 183 262 An.
203 236 232 263 Γ..
258 235 323 262 1092

155 559 242 580 Sanctio
261 564 312 586 poo-

128 587 189 606 uatis.

300 657 462 702 dationis,
490 659 756 700 concessionum,
781 657 1054 702 proliilutiouurn,
1076 645 1079 687 f

145 1889 285 1910 Prooemium.

904 234 1071 258 lxxectiwi

1078 235 1112 256 rs
1139 235 1180 258 xit
1730 228 1787 261 1113}

1208 236 1255 257 ΓΡ.

325 283 482 328 expressis
508 289 539 317 et
563 282 694 317 insertis
719 282 893 319 babentes.
919 284 957 316 ad
984 282 1058 316 etl‘e-
1077 287 1079 302 '
1099 282 1222 322 citiori,
1249 282 1414 316 ordinario
1453 289 1481 316 et
1522 284 1656 317 iuridiro
1692 286 1832 321 iustitiae

323 343 407 369 ctum
433 337 669 380 praesentium,
691 337 755 370 illis
775 337 853 370 alias
880 337 911 369 in
929 348 985 369 su>r
1008 347 1058 369 ro·
1077 320 1079 371 i
1099 336 1204 368 cursui
1230 336 1262 368 in
1284 337 1427 369 Romana
1446 337 1538 369 Curia
1562 343 1742 372 ceterarum
1773 352 1833 373 uia-

323 390 400 422 borc
421 390 654 432 permansuris,
682 390 795 423 harum
813 390 899 423 serie
923 389 1058 430 deroga·
1076 376 1079 410 Ι
1098 389 1194 430 gistra
1220 389 1354 422 uberius
1380 390 1566 427 consulitur,
1593 391 1630 423 ad
1654 392 1734 425 viam
1756 394 1833 426 iuris

322 453 415 483 mus3
442 443 623 487 ceterisque
655 443 826 477 contrariis
851 443 1058 487 quibuscum-

322 507 397 540 que.
720 524 725 526 t

366 550 458 593 §5⁹2
492 551 577 584 Nulli
610 562 687 594 ergo
725 552 858 585 omnino
889 549 1056 584 hominum

321 604 417 637 liceat
441 606 592 648 paginam
617 606 701 638 lianc
729 610 911 639 nostrarum
937 603 1058 646 compi-

321 709 540 752 decretorum,
567 712 691 751 statuti,
710 711 895 749 voluntatis,
914 710 1056 742 declara-

321 762 426 804 tionis,
440 763 710 804 confirmationis,
731 763 959 806 derogationis,
978 762 1056 795 alio-

319 826 459 860 rumque
476 816 729 860 praemissorum
748 816 936 858 infringere,
959 815 1053 858 eique
1074 857 1076 865 Ι

319 879 397 902 ausu
417 869 589 903 temerario
609 869 792 909 contraire;
812 869 838 901 si
857 869 926 911 quis
946 873 1053 901 autem

319 922 382 958 hoc
408 927 566 956 attentare
596 921 865 966 praesumpserit,
898 921 1050 964 indigna-

319 975 441 1008 tionem
474 975 707 1019 omnipotentis
731 975 786 1008 Dei
819 985 854 1008 ac
883 974 1053 1007 beatorum

317 1027 402 1061 Petri
428 1033 460 1062 et
483 1029 572 1062 Pauli
598 1029 820 1072 apostolorum
846 1027 914 1061 eius
938 1038 971 1060 se
997 1036 1054 1060 no-

316 1081 398 1114 verit
420 1081 640 1115 incursurum.

360 1133 474 1167 Datum
495 1134 626 1175 Romae,
649 1134 735 1178 apud
766 1133 797 1167 S.
831 1133 964 1167 Mariam
993 1134 1053 1166 Ma—

316 1187 419 1220 iorem
436 1215 443 1228 ,
477 1198 562 1220 anno
598 1188 832 1221 lncarnationis
870 1188 1051 1220 dominicae

315 1250 458 1282 nomeu,
478 1251 513 1274 111
534 1251 636 1274 nonas
661 1241 867 1285 septembris,
884 1240 1052 1285 pontifica-

316 1299 366 1328 tus
385 1295 486 1328 nostri
509 1305 594 1328 anno
620 1305 656 1328 11.

349 1356 409 1384 Dat.
425 1356 469 1384 die
483 1357 498 1385 3
514 1357 676 1392 septembris
693 1356 772 1391 1692,
792 1356 890 1392 pontif.
907 1364 977 1385 anno
992 1363 1021 1384 u.

618 1499 740 1533 XXXII.

311 1577 492 1612 Abotemm·
514 1579 626 1612 omnia
652 1578 836 1612 tribunalia
866 1583 895 1612 et
927 1578 1050 1612 iudices

353 1632 572 1676 particulares
589 1643 659 1665 cum
676 1633 745 1666 suis
762 1632 1004 1675 facultalibus‘.

484 1712 681 1740 Innocentius
703 1713 782 1746 Papa
802 1712 872 1747 XII,

495 1764 602 1784 servus
617 1765 773 1784 sorvorum
785 1758 838 1785 Dei
849 1779 856 1790 ‚

439 1801 476 1828 ad
491 1805 667 1835 perpetuam
682 1802 727 1829 rei
742 1802 923 1830 memoriam.

356 1877 520 1910 Romanus
545 1877 692 1911 Pontifex
710 1877 822 1912 curae²
838 1879 904 1922 agri
922 1876 1046 1913 Domini

310 1941 400 1964 more
418 1931 583 1973 diligentis
597 1931 841 1974 patrisfamilias
861 1932 1047 1967 indesinen-

312 1988 360 2016 ter
384 1983 563 2026 invigilans,
584 1989 629 2024 ut,
643 1984 729 2018 iuxta
745 1985 879 2018 verbum
899 1986 1045 2029 prophe-

310 2036 422 2078 ticum,
448 2037 545 2070 noxia
570 2038 689 2070 evellat
717 2044 749 2071 et
784 2037 936 2079 destruat,
953 2039 1044 2072 utilia

308 2099 385 2123 vero
410 2091 535 2134 plantet
550 2095 582 2123 et
603 2090 762 2132 aedificet,
775 2102 812 2124 ea
832 2091 940 2133 etiam,
960 2103 1042 2136 quae

308 2142 390 2184 alia³‚
402 2143 651 2177 rationabilibus
666 2149 741 2177 tunc
751 2145 962 2178 suadentibus
973 2156 1043 2179 cau-

307 2196 362 2237 sis,
381 2207 398 2229 a
417 2196 498 2230 Sede
519 2197 702 2240 Apostolica
725 2208 879 2231 concessa
902 2198 1041 2240 fuerunt,

307 2259 345 2282 ex
367 2248 439 2283 aliis
455 2248 668 2284 validioribus
689 2250 765 2284 seu⁴
784 2252 1042 2294 supervenienti-

304 2302 366 2337 bus
390 2304 587 2345 rationibus,
614 2304 734 2348 quibus
766 2305 962 2348 praesertim
994 2306 1040 2338 fa-

340 2367 353 2393 1
375 2365 404 2393 ln
419 2366 593 2401 praecedenti
604 2366 796 2395 constitutione
806 2371 875 2395 extat
884 2367 1039 2395 reformatio

303 2410 462 2438 facultatum
482 2411 591 2439 maioris
610 2411 825 2448 poenitentiarii;
842 2413 910 2440 etin
929 2413 1037 2440 constit.

304 2455 347 2482 ed.
367 2462 485 2490 uncxcu,
506 2456 550 2483 die
571 2456 602 2483 18
622 2456 798 2492 novembris,
822 2457 916 2492 pontif.
942 2464 970 2493 11,
987 2458 1038 2486 alia

303 2499 462 2527 facultatum
479 2500 625 2528 tribunalis
645 2501 760 2528 viarum.

337 2544 354 2571 2
373 2544 445 2572 Edit.
464 2545 542 2572 Maio.
562 2545 628 2581 legit
646 2547 746 2574 curiae
766 2548 803 2580 (n.
823 2548 872 2580 Τ.).

337 2590 354 2618 3
373 2589 422 2617 Vel
441 2590 517 2618 alitis
535 2590 580 2618 vel
598 2590 668 2618 olim
687 2591 836 2627 legendum
853 2592 892 2627 (n.
913 2591 960 2628 Τ-).

336 2635 353 2662 4
372 2635 509 2665 Particula
526 2644 577 2666 seu
595 2636 733 2666 redundat
750 2637 786 2672 (a.
803 2637 844 2672 Τ.)

1077 431 1267 482 Ῐιέἀυεοιέ,
1292 443 1466 482 moderari,
1492 443 1660 477 immutare
1687 451 1715 477 et
1742 457 1834 480 revo-

1077 493 1170 558 icare
1197 506 1262 528 non
1289 496 1416 535 desinit,
1435 496 1515 529 etin
1536 497 1585 530 liis
1603 499 1832 533 sollicitudinis

1078 582 1079 586 ,
1098 559 1170 581 suae
1182 549 1321 581 studium
1338 550 1528 592 interponit,
1545 551 1674 593 quando
1690 557 1718 585 et
1737 559 1834 595 prout

1097 601 1128 632 iu
1150 601 1286 635 Domino
1305 602 1460 645 conspicit
1478 604 1653 637 salubriter
1667 606 1831 648 expedire.

1097 770 1153 791 seu
1171 761 1437 793 cumulativarum
1456 761 1833 803 iurisdictionum‚etium

1096 824 1166 845 eum
1192 814 1344 847 facultate
1378 816 1532 859 proprios
1562 827 1619 849 seu
1661 817 1831 851 beuevisos

1096 867 1238 899 notarios
1259 868 1399 901 habendi
1427 880 1485 901 seu
1511 870 1701 913 deputandi,
1723 882 1832 914 quain-

1095 919 1243 961 pluribus
1267 921 1433 963 praefatae
1459 922 1567 955 curiae
1592 924 1832 966 particul.·u·iter

1095 971 1249 1005 institutis
1287 973 1447 1008 iudicibus
1484 986 1540 1008 seu
1573 977 1788 1009 tribunalibus
1815 989 1831 1010 a

1095 1025 1246 1059 Romanis
1271 1027 1482 1061 Pontificibus
1523 1030 1830 1072 praedecessoribus

1094 1079 1213 1111 nostris
1251 1080 1435 1123 aliquorum
1473 1084 1677 1116 sacculorum
1725 1085 1829 1128 spatio

1094 1142 1258 1173 concessa,
1285 1134 1327 1165 ita
1351 1135 1506 1177 paulatim
1532 1136 1677 1179 quidem,
1714 1138 1767 1170 sed
1798 1138 1829 1169 in

1093 1185 1285 1219 immensum
1311 1188 1513 1229 excrevisse,
1555 1195 1590 1222 ut
1626 1190 1765 1223 iudicum
1798 1196 1831 1224 et

1094 1238 1302 1272 tribunalium
1320 1240 1560 1274 ordinariorum
1578 1242 1830 1277 iurisdictiorna-

1093 1301 1238 1334 gnopere
1259 1293 1451 1333 decreverit,
1470 1300 1501 1327 et
1521 1305 1620 1338 super
1640 1296 1828 1329 huiusmodi

1092 1344 1352 1378 iurisdictionum
1370 1347 1522 1380 conflictu
1539 1354 1570 1380 et
1583 1349 1726 1381 iudicum
1745 1360 1829 1383 com-

1092 1399 1238 1440 petentia
1264 1399 1449 1443 frequentes
1474 1402 1710 1443 contentiones,
1732 1414 1828 1447 expe-

1092 1450 1189 1483 ditam
1214 1462 1385 1486 causarum
1412 1454 1674 1488 terminationem
1699 1467 1770 1490 cum
1796 1457 1827 1490 li-

1065 1520 1068 1524 ·
1092 1504 1261 1547 tigantium
1277 1507 1393 1541 damno
1407 1512 1438 1540 ct
1455 1508 1692 1542 causidicorum
1707 1509 1828 1543 incom-

1091 1559 1187 1591 modo
1209 1559 1405 1601 differentes,
1427 1561 1641 1605 irrepserint;
1670 1573 1707 1596 ac
1730 1573 1827 1608 prop-

1092 1616 1199 1653 terea,
1226 1612 1313 1646 inter
1348 1614 1411 1647 alia
1447 1625 1526 1658 quae
1563 1615 1647 1649 circa
1679 1617 1825 1650 eamdem

1091 1665 1212 1698 curiam
1227 1667 1437 1705 emendanda,
1450 1669 1656 1703 reformanda
1666 1671 1824 1703 etrectius

1092 1719 1273 1753 ordinanda
1298 1721 1523 1765 suscepimus,
1552 1728 1705 1765 quantum
1730 1724 1823 1757 nobis

1091 1783 1128 1805 ex
1154 1773 1220 1806 alto
1245 1774 1446 1815 conceditur,
1472 1775 1655 1809 huiusmodi
1676 1777 1825 1811 absurdis

1091 1836 1274 1867 occurrere,
1301 1838 1337 1860 ac
1360 1827 1526 1871 praefatae
1552 1829 1660 1862 curiae
1689 1829 1823 1874 eiusque

1090 1878 1231 1913 iudicum
1271 1885 1302 1913 et
1328 1881 1536 1914 tribunalium
1567 1882 1682 1916 maiori
1713 1883 1822 1916 decori

1089 1938 1121 1965 et
1144 1933 1261 1973 ordini,
1280 1934 1362 1967 sicut
1382 1935 1525 1968 iustitiae
1546 1936 1628 1968 ratio
1646 1941 1677 1969 et
1692 1936 1823 1980 publica

1087 1986 1207 2019 utilitas
1232 1988 1416 2030 postulant,
1444 1988 1504 2021 hac
1540 1991 1651 2022 nostra
1686 1989 1819 2033 speciali

1086 2040 1323 2074 constitutione
1337 2041 1526 2085 prospicere
1542 2042 1711 2076 volentes:
1730 2049 1819 2077 motu

1084 2093 1227 2137 proprio,
1254 2105 1291 2127 ex
1316 2096 1406 2127 certa
1424 2094 1558 2128 scientia
1576 2100 1608 2129 et
1626 2099 1749 2130 matura
1767 2098 1820 2131 de-

1084 2147 1278 2180 liberatione
1313 2149 1443 2189 nostris,
1482 2149 1586 2193 deque
1620 2151 1817 2193 apostolicae

1083 2201 1251 2243 potestatis
1275 2201 1489 2244 plenitudine,
1514 2212 1641 2236 necnon
1670 2203 1709 2236 de
1740 2214 1819 2238 non-

1083 2254 1245 2287 nullorum
1276 2254 1469 2288 dilectorum
1500 2255 1641 2289 filiorum
1672 2257 1817 2291 eiusdem

1082 2308 1190 2341 curiae
1215 2309 1440 2351 praelatorum
1465 2314 1498 2343 et
1517 2310 1672 2351 virorum,
1692 2311 1815 2355 pietate

1081 2366 1113 2393 et
1138 2361 1302 2402 doctrina,
1339 2362 1513 2406 prudentia
1550 2367 1582 2396 et
1615 2374 1722 2398 rerum
1755 2376 1815 2398 usu

1080 2415 1324 2458 praestantium,
1339 2416 1378 2449 ad
1396 2417 1485 2450 hunc
1503 2416 1652 2450 effectum
1673 2419 1712 2452 de
1729 2430 1815 2452 man-

1080 2469 1154 2502 dato
1169 2475 1281 2502 nostro
1299 2469 1420 2512 pluries
1436 2475 1716 2514 congregatorum,
1737 2483 1813 2507 con-

1079 2522 1162 2563 silio,
1191 2522 1299 2555 omnia
1324 2527 1356 2555 et
1381 2522 1508 2565 singula
1534 2523 1719 2558 huiusmodi
1745 2536 1814 2569 par-

1079 2574 1224 2608 ticularia
1248 2575 1423 2609 tribunalia
1447 2581 1478 2609 et
1502 2577 1658 2620 speciales
1678 2578 1810 2620 iudices,

1077 2627 1187 2671 vigore
1209 2628 1455 2672 privilegiorum
1474 2631 1694 2674 praefatorum
1711 2631 1742 2664 in
1761 2634 1808 2665 ea³

1840 241 1878 266 Au
1908 240 1934 266 Γ,
1961 236 2025 266 itur}

1075 696 1077 701 Α
1140 654 1155 695 ξ
1181 654 1211 686 1.
1240 655 1320 687 {linc
1339 661 1388 687 est
1409 656 1494 698 quod
1517 667 1585 695 nos,
1607 658 1716 691 sedula
1734 659 1833 692 medi·
1880 672 1951 691 1.1-,..-
2010 681 2027 694 ι,

1098 707 1217 740 tatione
1232 714 1408 750 pensantes
1420 709 1591 752 privilegia
1606 711 1832 753 privativariun
1948 707 1999 720 '⁰¹¹¹‘
