2254 3225
221 242 250 263 tu
286 240 304 261 ti
338 238 396 263 lt'Jl

448 228 512 260 ΜΞ

404 286 550 318 vittcialis
576 285 724 328 capituli,
752 288 783 317 et
806 293 865 316 suo
886 283 1001 316 ordine
1027 282 1140 315 delini-

404 346 493 373 tores
517 338 718 382 provinciae,
743 342 799 370 aut
822 342 896 380 post
925 346 979 369 eos
1012 335 1142 377 dignior

404 392 590 435 provinciae
615 391 770 433 magister
801 389 979 422 dummodo
1004 387 1139 431 praedi-

405 452 472 478 ctos
497 446 620 478 nullum
647 444 911 487 impedimentum
936 441 1125 482 adstringat.

451 509 513 532 xvi.
541 497 656 530 Viearii
684 497 853 539 generales
886 495 1050 527 lndiarum
1087 493 1144 524 ha-

407 553 488 584 bent
522 550 673 583 similiter
708 548 893 591 sutl'ragium
928 546 960 579 in
996 545 1144 578 omnibus

410 604 621 638 electionibus
646 607 677 635 et
701 600 893 635 delinitoriis
917 598 1047 642 capituli
1071 608 1146 641 pro—

409 657 568 692 vincialis.
591 655 855 699 quotiescumque
877 663 894 685 a
918 651 1063 694 generali
1082 661 1146 683 ma-

412 711 513 753 gistro
538 707 737 753 praesidenti
769 705 918 750 capitulis
948 706 996 738 vel
1028 704 1148 748 praesi-

412 762 502 796 dem¹
521 760 708 795 nominandi
732 761 914 793 facultatem
940 757 1146 800 acceperint3

413 817 476 849 illis
502 821 606 848 autem
632 813 831 847 strictissime
857 811 1093 853 subiungimus,
1117 812 1150 842 ut

414 870 452 903 ad
473 869 617 913 praefata
641 867 789 910 capitula,
825 875 889 898 non
914 864 976 897 alia
1002 862 1151 903 sutfragia

414 928 469 955 aut
499 921 626 955 vocales
665 919 832 952 admittant
862 916 923 950 nisi
953 915 1153 949 constitutio-

415 976 511 1009 nibus
536 972 657 1007 nostris
683 970 896 1014 praescripta,
921 974 952 1001 et
982 972 1081 1011 prout
1104 967 1153 998 in-

416 1027 513 1060 ferius
533 1036 602 1069 cap.
620 1035 671 1058 xlv
696 1028 728 1057 et
752 1033 843 1066 seqq.
863 1020 960 1054 huius
979 1019 1154 1053 distinctio-

416 1081 466 1113 nis
492 1078 721 1113 declarabitur.

459 1143 535 1166 xvn.
559 1131 636 1164 Cum
657 1135 761 1162 autem
781 1127 947 1171 praedicta
964 1124 1154 1158 auctoritate

418 1184 568 1219 suffultus
603 1193 670 1215 non
706 1182 810 1214 valeat
844 1179 940 1212 alicui
966 1177 1156 1222 provinciali

418 1238 560 1282 capitulo
595 1236 774 1274 interesse,
815 1244 851 1266 ac
885 1242 1020 1266 necesse
1060 1230 1158 1263 suerit

419 1291 604 1336 praesidem
633 1287 767 1327 institui,
786 1287 876 1319 illum
905 1295 1035 1328 semper
1060 1284 1158 1327 eligat

421 1345 612 1387 graduatum
629 1341 732 1374 virum
751 1339 903 1383 equidem
928 1339 968 1371 ab
987 1337 1072 1371 omni
1093 1348 1159 1370 am-

420 1397 489 1430 bitu
507 1401 539 1429 et
555 1395 694 1429 aliorum
711 1393 856 1436 partibus
876 1391 1029 1431 alienum,
1050 1400 1090 1422 ne
1108 1391 1158 1422 vel

422 1450 461 1482 ad
477 1459 510 1482 se
532 1453 631 1481 totam
648 1445 841 1479 electionem
860 1443 991 1483 alliciat,
1009 1443 1069 1483 vel,
1087 1452 1161 1486 par-

423 1509 469 1535 tes
495 1500 627 1534 alterius
659 1508 771 1541 agens,
794 1496 995 1541 provinciam
1019 1501 1050 1529 et
1076 1494 1162 1538 eapi-

423 1557 524 1589 tulum
541 1552 673 1593 dividat,
691 1556 722 1584 et
739 1550 947 1584 concordiam
963 1549 1085 1592 ubique
1108 1548 1162 1581 de-

425 1606 634 1642 siderabilem
652 1605 789 1647 frangat,
809 1603 863 1646 qui
881 1602 1017 1636 mittitur
1042 1603 1163 1634 zelator

426 1661 585 1695 eiusdem.
604 1659 631 1692 Is
658 1659 805 1692 camdem
823 1667 936 1689 vocem
955 1655 986 1688 in
1005 1655 1160 1698 capitulo,

427 1724 523 1757 quam
551 1711 690 1746 vicarius
720 1709 881 1753 generalis
898 1709 924 1742 si
942 1709 1087 1749 adesset,
1106 1707 1164 1741 oh-

427 1770 538 1802 tineat.

472 1830 562 1854 xviii.
588 1820 625 1852 Et
649 1829 690 1851 ne
716 1817 889 1861 superfluis
919 1816 1099 1859 sumptibus
1135 1819 1167 1848 et

428 1871 722 1907 contributionibus
737 1875 909 1913 graventur
923 1869 1027 1901 dietae
1041 1867 1167 1912 provin-

430 1927 498 1960 ciae
519 1926 683 1958 Peruanae
710 1928 742 1956 et
761 1923 848 1955 Nova
872 1921 1038 1964 Hispania,
1056 1919 1168 1954 statui·

431 1989 500 2011 mus
523 1982 557 2010 ut
580 1977 614 2009 in
638 1980 804 2020 posterum
828 1984 887 2017 pro
912 1972 1076 2006 vestiariis
1100 1982 1168 2004 ma-

432 2030 524 2074 gistri
550 2029 712 2073 generalis
738 2027 871 2060 minime
899 2026 978 2059 siant
1002 2025 1169 2059 contribu-

433 2084 537 2116 tiones
573 2082 617 2115 ibi
653 2080 722 2114 fieri
759 2080 888 2120 solitae,
921 2079 979 2112 sed
1015 2083 1077 2111 tam
1109 2088 1169 2121 pro

434 2135 526 2170 dictis
564 2133 724 2167 vestiariis
760 2144 855 2176 quam
892 2142 951 2175 pro
987 2131 1170 2175 sumptibus

434 2186 655 2232 procuratoris
682 2186 842 2228 generalis
866 2185 898 2217 in
923 2184 1022 2225 Urbe,
1060 2189 1093 2216 et
1116 2194 1172 2216 ne-

435 2240 531 2284 gotiis
555 2240 594 2272 ab
619 2249 658 2271 eo
679 2238 844 2281 gerendis,
861 2237 1027 2281 praesenti
1052 2235 1173 2269 consti-

437 2294 561 2326 tutione
587 2292 794 2334 designamus
812 2291 1019 2323 medietatem
1044 2290 1172 2323 illarum

437 2345 717 2380 contributionum
745 2354 826 2386 quae
852 2343 884 2376 in
915 2343 1009 2376 dictis
1044 2343 1175 2386 provin-

438 2399 496 2432 ciis
521 2398 602 2431 siunt
627 2402 658 2430 et
683 2396 752 2429 sieri
775 2399 1016 2429 consueverunt
1039 2406 1099 2438 pro
1124 2405 1175 2428 ve-

438 2451 557 2485 stiariis
570 2449 761 2483 vicariorum
777 2449 987 2492 generalium,
998 2448 1081 2480 itaut
1098 2449 1176 2481 tales

440 2504 624 2539 exactiones
657 2513 712 2536 seu
748 2502 1004 2535 contributiones
1036 2502 1067 2533 in
1098 2501 1177 2534 duas

441 2562 549 2602 partes
573 2556 725 2598 aequales
752 2554 945 2594 dividantur,
964 2564 1098 2597 quarum
1115 2563 1178 2586 una

483 2621 496 2647 1
518 2618 618 2646 Forsan
637 2617 759 2654 capituti
777 2616 820 2644 vet
834 2615 968 2654 praeside
987 2616 1023 2651 (a.
1043 2615 1094 2650 T.).

986 233 1163 257 nt'ttmntt'tt
1190 232 1342 255 nonmrn

1184 280 1329 313 mittatur
1354 279 1509 322 magistro
1534 276 1695 320 generali,
1722 277 1822 309 altera
1846 286 1922 309 vero

1184 333 1308 366 vicariis
1327 332 1535 375 generalibus
1563 342 1623 374 pro
1648 330 1694 364 sui
1720 330 1815 364 ossicii
1837 340 1922 362 sum-

1185 387 1293 429 ptibus
1317 386 1503 428 deputetur.

1228 449 1291 472 xtx.
1312 438 1433 476 Quibus
1455 438 1562 471 denuo
1579 438 1671 471 enixe
1691 438 1921 482 praecipimus,

1187 491 1246 524 sub
1272 493 1379 534 poena
1414 491 1759 523 excommunicationis
1789 491 1923 524 maioris

1188 546 1269 577 latae
1305 543 1494 582 sententiae,
1520 554 1556 576 ac
1579 543 1771 586 privationis
1806 544 1926 576 utrius-

1189 607 1249 639 que
1274 596 1362 628 vocis
1385 601 1544 638 perpetuo
1570 597 1768 635 subeundae,
1789 602 1832 636 ut,
1850 607 1926 639 per-

1189 648 1341 681 actissuis
1355 647 1475 687 officiis,
1486 648 1662 691 praefatam
1680 648 1837 681 rationem
1855 649 1927 681 red-

1191 701 1268 733 dant
1292 701 1462 743 magistro,
1492 706 1523 733 et
1548 701 1665 734 deinde
1694 701 1843 744 proximo
1872 713 1926 744 ge-

1192 754 1292 787 nerali
1319 755 1460 797 capitulo
1495 754 1534 787 de
1567 754 1718 787 omnibus
1750 755 1928 798 praedictis

1193 806 1490 839 contributionilnts
1516 817 1553 839 ac
1577 806 1648 840 aliis
1666 807 1927 851 quibuscumque

1194 859 1285 892 bonis
1311 869 1391 902 quae
1417 864 1484 891 toto
1507 858 1554 890 sui
1573 859 1740 902 regiminis
1766 864 1928 903 tempore,

1196 918 1256 944 tam
1284 912 1377 945 titulo
1409 917 1441 944 et
1464 912 1588 944 ratione
1613 913 1810 955 praemissis,
1835 923 1929 956 quam

1195 965 1340 1008 quolibet
1364 964 1460 997 officii
1486 964 1569 1004 iure,
1595 966 1792 1008 receperint.

1240 1029 1289 1051 xx.
1316 1017 1395 1060 Ipsis
1418 1022 1525 1050 tamen
1543 1018 1769 1051 interdicimus
1795 1029 1835 1051 ne
1857 1030 1931 1052 suos

1195 1070 1403 1102 secretarium
1429 1075 1461 1102 et
1480 1070 1603 1102 socium
1628 1071 1774 1103 ordinem
1796 1071 1932 1104 sedendi

1197 1122 1356 1164 Frangere,
1375 1128 1407 1154 et
1430 1123 1536 1155 locum
1557 1123 1642 1156 inter
1660 1123 1773 1156 fratres
1791 1124 1850 1156 sibi
1869 1135 1934 1156 non

1198 1175 1340 1207 debitum
1360 1175 1524 1218 patiantur
1544 1186 1723 1209 assumere.
1745 1177 1791 1216 Et,
1810 1187 1850 1209 ne
1867 1176 1936 1220 qui-

1198 1228 1286 1262 dem'
1307 1229 1346 1261 de
1364 1232 1473 1262 cetero
1491 1229 1634 1272 pendeat.
1654 1240 1671 1262 a
1696 1230 1765 1262 sola
1783 1230 1935 1263 comitate

1198 1282 1248 1315 vel
1272 1282 1377 1321 libito,
1398 1286 1557 1325 perpetuo
1583 1282 1750 1315 observari
1776 1282 1937 1326 praecipi-

1199 1344 1278 1373 mus,
1297 1334 1395 1377 quod,
1414 1333 1438 1366 si
1460 1334 1566 1367 socius
1583 1340 1638 1367 aut
1662 1335 1859 1368 secretarius
1884 1345 1937 1367 cu-

1200 1387 1330 1420 iuslibet
1354 1387 1465 1420 vicarii
1490 1388 1652 1430 generalis
1678 1387 1844 1421 Indiarum
1870 1388 1937 1421 sue-

1200 1440 1242 1472 rit
1265 1440 1440 1483 graduatus
1465 1451 1541 1473 suae
1567 1441 1718 1484 propriae
1736 1441 1936 1484 provinciae,

1202 1493 1387 1536 praesideat
1410 1494 1562 1526 omnibus
1587 1494 1749 1536 magistris
1768 1494 1806 1527 de
1828 1504 1940 1527 nume-

1205 1557 1249 1585 ro,
1266 1546 1372 1589 sitque
1391 1546 1688 1589 exprovincialibus
1711 1547 1938 1586 immediatusj.

1203 1599 1229 1631 si
1255 1610 1331 1632 vero
1356 1599 1389 1631 in
1415 1600 1473 1631 sua
1498 1599 1665 1642 provincia
1682 1600 1856 1642 graduatus
1876 1610 1940 1633 non

1205 1653 1310 1692 suerit,
1327 1653 1432 1686 locum
1458 1652 1603 1685 obtineat
1628 1652 1850 1686 immediatum
1868 1659 1941 1686 ante

1205 1715 1319 1737 omnes
1354 1709 1579 1748 praesentatos
1612 1705 1651 1738 de
1687 1716 1846 1745 numero3
1875 1711 1942 1738 toto

1206 1758 1357 1790 videlicet
1381 1762 1526 1800 tempore
1545 1768 1609 1800 quo
1627 1763 1766 1801 uterque
1790 1759 1944 1802 praefatis

1207 1809 1394 1843 muneribus
1419 1810 1600 1852 respective
1619 1811 1772 1853 gaudent,
1790 1816 1822 1844 et
1838 1812 1944 1844 solum

1208 1863 1239 1895 in
1265 1862 1441 1906 provinciis
1465 1861 1520 1894 ubi
1544 1862 1601 1895 illa
1626 1869 1807 1904 exerceant,
1827 1868 1858 1897 et
1878 1874 1945 1897 non

1209 1918 1306 1950 ultra.

1253 1980 1275 2003 1.
1302 1970 1376 2003 Post
1400 1969 1594 2002 electionem
1630 1969 1799 2013 utriusque
1835 1969 1946 2003 vicarii

1210 2023 1370 2066 generalis
1383 2022 1545 2055 indiarum
1558 2023 1714 2066 procedat
1726 2023 1946 2056 definitorium

1211 2077 1248 2109 ad
1274 2075 1467 2108 electionem
1502 2085 1557 2108 seu
1593 2076 1849 2108 nominationem
1874 2086 1948 2119 pro-

1211 2129 1367 2162 curatoris
1392 2128 1552 2170 generalis
1588 2127 1621 2160 in
1650 2127 1746 2168 Urbe,
1772 2129 1948 2161 secundum

1213 2184 1346 2216 sormam
1361 2181 1525 2224 superiori
1543 2181 1647 2224 capite
1665 2181 1872 2222 declaratam,
1890 2192 1950 2225 per

1214 2235 1367 2277 suffragia
1405 2233 1531 2267 scilicet
1568 2234 1725 2277 praedicti
1763 2234 1950 2275 definitorii,

1214 2294 1268 2321 aut
1302 2286 1559 2320 nominationem
1595 2286 1634 2318 ab
1670 2296 1709 2319 eo
1745 2287 1895 2320 traditam
1919 2293 1952 2321 et

1216 2339 1482 2384 compromissam
1518 2338 1685 2381 magistro.
1721 2339 1810 2372 llanc
1846 2346 1953 2374 autem

1217 2395 1281 2437 legi
1307 2393 1533 2426 alternationis
1560 2392 1801 2435 provinciarum
1818 2404 1882 2427 non
1900 2394 1955 2427 ad-

1218 2447 1422 2489 stringimus;
1450 2445 1516 2484 sed,
1541 2445 1767 2488 undecumque
1792 2446 1833 2478 sit
1857 2456 1955 2488 gene-

1219 2500 1306 2539 ralis,
1322 2504 1429 2543 potest
1453 2498 1556 2531 dictus
1580 2503 1770 2541 procurator
1795 2509 1831 2531 ex
1859 2499 1956 2531 totins

1219 2552 1349 2586 Ordinis
1381 2550 1533 2583 fratribus
1559 2550 1694 2591 institui,
1718 2556 1817 2594 prout
1840 2550 1957 2584 melius

1258 2615 1269 2642 1
1293 2612 1383 2640 Potius
1403 2612 1461 2648 tege
1481 2611 1509 2638 id
1529 2613 1568 2647 (a.
1583 2612 1632 2647 tn).

1929 228 1976 252 Αη.
1993 227 2020 252 C.
2045 229 2065 252 1(
2077 228 2108 254 91

1996 1973 2064 1995 ΕΔΜ-τ
2078 1974 2102 1995 Χ.

1983 2000 2012 2021 De
2036 2002 2138 2021 eternam·

1957 2029 1978 2047 ct
2000 2028 2068 2046 omem
2092 2034 2138 2051 vrn-

1957 2058 2060 2073 stlrittnrts
2077 2061 2139 2076 [trtiu-

1958 2080 2007 2099 rati<
2017 2081 2035 2100 in
2046 2080 2139 2101 numana

1959 2107 2030 2128 cuna.
