2227 3225
174 222 223 248 An.
245 221 274 250 C.
294 222 359 248 ¹699

369 276 469 313 ptum,
497 271 537 303 ab
563 270 720 303 existente
746 280 805 313 pro
843 275 988 312 tempore
1015 268 1107 301 mini-

367 328 433 355 stro
459 323 604 365 generali
623 322 754 356 Ordinis
770 322 952 355 huiusmodi
977 333 1036 365 per
1057 333 1107 364 pa-

368 381 472 409 tentes
499 376 567 408 cius
596 375 718 408 litteras
744 375 911 418 ceteroqui
949 375 1106 407 canonice

367 434 501 462 eatenus
539 429 676 462 instituti
715 434 746 462 et
779 429 978 462 infuturum
1016 428 1107 461 insti-

367 482 491 521 tuendi,
520 482 606 515 illico
633 482 926 526 exproriucialium
952 482 1108 526 praeemi-

366 536 496 575 nentiis,
529 537 764 580 praerogativis
801 542 833 569 et
865 535 1107 580 praecedentiis

368 589 565 630 fruerentur,
591 591 776 635 potirentur
801 596 833 624 et
858 591 1048 634 gauderent,
1076 590 1106 623 in

367 645 520 678 omnibus
545 652 577 678 et
602 657 661 689 per
685 646 805 685 onmia,
831 656 867 678 ac
886 646 956 678 sine
975 655 1108 688 prorsus

367 700 432 732 ulla
469 698 662 738 differentia,
697 699 835 742 perinde
862 710 898 731 ac
922 699 947 731 si
973 698 1108 742 provin-

366 753 499 785 cialatus
524 763 661 785 munere
688 752 789 785 t'uneti
828 752 973 791 fuissent,
1011 757 1107 795 atque

366 805 449 839 iuter
483 816 538 838 eos
572 812 603 838 et
627 805 887 848 exprovinciales
923 805 1108 848 praedictos

365 864 549 892 servaretur
563 859 750 902 aequalitas,
767 864 806 899 et,
827 859 932 902 quoad
958 858 1107 891 ordinem

365 912 631 955 praecedentiae,
663 913 732 945 sola
768 911 921 955 prioritas
959 911 1109 944 definito-

364 972 451 999 ratus
477 972 509 999 et
545 966 747 1009 paternitatis
785 966 968 1010 provinciae
1005 972 1108 998 atten-

366 1020 508 1061 deretur,
535 1021 726 1053 auctoritate
758 1020 936 1064 apostolica
973 1030 1107 1052 conces-

366 1079 452 1106 serat
477 1079 508 1107 et
538 1073 733 1113 indulserat,
761 1079 793 1106 et
829 1073 908 1106 alias
943 1079 1041 1116 prout
1076 1073 1106 1105 in

366 1126 468 1170 ipsius
493 1127 667 1160 Clementis
695 1127 954 1170 praedecessoris
991 1126 1108 1159 litteris

367 1181 509 1223 desuper
529 1180 561 1213 iu
579 1180 677 1213 simili
698 1181 799 1214 s‘zotm'i
817 1180 926 1213 Brevis
949 1179 1108 1238 expeditis

197 1238 235 1259 Ν·
237 1239 296 1259 *unni
319 1239 353 1259 ¹
366 1234 498 1266 uberius
525 1234 696 1267 dicebatur
720 1233 903 1266 contineri:
937 1233 1024 1267 etin
1057 1235 1108 1266 ea-

173 1265 233 1313 [filix-
231 1272 355 1313 bamur
325 1299 355 1312 ····
367 1288 439 1321 dem
465 1288 668 1347 expositione
694 1288 874 1327 subiuncto,
909 1288 996 1331 quod
1028 1298 1109 1320 non-

171 1323 460 1401 {uflgofficvtezenulli
487 1342 540 1385 qui
567 1342 691 1374 ratione
724 1340 819 1374 officii
856 1341 1108 1384 provincialatus

171 1405 257 1423 cuorus-
367 1395 506 1428 titularis
550 1394 739 1429 definitores
786 1395 936 1437 perpetui
977 1394 1108 1427 Ordinis

364 1448 525 1492 praedicti
551 1459 621 1481 esse
648 1448 911 1491 reperiebantur,
938 1447 1109 1480 antianita-

364 1507 428 1534 tem
455 1501 503 1534 sui
529 1501 753 1534 definitoratus
779 1501 812 1533 in
838 1501 903 1533 suis
928 1501 1107 1544 provinciis

363 1555 479 1588 nativis
504 1566 569 1588 non
596 1565 613 1588 a
638 1560 786 1598 tempore
804 1554 955 1593 absoluti,
977 1554 1107 1597 quando

365 1609 492 1642 scilieet
516 1619 628 1643 revera
664 1608 922 1652 exprovinciales
955 1608 1109 1641 dicuntur

366 1668 398 1696 et
424 1667 605 1703 remanent,
632 1662 688 1695 sed
715 1673 732 1694 a
757 1661 809 1695 die
834 1661 954 1705 incepti
981 1662 1108 1705 provin-

365 1716 499 1748 cialatus
527 1715 668 1749 titularis
694 1715 791 1748 officii
823 1715 1024 1755 huiusmodi,
1052 1726 1106 1748 seu

366 1769 509 1812 ipsorum
534 1768 747 1801 institutionis
773 1768 805 1800 in
831 1768 1047 1810 provinciales
1073 1769 1109 1801 ti-

366 1823 487 1855 tulares
512 1822 693 1864 computari
731 1832 784 1855 seu
822 1821 948 1854 desumi
985 1823 1107 1855 debere

365 1875 635 1920 praetendebant,
649 1881 761 1908 contra
775 1885 962 1918 expressum
977 1886 1106 1908 sensum

364 1931 540 1963 verborum
559 1930 798 1974 praedictarum
816 1930 992 1963 Clementis
1017 1941 1109 1973 prae-

366 1982 549 2016 decessoris
575 1983 767 2021 litterarum,
793 1982 824 2014 in
851 1983 968 2025 quibus
995 1983 1108 2016 videli-

366 2042 417 2069 cet
450 2036 709 2079 exprovincialcs
745 2036 1043 2069 denominabantur
1077 2042 1108 2069 et

365 2096 502 2133 propter
527 2096 651 2131 gestum
677 2090 932 2133 provincialatus
969 2090 1107 2123 officium

366 2143 556 2177 definitores
582 2144 732 2187 perpetui
759 2145 1025 2183 recensebantur,
1043 2143 1107 2177 imo

365 2197 465 2230 etiam
491 2203 605 2230 contra
637 2208 823 2240 expressam
857 2197 1106 2241 dispositionem

365 2250 635 2284 constitutionum
673 2249 876 2283 Urbauarum
907 2256 1107 2294 nuncupata-

364 2314 437 2336 rum
473 2303 551 2336 dicti
577 2302 721 2342 Ordinis,
748 2313 819 2346 cap.
851 2313 922 2343 vlu,
950 2303 999 2336 tit.
1027 2314 1104 2342 xxu,

365 2367 399 2390 n.
425 2357 458 2391 3.
485 2357 517 2390 in
543 2357 617 2396 line,
651 2356 706 2389 ubi
738 2360 889 2390 statutum
926 2357 1001 2390 illos
1034 2368 1108 2390 con-

365 2421 502 2443 cernens
534 2410 598 2453 legi
636 2410 806 2443 dicebatur
841 2410 906 2443 hoc
932 2410 1106 2443 verborum

366 2468 501 2497 tenore:
526 2463 651 2507 expleto
673 2463 864 2496 huiusmodi
886 2463 1108 2506 provinciale-

368 2520 416 2550 tus
441 2521 603 2560 tempore,
630 2516 780 2560 deinceps
812 2517 1001 2549 nativaram
1024 2527 1104 2560 pro-

953 221 1163 244 INNOCENTH'S
1190 222 1233 244 ΧΠ
1259 222 1307 246 Pr.

1152 269 1353 302 tensionibus
1379 280 1456 302 vero
1479 270 1663 303 huiusmodi
1687 272 1805 303 multae
1827 271 1889 303 dis-

1151 323 1320 355 sensiones
1346 323 1429 355 inter
1450 323 1563 355 fratres
1581 324 1736 366 praedicti
1763 324 1889 356 Ordinis

1151 386 1216 408 non
1243 376 1312 408 sine
1340 375 1437 408 divini
1463 376 1585 408 servitii
1613 382 1644 408 ct
1663 377 1818 418 regularis
1837 377 1891 409 ob-

1152 429 1333 462 servantiae
1352 429 1548 462 detrimento
1569 429 1786 462 resultabant:
1802 430 1891 461 ideo-

1153 493 1216 526 que
1242 494 1302 527 pro
1326 488 1421 527 parte
1458 483 1647 516 eorumdem
1685 483 1890 516 definitorum

1151 542 1387 581 perpetuorum
1413 548 1470 581 per
1495 542 1645 580 patentes
1671 536 1796 570 litteras
1834 536 1890 568 nii-

1152 590 1328 624 nistrorum
1339 590 1540 633 generalium
1558 590 1687 623 Ordinis
1709 589 1891 622 liuiusmodi

1152 644 1234 677 sieut
1270 644 1492 688 praemittitur
1526 645 1750 677 institutorum
1787 642 1892 675 dictae

1152 697 1407 740 Congregationi
1448 698 1662 731 cardinalium
1700 695 1892 739 supplicato,

1153 757 1188 783 ut
1213 751 1380 784 declarare
1406 752 1515 791 vellet,
1538 762 1578 784 an
1599 751 1684 783 iuxta
1710 749 1893 793 praedictas

1152 804 1326 838 Clementis
1364 804 1630 848 praedecessoris
1670 803 1792 836 litteras
1828 813 1895 835 me-

1153 858 1269 891 morati
1305 858 1567 902 exprovineiales
1601 857 1748 889 titulares
1780 857 1820 888 ab
1846 856 1895 888 in-

1153 912 1237 955 cepti
1264 923 1319 944 sen
1342 912 1450 955 potius
1471 913 1510 944 ab
1529 910 1666 944 absoluti
1689 921 1799 943 eorum
1821 920 1895 952 pro-

1154 966 1343 999 vincialatus
1383 965 1477 997 oflicii
1523 971 1668 1007 tempore
1707 962 1895 995 definitores

1153 1019 1303 1063 perpetui
1336 1019 1368 1051 in
1395 1019 1462 1051 suis
1495 1017 1671 1062 provinciis
1697 1017 1812 1049 nativis
1846 1027 1895 1048 re-

1154 1073 1258 1116 putari
1297 1073 1476 1105 deberent:
1516 1071 1678 1104 eman-avit
1703 1071 1743 1103 ab
1781 1070 1895 1102 eadem

1153 1127 1415 1170 Congregatione
1432 1125 1646 1158 cardinalium
1668 1125 1834 1157 decretum
1854 1129 1896 1156 te-

1153 1181 1242 1214 noris
1261 1181 1316 1224 qui
1335 1180 1488 1223 sequitur,
1504 1179 1671 1212 videlicet:
1687 1191 1698 1209 ιι
1710 1178 1806 1210 Sacra
1817 1176 1896 1210 Con-

1153 1235 1301 1278 gregatio
1326 1233 1659 1268 eminentissimorum
1686 1239 1717 1265 et
1744 1242 1977 1267 reveren-pega

1154 1289 1363 1323 dissiniorum
1388 1288 1418 1322 S.
1440 1287 1476 1320 R.
1496 1287 1531 1320 E.
1559 1286 1774 1319 cardinalium
1795 1295 1895 1327 nego-

1153 1343 1209 1376 ciis
1235 1348 1265 1375 et
1293 1340 1586 1375 consultationibus
1611 1339 1839 1383 episcoporum
1866 1343 1893 1370 et

1153 1396 1352 1439 regularium
1371 1394 1566 1438 praeposita,
1586 1393 1695 1426 audito
1715 1398 1805 1435 patre
1825 1402 1898 1435 pro-

1153 1456 1302 1482 curatore
1335 1447 1481 1491 generali
1516 1446 1674 1489 praedicti
1696 1445 1837 1480 Ordinis.
1866 1450 1898 1477 ct

1153 1503 1284 1536 attentis
1306 1501 1457 1542 narratis,
1491 1499 1618 1533 censuit.
1648 1505 1679 1532 et
1704 1499 1894 1538 declaravit,

1153 1556 1416 1599 praecedentiam
1441 1555 1526 1588 inter
1552 1553 1742 1586 definitores
1780 1563 1898 1596 perpe-

1154 1615 1226 1642 tuos
1253 1614 1283 1642 et
1311 1607 1531 1652 provinciales
1558 1607 1706 1639 titulares
1738 1605 1897 1638 admissos

1152 1669 1226 1697 ante
1253 1663 1400 1696 ultimum
1427 1662 1605 1705 capitulum
1627 1661 1780 1703 generale
1806 1659 1898 1692 desu-

1153 1718 1304 1751 mendam
1323 1728 1393 1750 esse
1409 1717 1441 1749 in
1460 1715 1637 1759 provinciis
1663 1714 1787 1753 nativis,
1806 1720 1897 1757 post-

1153 1780 1249 1813 quam
1276 1768 1335 1811 ipsi
1362 1774 1472 1811 patres
1502 1766 1721 1810 provinciales
1752 1766 1897 1808 comple-

1154 1824 1260 1856 verint
1285 1823 1460 1855 triennium
1478 1820 1732 1864 provincialatus
1759 1819 1896 1852 titularis

1153 1882 1185 1910 et
1210 1877 1338 1909 titulum
1359 1881 1390 1908 et
1408 1874 1709 1908 denominationem
1729 1872 1896 1916 exprovin-

1152 1930 1282 1962 cialium
1309 1927 1554 1971 assumpserint,
1576 1933 1608 1960 et
1632 1937 1697 1960 non
1724 1932 1835 1966 antea;
1863 1925 1896 1958 iu

1152 1982 1328 2027 provinciis
1363 1991 1439 2015 vero
1477 1981 1663 2014 titularibus
1697 1991 1714 2012 a
1739 1980 1790 2012 die
1825 1984 1897 2023 post

1152 2036 1393 2069 institutionem
1421 2045 1478 2078 per
1504 2035 1630 2068 litteras
1656 2034 1838 2078 patentales
1865 2038 1897 2065 et

1152 2096 1225 2134 post
1239 2089 1450 2123 emissionem
1470 2087 1685 2132 professionis
1700 2087 1785 2127 fidei;
1800 2091 1897 2130 prout

1152 2142 1335 2186 praesentis
1354 2142 1476 2175 decreti
1492 2141 1600 2183 vigore
1620 2141 1743 2174 desumi
1767 2140 1898 2172 mandat

1151 2208 1186 2230 ac
1204 2196 1376 2241 praecipit.
1397 2196 1518 2230 Romae
1532 2206 1601 2229 xxvi
1619 2195 1722 2228 martii
1738 2204 1893 2228 mnexeix.

1150 2271 1194 2275 -—
1210 2250 1246 2283 G.
1263 2249 1435 2282 cardinalis
1449 2249 1638 2282 Cinnanis.
1656 2267 1700 2271 -—
1717 2247 1752 2280 N.
1774 2247 1897 2280 archie-

1150 2304 1304 2347 piscopus
1330 2303 1532 2336 Athenarum
1557 2303 1752 2335 secretarius
1775 2314 1805 2334 n.

1195 2358 1210 2401 ἓ
1244 2356 1274 2390 9,.
1309 2357 1386 2390 Cum
1423 2362 1538 2396 autem,
1576 2357 1662 2389 sicut
1702 2355 1893 2388 definitores

1151 2410 1312 2454 perpetui,
1331 2421 1390 2453 per
1415 2415 1565 2453 patentes
1591 2409 1724 2448 litteras,
1743 2414 1778 2440 ut
1804 2418 1894 2451 prae-

1152 2464 1271 2504 fertur,
1298 2463 1460 2504 instituti,
1486 2463 1580 2497 nobis
1606 2462 1744 2494 subinde
1775 2460 1894 2504 exponi

1152 2519 1308 2558 fecerunt,
1330 2517 1391 2561 ipsi
1417 2517 1584 2550 decretum
1610 2515 1808 2553 huiusmodi,
1828 2526 1893 2559 quo

365 2571 552 2603 vinciarum
566 2575 676 2614 patres
691 2571 901 2614 perpeluique
921 2569 1107 2612 definitores
1152 2571 1276 2604 firmius
1302 2570 1456 2604 subsistat
1489 2575 1520 2602 et
1553 2574 1701 2602 servetur
1726 2569 1867 2602 exactius
1884 2596 1891 2609 ,

367 2624 439 2658 iure
473 2623 677 2668 leyz'limeque
708 2627 920 2663 remaneanl‚·
945 2634 982 2657 ex
1015 2634 1109 2668 prae-

1151 2624 1351 2669 apostolicac
1378 2622 1637 2658 confirmationis
1667 2627 1800 2656 nostrae
1838 2632 1893 2665 pa-

1785 213 1849 246 875
1896 223 1945 248 An.
1968 221 1995 248 C.
2015 222 2082 248 teat)

1933 1186 2044 1207 novi-euim
2057 1192 2090 1206 ‹n-

1907 1221 1944 1239 per
1962 1221 1981 1233 ri*
1998 1215 2020 1234 S.
2038 1215 2090 1233 tzan-

1983 1248 2043 1261 tants.

1956 2358 2093 2380 Confirmatio

1908 2386 1969 2407 relati
1985 2388 2074 2408 decreti.
