2254 3225
267 225 314 251 An.
331 224 359 250 c.
383 224 449 251 1693
495 215 557 249 576

305 1556 393 1577 Numina
413 1561 448 1575 ca-

265 1583 404 1610 polianorum.

456 279 486 305 et
504 273 618 307 litteris
636 272 824 316 apostolicis
843 272 873 304 in
891 271 1087 304 contrarium
1102 281 1194 314 prae·

455 327 627 360 missorum
652 326 899 370 quomodolibet
923 324 1097 363 concessis,
1117 333 1193 356 con-

456 379 591 425 firmatis
610 385 641 414 et
658 379 838 420 innovatis;
861 378 979 422 quibus
995 377 1143 410 omnibus
1161 380 1193 408 et

456 432 613 476 singulis,
639 433 770 467 illorum
805 437 934 465 tenores
965 428 1191 474 praesentibus

456 496 516 529 pro
549 487 646 529 plene
672 490 702 518 et
734 484 931 517 sufficienter
962 480 1124 525 expressis
1156 491 1193 514 ac

456 540 496 573 de
521 539 618 572 verbo
643 539 682 571 ad
706 539 842 571 verbum
866 535 997 569 insertis
1022 535 1193 574 habentes,

456 593 521 626 illis
550 589 627 625 alias
656 593 689 624 in
715 601 773 623 suo
806 589 924 623 robore
956 588 1191 632 permansuris,

457 647 497 679 ad
530 645 784 689 praemissorum
821 642 994 682 effectum,
1031 641 1092 674 hac
1125 640 1194 674 vice

459 699 635 737 dumtaxat,
661 696 845 740 specialiter
870 701 901 729 et
925 705 1076 738 expresse
1101 693 1196 727 dero—

458 762 597 795 gamus;
635 751 816 793 ceter1sque
853 749 1024 782 contrariis
1060 747 1195 792 quibus-

458 815 610 848 cumque.

501 858 612 889 Datum
637 856 778 896 Romae,
804 855 891 899 apud
916 855 948 888 S.
974 854 1104 887 Mariam
1133 854 1194 887 Ma-

457 910 572 950 iorem,
603 909 662 942 sub
697 910 818 942 annulo
857 908 1038 946 piscatoris,
1065 907 1116 940 die
1141 917 1193 940 xxl

456 962 640 996 novembris
664 971 820 1002 MDcxcun
853 960 1062 1005 pontificatus
1091 960 1192 994 nostri

458 1027 543 1049 auno
569 1026 617 1050 111.

492 1078 551 1105 Dat.
569 1077 613 1105 die
628 1077 659 1106 21
678 1076 832 1105 novembris
850 1076 928 1111 1693,
949 1076 1046 1112 pontif.
1068 1084 1139 1103 anno
1155 1082 1191 1103 111.

766 1219 882 1253 LXXV.

458 1298 684 1333 Conceclunlur
702 1298 881 1341 privileqia
905 1296 1084 1340 capellanis
1108 1307 1194 1328 com-

499 1352 655 1384 munibus
679 1351 873 1384 Sanctitatc's
893 1350 978 1383 Suae
994 1348 1014 1382 ¹.

631 1428 830 1456 Innocentius
851 1429 931 1461 Papa
951 1428 1015 1459 XII,

600 1474 637 1501 ad
657 1473 791 1500 futuram
810 1472 854 1500 rei
874 1471 1054 1499 memoriam.

502 1547 597 1580 Grata
617 1543 840 1578 familiaritatis
858 1542 1024 1586 obsequia,
1042 1551 1124 1585 quae
1150 1541 1194 1574 di-

458 1600 532 1634 lecti
552 1599 610 1632 filii
625 1597 797 1631 Ioachinus
814 1596 1023 1630 Tenacciolus
1038 1594 1193 1628 Civitatis-

458 1651 582 1686 eastelli
618 1649 792 1684 canonicus
827 1648 1002 1682 saecularis
1034 1653 1066 1681 et
1095 1648 1193 1680 colle-

458 1707 564 1749 giatae
590 1704 746 1738 ecclesiae
776 1703 807 1736 S.
834 1702 955 1735 'Nicolai
988 1702 1020 1734 in
1057 1701 1192 1734 Carcere

458 1757 605 1791 Tulliano
630 1756 668 1789 de
693 1756 788 1796 Urbe,
807 1755 942 1788 Carolus
960 1754 1124 1796 Emigdius
1142 1753 1193 1786 Ri-

458 1812 598 1854 dolplius
624 1810 817 1848 Asculanus,
841 1808 1055 1850 Hieronymus
1080 1807 1193 1839 Ferra-

458 1865 523 1897 rius
537 1862 752 1902 Novariensis,
765 1862 903 1894 Ioannes
917 1860 1104 1893 Dominicus
1118 1859 1194 1893 Coz-

459 1917 574 1950 zardus
592 1916 763 1955 Romanus,
786 1913 1006 1947 Bernardinus
1024 1913 1193 1945 Brusettus

458 1970 617 2009 Venetus,
642 1973 674 2002 ct
697 1968 880 2001 Dominicus
901 1967 1080 1999 Palloecius
1104 1966 1194 1998 Sabi-

459 2023 571 2056 nensis
608 2021 769 2055 dioecesis
805 2019 1011 2064 presbyteri,
1045 2019 1193 2052 moderni

459 2078 603 2120 capellae
642 2080 773 2108 nostrae
808 2073 994 2117 pontificiae
1033 2072 1192 2115 capellani

461 2129 634 2162 familiares
663 2128 779 2168 nostri,
811 2126 904 2160 nobis
930 2131 962 2159 et
986 2125 1193 2169 Apostolicae

459 2183 534 2215 Scdi
566 2183 723 2214 hactenus
752 2179 993 2224 impenderunt,
1027 2184 1059 2211 et
1090 2179 1195 2211 adhuc

460 2235 608 2268 sollicitis
645 2234 759 2267 studiis
795 2232 986 2276 impendere
1019 2241 1085 2264 non
1111 2231 1196 2264 desi-

460 2294 556 2327 stunt,
583 2298 711 2320 necnon
735 2286 816 2319 vitae
842 2296 877 2318 ac
902 2295 1024 2318 morum
1043 2285 1196 2317 honestas

460 2341 586 2384 aliaque
613 2339 789 2375 laudabilia
806 2338 975 2382 probitatis
994 2343 1025 2370 et
1042 2338 1195 2369 virtutum

461 2394 586 2435 merita,
613 2393 731 2437 quibus
757 2402 868 2425 eorum
886 2402 1042 2435 personas
1071 2396 1131 2423 tam
1158 2391 1198 2423 sa-

517 2483 525 2507 1
549 2482 651 2510 Similia
670 2480 811 2516 privilegia
829 2487 959 2507 concessa
986 2479 1062 2506 suere
1087 2479 1121 2506 ab
1141 2479 1198 2506 Ale-

461 2527 562 2553 xandro
584 2526 639 2552 VllI
665 2529 750 2552 const.
773 2525 837 2551 edit.
858 2530 958 2556 tuncne,
986 2523 1028 2549 die
1049 2526 1063 2548 2
1083 2523 1200 2557 augusti,

462 2571 557 2607 pontif.
577 2578 596 2605 1,
617 2575 642 2596 et
661 2571 847 2597 conceduntur
867 2578 882 2595 a
901 2569 1039 2595 Clemente
1059 2567 1093 2593 Xl
1115 2571 1199 2594 const.

462 2617 517 2644 edit
548 2621 663 2650 moccxn,
685 2615 727 2641 die
749 2615 761 2641 7
783 2613 944 2649 decembris,
965 2611 1060 2648 pontit.
1082 2617 1129 2638 xn.

1036 222 1214 246 BULLARIUM
1239 220 1393 245 nouaM'M

1977 217 2026 241 An.
2043 216 2069 241 (1.
2096 215 2158 241 uasta

1235 269 1352 301 miliari
1390 266 1602 310 experientia,
1629 276 1724 309 quam
1763 266 1858 297 ctiam
1891 263 1965 296 fidei

1235 321 1406 363 dignorum
1421 319 1616 352 testimoniis
1634 319 1734 351 iuvari
1751 317 1966 361 percepimus,

1234 384 1294 406 nos
1321 373 1478 406 inducunt
1500 377 1536 405 ut
1555 372 1618 405 illis
1644 372 1818 405 reddamur
1842 370 1880 404 ad
1900 379 1970 412 gra-

1236 426 1311 460 tiam
1336 426 1501 460 liberales

1278 480 1359 513 Hinc
1391 485 1439 513 est
1466 478 1616 522 (reliqua
1643 477 1716 511 vide
1750 477 1785 510 in
1816 477 1970 510 Innocen-

1236 534 1275 566 tiz·
1291 533 1343 567 XI
1357 537 1455 566 const.
1484 532 1559 565 edit.
1587 540 1742 572 iintzLxxx,
1762 530 1814 563 die
1830 529 1850 562 2
1867 539 1970 573 auffu-

1234 587 1287 627 sti,
1305 586 1424 630 pontif.
1444 586 1491 628 1).

1279 638 1392 671 Datum
1418 638 1547 678 Romae,
1573 637 1658 680 apud
1694 636 1726 670 S.
1753 635 1883 669 Mariam
1908 634 1971 668 Ma-

1237 691 1351 732 iorem,
1370 691 1430 723 sub
1447 691 1568 724 annulo
1585 690 1765 729 piscatoris,
1783 689 1835 722 die
1861 699 1892 722 iv
1918 688 1972 721 de-

1237 743 1374 778 cembris
1393 752 1548 784 iuncxcm,
1576 741 1782 786 pontificatus
1799 740 1900 774 nostri
1919 750 1973 773 an-

1238 808 1279 831 no
1305 807 1352 831 111.

1271 860 1334 887 Dat.
1355 858 1398 886 die
1417 859 1429 885 l
1447 857 1599 885 decembris
1618 857 1700 890 1693,
1717 856 1814 893 pontis.
1831 864 1902 884 anno
1917 862 1954 883 111.

1445 1000 1561 1034 Lxxvr
1587 1000 1645 1043 (az.
1674 999 1741 1043 77).

1236 1081 1481 1124 Confirmanlur
1516 1085 1545 1113 et
1580 1079 1792 1112 declarantur
1825 1079 1883 1112 Pii
1913 1078 1971 1120 IV,

1278 1135 1382 1168 Pauli·
1404 1134 1429 1166 V
1446 1138 1475 1167 el
1492 1133 1676 1167 Innocenti&
1693 1133 1746 1166 XI
1768 1133 1976 1165 constitutio-

1279 1198 1334 1221 nes
1358 1197 1454 1230 super
1477 1185 1633 1229 sportulis
1660 1185 1806 1218 iudicum
1831 1189 1859 1217 et
1878 1184 1975 1218 tribu-

1280 1241 1412 1274 nalium
1439 1239 1534 1273 Urbis
1559 1238 1580 1271 ¹.

1411 1318 1605 1347 Innocentius
1626 1318 1798 1353 episcopus,

1420 1371 1526 1391 servus
1548 1370 1702 1391 servorum
1722 1363 1789 1396 Dei,

1350 1408 1385 1435 ad
1405 1411 1583 1442 perpetuam
1604 1407 1650 1434 rei
1671 1407 1853 1434 memoriam.

2027 1495 2139 1516 Exordium
2154 1501 2168 1515 a

1279 1479 1515 1521 Circumspecta
1541 1478 1677 1511 Romani
1702 1477 1867 1510 Pontificis
1898 1488 1974 1521 pro-

1234 1532 1376 1565 videntia
1400 1531 1483 1564 nihil
1508 1531 1665 1574 relinquit
1688 1530 1864 1570 incertum,
1892 1523 2167 1568 nillll⁰21¹filss⁵murssiiii¹⁸

1234 1585 1388 1629 praeterit
1421 1584 1663 1623 inordinatum,
1690 1583 1745 1616 sed
1774 1583 1883 1616 omnia
1914 1577 2080 1616 suo⁰⁸¹¹¹¹¹¹¹¹·

1235 1637 1389 1682 pastorali
1415 1636 1588 1670 commissa
1605 1636 1721 1676 officio,
1748 1636 1874 1679 quoties
1893 1647 1973 1680 opus

1235 1697 1291 1732 est,
1316 1692 1403 1724 certa
1423 1691 1497 1733 lege
1532 1689 1738 1729 determinat,
1764 1700 1809 1730 ae,
1834 1700 1874 1722 ne
1901 1690 1972 1733 quis

1234 1745 1314 1778 fines
1339 1744 1434 1777 rebus
1454 1744 1588 1787 provide
1606 1748 1638 1776 et
1654 1748 1803 1776 accurate
1821 1743 1976 1786 praescri-

1234 1803 1305 1841 ptos
1320 1795 1817 1839 transgrediatur,ordinationes
1832 1797 1975 1840 desuper

1236 1851 1337 1884 editas
1374 1850 1524 1889 innovat,
1551 1848 1741 1889 confirmat,
1769 1850 1914 1883 declarat
1944 1854 1976 1882 et

1236 1903 1369 1946 ampliat
1392 1907 1487 1946 prout
1518 1901 1729 1935 rationabiles
1760 1912 1875 1934 causae
1904 1912 1976 1945 per-

1236 1956 1381 1995 suadent,
1395 1960 1427 1987 et
1447 1955 1479 1987 in
1504 1954 1640 1987 Domino
1658 1954 1821 1998 conspicit
1838 1954 1976 1986 salubri-

1238 2014 1285 2041 ter
1309 2008 1483 2051 expedirej,
1510 2007 1702 2050 praesertim
1734 2017 1825 2047 vero,
1844 2012 1878 2039 ut
1903 2006 1975 2039 lites

1238 2062 1269 2094 in
1295 2062 1356 2094 liae
1381 2062 1464 2094 alma
1488 2060 1587 2101 Urbe,
1606 2060 1645 2093 ad
1663 2070 1759 2103 quam
1777 2060 1974 2092 christianus

1278 2169 1288 2194 l
1312 2167 1445 2194 Laudatas
1465 2166 1672 2193 constitutiones
1693 2165 1732 2192 Pii
1752 2165 1796 2196 lV,
1811 2164 1891 2192 Pauli
1910 2164 1929 2189 V
1949 2169 1976 2191 et

1238 2212 1388 2239 Innocentii
1415 2211 1449 2237 XI
1475 2211 1585 2246 require
1611 2210 1662 2237 sub
1688 2209 1757 2236 datis
1777 2209 1846 2236 infra
1865 2209 1974 2236 notatis.

1237 2257 1276 2284 Ab
1300 2255 1395 2283 eodem
1411 2255 1570 2282 Innocentio
1592 2254 1623 2281 XI
1644 2254 1810 2289 praescripta
1830 2254 1906 2280 suere
1925 2254 1975 2280 sti-

1239 2301 1338 2336 pendia
1366 2304 1393 2327 et
1413 2303 1488 2326 taxae
1510 2307 1556 2333 pro
1577 2300 1651 2325 recta
1671 2298 1805 2325 montium
1825 2297 1976 2324 directione

1238 2349 1323 2372 const,
1345 2344 1410 2372 edit.
1432 2349 1595 2376 rincnxxxix,
1612 2342 1655 2369 die
1674 2343 1691 2369 6
1709 2341 1788 2374 iunii,
1814 2341 1909 2377 pontif.
1926 2348 1974 2369 xu.

1240 2390 1277 2416 Ab
1298 2390 1349 2416 hoc
1370 2388 1501 2415 Pontifice
1521 2395 1584 2414 vero
1601 2394 1746 2422 suppressa
1766 2386 1896 2413 nonnulla
1915 2386 1976 2413 osli-

1240 2435 1290 2469 cia‚
1312 2441 1426 2469 quorum
1451 2433 1494 2459 liic
1519 2432 1619 2459 menti0
1645 2431 1778 2465 habetur,
1798 2434 1885 2458 const.
1908 2430 1974 2458 edit.

1242 2485 1358 2507 nincxcu.
1380 2478 1423 2503 die
1440 2478 1470 2503 17
1491 2476 1662 2511 septembris,
1684 2475 1775 2510 pontif.
1792 2481 1822 2502 11.
1846 2475 1872 2501 ln
1889 2477 1975 2501 const.

1242 2523 1306 2549 edit.
1322 2527 1449 2554 iuncxclx,
1465 2520 1508 2546 die
1524 2521 1558 2547 30
1572 2519 1696 2552 ianuarii,
1717 2518 1812 2553 pontif.
1828 2525 1863 2552 1x,
1876 2518 1975 2545 contir-

1244 2571 1330 2593 matur
1350 2565 1505 2591 constitutio
1525 2572 1605 2599 suoer
1626 2563 1695 2591 datis
1719 2567 1746 2591 et
1767 2563 1909 2598 promissis
1928 2570 1977 2597 pro

1219 2608 1225 2649 l
1244 2610 1344 2638 iustitia
1365 2609 1404 2635 rel
1423 2605 1533 2644 gratia,
