2254 3225
467 222 529 255 isa

428 281 626 315 sublimioris
652 285 828 317 sanctitatis
855 285 988 327 gradum
1014 286 1159 327 attigisse

428 338 460 365 et
483 341 652 369 consuetas
679 343 777 369 metas
803 339 1070 380 praetervolasse.

471 387 486 429 g
511 387 563 420 17.
584 388 702 426 Quibus
720 391 889 422 virtutibus
914 391 1105 428 cumulatus,
1124 400 1159 420 ac

427 438 600 481 laboribus,
619 441 748 483 vigiliis,
768 443 941 481 aerumnis,
961 442 1093 483 iugique
1111 440 1157 472 sui

427 492 574 534 corporis
589 494 826 527 excruciatione
845 495 974 532 fractus,
994 492 1158 534 multoque

425 544 526 586 magis
549 546 664 579 morbo
690 553 722 579 et
746 547 841 578 animi
875 555 1024 578 moerore
1050 555 1158 577 corre-

425 602 509 639 ptus,
534 600 709 640 quod,actri
729 610 786 642 per
811 599 883 631 eos¹
907 599 936 630 in
963 598 1157 630 seditionem

425 650 533 692 plebe,
554 652 692 692 graviter
717 652 814 683 Deum
849 651 967 683 offendi
993 656 1154 687 cerneret,

425 703 576 745 quodque
597 703 818 735 Tridentiiium
836 702 1023 742 Concilium,
1042 703 1075 734 in
1093 713 1156 745 quo

425 755 563 788 maxime
597 756 730 795 fidebat,
764 757 978 798 interruptum
1013 756 1154 794 videret,

425 817 480 849 spe
506 811 560 840 sua
586 809 765 848 frustratus,
786 814 817 840 et
841 809 879 841 ad
904 814 1082 842 extremum
1107 819 1156 841 us-

425 870 499 902 que,
522 860 655 902 integris
680 867 783 893 tamen
814 861 963 893 sensibus
989 866 1020 893 et
1043 861 1154 903 vigore

425 912 531 951 animi,
550 914 732 955 perductus,
759 913 918 945 Ecclesiae
943 914 1154 946 sacramentis

425 967 547 997 summa
572 966 689 1008 pietate
715 976 749 997 ac
775 965 934 1008 spirituali
966 966 1084 1007 gaudio
1105 976 1153 998 re-

424 1016 534 1055 fectus,
568 1023 599 1050 et
620 1019 744 1050 veniam
779 1029 795 1050 a
820 1019 1037 1051 confratribus
1063 1019 1129 1050 suis
1145 1045 1152 1057 ‚

423 1079 503 1110 quos
528 1080 688 1112 nunquam
715 1070 912 1111 offen‹,lerat‚
939 1071 1151 1113 deprecatus,

421 1121 455 1152 in
478 1121 621 1154 Crueitixi
642 1123 867 1165 Redemptoris
889 1125 1057 1166 complexu
1075 1124 1154 1166 piis-

422 1173 501 1205 sime
515 1174 595 1206 obiit
607 1174 737 1217 Neapoli
754 1175 804 1207 die
814 1186 855 1208 vn
871 1176 995 1218 augusti
1009 1186 1150 1209 iinxtvu.

421 1224 487 1262 Qua
518 1227 569 1259 die
603 1228 776 1270 populares
802 1228 847 1261 illi
874 1230 1028 1261 tumultus
1052 1229 1154 1271 ipsius

421 1278 672 1318 intercessione,
698 1286 731 1312 ut
757 1281 916 1319 creditur,
941 1282 1040 1314 sedati
1067 1288 1150 1314 sunt.

465 1332 478 1373 ξ
504 1331 555 1363 18.
574 1333 618 1364 Ad
638 1333 782 1375 corporis
800 1333 831 1365 in
853 1334 988 1367 ecclesia
1009 1334 1152 1366 omnium

420 1384 502 1415 votis
538 1390 569 1416 et
604 1385 719 1418 solatio
744 1386 880 1428 expositi
907 1386 1150 1419 venerationem

418 1435 532 1477 ingens
557 1437 667 1480 populi
689 1439 861 1471 nzultitudo
887 1438 1048 1477 confluxit,
1069 1449 1150 1481 quae

418 1488 537 1520 iamdiu
563 1496 751 1533 conceptam
770 1491 945 1524 sanctitatis
963 1491 1149 1534 opinionem

418 1541 586 1584 multiplici
615 1544 791 1576 testabatur
821 1544 1033 1577 veneratione
1052 1570 1059 1584 ,
1084 1555 1151 1576 ma-

418 1602 516 1626 nuum
547 1595 731 1638 pedumque
770 1596 1021 1637 deosculatione,
1046 1607 1084 1629 ac
1107 1597 1150 1629 la-

418 1646 549 1688 crymis,
577 1658 653 1690 quas
679 1648 790 1691 optimi
816 1649 902 1691 apud
928 1649 1027 1681 Deum
1051 1649 1148 1682 inter-

417 1700 555 1732 cessoris
591 1701 714 1732 iactura
749 1702 831 1734 ultra
855 1707 1062 1744 erumpentes
1086 1706 1148 1734 tra-

417 1751 525 1784 hebat.
548 1753 642 1785 Fama
666 1753 774 1797 itaque
795 1754 986 1794 sanctitatis,
1008 1765 1088 1797 quae
1115 1755 1146 1787 in

415 1804 476 1836 vita
500 1805 688 1844 invaluerat,
709 1805 891 1848 gloriosus²
909 1812 940 1839 et
956 1807 1052 1848 longe
1073 1807 1149 1839 late-

415 1868 477 1900 que
502 1864 571 1900 post
598 1859 718 1891 obitum
745 1859 859 1892 diffusa
884 1860 999 1891 mirum
1026 1859 1058 1891 in
1084 1870 1147 1892 mo-

415 1910 489 1942 dum
516 1911 718 1953 percrebuit,
751 1923 817 1944 non
844 1912 1018 1945 traditione
1043 1913 1145 1945 solum

415 1968 447 1995 et
471 1964 624 1996 memoria
650 1964 716 1996 cius
743 1965 958 2007 singularium
980 1965 1143 2005 virtutum,

414 2016 469 2048 sed
496 2017 689 2049 excellentia
714 2018 951 2058 miraculorum,
978 2018 1143 2061 signorum

415 2074 446 2101 et
464 2070 649 2111 gratiarum,
665 2071 780 2113 quibus
798 2072 829 2103 in
844 2072 905 2103 vita
921 2077 951 2104 et
968 2077 1042 2114 post
1058 2083 1144 2104 mor-

416 2127 478 2153 tem
500 2122 680 2155 mirificavit
700 2124 854 2156 Dominus
868 2124 1018 2157 Sanctum
1037 2135 1142 2157 suum.

459 2174 627 2208 Cuiusdam
669 2177 755 2209 enim
789 2187 826 2209 cx
862 2177 1024 2220 religiosis
1056 2178 1143 2211 Beati

414 2227 562 2259 instituto
588 2229 721 2261 addictis
742 2240 814 2262 crus
835 2231 969 2262 alterum
995 2241 1031 2262 ex
1058 2231 1143 2272 gravi

415 2279 507 2321 lapsu
532 2280 576 2312 sie
602 2281 703 2313 fuerat
728 2281 903 2321 effractum,
930 2288 965 2313 ut
988 2283 1144 2321 medicus,

415 2331 490 2373 quia
507 2332 649 2365 adbibita
667 2334 754 2365 varia
772 2335 990 2367 remediorum
1008 2335 1145 2376 genera³

414 2383 497 2416 niliil
522 2384 679 2426 proficere
698 2395 839 2424 novcrat.
854 2393 1032 2420 extremum
1057 2388 1144 2420 illius

414 2437 542 2469 secandi
564 2438 730 2470 consilium
750 2439 893 2480 iniisset·,
913 2441 966 2473 sed
986 2451 1057 2472 cum
1075 2441 1145 2473 bea-

234 231 281 256 ΛΠ.
304 231 331 255 C.
355 230 414 256 lfsll

260 399 342 418 Obitus.

256 1340 369 1365 Exi-quiae.

250 2178 337 2198 Snnaxit
357 2184 404 2200 crus

222 2204 318 2226 irat-iuni.

450 2516 460 2541 1
485 2515 640 2542 Addenduni
661 2518 718 2544 dics
737 2519 776 2551 (u,
793 2521 841 2545 TA.

447 2558 464 2584 2
483 2560 584 2586 Forsan
604 2561 756 2594 gloriosius
775 2565 810 2595 (a.
828 2564 877 2597 τ.).

448 2602 464 2632 3
483 2603 548 2630 Mate
569 2605 632 2632 edit.
655 2605 733 2633 Maia.
755 2607 816 2643 legit
837 2617 938 2643 yenere
957 2609 993 2645 (a.
1015 2609 1064 2644 Τ.).

1002 238 1079 261 BI'U,
1088 238 1179 260 &th'll
1205 237 1356 260 Γ-ΓΓιῙΑἫἯ

1944 242 1992 267 An.
2009 241 2036 268 C.
2059 243 2124 272 “91

1204 291 1252 316 tus
1278 285 1336 324 vir,
1359 291 1392 317 ut
1416 285 1448 318 in
1473 293 1640 330 posterum
1655 288 1738 321 diem
1765 289 1865 322 sectio
1880 289 1928 322 dif

1202 337 1341 370 ferretur
1372 345 1535 380 rogasset,
1560 347 1654 373 noctu
1686 342 1934 375 decumbentem

1202 388 1293 429 adit¹,
1315 401 1351 422 ac
1369 391 1473 424 fasciis
1492 392 1657 433 detractis,
1676 395 1708 427 in
1730 405 1836 436 genua
1861 407 1935 438 pro-

1202 442 1321 482 cidens,
1344 454 1492 486 aegrum,
1519 451 1554 478 ut
1578 449 1641 479 una
1666 458 1772 480 secum
1797 449 1933 482 orationi

1202 505 1334 537 operam
1353 497 1453 536 daret,
1470 498 1654 539 admonuit;
1674 502 1775 542 eaque
1792 502 1935 535 breviter

1201 548 1365 588 absoluta,
1392 550 1484 592 signo
1514 552 1619 584 crucis
1653 553 1768 585 vulnus
1793 554 1935 595 signavit

1201 606 1231 632 et
1249 602 1413 634 osculatus
1432 610 1496 643 est;
1520 609 1552 636 et
1569 605 1625 637 illo
1647 615 1757 638 rursus
1778 607 1932 649 obligato,

1200 653 1359 687 discessit.
1380 655 1534 690 Reversus
1552 668 1645 690 mane
1671 659 1815 691 medicus
1839 660 1934 694 inter-

1199 711 1345 747 rogatum
1378 718 1509 750 aegrum
1540 710 1662 743 doloris
1687 711 1793 744 omnis
1819 723 1933 756 exper-

1200 762 1261 790 tem
1286 760 1417 801 audivit,
1435 767 1467 794 et
1491 762 1632 796 luxatum
1657 774 1741 803 crus,
1761 765 1874 798 solutis
1891 766 1933 798 fa-

1198 811 1424 854 sciis,perinde
1439 814 1599 857 integrum
1616 817 1760 859 reperiit,
1775 817 1931 851 solidum-

1198 874 1267 905 que,
1283 866 1353 897 acsi
1368 876 1534 909 nunquam
1552 868 1704 901 afflictum
1728 870 1929 913 fractumque

1199 916 1324 950 fuisset:
1350 918 1397 950 vix
1417 919 1495 952 tanti
1513 920 1654 953 vulneris
1678 928 1866 955 remanente
1883 934 1932 956 ve-

1196 969 1304 1011 stigio.

1239 1023 1351 1056 Comes
1365 1024 1521 1067 Georgius
1539 1026 1718 1060 Trivulzius
1736 1028 1847 1070 viginti
1867 1029 1929 1062 die·
1939 1069 1951 1081 n
1960 1035 2122 1084 {libuii'ssfflfi

1196 1083 1267 1106 rum
1293 1075 1375 1108 febri
1408 1077 1446 1109 eo
1479 1078 1582 1110 fuerat
1613 1079 1785 1119 adductus,
1811 1086 1847 1112 ut
1871 1092 1929 1113 nec
1954 1075 1957 1081 ’
2094 1078 2099 1083 '

1195 1127 1311 1165 cibum,
1338 1139 1399 1161 nec
1423 1130 1509 1163 aliud
1535 1131 1722 1173 quidpiam,
1750 1133 1837 1174 quod
1862 1134 1932 1166 refi-

1196 1180 1329 1213 ciendae
1362 1187 1494 1215 naturae
1531 1183 1756 1225 ingereretur,
1788 1185 1930 1219 retinere

1195 1233 1364 1276 minusque
1402 1235 1560 1276 deglutire
1592 1237 1735 1275 valeret,
1767 1238 1930 1280 pulsuque

1195 1286 1320 1326 amisso,
1339 1298 1356 1319 a
1376 1288 1507 1320 medicis
1524 1289 1621 1321 morti
1641 1289 1805 1331 proximus
1827 1290 1932 1323 fuerat

1195 1340 1428 1380 proclamatus:
1454 1341 1510 1373 sed
1535 1342 1574 1373 ab
1598 1352 1698 1374 uxore
1723 1342 1819 1375 beato
1843 1342 1930 1377 Caie-

1195 1396 1269 1424 tano
1294 1393 1504 1425 comendatus
1530 1404 1643 1436 parum
1677 1395 1793 1427 iusculi
1824 1406 1929 1429 susce-

1195 1445 1241 1486 pit
1265 1445 1489 1488 retinuitque,
1528 1452 1559 1479 et
1594 1452 1669 1489 post
1703 1448 1927 1481 brevissimam

1193 1498 1335 1539 quietem
1361 1509 1379 1531 a
1404 1499 1494 1532 febre
1516 1505 1546 1532 et
1563 1501 1675 1533 morbo
1702 1501 1928 1534 convaluitin-

1192 1550 1339 1583 columis.

1235 1603 1359 1635 Helena
1378 1603 1480 1636 Gritta
1495 1603 1614 1637 nobilis
1627 1604 1756 1644 veneta,
1768 1616 1827 1648 per
1844 1605 1923 1640 duos
1935 1611 2017 1659 „¹3⁰¹”
2044 1611 2119 1634 mutie-

1192 1654 1257 1687 fere
1283 1666 1411 1689 menses
1435 1656 1527 1689 febre
1552 1657 1705 1689 continua
1732 1659 1923 1701 magnisque
1979 1654 1985 1659 ⁵

1190 1709 1364 1747 angoribus
1390 1719 1556 1751 oppressa,
1582 1710 1706 1742 iacebat
1736 1711 1921 1750 immobiliS,

1190 1760 1361 1792 deficiente
1387 1762 1525 1803 loquela,
1544 1772 1580 1794 ac
1601 1772 1733 1804 prorsus
1751 1763 1924 1805 desperata

1190 1823 1206 1844 a
1232 1812 1363 1845 medicis
1389 1813 1507 1852 salute,
1527 1814 1583 1846 sed
1608 1813 1721 1846 intimo
1746 1814 1854 1847 cordis
1878 1815 1923 1847 af-

1189 1866 1272 1897 fectu
1298 1876 1358 1908 ope
1384 1865 1528 1898 Caietaui
1553 1866 1732 1908 implorata,
1764 1867 1924 1900 membro-

1188 1928 1256 1950 rum
1282 1918 1385 1960 vigori
1404 1924 1434 1950 et
1452 1918 1580 1951 sanitati
1600 1919 1706 1951 statim
1728 1920 1918 1952 restituitur.

1232 1970 1342 2003 Petrus
1366 1970 1522 2011 Francus,
1541 1971 1596 2013 qui
1621 1971 1784 2004 articulari
1799 1972 1920 2005 sinistri
1932 1978 2076 2026 reffirzgclgiiigeff
2086 1980 2116 2000 ¹0·

1187 2023 1312 2055 brachii
1339 2023 1451 2055 dolore
1476 2023 1706 2056 molestissimo
1731 2024 1842 2057 decem
1868 2036 1922 2057 an-
2076 2021 2082 2028 ”

1188 2086 1245 2108 nos
1269 2075 1480 2115 laboraverat,
1507 2076 1646 2118 quadam
1671 2076 1723 2108 die
1748 2077 1919 2110 veliemen-

1188 2128 1248 2160 tius
1270 2127 1365 2160 solito
1383 2127 1582 2160 excruciatus
1607 2128 1645 2160 ad
1672 2128 1842 2161 ecclesiam
1857 2130 1920 2162 cle-

1187 2181 1327 2213 ricorum
1344 2180 1540 2222 regularium
1555 2179 1708 2222 confugit,
1724 2181 1832 2223 ibique
1847 2187 1920 2215 ante

1187 2233 1275 2266 Beati
1300 2233 1473 2275 imaginem
1509 2233 1617 2265 enixas
1645 2243 1759 2276 preces
1784 2234 1919 2275 effudit,

1187 2297 1246 2317 nec
1272 2287 1359 2317 mora
1383 2285 1514 2318 sedatur
1544 2286 1738 2318 decumanus
1763 2287 1864 2328 dolor,
1890 2294 1922 2320 et

1187 2338 1356 2370 brachium
1383 2338 1518 2381 pristina
1544 2338 1682 2370 sanitate
1707 2339 1859 2372 donatur.

1231 2390 1521 2432 FranciscusYirga
1538 2390 1788 2423 Mediolanensis
1806 2392 2114 2445 lethalistgtrffgiemuem

1189 2443 1277 2475 febre
1303 2443 1514 2481 decumbens,
1540 2443 1701 2485 mortique
1734 2444 1917 2486 proximus,

1187 2495 1370 2527 admonitus
1402 2495 1461 2526 fuit
1499 2500 1534 2526 ut
1567 2495 1708 2528 Caietani
1734 2507 1829 2539 opem
1854 2497 1917 2530 im-

1164 2542 1341 2590 'plorarcr⁷
1368 2547 1452 2590 quod
1477 2547 1531 2579 ubi
1560 2548 1705 2590 peregit,
1732 2549 1919 2593 propulsari

1222 2611 1232 2636 ¹
1256 2609 1350 2645 Aptius
1371 2610 1431 2645 lege
1451 2609 1526 2637 adiit
1543 2611 1582 2644 (a.
1600 2614 1648 2645 T.)-
