2227 3225
943 264 1039 289 mnnx
1065 265 1169 289 RERUM
1720 253 1784 289 957

377 316 544 352 Clementis
570 315 596 349 X
620 325 678 359 pro
702 315 876 349 Ordinariis
908 321 1017 349 contra
1050 315 1257 350 confessarios
1292 315 1452 358 regulares
1484 315 1521 347 ab
1553 315 1621 348 aliis
1657 316 1828 356 ordinatos,

378 370 484 412 legere
509 374 554 402 est
578 368 799 402 confirmatum
833 369 917 412 apud
950 370 1114 409 eumdem,
1150 368 1213 402 849
1238 369 1254 400 b
1279 374 1309 401 et
1333 379 1413 412 scq.;
1450 367 1534 400 aliud
1570 368 1829 412 Congregationis

377 422 545 465 praefatae,
570 422 654 455 circa
671 422 856 455 electionem
883 422 1004 456 abbatis
1029 422 1184 465 generalis
1210 422 1436 454 monachorum
1463 422 1492 454 S.
1517 421 1695 465 Hieronymi
1723 423 1752 454 in
1777 422 1829 455 Hi-

377 475 485 519 spania
501 502 508 515 ‚
534 475 629 508 refert
661 481 690 507 et
708 475 881 508 confirmat
907 476 1009 515 idem,
1034 474 1098 509 855
1123 476 1139 507 b
1165 481 1193 508 et
1218 487 1293 519 seq.;
1319 475 1458 508 ciusdem
1485 474 1755 517 Congregationis,
1771 486 1828 518 pro

378 528 616 572 independentia
637 529 780 561 coenobii
806 529 923 561 Albai-ii
949 529 1102 561 Minorum
1125 528 1394 566 Conventualium‚
1416 527 1547 560 affertur
1570 533 1600 560 et
1625 528 1830 560 confirmatur

377 582 415 614 ab
441 582 563 622 codem,
588 581 652 616 868
677 583 710 621 b;
736 582 997 625 Congrcgationis
1023 582 1211 625 praedictae,
1237 582 1320 614 circa
1346 581 1515 625 primatum
1543 580 1623 613 inter
1648 580 1830 613 definitores

376 641 547 679 perpetuos
572 646 626 668 seu
655 642 759 678 patres
780 636 962 679 prox-inciae
986 635 1110 669 Ordinis
1136 635 1289 668 Minorum
1317 634 1586 673 Coiiveniuatiuin,
1611 637 1692 667 extat
1719 634 1830 666 contir-

378 694 494 720 matum
514 689 596 732 apud
622 688 779 728 eumdem,
805 688 869 721 8712
894 700 912 721 [l
939 695 968 721 ct
993 700 1054 732 seq.

288 742 455 775 Decretum
481 742 743 784 Congregationis
768 742 805 775 de
833 742 1037 785 Propaganda
1074 742 1148 774 Fido
1184 741 1234 773 die
1271 752 1309 774 xx
1338 741 1466 773 ianuarii
1499 751 1667 774 tinctxxvn
1706 740 1830 773 habitae

378 806 483 828 coram
514 796 694 829 Innocentio
723 795 757 833 X,
782 807 845 839 quo
871 795 1100 839 prohibebatur
1124 795 1251 827 Graecis
1276 794 1526 837 quibust-nnuma:
1552 794 1700 835 pecunias
1727 805 1830 836 quae-

378 854 496 886 stuare,
524 844 761 885 1·‹.·se1·tui·‚²t4:ss›
785 859 823 886 ιι;
849 849 1057 881 contirniatur
1082 847 1120 879 ah
1147 847 1322 880 Alexandro
1349 847 1420 887 l'lll,
1446 848 1509 880 ‘l'rb'
1534 848 1562 880 b.

290 902 454 935 Decretum
480 900 744 944 (long-rogationis
769 902 894 934 Rittium
921 901 1100 945 approbans
1125 902 1310 933 sententiam
1341 900 1495 934 Ordinarii
1527 900 1565 932 de
1599 900 1684 933 cultu
1718 901 1831 933 imme-

380 955 524 988 morabili
547 955 655 988 beatae
672 955 817 994 loannae,
844 961 971 988 vocatae
995 955 1212 999 principissae,
1231 954 1355 988 Ordinis
1379 955 1475 988 sancti
1502 955 1667 993 Dominici,
1687 955 1781 988 refert
1801 960 1831 988 et

377 1008 542 1041 confirmat
568 1008 766 1041 Innocentitis
791 1008 852 1049 xli,
879 1008 942 1042 516
968 1020 987 1041 ιι
1014 1014 1043 1041 et
1068 1009 1101 1047 b,
1119 1008 1202 1040 aliud
1228 1008 1488 1051 Congregationis
1514 1008 1654 1041 ciusdem
1681 1008 1719 1041 de
1744 1009 1830 1042 cultu

380 1061 622 1094 immemorabili
649 1062 758 1094 beatae
784 1062 896 1094 Mariae
911 1061 948 1094 de
965 1061 1061 1094 Socos
1078 1061 1203 1094 Ordinis
1224 1061 1334 1095 Beatae
1353 1062 1467 1094 Mariae
1488 1061 1525 1094 de
1546 1062 1687 1094 Mercede
1708 1061 1831 1095 redem-

378 1114 494 1157 ptionis
513 1115 719 1157 captivorum,
745 1116 965 1148 confirmatum
992 1120 1074 1146 extat
1099 1115 1179 1158 apud
1195 1115 1351 1154 eumdem,
1370 1114 1433 1147 7:34
1453 1127 1471 1147 α
1493 1118 1522 1147 et
1539 1125 1619 1158 seq.;
1644 1115 1728 1148 aliud
1752 1115 1830 1149 Con-

378 1167 571 1210 gregationis
597 1168 775 1210 praedictae
807 1167 844 1200 de
880 1168 984 1201 officio
1017 1174 1047 1201 et
1080 1168 1174 1201 missa
1207 1168 1238 1201 Β.
1265 1169 1377 1201 Mariae
1407 1169 1444 1201 de
1469 1169 1565 1202 Socos
1590 1168 1747 1212 praefatae
1772 1180 1830 1213 pro

379 1221 534 1263 religiosis
553 1221 715 1264 utriusque
733 1232 824 1254 sexus
849 1221 989 1254 eiusdem
1015 1222 1151 1261 Ordinis,
1177 1223 1271 1254 refert
1299 1228 1328 1254 et
1353 1222 1529 1261 contii-mat,
1548 1222 1612 1256 755
1636 1223 1669 1260 b,
1695 1222 1830 1265 Congre-

378 1275 512 1316 gationis
533 1276 689 1317 praefatae
707 1275 789 1308 circa
815 1275 954 1308 officium
980 1279 1008 1308 et
1034 1275 1161 1307 missam
1188 1275 1221 1307 B.
1252 1275 1332 1307 Petri
1360 1275 1514 1307 Paschasii
1546 1275 1691 1318 martyris
1715 1280 1744 1306 et
1769 1275 1831 1318 epi-

378 1329 464 1371 scopi
490 1328 673 1361 Giennensis
697 1328 821 1362 Ordinis
846 1329 1072 1372 redemptionis
1098 1329 1315 1372 captivorum,
1341 1328 1475 1360 hahetur
1504 1328 1723 1360 contirmatum
1748 1329 1830 1372 apud

378 1382 534 1420 eumdem,
561 1382 623 1415 756
648 1383 679 1421 b;
704 1383 845 1415 eiusdem
872 1383 909 1415 de
934 1383 1020 1416 cultu
1046 1382 1289 1415 immemorabili
1325 1381 1353 1413 B.
1382 1381 1494 1414 Mariae
1519 1381 1557 1413 de
1582 1381 1698 1424 Capite,
1725 1381 1787 1414 799
1812 1382 1830 1413 b

378 1441 408 1467 et
431 1446 516 1478 seq.;
542 1435 627 1468 aliud
644 1436 785 1468 eiusdem
811 1436 1072 1479 Congregationis
1097 1436 1180 1468 circa
1205 1435 1374 1478 primatum
1402 1445 1459 1477 pro
1483 1435 1646 1478 provincia
1672 1435 1703 1467 S.
1724 1435 1829 1468 Didaci

380 1488 535 1521 Minorum
565 1488 602 1521 de
629 1488 836 1522 Observantia
861 1489 1126 1521 Discalceatorum
1151 1494 1259 1520 contra
1286 1488 1528 1530 Augustinianos
1554 1488 1583 1519 in
1608 1498 1708 1530 regno
1732 1488 1830 1521 Mexi-

378 1551 456 1573 cano
482 1542 576 1574 refert
602 1548 631 1574 et
656 1542 833 1583 confirmat,
857 1541 919 1575 9⁵27
944 1542 970 1573 b.

288 1594 454 1627 Decretum
481 1595 742 1639 Congregationis
769 1595 958 1629 Visitationis
977 1595 1174 1639 Apostolicae
1192 1601 1300 1628 contra
1320 1594 1480 1638 regulares
1498 1594 1721 1627 aromatariam
1739 1605 1830 1628 exer-

378 1653 483 1683 centes
507 1660 566 1693 pro
594 1650 727 1693 collegio
752 1650 1017 1683 aroinatariorum
1043 1648 1080 1681 de
1106 1649 1189 1681 Urbe
1214 1653 1295 1682 extat
1320 1648 1542 1682 confirmatum
1568 1647 1650 1692 apud
1675 1648 1828 1682 Innocen-

378 1703 455 1735 tium
478 1703 552 1745 XII,
577 1702 641 1737 946
666 1714 695 1736 α.

290 1755 455 1789 Decretum
481 1755 742 1800 Congregationis
767 1756 978 1800 Inquisitionis
1003 1757 1127 1790 habitae
1145 1757 1221 1790 seria
1247 1769 1263 1790 v
1288 1757 1338 1790 die
1356 1767 1428 1790 xxiv
1446 1757 1572 1799 augusti
1597 1766 1699 1790 mccxc
1723 1767 1831 1791 coram

377 1809 590 1851 sanctissimo,
614 1821 676 1854 quo
709 1810 958 1844 condemnantur
989 1810 1068 1844 duae
1094 1811 1196 1844 theses
1221 1822 1274 1843 seu
1301 1810 1553 1854 propositiones,
1585 1821 1647 1843 una
1672 1816 1830 1855 tamquam

378 1862 546 1903 haeretica,
571 1864 667 1896 altera
693 1870 853 1908 tamquam
879 1864 1079 1904 scandalosa,
1106 1864 1272 1897 temeraria
1306 1870 1334 1896 et
1370 1864 1492 1908 piarum
1518 1864 1643 1896 aurium
1670 1864 1831 1905 offensiva,

378 1922 461 1949 extat
485 1917 568 1961 apud
594 1917 803 1950 Alexandrum
831 1917 905 1958 thl,
926 1917 965 1950 77
991 1928 1010 1950 α
1036 1923 1065 1950 ct
1090 1918 1122 1955 l13
1149 1917 1232 1950 aliud
1261 1917 1289 1949 in
1315 1917 1424 1950 cadem
1452 1916 1704 1961 Congregatione
1725 1929 1831 1951 coram

380 1970 488 2003 eodem
515 1971 713 2005 sanctissimo
738 1977 927 2012 err-anatum,
953 1982 1016 2015 quo
1043 1971 1170 2014 triginta
1202 1977 1228 2004 et
1256 1981 1315 2003 una
1340 1971 1581 2015 propositione&
1609 1977 1766 2015 tamquam
1793 1977 1833 2004 te-

381 2024 556 2065 merariae,
591 2025 803 2065 scandalosac,
827 2025 1076 2065 malesonantes,
1104 2025 1295 2064 iniuriosae,
1320 2024 1441 2057 haeresi
1468 2025 1651 2068 proximae,
1677 2025 1833 2058 haeresim

380 2077 546 2121 sapientes,
567 2088 730 2120 erroneae,
748 2079 976 2119 schismaticae,
993 2078 1170 2111 haereticae
1192 2077 1374 2121 respective,
1392 2078 1582 2110 damnantur
1605 2084 1633 2110 et
1659 2077 1832 2121 prohiben-

385 2137 452 2173 tur,
478 2142 592 2176 easque
619 2133 664 2164 vet
690 2132 804 2166 docere
830 2133 876 2165 vel
902 2132 1086 2172 defendere,
1112 2138 1173 2164 tam
1200 2131 1325 2175 publice
1349 2142 1443 2175 quam
1469 2130 1627 2175 privatim,
1649 2131 1707 2164 sub
1731 2133 1833 2175 poena

380 2185 714 2219 excommunicationis
750 2185 968 2225 interdicitur,
1000 2185 1106 2228 legere
1131 2190 1177 2217 est
1201 2184 1282 2228 apud
1309 2184 1475 2226 eumdem,
1499 2184 1561 2218 '158
1586 2185 1619 2225 113
1646 2183 1830 2229 Congrega—

382 2238 474 2272 tionis
506 2238 684 2282 praedictae
717 2239 878 2272 decretum
905 2239 943 2272 de
969 2238 1092 2272 vicariis
1117 2238 1263 2278 foraneis,
1296 2244 1349 2270 aut
1373 2238 1441 2270 aliis
1473 2238 1511 2270 ab
1542 2238 1716 2272 Ordinariis
1741 2240 1832 2272 Ame-

382 2291 465 2325 ricae
491 2292 521 2324 in
547 2293 633 2333 locis,
651 2303 667 2325 a
693 2293 781 2326 curia
806 2293 975 2337 episcopali
996 2293 1077 2326 ultra
1103 2292 1179 2325 duas
1203 2291 1302 2324 dietas
1328 2292 1525 2333 distantibus,
1543 2303 1601 2336 pro
1626 2298 1707 2326 statu
1732 2293 1833 2326 libero

381 2345 633 2379 contrahentium
668 2346 831 2389 eligendis,
865 2347 960 2379 refert
985 2352 1014 2379 et
1038 2345 1204 2380 confirmat
1222 2345 1422 2379 Innocentius
1442 2345 1506 2386 ΧΙΙ,
1524 2345 1583 2379 &ll
1614 2357 1632 2378 a
1657 2351 1688 2378 et
1711 2357 1774 2390 seq.

294 2397 414 2432 Delatio
438 2409 613 2441 armorum,
641 2400 709 2433 ride
733 2401 826 2433 Arma
852 2405 1018 2443 gestantes.

294 2451 450 2486 Dioecesis
475 2454 626 2487 terminos
651 2454 800 2487 ecclesiae
825 2454 932 2497 oppidi
957 2453 995 2486 de
1019 2453 1172 2493 Nanliim,
1197 2463 1299 2497 nuper
1324 2453 1354 2485 in
1379 2452 1590 2486 cathedralem
1615 2456 1755 2493 erectae,
1780 2452 1832 2486 de-

383 2506 516 2549 signavit
540 2507 715 2540 Alexander
739 2507 814 2547 Vlll,
839 2507 881 2540 55
906 2507 938 2545 I);
965 2507 1038 2540 item
1064 2506 1213 2539 ecclesiae
1243 2507 1352 2550 oppidi
1380 2507 1417 2540 de
1449 2506 1556 2539 Pekim
1586 2516 1687 2550 nuper
1714 2506 1833 2549 pariter

384 2559 414 2591 in
437 2560 648 2594 cathedralem
675 2566 797 2594 erectae
824 2560 975 2593 terminos
1000 2560 1259 2604 circumscripsit,
1277 2561 1318 2594 59
1336 2571 1372 2598 α;
1398 2570 1415 2592 a
1439 2559 1638 2593 dioecesibus
1663 2559 1832 2603 praedictis

384 2611 548 2647 Pekinensi
573 2620 603 2647 et
623 2613 813 2648 Nanlzinensi
835 2614 924 2657 regni
949 2613 1095 2647 Sinarum
1121 2613 1298 2658 provincias
1319 2613 1424 2657 plures
1444 2612 1692 2654 dismembravit,
1716 2622 1832 2656 easque

385 2665 509 2701 vicariis
542 2668 721 2711 apostolicis
747 2667 925 2709 commisit,
958 2666 1022 2702 764
1046 2678 1064 2701 α
1091 2673 1120 2701 et
1144 2678 1216 2711 seq,
1252 2677 1268 2700 a
1293 2667 1429 2701 dioecesi
1455 2665 1674 2701 Machaonensi
1698 2675 1831 2710 regnum
