2227 3225
184 211 234 240 Αιι.
250 211 281 241 C.
301 212 368 240 1690

206 693 322 721 Exposita).

205 1429 234 1449 De
245 1429 360 1450 residentia

177 1461 234 1481 regei
217 1459 302 1480 υιι,ιιιιιι
331 1457 360 1476 le-

177 1484 222 1511 rtur
215 1489 274 1506 rum,
296 1483 360 1503 coll·-

177 1515 210 1533 gia
200 1509 264 1528 alium
280 1511 300 1529 et
318 1512 360 1530 slu-

176 1535 283 1560 deut-um..

977 216 1158 241 Αιεκιικιιι-ῑιι
1183 218 1239 240 vui
1264 218 1310 241 re.
1805 212 1843 245 51

375 272 446 294 rum
472 262 625 306 suffragio
653 264 829 304 constituti,
856 275 904 303 ea,
939 275 1023 307 quae
1057 275 1113 307 pro

373 315 496 348 salubri
528 327 640 349 eorum
671 317 725 360 qui
759 317 914 350 Altissinii
948 317 1113 360 obsequiis

375 368 435 400 sub
453 369 541 401 suavi
559 369 730 412 religionis
753 370 826 412 iugo
848 370 1022 413 mancipati
1041 375 1114 402 sunt

374 421 554 455 directione
588 434 623 456 ac
662 424 747 456 felici
783 424 942 466 gubernio
975 424 1113 466 provide

374 476 620 520 prudenterque
646 478 821 514 constituta
854 483 937 517 sunt,
964 484 997 510 ut
1024 477 1113 510 firma

373 537 506 572 semper
536 536 631 573 atque
652 530 806 563 inviolata
826 531 1012 573 persistant,
1035 541 1112 573 apo-

374 581 479 614 stolici
504 583 690 615 muniminis
707 583 810 616 nostri
836 583 1014 626 praesidio,
1040 594 1112 616 cum

376 634 407 666 id
433 645 448 666 a
473 634 568 668 nobis
592 635 726 678 petitur,
746 636 889 669 libenter
907 637 1110 669 roboramus.

419 688 490 731 §L
524 688 648 732 Exponi
681 689 842 733 siquidem
877 691 972 723 nobis
1009 700 1113 732 nuper

375 740 450 773 secit
475 740 612 773 dilectus
636 740 722 774 silius
741 742 856 785 loseph
876 743 971 775 Maria
994 743 1110 775 Bottari

374 792 525 826 minister
549 795 711 837 generalis
741 795 871 829 Ordinis
897 796 1029 828 t'ratrum
1061 797 1113 828 Mi-

374 856 490 879 norum
524 847 625 880 sancti
659 848 819 881 Francisci
846 849 1111 882 Conventualium

374 904 643 941 nuncupatorum,
658 901 745 943 quod
759 901 791 933 in
809 902 950 944 capitulo
966 903 1110 944 generali

375 951 450 984 dicti
475 951 607 985 Ordinis
628 963 741 987 mense
758 954 843 988 maio
861 956 1007 998 proxime
1026 966 1111 998 prae-

375 1003 471 1037 terito
496 1004 528 1036 in
563 1006 648 1038 alma
678 1006 762 1040 Urbe
799 1011 910 1041 nostra
946 1009 1110 1041 celebrato

373 1055 458 1089 edita
480 1062 512 1090 et
536 1058 618 1091 sacta
643 1059 773 1092 suerunt
798 1062 957 1094 nonnulla
981 1062 1111 1094 decreta

373 1110 495 1143 tenoris
519 1111 573 1153 qui
599 1113 753 1155 sequitur,
780 1114 949 1146 videlicet:

419 1162 551 1195 Decreta
587 1165 712 1197 noviter
747 1166 831 1198 edila
867 1177 885 1198 α
924 1166 1110 1209 (Iefim'lori'o

371 1216 520 1257 qeneralt'
543 1217 687 1258 fratrum
716 1219 879 1252 Minorum
912 1220 1109 1254 Convenlua-

373 1266 454 1299 lium
475 1268 507 1301 S.
536 1269 708 1302 Frmwisci
732 1271 851 1304 Romae
876 1272 1031 1305 celebrato
1050 1274 1108 1305 sul)

372 1319 424 1351 die
454 1330 524 1353 xxix
556 1323 641 1354 maii
672 1333 851 1357 ninctxxxix
884 1325 920 1357 in
952 1331 1108 1358 conventu

371 1371 418 1404 Ss.
446 1373 520 1406 XII
538 1374 781 1417 Apostolorum.

421 1438 433 1456 ει
452 1425 643 1460 Decetnitui
674 1434 706 1461 et
734 1430 903 1470 statuitur
931 1431 1018 1474 quod
1045 1437 1105 1464 tani

353 1483 536 1520 -regentes,
561 1491 656 1523 quam
682 1481 832 1522 lectoies,
864 1485 1052 1527 collegiales
1078 1490 1108 1517 et

371 1531 538 1565 studentes
563 1543 695 1576 sempei
719 1535 751 1567 in
773 1537 951 1580 piopriis„
935 1537 1107 1570 Πιἰιιιιιιειίς

369 1584 513 1618 residere
539 1591 721 1627 teneantur,
758 1599 818 1622 nec
855 1600 997 1633 unquam
1029 1601 1107 1633 qua-

369 1647 507 1681 cumque
555 1640 726 1673 occasione
772 1652 827 1675 seu
865 1649 1031 1686 praetextu
1067 1645 1105 1677 ab

368 1690 447 1734 ipsis
471 1692 587 1725 studiis
607 1698 638 1725 et
666 1694 862 1728 lectionibus
885 1697 1053 1730 discedere
1076 1704 1105 1730 ct

369 1743 507 1778 deficere
533 1745 579 1778 eis
603 1746 698 1779 liceat
724 1749 844 1791 absque
875 1750 1017 1783 evidenti
1050 1761 1106 1783 ne-

367 1798 518 1831 cessitate
544 1809 598 1832 seu
625 1801 771 1842 legitima
795 1806 890 1835 causa
908 1814 923 1835 a
950 1804 1019 1837 solo
1044 1805 1104 1836 nii-

366 1850 474 1883 nistro
500 1852 645 1893 generali
682 1856 920 1896 cognoscenda,
953 1856 1003 1888 cui
1044 1857 1103 1890 soli

367 1903 462 1936 liceat
497 1905 676 1938 concedere
712 1907 809 1939 etiam
847 1919 906 1950 per
941 1909 1102 1942 modicum

368 1962 506 1999 tempus,
521 1957 625 1990 donec
644 1964 766 1992 tantum
788 1967 901 2004 urgeat
917 1963 1101 2003 necessitas,

367 2014 456 2042 extra
479 2010 644 2053 propriam
670 2013 879 2046 residentiam
909 2016 1046 2055 morari,
1073 2023 1105 2049 et>

365 2072 431 2095 non
457 2063 550 2095 alteri
584 2064 813 2109 cuiuscumque
847 2068 967 2110 gradus
998 2074 1029 2102 et
1053 2081 1104 2101 su-

365 2115 565 2157 perioritatis
587 2117 717 2157 suerint,
742 2125 878 2163 excepto
902 2126 1007 2155 tamen
1029 2128 1104 2155 tem-

365 2178 444 2211 pore
469 2168 739 2212 Quadragesimae
765 2178 795 2205 et
824 2173 954 2207 illarum
981 2181 1101 2208 tantum

365 2220 529 2260 seriarum,
556 2232 637 2264 quae
655 2233 672 2255 a
692 2225 793 2257 sacris
819 2227 1103 2261 constitutionibus

364 2272 492 2306 Ordinis
514 2276 746 2309 conceduntur.
769 2276 826 2315 Qui
844 2290 935 2312 secus
954 2280 1100 2315 feceriut,

364 2326 398 2358 in
428 2326 644 2369 privationem
683 2340 817 2363 suorum
856 2332 1037 2366 officiorum
1072 2341 1101 2367 et

363 2379 547 2412 studiorum
573 2381 646 2424 ipso
671 2383 754 2417 sacto
780 2384 946 2418 incurrant
979 2387 1100 2431 absque

364 2431 427 2464 alia
451 2432 688 2475 declaratione;
714 2446 773 2469 nee
798 2438 937 2480 possint,
964 2440 1022 2472 suh
1041 2441 1102 2472 eis-

364 2484 438 2517 dem
472 2487 609 2529 poenis‚
643 2489 859 2531 provinciales
896 2492 1035 2525 ministri
1071 2500 1098 2526 et

363 2539 550 2580 superiores
588 2548 803 2576 conventuum
836 2545 1021 2587 praedictos
1051 2557 1101 2579 re-

364 2595 487 2632 gentes,
510 2592 649 2626 lectorcs
668 2599 697 2627 et
717 2596 884 2630 studentes
907 2599 1018 2640 quavis
1035 2610 1089 2631 cau

1157 268 1189 297 sa
1214 276 1231 298 ιι
1256 266 1431 299 residentia
1449 273 1479 300 et
1505 270 1666 302 exercitiis
1691 272 1893 307 scholasticis

1157 317 1342 352 distrahere
1368 326 1422 352 aut
1440 321 1645 363 dispensare;
1669 324 1732 357 imo
1751 336 1807 358 suo
1826 338 1894 359 ιιιιι-

1158 371 1227 403 neri
1253 371 1443 405 deficientes
1463 384 1576 406 severe
1599 377 1766 419 corripere
1793 385 1823 410 et
1842 390 1893 421 pu-

1158 424 1225 456 nire
1252 430 1436 466 teneantur,
1464 437 1501 459 ae
1526 428 1642 468 etiam,
1670 430 1696 461 si
1723 433 1894 465 correctio-

1157 478 1252 510 nibus
1279 490 1343 511 non
1370 481 1550 522 paruerint,
1571 493 1588 514 a
1606 483 1721 516 studiis
1746 485 1891 525 reiicere,

1156 530 1304 564 ministro
1332 537 1436 565 tamen
1463 536 1610 576 generali
1636 538 1796 571 consulto.

1201 595 1213 614 ι
1243 583 1333 622 Quod
1368 596 1432 618 non
1464 595 1720 629 promoveantur
1751 601 1811 625 nec
1841 603 1892 625 ac-

1156 689 1218 723 five
1245 702 1280 723 ex
1307 703 1440 726 inuuere
1466 696 1632 737 regentiae
1665 698 1729 731 sive
1762 702 1892 742 praedi-

1155 743 1302 784 cationis,
1330 746 1382 788 qui
1409 758 1536 780 cursum
1562 760 1627 782 non
1657 754 1892 795 compleverint

1156 807 1173 828 a
1198 798 1296 830 sacris
1315 798 1443 832 Ordinis
1461 802 1749 837 constitutionibus
1772 812 1803 838 et
1819 808 1892 841 aliis

1155 849 1329 890 pontificiis
1354 853 1575 886 sanctionibus
1593 858 1840 900 praescriptum,
1860 867 1891 893 et

1156 904 1338 945 respective
1365 915 1381 936 a
1406 905 1544 939 decretis
1576 909 1656 941 alias
1692 913 1847 945 emanantis
1873 926 1890 946 a

1155 956 1300 996 generali
1325 957 1519 999 delinitorio,
1546 961 1588 994 ita
1613 964 1701 1005 quod
1734 966 1772 997 ad
1805 977 1891 999 eam-

1155 1007 1229 1040 dem
1254 1010 1482 1052 paternitatem
1520 1015 1707 1056 provinciae
1740 1019 1890 1053 obtinen-

1155 1061 1226 1094 dam
1250 1064 1378 1096 valeant
1402 1065 1578 1109 suffragare
1605 1070 1709 1103 solum
1735 1071 1809 1105 illae
1843 1085 1889 1106 re-

1154 1115 1280 1156 gentiae
1307 1122 1338 1149 et
1362 1118 1494 1159 lectura,
1530 1126 1562 1153 et
1597 1122 1642 1154 sic
1678 1125 1801 1166 pariter
1833 1127 1889 1160 illa

1153 1169 1305 1201 exercitia
1337 1171 1528 1205 concionum
1559 1177 1886 1219 qiuulragesinmlium

1153 1221 1362 1256 laudabiliter
1399 1227 1562 1269 completa
1598 1229 1630 1261 in
1662 1231 1726 1263 illis
1763 1238 1887 1267 tantum

1152 1274 1334 1308 civitatibus
1373 1283 1403 1310 et
1439 1280 1519 1312 loeis
1558 1288 1588 1314 et
1627 1294 1686 1325 per
1724 1286 1886 1328 integrum

1152 1332 1276 1370 tempus
1302 1339 1469 1371 annorum,
1490 1341 1588 1375 prout
1605 1336 1643 1367 ab
1665 1337 1742 1378 ipsis
1768 1340 1888 1372 consti-

1152 1380 1343 1421 tutionibus,
1369 1383 1508 1417 decretis
1534 1388 1719 1429 pontificiis,
1738 1401 1794 1423 seu
1813 1393 1885 1425 aliis

1151 1435 1312 1475 generalis
1345 1435 1521 1470 delinitorii
1548 1443 1792 1483 praescribitur,
1826 1456 1886 1479 nec

1150 1486 1246 1519 aliter
1270 1487 1364 1521 liceat
1387 1490 1536 1524 ministro
1562 1495 1705 1535 generali
1731 1508 1789 1539 pro
1809 1505 1888 1531 tern-

1151 1549 1238 1581 pore,
1266 1550 1320 1573 seu
1353 1552 1411 1584 per
1446 1543 1569 1577 litteras
1603 1550 1791 1588 patentales,
1829 1561 1887 1583 seu

1151 1603 1352 1637 quocumque
1372 1595 1434 1628 alio
1449 1597 1558 1633 modo
1572 1609 1600 1640 p
1605 1605 1679 1632 ures
1695 1602 1853 1643 pioiinei·
1848 1614 1885 1636 ac

1150 1644 1318 1679 institue1e
1340 1654 1394 1679 aut
1412 1648 1492 1682 decl·
1496 1660 1520 1681 ir
1523 1661 1587 1689 are,
1607 1658 1636 1683 et
1657 1664 1885 1698 quaecumque

1150 1697 1322 1739 institutio,
1349 1706 1463 1734 contla
1485 1713 1534 1745 pi
1528 1704 1669 1737 tedictas
1700 1717 1775 1739 sam
1782 1708 1885 1741 tiones

1148 1726 1395 1794 quomodolibet
1420 1754 1515 1796 sacta,
1541 1757 1574 1789 in
1600 1764 1767 1800 posterum
1798 1761 1884 1794 inia-

1148 1804 1213 1837 lida
1238 1810 1269 1838 et
1293 1808 1383 1839 nulla
1407 1808 1447 1840 sit
1472 1815 1503 1842 et
1528 1810 1697 1853 illegitime
1722 1813 1883 1854 instituta;

1147 1857 1273 1891 etiamsi
1308 1870 1324 1892 a
1356 1860 1543 1895 definitorio
1575 1866 1759 1906 provinciae
1793 1879 1886 1901 acee-

1146 1916 1329 1953 ptareutur,
1357 1918 1460 1947 totum
1486 1915 1528 1947 sit
1552 1916 1678 1950 irritum
1706 1926 1737 1952 et
1761 1920 1882 1961 inane;

1146 1973 1207 1996 nec
1229 1965 1296 1998 ullo
1320 1967 1537 2009 paternitatis,
1565 1971 1752 2012 provinciae
1779 1975 1882 2015 titulo,

1146 2023 1199 2050 aut
1222 2019 1391 2062 piixile3io
1417 2022 1589 2064 granden*

1190 2083 1203 2102 ι)
1234 2071 1324 2104 Minis
1330 2073 1367 2104 ui
1402 2075 1619 2116 proxinciales
1657 2088 2074 2136 quarumcum-agffijgfrum

1147 2135 1209 2168 que
1245 2126 1496 2169 ριοιιιιοίιιιιιιιι,
1533 2140 1663 2164 necnon
1694 2140 1800 2167 custos
1833 2147 1883 2169 sa-

1147 2178 1191 2210 ιιι
1216 2184 1395 2212 conventus
1421 2181 1629 2223 Assisiensis‚
1659 2187 1751 2219 nullo
1782 2190 1880 2222 modo

1146 2231 1185 2262 ad
1210 2231 1355 2263 habitum
1393 2233 1563 2276 religionis
1597 2239 1776 2279 quemlibet
1800 2243 1881 2274 alte-

1146 2284 1210 2316 rius
1235 2285 1422 2327 provinciae
1447 2288 1616 2322 admittere
1642 2292 1790 2331 audeant,
1818 2295 1880 2327 nisi

1145 2337 1232 2379 prius
1257 2339 1388 2371 accedat
1413 2350 1590 2374 consensus
1622 2342 1653 2375 in
1688 2346 1818 2388 seriptis
1850 2355 1882 2380 et

1144 2391 1383 2433 beneplacitum
1417 2395 1637 2435 procuratoris
1672 2399 1881 2439 provincialis

1143 2443 1266 2476 nativae
1284 2445 1478 2488 provinciae3
1497 2447 1575 2480 alias
1594 2451 1773 2492 acceptatio
1792 2454 1880 2485 nulla

1143 2495 1182 2527 sit
1207 2502 1236 2528 et
1253 2496 1402 2538 invalida,
1426 2505 1458 2531 et
1474 2502 1750 2543 transgredientes
1773 2505 1880 2546 priva-

1144 2548 1264 2581 tionem
1290 2560 1421 2583 suorum
1445 2553 1625 2586 officiorum
1649 2555 1826 2589 incurrant.

1180 2611 1189 2636 1
1213 2610 1305 2645 Aptius
1326 2611 1383 2646 lege
1404 2614 1550 2648 gaudeant
1569 2616 1609 2650 (ιι.
1627 2620 1674 2649 Τ.),

1903 215 1952 239 An.
1973 214 2003 241 C.
2023 210 2089 242 1:20

1928 611 1958 631 Do
1973 613 2033 632 ιῐιι-ια
2048 619 2086 638 m-

1156 642 1328 679 ceptentur
1359 640 1399 671 ad
1431 642 1660 682 paternitatem
1684 640 2083 686 p1·0vi1u·i;m‚¹''¹⁵¹²¹⁴⁶''““¹⁴⁰·
