2254 3225
226 221 278 248 Aa.
294 223 313 245 c
347 221 412 247 2092
457 213 521 246 468

253 1076 281 1097 Do
301 1078 408 1103 excipien-

225 1103 257 1124 dis
268 1104 294 1125 ad
304 1104 407 1125 habitum.

232 2186 337 2210 Institutio
349 2194 402 2215 qua-

219 2216 267 2235 tuor
303 2216 403 2242 collegio-

220 2248 273 2263 rum.

420 281 490 303 rum
517 271 768 305 foecundissimo
793 284 922 316 parens.
938 272 1053 315 Quare,
1070 274 1155 307 utin

418 326 484 357 tota
509 325 679 367 religione,
706 331 737 358 et
768 327 947 371 praecipue
972 328 1003 360 in
1024 327 1156 371 provin-

418 377 474 410 ciis
498 378 624 419 Italiae,
654 379 802 422 praefata
827 380 912 413 bona
935 381 1061 414 radices
1087 381 1156 413 sun-

419 430 508 470 dere,
532 435 564 463 et
589 432 671 464 mala
696 442 730 464 ex
757 432 856 465 nimia
889 434 921 465 in
948 433 1155 466 admittendis

417 483 621 516 studentibus
651 495 688 517 ac
711 486 864 527 gradibus
890 486 1097 519 conferendis
1114 486 1156 518 sa-

417 536 538 569 cilitate
571 536 652 569 sorte
690 537 870 571 obventura
894 538 986 571 vitari
1020 538 1154 571 omnino

419 590 559 629 valeant,
580 595 611 622 et
635 589 674 622 de
700 601 858 624 consensu
881 596 912 623 et
928 591 1066 624 instante
1084 591 1153 623 zelo

418 643 519 675 nostri
537 642 785 676 eminentissimi
810 644 981 677 cardinalis
995 649 1156 687 protecto-

418 695 463 728 ris
483 696 522 728 de
536 695 674 736 Alteriis,
694 707 730 729 ac
745 697 784 729 dc
802 697 937 730 consilio
953 697 1154 740 gremialium

418 753 603 781 nostrorum
622 759 720 792 super
737 750 799 783 hoc
817 756 959 784 nostram
985 751 1156 784 eonscien-

418 802 495 834 tiam
520 802 731 843 gravantium,
749 813 807 845 pro
829 802 951 836 eisdem
965 803 1152 846 provinciis,

418 854 554 897 aliisque
580 854 613 886 in
639 855 757 898 quibus
774 855 885 898 vigent
902 857 1028 898 gradus,
1042 861 1151 889 etnon

419 912 494 939 sunt
510 918 571 950 pro
589 907 652 940 illis
667 913 783 941 statuta
802 908 968 952 specialia,
985 909 1153 952 sequentia

420 959 551 993 decreta
575 960 807 994 inviolabiliter
835 962 1035 996 observanda
1067 973 1153 995 ema-

417 1022 494 1045 nare
519 1013 700 1046 statuimus.

464 1075 487 1098 1.
514 1067 591 1098 Cum
614 1066 833 1099 certissimum
862 1067 923 1107 sit,
957 1066 1152 1109 religionum

418 1118 563 1152 omnium
585 1119 650 1151 sive
669 1130 876 1162 progressum
898 1120 964 1153 sive
989 1121 1151 1153 desectum

418 1182 436 1204 a
470 1172 661 1215 receptione
701 1179 732 1205 et
767 1174 956 1206 educatione
985 1173 1149 1217 pendere,

415 1225 604 1258 mandamus
629 1231 665 1258 ut
688 1227 798 1259 nullus
819 1227 1007 1259 admittatur
1032 1227 1071 1259 ad
1097 1227 1153 1259 ha-

415 1277 531 1318 bitum,
549 1278 611 1310 nisi
629 1289 646 1310 a
663 1279 841 1312 reverendo
867 1279 1042 1312 admodum
1060 1284 1151 1322 patre

415 1331 619 1374 provinciali,
638 1342 675 1364 ac
693 1331 793 1364 tribus
818 1333 868 1365 vel
889 1333 1001 1365 saltem
1027 1333 1152 1365 duobus

417 1384 692 1417 examinatoribus
727 1385 760 1417 iu
792 1385 944 1428 capitulis
969 1386 1155 1429 provincia-

415 1436 501 1470 libus
518 1463 525 1477 ,
546 1438 597 1470 vel
622 1437 709 1470 iuxta
734 1437 929 1480 exigentiam
963 1438 1002 1471 ab
1028 1449 1066 1471 eo
1099 1439 1152 1471 de-

416 1489 590 1532 putandis,
621 1500 680 1532 per
718 1489 868 1533 suffragia
904 1496 1028 1524 secreta
1064 1491 1153 1524 adiu-

416 1543 542 1576 dieetur
558 1543 680 1586 peritus
707 1544 739 1576 in
760 1544 966 1586 grammatica
984 1550 1015 1578 et
1036 1545 1151 1578 litteris

416 1595 582 1628 humanis:
609 1596 725 1639 quibus
751 1607 809 1639 per
833 1597 1019 1639 magistrum
1042 1598 1080 1630 ab
1102 1608 1152 1630 eo-

416 1648 489 1681 dem
515 1649 704 1692 provinciali
730 1649 966 1692 designandum
982 1677 989 1691 ,
1017 1652 1069 1693 qui
1097 1662 1150 1684 eos

416 1702 560 1743 edoceat,
573 1702 645 1745 ipso
660 1702 764 1735 adhue
778 1703 944 1743 novitiatu,
959 1709 1031 1744 etc„
1044 1704 1148 1744 anno¹‚

416 1755 559 1799 quotidie
584 1756 699 1788 saltem
730 1765 788 1798 per
820 1756 935 1789 horam
961 1757 1149 1789 incumbere

413 1813 595 1849 teneantur,
612 1813 648 1840 ut
666 1808 691 1840 si
710 1808 749 1841 ad
774 1809 1012 1851 professionem
1037 1810 1150 1842 admit-

414 1867 546 1902 tantur,
571 1862 772 1905 praehabitis
806 1862 923 1895 deinde
949 1874 965 1895 a
989 1869 1149 1896 conventu

412 1914 688 1947 testimonialibus
727 1915 804 1948 alias
838 1916 877 1948 ad
911 1916 1053 1948 omnium
1079 1927 1150 1959 gra-

413 1968 510 2001 duum
535 1968 741 2001 collationem
766 1968 942 2012 requisitis,
967 1970 1005 2003 de
1030 1970 1094 2003 vita
1118 1975 1150 2003 et

411 2022 556 2054 moribus
574 2022 698 2055 facilius
712 2022 750 2055 ad
766 2033 875 2055 cursus
894 2022 1010 2056 artium
1023 2024 1149 2056 valeant

411 2075 620 2118 promoveri,
652 2080 750 2118 prout
782 2086 893 2109 omnes
923 2076 955 2108 in
980 2080 1149 2119 posterum

411 2128 650 2172 promovendos
674 2129 880 2162 mandamus.

456 2191 492 2215 11.
529 2181 742 2214 Instituantur
777 2181 811 2214 in
851 2182 939 2215 omni
977 2182 1148 2226 provincia

412 2239 551 2278 quatuor
585 2234 744 2278 collegia,
768 2235 819 2268 vel
855 2236 949 2278 plura
981 2240 1036 2268 aut
1068 2246 1147 2278 pau-

412 2287 500 2322 ciora
519 2288 608 2321 iuxta
625 2288 835 2331 capacitatem
851 2288 1094 2332 provinciarum
1116 2293 1148 2322 et

412 2346 630 2375 conventuum
665 2341 928 2385 possibilitatem.
957 2341 1062 2375 Unum
1087 2352 1146 2385 pro

412 2404 511 2428 cursu
528 2394 757 2437 philosophiae
781 2405 841 2437 per
860 2394 1035 2429 triennium
1061 2405 1078 2427 a
1103 2396 1148 2427 le-

413 2448 558 2482 ctoribus
578 2449 700 2492 absque
716 2449 784 2482 ulla
800 2448 1042 2492 interruptione
1063 2459 1148 2481 com-

413 2502 569 2545 plendum
605 2502 782 2543 duraturo,
815 2501 848 2534 in
878 2511 940 2545 quo
974 2506 1148 2545 propterea

412 2554 603 2599 incipiendo
628 2556 732 2589 lector
763 2566 780 2588 a
801 2555 971 2589 summulis
995 2554 1147 2598 prosequi

448 2617 463 2660 ,¹
483 2617 585 2647 Forsan
600 2618 661 2654 ipso
676 2619 769 2648 adhuc
785 2618 941 2649 ηουίίίαίάε
955 2626 1033 2647 anno
1049 2616 1086 2651 (fl.
1099 2615 1145 2649 r).

997 226 1172 249 BULLAMUM
1197 225 1348 249 ROMANUM

1199 274 1315 307 debeat
1350 285 1451 318 usque
1477 275 1514 308 ad
1540 275 1732 319 completam
1761 275 1929 320 metaphy-

1198 327 1311 367 sicam,
1341 338 1400 360 nec
1423 329 1491 361 ullo
1517 329 1613 362 modo
1650 329 1860 366 distrahatur,
1887 329 1928 362 si-

1197 380 1263 412 mul
1289 381 1451 422 legendo,
1479 392 1509 414 ν.
1532 392 1562 424 g.
1581 408 1588 422 ,
1615 382 1671 414 uni
1700 383 1750 415 vel
1782 383 1928 425 pluribus

1197 432 1346 473 logicam,
1366 433 1436 465 aliis
1460 443 1537 466 vero
1563 436 1751 475 summulas,
1774 436 1823 469 vel
1849 436 1929 479 phy-

1198 483 1296 516 sicam
1325 489 1377 516 aut
1407 486 1678 529 metaphysfflam,
1704 487 1761 520 sed
1789 487 1926 528 iisdem,

1197 536 1314 579 quibus
1339 537 1460 581 incepit
1483 540 1663 580 summulas,
1690 545 1722 573 et
1745 541 1799 583 qui
1823 542 1929 575 nulla-

1198 594 1290 621 tenus
1315 589 1353 622 ab
1380 600 1418 623 eo
1444 597 1605 624 conventu
1630 593 1680 625 vel
1701 593 1850 635 collegio,
1868 593 1928 626 nisi

1197 641 1327 674 maximi
1349 643 1458 676 delicti
1473 646 1577 685 causa,
1596 651 1690 678 erunt
1715 645 1745 678 in
1764 651 1929 688 posterum

1196 694 1410 735 removendi,
1439 696 1557 729 habitis
1584 697 1727 740 quotidie
1751 699 1872 732 circulo
1898 704 1930 732 et

1197 746 1321 780 duabus
1346 748 1539 782 lectionibus
1565 760 1624 792 per
1648 750 1762 783 horam
1788 751 1928 793 divisive,

1197 805 1299 833 totum
1324 812 1453 835 cursum
1479 803 1670 836 triennalem
1694 810 1928 848 prosequatur;

1197 859 1236 894 et,
1263 854 1289 886 si
1316 855 1370 898 qui
1404 855 1489 888 intra
1513 856 1690 890 triennium
1716 858 1928 901 promovendi

1196 906 1260 939 sint
1296 908 1335 940 ad
1371 908 1632 952 philosophiam,
1654 910 1840 944 instituatur
1868 922 1928 955 pro

1195 959 1246 992 his
1271 960 1303 992 in
1329 960 1391 994 alio
1416 967 1577 994 conventu
1602 973 1619 995 a
1641 963 1832 1006 provinciali
1850 964 1931 997 desi-

1196 1013 1324 1055 gnando
1350 1015 1431 1047 alter
1455 1016 1575 1055 lector,
1602 1016 1656 1058 qui
1689 1017 1803 1049 eodem
1832 1017 1928 1051 modo

1195 1076 1286 1098 suum
1307 1077 1435 1100 cursum
1457 1074 1686 1112 prosequatur.
1708 1070 1851 1103 Alterum
1868 1081 1928 1114 pro

1195 1129 1290 1151 cursu
1317 1119 1528 1163 theologiae,
1564 1121 1596 1154 in
1633 1133 1696 1164 quo
1730 1123 1930 1156 collocentur

1195 1182 1344 1205 cursores
1370 1184 1428 1216 per
1452 1174 1722 1216 quadriennium,
1740 1180 1771 1208 et
1791 1176 1929 1209 lectores

1195 1234 1252 1256 seu
1270 1230 1421 1267 regentes
1440 1226 1581 1259 habeant
1598 1227 1742 1270 quotidie
1759 1238 1853 1260 mane
1870 1238 1929 1271 per

1194 1287 1290 1309 unam
1316 1278 1430 1311 horam
1454 1279 1625 1312 lectionem
1646 1280 1684 1313 ad
1708 1285 1848 1313 mentem
1869 1281 1930 1313 An-

1195 1331 1290 1372 gelici
1316 1332 1557 1375 praeceptoris,
1586 1334 1635 1365 vel
1660 1332 1803 1366 Resoluti
1828 1334 1928 1366 nostri

1195 1383 1336 1416 doctoris
1352 1410 1360 1424 ‚
1386 1385 1587 1428 aliorumque
1613 1386 1757 1428 ipsorum
1782 1385 1930 1419 fidelissi-

1194 1447 1319 1469 morum
1346 1438 1545 1480 sequacium,
1566 1444 1597 1471 et
1616 1444 1651 1471 ut
1675 1439 1708 1471 iu
1728 1439 1930 1472 constitutio-

1195 1489 1288 1521 nibus
1313 1496 1379 1522 tum
1404 1490 1584 1524 actualibus
1605 1496 1671 1524 tum
1695 1502 1754 1533 pro
1780 1497 1926 1535 tempore

1195 1542 1354 1575 habendis
1390 1542 1601 1586 explicatur¹,
1636 1549 1669 1576 et
1699 1554 1834 1587 vespere
1867 1554 1927 1587 per

1194 1595 1288 1627 aliam
1312 1595 1427 1628 horam
1444 1595 1601 1628 circulum
1622 1607 1678 1629 seu
1698 1596 1925 1629 conclusiones

1194 1648 1276 1691 (nisi
1301 1649 1401 1681 velint
1417 1659 1477 1691 pro
1498 1649 1612 1682 maiori
1636 1649 1836 1683 studentium
1852 1660 1927 1693 pro-

1193 1702 1278 1735 fectu
1302 1712 1395 1734 mane
1421 1707 1452 1734 et
1468 1713 1603 1745 vespere
1628 1703 1804 1736 lectionem
1829 1703 1926 1737 simul

1193 1765 1263 1788 cum
1294 1755 1416 1788 circulo
1448 1755 1581 1798 facere),
1607 1755 1723 1798 quibus
1756 1761 1927 1789 teneantur

1192 1819 1250 1851 per
1274 1819 1307 1841 se
1332 1809 1382 1840 vel
1417 1817 1475 1850 per
1504 1808 1695 1851 magistrum
1725 1809 1926 1842 studentium

1191 1861 1390 1904 praesidere,
1404 1866 1575 1904 arguentes
1592 1862 1630 1894 ad
1642 1862 1796 1905 placitum
1810 1862 1842 1894 in
1856 1862 1926 1905 ipso

1192 1915 1307 1947 actuali
1332 1915 1465 1955 circulo,
1491 1920 1526 1947 ut
1549 1925 1661 1948 omnes
1686 1915 1788 1958 parati
1813 1915 1853 1948 ad
1878 1925 1926 1948 ar-

1191 1968 1354 2010 guendum
1365 1967 1521 2001 accedere
1533 1973 1710 2008 teneantur,
1727 1968 1924 2011 deputando,

1192 2026 1223 2054 et
1246 2021 1448 2063 negligentes
1474 2020 1577 2062 rigide
1604 2020 1790 2063 puuiendo3
1818 2021 1854 2053 ea
1881 2025 1925 2053 ta-

1190 2084 1264 2106 men
1291 2073 1430 2116 denique
1456 2074 1539 2115 lege,
1561 2073 1646 2116 quod
1665 2073 1718 2105 ubi
1745 2078 1838 2106 erunt
1862 2074 1924 2106 duo

1190 2132 1340 2169 regentes
1367 2125 1460 2159 titulo
1478 2125 1573 2169 primi
1599 2131 1629 2158 et
1654 2126 1788 2158 secundi
1809 2136 1925 2168 regen-

1189 2180 1228 2212 tis
1246 2180 1335 2212 iuxta
1354 2184 1479 2212 nostras
1505 2178 1751 2211 constitutiones
1776 2178 1922 2221 potituri,

1189 2243 1283 2266 mane
1309 2237 1340 2266 et
1362 2242 1495 2276 vespere
1515 2242 1573 2274 per
1591 2232 1702 2264 horam
1728 2231 1860 2265 divisive
1879 2232 1926 2265 le-

1190 2287 1313 2320 ctiones
1344 2290 1376 2319 et
1408 2286 1564 2318 circulum
1599 2284 1764 2318 oblatione
1799 2284 1923 2328 praesi-

1190 2340 1286 2373 dendi
1312 2339 1500 2372 alternative
1529 2348 1590 2381 per
1613 2348 1758 2371 mensem
1782 2337 1924 2371 habeant

1189 2395 1253 2426 una
1277 2403 1350 2426 cum
1367 2390 1627 2425 conclusionibus
1652 2390 1791 2434 publicis
1817 2390 1926 2433 quoli-

1190 2446 1245 2479 bet
1268 2455 1392 2485 mense,
1414 2449 1445 2477 et
1468 2443 1524 2476 ubi
1549 2443 1644 2475 suerit
1667 2443 1779 2476 unicus
1804 2452 1923 2485 regens

1191 2499 1339 2542 quolibet
1362 2498 1515 2531 bimestre
1540 2506 1613 2529 cum
1637 2495 1823 2528 interventu
1847 2494 1924 2528 alia-

1168 2548 1172 2560 '
1190 2562 1258 2585 rum
1284 2550 1492 2594 religionum,
1511 2549 1628 2593 quibus
1655 2553 1762 2581 tamen
1781 2557 1849 2581 non
1864 2556 1924 2591 per

1228 2616 1237 2641 1
1261 2613 1329 2640 Edit.
1347 2612 1425 2640 Malu.
1448 2611 1514 2646 legit
1533 2611 1677 2646 explicati.
1700 2610 1740 2645 (n.
1760 2610 1809 2644 Τ.).

1931 228 1980 255 An.
1997 228 2025 255 C.
2049 228 2116 256 1692
