2227 3225
124 251 174 277 An.
195 249 223 277 C.
241 249 308 278 1693

195 729 310 755 Derogatto

125 759 288 778 contrariorum.

900 248 1111 274 lNNOCENTlUS
1133 247 1177 272 ΧΠ
1200 248 1248 271 ΡΡ.

319 303 433 333 testate
460 298 631 341 fungentes
649 302 680 331 et
701 297 971 342 quandocumque
991 298 1057 330 sun-

319 357 450 391 cturos,
478 351 605 384 sublata
638 351 683 384 eis
715 356 747 383 et
775 361 888 384 eorum
924 350 1058 383 cuilibet

318 404 430 448 quavis
455 404 549 438 aliter
573 403 736 437 iudicandi
763 410 793 437 et
819 403 1057 447 interpretandi

318 457 471 490 facultate
494 463 526 490 et
549 457 758 496 auctoritate,
785 457 921 490 iudicari
948 462 980 490 et
1005 456 1059 489 de·

318 509 404 542 liniri
430 510 571 550 debere,
598 520 635 542 ac
665 509 790 542 irritum
815 515 847 542 et
881 509 998 549 inane,
1032 508 1058 541 si

318 572 412 596 secus
437 573 535 606 super
559 563 611 595 his
628 573 645 595 a
672 573 842 606 quoquam,
870 562 981 606 quavis
1008 571 1060 594 au-

320 616 477 657 ctoritate,
496 616 636 650 scienter
659 617 710 649 vel
736 616 932 659 ignoranter,
958 615 1061 648 conti-

321 669 405 711 gerit
429 669 591 702 attentari.

365 723 380 766 ἓ
403 722 436 756 l4.
463 722 533 756 Non
558 722 761 756 obstantibus
786 721 985 766 praemissis,
1014 731 1059 762 ae,

322 781 479 819 quatenns
493 786 575 819 opus
592 776 640 814 sit,
660 776 780 809 nostris
795 781 826 808 et
839 774 1059 817 Cancellariae

322 829 528 871 Apostolicae
555 829 696 871 regulis,
727 829 822 861 etiarn
847 828 901 861 itta
926 828 965 861 de
990 827 1059 860 iure

322 882 467 925 quaesito
493 892 559 914 non
574 882 730 920 tollendo,
746 891 874 914 necnon
895 880 997 914 felicis
1015 891 1062 913 re-

322 933 518 967 cordationis
540 934 733 978 Symmachi,
752 934 839 966 Pauli
854 933 890 972 ll,
906 933 995 966 Pauli
1014 932 1059 973 IV,

322 996 451 1020 necnon
476 986 614 1020 aliorum
646 997 922 1030 quorumcumque
947 986 1062 1019 Roma-

322 1049 439 1072 norum
468 1038 660 1072 Pontificum
692 1039 981 1082 praedecessorum
1007 1049 1061 1071 no-

323 1098 464 1126 strorum
491 1093 530 1126 de
555 1094 652 1126 rebus
677 1093 840 1126 Ecclesiae
859 1098 889 1125 et
908 1092 1061 1126 Gamerae

323 1146 512 1188 praedictae
537 1156 603 1179 non
622 1146 811 1184 alienandis,
831 1151 863 1178 et
880 1146 963 1178 male
985 1144 1062 1177 alie-

323 1198 407 1230 natis
426 1198 670 1242 recuperandis,
690 1201 719 1231 et
739 1197 820 1231 illis¹
838 1209 902 1230 non
920 1198 1062 1240 obligan-

325 1250 395 1291 dis,
428 1261 556 1284 necnon
589 1252 784 1284 recolendae
815 1250 989 1284 memoriae
1016 1249 1061 1282 Pii

324 1302 429 1347 Papae
455 1304 491 1336 lv
515 1305 774 1347 praedecessoris
807 1304 927 1347 pariter
956 1302 1061 1336 nostri

325 1356 366 1389 de
395 1357 519 1398 gratiis,
546 1358 779 1400 qualecumque
815 1357 971 1389 interesse
1007 1355 1062 1388 Ca-

324 1419 433 1442 merae
459 1410 644 1452 praedictae
661 1409 944 1447 concernentibus,
961 1408 994 1440 in
1013 1410 1063 1441 ea-

325 1462 398 1494 dem
417 1461 550 1495 Camera
575 1462 708 1505 eiusque
727 1462 818 1495 libris
836 1462 920 1494 intra
938 1466 1062 1494 certum

326 1518 402 1546 tunc
427 1525 615 1558 expressum
641 1520 768 1557 tempus
794 1514 1060 1557 praesentandis,

324 1566 530 1600 insinuandis
560 1573 591 1600 et
613 1567 845 1609 registi·andis,
870 1567 947 1599 itaut
971 1577 1062 1610 prae-

325 1626 430 1654 sentes
455 1622 585 1654 letteras
617 1621 736 1653 ibidem
762 1620 986 1663 praesentari,
1012 1621 1083 1653 vel=

325 1674 494 1714 insinuari,
507 1680 558 1707 aut
570 1674 735 1717 registrari
750 1685 916 1717 nunquam
931 1684 1062 1706 necesse
1082 1689 1083 1695 1

326 1727 377 1767 sit,
402 1728 538 1771 aliisque
563 1727 852 1761 constitutionibus
878 1734 910 1760 et
933 1727 1063 1760 ordina-

326 1780 469 1813 tionibhs
495 1781 694 1823 apostolicis,
711 1790 748 1813 ac
773 1781 875 1814 dictae
900 1781 1061 1820 Gamerae,

327 1834 439 1866 aliisve
465 1834 671 1877 quibuslibet,
694 1834 833 1874 statutis,
850 1835 983 1876 regulis,
1001 1835 1064 1866 usi-

326 1888 397 1927 bus,
415 1887 505 1930 stylis
527 1893 559 1920 et
576 1888 876 1928 consuetudinibus,
903 1888 998 1920 etiam
1016 1888 1064 1920 iu-

326 1945 485 1979 ramento,
512 1940 756 1973 confirmatione
781 1940 978 1983 apostolica,
1005 1951 1063 1973 seu

328 1993 440 2036 quavis
465 1993 617 2026 firmitate
642 1994 704 2026 alia
729 1994 908 2031 roboratis,
935 1993 1065 2036 privile-

328 2045 388 2088 giis
415 2056 554 2089 quoquc,
582 2046 717 2078 indultis
743 2051 774 2079 et
797 2046 911 2079 litteris
936 2051 1065 2089 aposto-

327 2098 398 2132 licis
424 2099 530 2132 eidem
555 2098 716 2138 Gamerae,
737 2111 772 2132 ac
792 2099 955 2142 quibusvis
981 2099 1062 2139 aliis,

327 2152 387 2184 sub
412 2153 674 2196 quibuscumque
700 2153 875 2186 verborum
897 2153 1064 2186 tenoribus

329 2209 362 2237 et
385 2204 509 2246 formis,
538 2216 576 2238 ac
601 2216 672 2237 cum
699 2205 865 2248 quibusvis
890 2206 985 2238 ctiam
1012 2206 1065 2238 de-

329 2257 565 2299 rogatoriarum
591 2258 817 2300 derogatoriis,
840 2258 975 2301 aliisque
1000 2258 1064 2290 effi-

329 2310 522 2351 cacioribus,
539 2311 765 2344 efficacissimis
784 2317 815 2344 et
831 2311 968 2344 insolitis
983 2313 1065 2345 clau-

329 2363 428 2404 sutis,
458 2363 722 2407 irritantibusque
748 2370 779 2397 et
803 2364 873 2397 aliis
899 2365 1038 2398 decretis
1055 2392 1062 2406 ,

329 2416 424 2448 etiam
449 2422 551 2457 motu,
576 2417 710 2450 scientia
742 2423 773 2451 et
805 2418 973 2461 potestatis
995 2419 1064 2462 ple—

329 2469 474 2502 nitudine
489 2470 655 2511 similibus,
676 2481 711 2503 ac
732 2471 1017 2511 consistorialiter,
1034 2476 1065 2505 et

330 2522 409 2554 alias
434 2523 680 2565 quomodolibet
704 2523 734 2555 in
757 2524 954 2556 contrarium
975 2534 1065 2566 prae-

330 2573 501 2608 missorum
526 2577 699 2617 concessis,
720 2576 917 2609 confirmatis
950 2582 981 2608 et
1010 2587 1065 2620 ap-

367 2638 377 2664 1
401 2636 470 2664 Edit.
492 2637 568 2664 tta-in,
586 2638 649 2673 legit
670 2640 735 2666 illas
753 2649 798 2674 pro
816 2640 874 2667 iltis
891 2646 927 2674 gn.
945 2639 993 2674 U).

1735 238 1798 271 507

1097 296 1262 339 probatis,
1295 305 1332 329 ac
1356 295 1476 339 pluries
1510 300 1541 328 et
1566 296 1835 338 quantiscumque

1097 349 1219 382 vicibus
1257 349 1438 389 innovatis,
1472 349 1587 392 quibus
1621 348 1770 381 omnibus
1806 354 1838 380 et

1099 402 1245 444 singulis,
1272 401 1395 435 etiamsi
1421 412 1480 444 pro
1509 401 1638 434 illorum
1664 400 1836 432 sufficienti

1100 454 1312 497 derogatione
1337 455 1376 488 de
1402 454 1466 487 illis
1492 464 1674 496 eorumque
1700 452 1774 485 totis
1796 458 1838 484 te-

1099 508 1233 541 noribus
1258 507 1416 551 specialis,
1444 506 1606 550 specifica,
1629 516 1781 549 expressa
1807 511 1838 538 et

1100 560 1273 600 individua,
1292 571 1328 593 ac
1352 561 1391 594 de
1415 561 1514 593 verbo
1541 559 1577 592 ad
1604 559 1748 597 verbum,
1771 568 1838 591 non

1101 617 1206 646 autern
1223 623 1284 656 per
1301 613 1464 646 clausulas
1481 612 1649 654 generales
1670 611 1755 644 idem
1781 611 1840 643 im-

1100 671 1282 709 portantes,
1309 665 1431 698 mentio
1464 675 1519 698 seu
1546 664 1676 707 quaevis
1702 664 1764 696 alia
1789 674 1841 695 ex-

1101 718 1228 761 pressio
1268 718 1419 751 habenda
1451 724 1504 750 aut
1543 717 1651 760 aliqua
1683 715 1840 759 exquisita

1103 772 1208 805 forma
1233 771 1273 804 ad
1299 771 1362 804 hoc
1388 770 1545 804 servanda
1570 770 1676 810 soret,
1711 769 1841 802 illorum

1101 824 1245 857 omnium
1272 829 1304 857 et
1321 824 1523 866 singulorum
1550 828 1689 862 tenores,
1712 822 1840 862 formas,

1102 887 1214 911 causas
1248 882 1280 911 et
1309 877 1498 910 occasiones
1531 875 1758 919 praesentibus
1783 885 1841 918 pro

1102 931 1198 974 plene
1224 936 1256 964 et
1280 931 1477 964 sufficienter
1513 941 1548 963 ac
1585 929 1785 963 exactissime
1811 935 1843 962 et

1103 983 1345 1017 accuratissime
1360 983 1530 1027 expressis,
1550 983 1692 1022 insertis,
1711 982 1842 1016 servatis

1103 1041 1135 1070 et
1159 1036 1353 1079 specificatis
1378 1036 1557 1079 respective
1585 1036 1756 1075 habentes,
1779 1035 1842 1068 illis

1103 1089 1181 1122 alias
1196 1089 1229 1122 in
1244 1100 1300 1122 suo
1316 1090 1435 1122 robore
1452 1089 1684 1132 permansuris,
1699 1088 1737 1121 ad
1755 1098 1843 1131 prae-

1103 1141 1275 1175 missorum
1304 1141 1474 1182 effectum,
1499 1142 1687 1184 specialiter
1719 1147 1750 1173 et
1781 1151 1838 1173 ex-

1104 1206 1215 1238 presse
1238 1207 1273 1228 ac
1294 1196 1482 1238 plenissime
1507 1201 1538 1228 et
1563 1195 1761 1238 amplissime
1784 1194 1841 1227 de·

1105 1259 1275 1291 rogamus,
1302 1248 1482 1292 ceterisque
1508 1248 1677 1282 contrariis
1702 1247 1842 1292 quibus—

1103 1311 1253 1344 cumque.

1147 1355 1216 1397 ἓξ).
1248 1355 1401 1388 Volumus
1439 1360 1545 1387 autem
1580 1360 1615 1387 ut
1653 1354 1842 1388 earumdem

1103 1408 1324 1450 praesentium
1346 1408 1527 1440 litterarum
1552 1408 1770 1450 transumptis,
1789 1418 1844 1441 seu

1104 1461 1272 1504 exemplis,
1287 1461 1384 1494 etiam
1401 1461 1578 1504 impressis,
1594 1472 1689 1494 manu
1709 1461 1845 1494 alicuius

1104 1514 1222 1546 notarii
1240 1513 1362 1557 publici
1388 1514 1593 1558 subscriptis,
1607 1520 1638 1547 et
1652 1514 1757 1556 sigillo
1774 1524 1845 1557 per-

1104 1577 1201 1599 sonae
1226 1566 1259 1598 in
1286 1567 1504 1600 ecclesiastica
1521 1566 1675 1608 dignitate
1694 1567 1846 1599 constitu-

1105 1626 1154 1653 tae
1180 1619 1324 1660 munitis,
1352 1620 1463 1652 eadem
1490 1631 1622 1663 prorsus
1649 1620 1729 1653 tides
1752 1620 1783 1653 in
1802 1620 1846 1652 iu-

1106 1672 1189 1706 dicio
1207 1678 1238 1706 et
1258 1679 1346 1706 extra
1364 1673 1439 1706 illud
1460 1673 1631 1713 habeatur,
1649 1684 1730 1716 quae
1747 1673 1846 1706 liabe-

1106 1731 1196 1758 retur
1221 1726 1299 1769 ipsis
1323 1726 1553 1769 praesentibus
1579 1726 1604 1758 si
1632 1727 1736 1759 forent
1754 1726 1846 1759 exhi·

1105 1779 1191 1812 bitae
1215 1781 1265 1812 vel
1290 1786 1451 1813 ostensae.

1149 1832 1261 1865 Datum
1288 1833 1420 1873 Romae,
1449 1833 1534 1876 apud
1561 1832 1592 1865 S.
1619 1833 1761 1872 Petrum,
1788 1834 1845 1866 sub

1105 1887 1227 1918 annulo
1238 1886 1419 1925 piscatoris,
1435 1885 1485 1919 die
1499 1896 1507 1918 1
1521 1886 1673 1919 februarii
1692 1896 1845 1926 iuncxctu,

1106 1939 1313 1981 pontificatus
1336 1939 1438 1972 nostri
1467 1949 1550 1972 anno
1576 1949 1610 1972 ti.

1142 2000 1200 2027 Dat.
1219 2000 1264 2028 die
1288 2002 1297 2027 1
1322 2001 1453 2027 svin-uarii
1472 2001 1557 2034 1693,
1579 2002 1679 2036 pontis.
1702 2010 1748 2027 an.
1770 2007 1797 2027 11,

1422 2153 1525 2186 XLIX.

1107 2241 1292 2284 Depulalnr
1318 2241 1415 2274 iudex
1433 2252 1605 2274 causarum
1626 2246 1653 2274 et
1671 2247 1848 2286 exequutor

1150 2294 1346 2327 decretorum
1364 2296 1561 2328 risilatz'om's
1571 2296 1774 2338 apostolicae,
1789 2297 1848 2338 qui

1149 2346 1324 2390 dependeat
1348 2358 1368 2380 α
1391 2352 1460 2381 roto
1484 2348 1692 2381 visitatorum
1707 2347 1724 2380 ¹.

1105 2436 1211 2463 Vener.
1232 2435 1316 2463 fratri
1337 2437 1471 2470 Sperello
1496 2437 1588 2471 episc.
1613 2437 1846 2469 Interamnensi‚

1285 2481 1483 2509 Innocentius
1504 2483 1582 2515 Papa
1601 2482 1665 2508 ΧΠ.

1143 2553 1153 2577 1
1177 2551 1246 2578 vide
1265 2560 1324 2587 sup.
1342 2553 1451 2579 constit.
1473 2553 1516 2579 ed.
1543 2559 1661 2579 MDCxcill
1686 2552 1729 2579 die
1754 2554 1783 2579 16
1804 2553 1846 2579 ia-

1107 2595 1206 2627 nuarii,
1228 2599 1254 2622 et
1274 2596 1342 2623 iufra
1363 2597 1469 2623 constit.
1491 2597 1531 2624 ed.
1555 2604 1682 2630 nomem,
1700 2597 1743 2623 (lie
1762 2598 1785 2621 tt
1805 2596 1846 2622 [e-

1109 2639 1220 2665 lunarii.

1845 247 1892 272 An.
1915 245 1943 272 C.
1962 247 2027 272 tomi

1894 1368 1956 1390 Fidus
2003 1376 2013 1388 ,ι
2031 1377 2037 1383 ·

1855 1398 1991 1422 sumptorum.
