2227 3225
111 244 163 272 An.
180 241 209 272 C.
232 242 297 271 ⁴691

137 1356 283 1379 confirmatur.

137 1724 199 1746 fidas
212 1725 237 1746 de
248 1731 295 1746 exe-

110 1753 194 1772 cutione
229 1753 296 1773 dicia-

111 1784 155 1799 rum
166 1780 296 1800 constitutio·

111 1810 158 1824 num
169 1806 195 1824 ali
207 1806 294 1825 ordina-

110 1837 147 1852 tus
157 1832 285 1853 exhibenda.

139 2147 258 2169 Clausulam.

885 233 1095 267 INxocizxrirs
1121 242 1164 265 xn
1187 242 1236 266 ΡΡ,

304 300 463 325 mcxxxiv
478 291 646 335 expeditis,
658 301 795 335 quarum
810 295 943 324 tenores
956 301 1044 333 prae-
1087 289 1244 332 ptembris
1265 298 1397 323 uncxci.
1416 289 1624 332 pontificatus
1650 292 1753 323 nostri
1770 302 1826 323 an-

304 343 450 376 sentibus
472 354 531 386 pro
557 344 720 387 expressis
739 343 853 377 haberi
878 343 1041 382 volumus,

303 396 437 428 uberius
463 396 670 436 continetur,
693 402 733 437 et,
759 397 844 429 sicut
867 406 926 439 pro
952 401 1043 439 parte

304 448 414 481 dilecti
440 448 497 482 filii
517 449 674 482 Bernardi
699 449 830 492 losephi
856 459 872 482 a
896 449 966 482 Iesu
984 449 1046 481 Ma-

303 500 361 541 ria,
386 500 515 534 Ordinis
541 501 678 534 fratrum
703 501 863 535 Minorum
888 501 920 534 S.
946 501 1045 534 Fran-

303 552 381 586 cisci
400 553 438 587 de
455 553 668 588 observantia
685 555 946 588 Reformatorum
963 565 1045 587 nun-

304 612 495 650 cupatorum
520 608 733 651 professoris,
761 619 797 641 ac
829 608 985 641 carissimi
1011 608 1043 640 in

304 659 432 693 Christo
458 660 515 693 filii
542 661 646 694 nostri
678 660 783 694 Caroli
817 661 1043 703 Hispaniarum

303 712 456 745 catholici
476 713 729 753 concionatoris,
747 723 876 746 necnon
902 714 1045 746 tribuna-

304 764 343 797 lis
369 770 499 798 sanctae
524 766 745 809 Inquisitionis
769 766 982 806 consultoris,
1008 777 1044 799 ac

305 817 449 850 eiusdem
478 818 728 852 Terraesanctae
764 819 974 852 commissarii
1013 824 1044 851 et

303 871 528 913 procuratoris
548 872 718 914 generalis,
741 872 835 905 nobis
861 882 968 915 nuper
993 882 1044 904 ex-

303 923 444 966 positum
470 924 538 964 suit,
563 924 644 968 ipse,
666 935 730 968 quo
744 925 907 968 praefatae
925 925 1041 957 Urbani

303 977 565 1018 praedecessoris
590 977 730 1017 litterae,
748 988 828 1021 quae
854 989 871 1011 a
896 979 1042 1010 recolen-

304 1028 362 1062 dae
387 1030 562 1063 memoriae
591 1030 782 1063 Innocentio
808 1031 844 1071 X,
877 1030 1042 1064 Clemente

304 1081 401 1114 etiam
415 1082 450 1122 X,
465 1083 653 1116 Innocentio
668 1084 715 1123 XI,
731 1094 767 1116 ac
781 1084 966 1117 Alexandro
980 1084 1043 1116 vill

303 1134 459 1167 Romanis
490 1134 700 1168 Pontificibus
735 1136 1042 1178 praedecessoribus

305 1188 430 1230 pariter
454 1187 572 1220 nostris
599 1187 807 1221 confirmatae
834 1189 974 1227 fuerunt,
995 1199 1044 1221 ex—

305 1240 406 1272 actius
431 1241 664 1281 observentur,
692 1241 763 1274 illas
788 1251 848 1284 per
877 1251 937 1274 nos
957 1241 1043 1284 pari-

304 1298 353 1325 ter
388 1293 574 1326 confirmari
612 1298 643 1326 et
679 1294 826 1326 innovari
859 1294 1042 1327 desideret:

304 1355 377 1385 nos,
406 1346 598 1378 eorumdem
624 1356 792 1378 sacrorum
819 1352 1044 1379 monumento-

304 1407 376 1429 rum
401 1398 638 1432 conservationi
664 1404 695 1431 et
710 1399 946 1431 manutentioni
972 1409 1046 1431 con-

304 1449 412 1482 sulere
429 1451 585 1490 volentes,
606 1451 787 1494 praedictas
808 1451 926 1483 Urbani
953 1462 1044 1494 prae-

305 1503 485 1536 decessoris
508 1503 631 1536 litteras
657 1504 836 1547 apostolica
855 1504 1043 1536 auctoritate

305 1561 418 1588 tenore
437 1556 658 1599 praesentium
675 1556 905 1589 confirmamus
923 1556 1046 1599 pariter

305 1613 337 1641 et
360 1609 592 1652 approbamus,
630 1609 766 1653 illasque
797 1609 988 1642 innovamus
1014 1614 1046 1641 et

305 1661 472 1694 observari
498 1663 701 1695 mandamus.

349 1715 376 1757 §-
399 1714 431 1747 2.
458 1715 615 1747 Volumus
640 1721 745 1748 autem
769 1720 805 1747 ut
827 1715 1046 1758 patriarchae,

306 1768 546 1811 archiepiscopi
562 1775 593 1801 et
607 1769 755 1812 episcopi
769 1769 904 1812 praefati
918 1769 951 1801 in
964 1770 1047 1802 rela-

306 1821 394 1854 tione
412 1826 512 1854 status
533 1822 742 1855 ecclesiarum
758 1833 900 1861 suarum,
915 1823 1046 1865 quando

303 1874 485 1907 visitabunt
509 1874 621 1907 limina
639 1875 868 1916 Apostolorum
890 1875 1045 1913 facienda,

302 1928 447 1960 reserant
472 1938 505 1960 se
530 1927 685 1970 praefatis
705 1927 825 1960 Urbani
852 1928 1047 1970 praedeces-

303 1980 388 2013 soris
418 1986 450 2013 et
473 1980 698 2023 praesentibus
723 1979 842 2013 nostris
860 1980 974 2013 litteris
992 1991 1048 2023 pa-

303 2034 430 2074 ruisse;
462 2033 634 2066 contrariis
658 2043 724 2066 non
749 2033 952 2066 obstantibus
977 2034 1047 2077 qui·

303 2087 522 2130 buscumque.

349 2140 364 2182 §
388 2139 420 2173 3.
447 2139 601 2172 Volumus
622 2139 754 2182 insuper
785 2143 822 2171 ut
856 2139 1044 2172 earumdem

303 2192 528 2236 praesentium
545 2192 767 2235 transumptis,
785 2191 882 2225 etiam
907 2192 1046 2234 impres-

304 2245 359 2285 sis,
383 2256 481 2278 manu
506 2245 641 2278 alicuius
664 2244 782 2277 notarii
814 2245 939 2287 publici
970 2245 1047 2278 sub-

303 2297 443 2341 scriptis,
466 2302 496 2330 et
516 2297 624 2340 sigillo
648 2307 809 2340 personae
834 2297 867 2329 in
893 2297 1047 2330 ecclesia-

304 2350 385 2383 stica
409 2350 566 2393 dignitate
593 2350 790 2383 constitutae
814 2350 968 2389 munitis,
995 2360 1048 2382 ea-

305 2403 378 2436 dem
392 2413 526 2446 prorsus
541 2402 621 2435 tides
638 2403 844 2443 adhibeatur,
860 2413 940 2445 quae
955 2413 1048 2445 prae-

305 2456 451 2489 sentibus
470 2455 548 2498 ipsis
566 2456 781 2488 adhiberetur
800 2455 824 2488 si
839 2456 945 2489 forent
958 2456 1048 2488 exhi-

305 2508 393 2541 bitae
424 2510 474 2542 vel
498 2514 664 2542 ostensae.

349 2560 464 2594 Datum
487 2562 621 2602 Romae,
645 2562 731 2605 apud
755 2561 786 2594 S.
807 2562 939 2595 Mariam
956 2562 1048 2594 Maio-

307 2624 386 2657 rem,
413 2614 471 2647 sub
493 2616 614 2648 annulo
637 2615 821 2654 piscatoris,
839 2615 890 2648 die
906 2625 979 2648 xxix
999 2624 1048 2648 se-

1087 353 1128 375 no
1150 353 1172 376 Ι.

1123 403 1182 431 Dat.
1201 403 1245 432 die
1260 404 1294 432 29
1309 404 1473 440 septembris
1491 404 1568 437 169¹,
1583 404 1678 440 pontif.
1696 413 1766 433 anno
1781 412 1800 433 ι.

1425 519 1492 553 XII.

1087 589 1292 623 Revocantur
1323 590 1550 623 immunimles
1567 594 1596 623 et
1612 590 1828 634 eoeemptiones

1129 653 1150 675 a
1173 642 1384 686 vectiyalibus
1412 643 1558 686 aliisque
1584 643 1727 686 publicis
1757 654 1829 676 one-

1129 697 1222 729 ribus
1239 696 1258 730 ¹.

1271 767 1465 795 Innocentius
1486 768 1565 801 Papa
1585 768 1649 800 XII,

1210 813 1245 837 ad
1266 815 1441 845 perpetuam
1461 812 1505 838 rei
1525 813 1708 838 memoriam.

1115 870 1496 915 CircumspectaRomani
1506 873 1670 906 Pontificis
1682 872 1827 906 omnium

1087 924 1345 958 christifidelium
1357 926 1458 968 patris
1468 931 1499 958 et
1510 925 1647 968 pastoris
1657 926 1828 968 providen-

1087 977 1138 1014 tia,
1165 977 1261 1010 sicuti
1286 978 1512 1021 spiritualibus
1539 978 1692 1011 dominici
1719 979 1827 1021 gregis

1087 1029 1146 1060 sibi
1173 1029 1326 1062 divinitus
1351 1030 1517 1063 commissi
1543 1030 1736 1063 utilitatibus
1761 1031 1828 1074 i=·gi

1086 1081 1252 1123 vigilantia
1276 1083 1449 1115 consulere
1475 1083 1593 1122 studet,
1619 1082 1663 1115 ita
1693 1088 1724 1115 et
1749 1089 1829 1115 ter.-

1086 1133 1252 1175 poralibus
1287 1144 1420 1166 suorum
1450 1140 1479 1167 et
1505 1135 1712 1177 Apostolicae
1737 1135 1829 1168 Sedis

1087 1186 1182 1218 etiam
1198 1187 1305 1229 quoad
1320 1187 1513 1229 temporalia
1527 1187 1734 1220 subditorum
1747 1198 1830 1220 com-

1086 1239 1190 1271 modis
1216 1245 1352 1282 paterno
1376 1240 1484 1272 studio
1510 1240 1683 1282 providere
1701 1240 1827 1283 satagit,

1086 1298 1179 1334 prout
1204 1292 1374 1335 aequitatis
1396 1298 1426 1325 et
1444 1292 1585 1325 iustitiae
1604 1293 1685 1325 ratio
1703 1293 1827 1331 suadet,

1087 1345 1199 1387 reique
1225 1346 1376 1388 publicae
1411 1346 1500 1378 salus
1532 1356 1710 1388 exposcere
1745 1356 1829 1378 com-

1087 1398 1224 1439 peritur.

1129 1450 1144 1493 g
1163 1450 1193 1482 l.
1213 1450 1290 1482 Cum
1309 1450 1418 1494 itaque
1438 1450 1534 1492 (sicut
1552 1450 1648 1483 nobis
1666 1450 1827 1488 innotuit)

1086 1513 1144 1545 per
1168 1503 1321 1546 quasdam
1347 1503 1567 1536 immunitates
1593 1508 1626 1536 et
1650 1504 1828 1546 exemptio-

1087 1566 1143 1588 nes
1175 1567 1193 1588 a
1216 1557 1425 1599 vectigalium
1454 1557 1660 1600 aliorumque
1692 1567 1828 1590 onerum

1087 1608 1295 1651 publicorum
1320 1609 1484 1642 solutione
1510 1615 1542 1642 et
1566 1610 1826 1652 supportatione,

1088 1671 1170 1703 quae
1196 1672 1212 1694 a
1237 1662 1404 1695 nonnullis
1441 1662 1594 1694 Romanis
1619 1662 1827 1695 Pontificibus

1087 1714 1397 1757 praedecessoribus
1424 1714 1542 1746 nostris
1567 1719 1599 1746 et
1623 1714 1706 1746 Sede
1737 1724 1829 1756 prae-

1089 1768 1163 1807 fata,
1187 1767 1341 1810 illiusque
1367 1768 1476 1801 forsan
1508 1768 1547 1800 de
1579 1769 1679 1800 latere
1704 1768 1828 1810 legatis,

1088 1830 1124 1853 ac
1145 1820 1216 1853 aliis
1241 1820 1386 1853 eiusdem
1412 1820 1503 1853 Sedis
1530 1825 1562 1852 et
1586 1820 1737 1853 Gamerae
1771 1831 1830 1853 no-

1089 1879 1172 1906 strae
1183 1874 1388 1916 Apostolicae
1400 1873 1593 1906 officialibus
1612 1879 1643 1906 et
1659 1873 1827 1912 ministris,

1089 1927 1127 1959 ad
1142 1927 1346 1969 importunas
1361 1926 1616 1969 supplicantium
1631 1936 1757 1968 preces,
1772 1936 1828 1957 seu

1089 1977 1168 2010 alias
1194 1978 1442 2021 quomodolibet
1466 1987 1641 2010 concessae
1658 1978 1831 2020 reperiun-

1088 2035 1150 2071 tur,
1171 2030 1304 2063 Camera
1327 2030 1493 2073 praedicta
1518 2036 1550 2062 et
1575 2030 1827 2063 communitates

1089 2088 1121 2115 et
1149 2082 1379 2116 universitates
1408 2083 1587 2122 civitatum,
1621 2083 1827 2126 oppidorum,

1089 2141 1245 2168 terrarum
1267 2140 1300 2168 et
1319 2136 1467 2168 locorum
1492 2135 1681 2177 temporalis
1698 2134 1826 2167 S.R.E.

1089 2189 1241 2229 ditionis,
1272 2189 1304 2221 in
1331 2188 1527 2231 gravissimis
1552 2188 1669 2231 quibus
1692 2193 1830 2230 propter

1089 2247 1137 2274 tot
1150 2247 1299 2285 sumptus
1315 2241 1455 2274 antehac
1469 2241 1502 2273 in
1516 2251 1644 2273 causam
1665 2241 1829 2283 publicam

1089 2295 1190 2327 factos
1214 2296 1379 2337 multaque
1415 2304 1515 2326 onera
1532 2298 1709 2336 propterea
1728 2292 1831 2335 impo-

1089 2348 1149 2380 sita
1175 2353 1370 2390 premuntur
1388 2346 1556 2389 angustiis,
1573 2345 1744 2378 maximam
1762 2345 1831 2378 red-

1090 2401 1213 2434 dituum
1231 2406 1263 2433 et
1286 2406 1505 2445 proventuum
1530 2409 1664 2432 suorum
1690 2398 1830 2431 diminu-

1089 2455 1212 2487 tionem
1251 2454 1433 2497 patiantur,
1471 2459 1502 2486 et
1537 2453 1670 2496 plurimi
1706 2451 1828 2484 subditi

1125 2536 1136 2561 1
1159 2534 1288 2561 Eamdem
1317 2533 1522 2568 dispositionem
1552 2532 1636 2559 habes
1661 2532 1686 2557 in
1711 2531 1828 2557 Alexan-

1089 2578 1130 2604 dri
1145 2577 1200 2605 vill
1216 2582 1302 2605 const.
1318 2577 1363 2605 ed.
1379 2583 1542 2610 nnetxxnx,
1558 2576 1601 2603 die
1616 2576 1650 2602 24
1665 2573 1827 2606 decembris,

1089 2626 1165 2658 pont.
1183 2629 1203 2649 1.

1723 232 1782 267 2021
1833 242 1883 271 Αη.
1904 242 1932 270 c.
1952 243 2016 270 iem

1863 881 2005 904 Prooemium.

1865 1459 1934 1480 Causa
1951 1459 2022 1489 dictae

1839 1489 1989 1507 revocationis.
