2254 3225
216 251 266 276 Α11.
287 249 401 276 (1.1693

446 239 509 273 580

405 299 598 339 verborum,
629 308 830 342 quacumque
862 297 1058 331 limitatione
1090 298 1140 330 vel

405 350 687 394 interpretatione,
702 352 766 385 sire
782 356 986 394 argumento,
999 356 1052 384 aut
1065 361 1142 384 con-

407 404 505 437 traria
522 405 758 438 consuetudine
786 405 919 438 sublatis
937 415 973 437 ac
993 403 1139 443 reiectis,

407 455 528 490 iudices
545 467 621 490 vero
640 457 819 491 ordinarios
837 468 907 491 esse
927 467 1037 490 omnes
1058 456 1141 494 illos,

408 510 463 554 qui
498 511 563 544 sint
596 511 740 555 deputati
773 511 812 545 ad
847 511 984 554 aliquam
1016 509 1143 542 univer-

407 564 536 597 sitatem
569 565 619 597 vel
655 564 786 607 aliquod
811 574 913 606 genus
946 572 1111 595 causarum
1133 588 1140 602 ,

410 617 493 651 adeo
510 623 546 650 ut
570 616 782 651 commissarii
808 616 872 649 sint
894 616 998 648 solum
1023 614 1071 648 illi
1089 614 1142 657 qui

407 680 469 714 per
493 670 756 703 commissionem
792 668 966 712 specialem
1000 667 1143 710 deputati

408 728 485 756 sunt
508 724 548 757 ad
582 728 686 756 certas
717 727 748 755 et
775 722 987 765 particulares
1011 731 1142 760 causas,

408 777 555 822 istosque
574 777 679 810 teneri
696 775 819 819 pariter
835 775 1008 808 observare
1027 775 1144 807 dictam

408 829 685 870 constitutionem,
710 834 745 861 ut
769 839 911 862 summas
934 828 1145 872 propinarunt

407 893 467 926 per
492 893 562 916 eam
596 887 717 915 taxatas
753 883 939 915 nullatenus
964 881 1120 914 excedere
1137 908 1144 921 ,

408 941 506 979 atque
531 936 603 980 plus
639 935 769 977 exigere
804 935 942 967 valeant.
968 933 1008 967 Ut
1040 939 1145 967 autem

408 989 513 1022 omnis
538 989 705 1022 dubitandi
731 989 781 1021 vel
806 988 1074 1021 contraveniendi
1095 998 1147 1021 00-

408 1042 497 1075 casio
523 1043 656 1075 tollatur
672 1068 679 1082 ,
702 1040 828 1073 censuit
852 1040 1067 1082 Congregatio
1094 1050 1146 1072 ex-

407 1095 550 1138 primere
569 1099 600 1127 et
624 1104 806 1133 recensere,
827 1093 958 1136 quinam
983 1093 1147 1125 311111111ῐί-

408 1158 461 1181 ces
485 1147 643 1181 ordinarii
664 1147 758 1180 Urbis
781 1152 812 1179 et
828 1147 993 1180 Romanae
1011 1146 1144 1187 Curiae,

1163 926 1169 1061 1

991 247 1170 274 DULLARIUM
1193 247 1346 273 ROMANUM

1183 297 1269 329 dices
1290 301 1322 328 01
1347 294 1510 338 deputati3
1538 294 1688 328 dominus
1714 295 1916 339 gubernator

1182 348 1286 388 Urbis,
1306 348 1439 391 eiusque
1457 348 1723 389 locumtenentes,
1740 359 1775 381 ac
1793 349 1916 382 iudices

1183 401 1305 441 civiles,
1327 411 1411 434 unus
1434 402 1483 434 vel
1507 402 1635 444 plures,
1660 407 1738 443 etc.;
1765 401 1916 435 dominus

1183 454 1310 487 auditor
1325 464 1482 495 camerae,
1496 454 1630 498 eiusque
1649 455 1916 495 locumtenentes‚

1184 512 1215 540 et
1245 507 1366 540 iudices
1402 507 1568 551 deputati,
1604 507 1753 540 dominus
1785 513 1917 541 senator

1183 559 1276 593 Urbis
1292 587 1299 601 ,
1327 560 1461 603 eiusque
1486 561 1707 600 collaterales,
1729 559 1916 604 capitaneus

1185 615 1449 658 appellationum,
1476 619 1508 647 et
1536 614 1590 647 alii
1618 614 1780 657 deputati;
1807 614 1915 647 domi-

1186 680 1245 701 nus
1284 669 1506 702 thesaurarius
1546 669 1710 710 generalis
1730 695 1737 709 ,
1782 668 1918 711 eiusque

1186 723 1329 762 auditor,
1357 722 1476 766 aliique
1501 722 1624 755 iudices
1647 722 1685 755 ab
1711 732 1749 755 eo
1775 721 1919 766 deputati

1187 775 1282 809 etiam
1303 776 1335 808 in
1356 775 1594 816 criminalibus3
1615 774 1736 808 domini
1754 774 1920 818 praesides

1187 835 1218 863 ct
1247 829 1402 873 praefecti
1437 829 1617 873 respective
1656 828 1800 869 viarum,
1835 838 1921 871 gras-

1187 883 1269 923 ciae,
1296 883 1452 923 zecchae,
1480 882 1646 925 riparum,
1674 892 1820 915 annonae
1837 909 1844 923 ‚
1871 892 1921 914 ar—

1188 936 1284 969 chivii
1306 940 1336 969 et
1353 946 1528 976 carcerum,
1547 946 1726 978 eorumque
1744 935 1919 975 auditores,

1188 989 1307 1032 aliique
1341 989 1516 1032 deputati;
1553 988 1703 1021 dominus
1739 988 1922 1031 praefectus

1188 1041 1270 1074 sacri
1303 1041 1415 1085 palatii
1447 1041 1640 1084 apostolici,
1667 1041 1803 1084 eiusque
1833 1041 1924 1073 audi-

1190 1100 1241 1128 tor
1264 1100 1294 1128 et
1330 1094 1589 1134 locumtenens¹,
1616 1099 1647 1128 et
1671 1094 1723 1126 alii
1754 1094 1921 1137 deputati,

1190 1153 1251 1181 tam
1264 1148 1368 1191 quoad
1383 1147 1556 1187 Palatinos,
1571 1158 1665 1190 quam
1681 1147 1785 1190 quoad
1804 1146 1924 1178 Tuscu·

408 1201 495 1245 iique
521 1205 598 1234 sunt
622 1200 830 1243 infrascripti,
858 1200 928 1233 aliis
954 1210 1019 1232 non
1045 1201 1147 1232 exclu-
1165 1213 1169 1234 1
1189 1202 1254 1234 111111
1280 1206 1312 1234 01
1329 1201 1441 1233 Arcem
1464 1200 1660 1243 Gandulphi,
1679 1205 1710 1232 et
1732 1200 1841 1240 villas,
1869 1199 1924 1232 do-

408 1255 459 1295 sis,
486 1260 645 1298 quatenus
669 1254 776 1287 adsint
801 1254 861 1297 <eis
887 1258 993 1287 tamen
1014 1254 1147 1286 nullate-

407 1318 468 1340 nus
487 1307 748 1351 praeiudicatum
765 1312 934 1340 censeatur
952 1306 1058 1349 quoad
1076 1305 1146 1339 illas

409 1360 571 1403 sportulas
603 1361 651 1393 vel
683 1359 856 1403 propinas,
887 1370 969 1402 quae
995 1369 1146 1402 expresse

408 1423 446 1445 ac
460 1412 654 1452 litteraliter,
675 1423 740 1445 non
760 1418 864 1444 autem
882 1422 940 1455 per
957 1418 1148 1454 argumenta

408 1467 459 1499 vel
484 1466 646 1499 illationes
667 1471 698 1499 et
715 1466 993 1509 interpositiones,
1011 1470 1065 1497 aut
1089 1475 1148 1508 per

409 1520 597 1553 subauditos
619 1519 816 1559 intellectus,
837 1519 882 1552 eis
908 1519 1098 1551 deferuntur
1112 1529 1146 1551 ae

410 1573 599 1605 tribuuntur
623 1582 680 1615 per
709 1572 855 1605 eamdem
880 1571 1147 1604 constitutionem

408 1626 497 1659 Pauli
521 1626 564 1666 V,
596 1625 660 1659 sire
684 1636 742 1668 per
766 1624 936 1668 privilegia
961 1630 993 1657 et
1016 1634 1148 1658 conces-

409 1679 519 1712 siones
543 1678 740 1722 apostolicas
766 1677 990 1721 particulares,
1012 1688 1077 1710 non
1095 1689 1148 1710 au-

410 1737 475 1765 tem
500 1742 559 1775 per
583 1731 879 1774 consuetudinem),
902 1730 988 1774 iique
1007 1735 1083 1763 sunt
1100 1741 1148 1763 se-

410 1791 556 1829 quentes,
576 1796 648 1819 cum
667 1784 898 1825 declaratione,
916 1785 1003 1827 quod
1020 1794 1079 1827 per
1096 1785 1149 1817 de-

410 1839 624 1883 scriptionem
643 1849 708 1872 non
727 1843 898 1872 censeatur
915 1844 1049 1871 statutus
1067 1839 1148 1871 ordo

411 1893 544 1936 aliquis,
575 1903 637 1925 nec
667 1891 763 1925 alicui
794 1891 1068 1935 praeiudicatum:
1096 1891 1150 1924 do-

410 1946 518 1978 minus
558 1945 731 1978 cardinalis
763 1945 982 1985 camerarius,
1016 1944 1147 1988 eiusque

410 1999 539 2032 auditor
560 2004 592 2031 et
612 1998 735 2031 iudices
761 1998 904 2041 deputati
927 1997 1021 2029 etiam
1040 1997 1071 2029 in
1090 1997 1150 2029 cri-

409 2051 604 2092 minalibus;
628 2051 777 2084 dominus
802 2050 974 2083 cardinalis
998 2050 1147 2090 vicarius,

412 2105 547 2148 eiusque
585 2105 793 2147 vieesgerens
830 2109 861 2137 et
897 2105 1122 2137 locumtenens
1139 2131 1146 2143 ,

412 2158 532 2200 aliique
558 2157 680 2190 iudices
706 2159 745 2190 ab
768 2168 807 2190 eo
834 2157 998 2200 deputati,
1026 2156 1148 2189 domini

412 2210 594 2243 cardinales
620 2210 892 2253 archipresbyteri
920 2210 1015 2242 trium
1040 2210 1150 2242 basili-

412 2274 523 2297 carum
547 2263 823 2306 patriarchalium,
841 2274 1021 2306 eorumque
1038 2263 1149 2296 vicarii

413 2322 445 2350 et
473 2317 635 2350 auditores
668 2317 785 2359 aliique
823 2317 993 2359 deputati3
1027 2316 1171 2370 dominil

412 2371 594 2404 cardinales
620 2371 765 2402 titularcs
783 2370 813 2401 in
840 2380 952 2403 eorum
972 2370 1072 2403 titulis
1093 2370 1150 2402 Ur·
1170 2376 1171 2432 1

411 2425 473 2465 his,
507 2430 538 2458 et
561 2424 593 2456 in
619 2435 672 2457 sex
698 2423 947 2466 episcopatibus,
973 2434 1148 2467 eorumque
1170 2441 1171 2444 κ

412 2477 542 2518 vicarii,
569 2477 730 2510 auditores
760 2481 790 2509 et
816 2476 870 2508 alii
903 2477 1064 2519 deputati:
1094 2478 1150 2509 do-

413 2532 493 2565 mini
509 2531 689 2565 cardinales
703 2535 905 2573 protectores
925 2529 1150 2571 collegiorum,

414 2584 697 2624 monasteriorum,
712 2583 923 2626 hospitalium
951 2588 982 2615 et
1006 2585 1149 2616 locorum

412 2639 552 2682 piorum,
579 2648 755 2681 eorumque
781 2636 955 2678 auditores,
976 2641 1006 2670 et
1027 2636 1081 2670 alii
1103 2637 1150 2670 iu-

1188 1255 1292 1288 minus
1316 1254 1554 1288 commissarius
1578 1264 1760 1294 armorum,
1787 1253 1924 1297 eiusque

1189 1308 1325 1348 auditor,
1350 1303 1401 1340 vel
1426 1307 1479 1340 alii
1506 1306 1671 1350 deputati3
1698 1305 1849 1339 dominus
1869 1306 1921 1339 iu-

1189 1361 1248 1394 dex
1283 1361 1332 1394 vel
1364 1360 1491 1393 auditor
1515 1359 1787 1393 confidentiarum
1803 1359 1924 1401 ,iudex

1188 1414 1327 1448 fabricae
1353 1413 1384 1446 S.
1411 1413 1514 1452 Petri,
1543 1413 1637 1445 iudex
1659 1412 1808 1453 militum,
1830 1412 1924 1446 iudex

1188 1467 1288 1500 Castri
1314 1467 1345 1500 S.
1373 1465 1508 1509 Angeli,
1534 1466 1628 1498 iudex
1654 1465 1835 1498 triremium
1868 1476 1924 1499 seu

1189 1519 1300 1553 classis
1333 1519 1535 1558 maritimae,
1563 1529 1745 1551 assessores
1770 1518 1925 1551 aedilium

1188 1584 1243 1607 seu
1257 1572 1483 1615 magistrorum
1501 1572 1636 1612 viarum,
1656 1572 1826 1604 consulum
1845 1571 1927 1614 agri-

1188 1628 1344 1666 culturae,
1378 1624 1543 1658 camcrarii
1570 1625 1712 1668 riparum
1728 1651 1735 1665 ,
1760 1629 1927 1668 protome-

1190 1680 1251 1713 dici
1271 1685 1302 1712 et
1320 1679 1489 1712 consulum
1516 1679 1629 1711 artium
1643 1679 1693 1711 vel
1710 1684 1925 1712 mercatorum

1190 1737 1221 1765 et
1245 1732 1460 1776 dol‘ianarum.
1480 1731 1523 1763 Ea
1548 1731 1767 1764 declaratione
1792 1731 1925 1771 adiecta,

1191 1785 1275 1828 quod
1303 1784 1491 1817 huiusmodi
1528 1784 1698 1827 dispositio
1731 1784 1838 1817 locum
1871 1784 1928 1817 ha-

1190 1838 1264 1870 beat
1289 1837 1414 1870 etiamsi
1441 1836 1517 1869 dicti
1550 1836 1673 1869 iudices
1698 1847 1755 1870 seu
1783 1837 1926 1880 deputati

1190 1890 1370 1934 procedant
1386 1890 1417 1922 in
1444 1890 1545 1931 gradu
1571 1891 1734 1931 recursus,
1753 1901 1808 1924 seu
1826 1890 1860 1923 in
1877 1901 1928 1923 se-

1191 1943 1303 1977 cundis
1328 1944 1377 1976 vel
1404 1943 1474 1976 aliis
1500 1943 1669 1983 instantiis,
1696 1954 1777 1987 quae
1801 1944 1929 1987 praefa-

1191 1997 1230 2030 tis
1249 1996 1467 2030 tribunalibus
1488 2001 1728 2039 competerent,
1751 2007 1927 2039 omnesque

1190 2051 1355 2094 praefatos
1382 2054 1413 2082 et
1437 2049 1517 2082 alios
1543 2049 1668 2082 iudices
1689 2049 1872 2082 ordinarios
1890 2049 1927 2081 ad

1191 2113 1336 2136 normam
1370 2102 1515 2135 eiusdem
1550 2102 1789 2135 constitutionis
1821 2102 1928 2136 adhuc

1191 2166 1263 2189 esse
1289 2157 1388 2195 tales,
1421 2161 1518 2198 atque
1553 2155 1585 2187 in
1609 2155 1756 2198 praefata
1780 2155 1929 2199 prohibi—

1192 2210 1279 2242 tione
1313 2209 1566 2251 comprehensos
1599 2219 1679 2248 esse,
1706 2208 1850 2251 quamvis
1882 2208 1929 2241 eis

1191 2261 1374 2295 commissio
1400 2261 1615 2304 superveniat,
1640 2261 1689 2293 vel
1714 2261 1800 2303 quod
1822 2260 1867 2293 eis
1883 2260 1929 2293 in—

1191 2316 1343 2358 iungatur
1370 2320 1405 2347 ut
1427 2315 1606 2357 procedant
1628 2314 1666 2347 de
1691 2315 1739 2347 vel
1766 2324 1836 2346 cum
1853 2319 1927 2347 voto

1192 2369 1292 2402 Rotae
1328 2369 1395 2401 sive
1430 2368 1563 2401 alterius
1588 2367 1757 2400 tribunalis
1783 2369 1830 2400 vel
1856 2377 1930 2411 per-

1193 2433 1298 2463 sonae,
1321 2427 1374 2454 aut
1398 2422 1484 2465 quod
1510 2421 1687 2464 procedere
1712 2420 1929 2464 profiteantur

1193 2487 1251 2520 pro
1269 2475 1459 2509 executione
1474 2475 1654 2508 litterarum
1668 2474 1927 2516 apostolicarum,

1193 2530 1259 2563 sire
1286 2530 1317 2561 in
1342 2529 1405 2562 vim
1438 2528 1672 2570 cuiuscumque
1711 2528 1929 2571 deputationis

1193 2583 1366 2626 generalis,
1385 2588 1416 2615 et
1434 2582 1558 2625 quotics
1577 2592 1640 2614 non
1666 2582 1706 2614 sit
1728 2592 1882 2625 expressa
1899 2585 1930 2615 el.

1230 2647 1238 2672 l
1255 2645 1283 2671 111
1300 2644 1466 2680 locoparall.
1485 2644 1583 2679 legitur
1599 2644 1813 2672 locumtenentrS
1830 2643 1928 2679 (a.‘r.).

1924 247 1972 276 An.
1993 247 2021 276 C.
2040 248 2107 276 lC93
