2254 3225
237 227 286 253 An.
303 227 329 253 C.
356 227 422 253 tono

271 2314 347 2334 Preces
369 2320 424 2335 com-

241 2341 424 2361 missarn'rerraoe-

242 2370 327 2386 sanctae
360 2367 424 2386 Mirm-

243 2398 286 2411 nnn
302 2393 327 2413 do
350 2394 425 2413 Obser-

243 2419 321 2439 varitia.

472 219 481 250 1
497 219 530 250 523

430 276 537 308 smatis
563 282 594 309 et
623 277 695 309 fidei
722 277 900 310 catholicae
926 277 1159 319 professionem

431 328 463 360 in
488 329 636 360 manibus
660 329 887 371 episcoporum
912 331 960 361 rel
990 329 1160 371 inquisito-

429 390 501 412 rum
526 386 638 413 contra
665 382 860 413 haereticam
886 382 1076 423 pravitatem
1111 380 1161 412 lit-

430 433 508 465 teris
535 434 805 466 testimonialibns
823 433 1004 471 docuerint,
1030 434 1079 464 rel
1105 442 1161 474 per

430 486 511 518 alios
538 486 706 528 episcopos
738 491 770 517 et
798 487 944 518 locorum
974 483 1161 517 Ordinarios

430 538 544 570 similis
569 538 821 581 quaestuationis
852 539 1017 570 facultates
1042 537 1073 568 in
1086 536 1162 567 scri-

431 592 496 634 ptis
522 592 726 633 acceperint,
753 593 802 623 rel
827 591 865 622 ad
892 590 987 622 tidem
1013 591 1052 622 de
1078 600 1160 621 novo

430 642 594 675 conrersi¹
621 643 756 675 aliorum
782 642 1058 674 schismaticorum
1084 641 1161 672 iram

430 702 461 727 et
486 695 615 727 insidias
643 694 781 737 ell'ugere
813 695 919 727 conati
944 695 1017 732 sini,
1049 695 1098 725 vel
1124 694 1161 725 ad

430 747 577 780 effectum
605 748 777 790 reparandi
803 747 955 779 ecclesias
988 747 1026 778 ab
1052 745 1164 777 inlide-

430 800 514 833 libus
539 801 677 838 dirutas,
704 806 735 832 et
765 810 829 833 non
862 799 1067 832 obstantibus
1093 798 1164 830 aliis

430 853 688 895 quibuscumque
722 852 941 895 praetextibus
975 857 1006 883 et
1037 850 1161 883 causis:

430 905 493 936 imo
519 905 626 946 potius
659 915 771 936 omnes
805 909 837 936 et
869 904 1012 945 singulas
1038 903 1161 935 litteras

429 957 608 998 patentales
633 966 649 987 a
674 966 878 998 quocumque
897 955 1044 997 praesule
1066 953 1161 986 etiam

429 1007 561 1049 speciali
595 1009 672 1038 nota
707 1007 804 1048 digno
837 1012 868 1038 et
896 1017 913 1038 a
944 1005 1161 1037 tribunalibus

429 1059 540 1091 Curiae
566 1059 724 1090 Romanae
743 1064 774 1090 et
790 1058 932 1090 eiusdem
954 1067 1063 1089 sacrae
1082 1056 1162 1089 Con-

429 1111 625 1152 gregationis
659 1111 697 1141 de
722 1110 798 1141 Fide
823 1109 1045 1152 Propaganda,
1073 1109 1161 1140 dnm-

429 1163 524 1194 modo
561 1161 723 1194 contentis
759 1161 791 1193 in
828 1161 993 1204 praesenti
1030 1161 1161 1193 decreto

428 1214 612 1257 specialiter
637 1219 668 1246 et
692 1223 842 1255 expresse
867 1224 930 1245 non
950 1213 1047 1245 suerit
1071 1213 1162 1245 dero-

428 1272 535 1308 gatum
561 1276 631 1298 cum
665 1265 841 1308 posteriori
872 1266 953 1304 dat-Ji,
987 1265 1091 1296 statim
1126 1274 1161 1296 ac

427 1319 460 1351 in
486 1329 596 1351 eorum
617 1318 860 1351 Ordinariorum
878 1328 989 1349 manns
1010 1327 1160 1359 pervene-

428 1371 510 1411 rint,
546 1371 584 1403 ad
617 1380 739 1402 sacram
774 1370 812 1401 de
837 1370 913 1402 Fide
950 1369 1161 1412 Propaganda

428 1423 720 1465 Congregationem
738 1421 967 1453 transmittant.
983 1422 1019 1454 Et
1032 1432 1072 1454 ne
1087 1432 1162 1453 con-

429 1481 477 1507 tra
490 1475 745 1517 praemissorum
761 1474 905 1506 omniun]
922 1474 1160 1506 observantiam

429 1527 559 1568 allegari
586 1526 687 1568 possit
711 1526 827 1557 suturis
854 1526 1053 1567 temporibus
1071 1526 1162 1567 igno-

428 1579 539 1617 rantia,
566 1578 677 1610 eadem
701 1577 857 1610 Sanctitas
878 1577 948 1617 Sua,
967 1578 1006 1610 de
1024 1578 1160 1610 consilio

430 1632 619 1665 eorumdem
644 1632 675 1664 S.
698 1632 734 1664 R.
758 1631 792 1663 E.
820 1632 1042 1671 cardinalium,
1062 1632 1162 1664 voluit

429 1690 464 1717 nt
488 1685 562 1716 huic
587 1685 730 1721 decreto,
761 1688 816 1716 aut
846 1683 943 1716 etiam
976 1685 1092 1716 litteris
1122 1684 1160 1716 ad

429 1737 496 1769 eius
521 1737 654 1769 sormam
676 1735 834 1778 expeditis
861 1746 915 1768 seu
938 1736 1161 1778 expediendis,

429 1788 495 1821 sive
521 1788 668 1830 scriptis,
701 1787 765 1820 sire
796 1787 983 1830 impressis,
1011 1788 1050 1819 ab
1077 1789 1161 1820 eius-

430 1841 502 1873 dem
529 1846 633 1873 tamen
651 1851 761 1873 sacrae
778 1840 1048 1883 Congregationis
1074 1851 1160 1883 prae-

429 1893 513 1926 secto
539 1893 683 1935 signatis,
709 1893 883 1935 sigilloque
901 1893 997 1925 solito
1015 1893 1158 1932 munitis,

429 1945 508 1977 fides
534 1946 645 1977 eadem
670 1945 873 1985 adhibeatur,
894 1956 974 1988 quae
1000 1946 1078 1988 ipsis
1097 1946 1162 1979 ori-

431 1997 592 2038 ginalibus
617 2001 849 2040 praestaretur:
875 2008 939 2030 non
957 1998 1160 2033 obstantibus

431 2049 697 2092 quibuscumque.
726 2050 839 2082 Datum
861 2050 982 2083 Romae
1001 2051 1053 2083 die
1071 2061 1101 2084 lv
1118 2051 1162 2083 se-

430 2101 552 2133 bruarii
572 2111 756 2135 nnetxxru.

519 2153 552 2185 P.
575 2155 660 2186 card.
683 2155 727 2187 Di:
748 2156 899 2189 Ammius
922 2156 1115 2199 praefectus.

562 2205 640 2239 Loco
664 2209 686 2247 †
709 2207 828 2249 siqz'llc'.

655 2259 688 2291 V.
716 2259 838 2293 Cssnnus
862 2261 1060 2303 segretarius
1086 2273 1116 2294 1».

478 2312 492 2354 ξ,
515 2311 545 2343 ⁶2.
572 2311 648 2343 Cum
673 2316 789 2351 autem,
814 2312 896 2344 sicut
920 2313 1057 2345 dilectus
1079 2313 1162 2346 filius

436 2364 614 2396 Bernardus
638 2364 797 2407 Iosephus
823 2376 841 2397 a
867 2366 937 2398 Iesu
962 2366 1071 2406 Maria,
1101 2368 1164 2399 sra-

437 2421 485 2448 ter
513 2426 663 2458 expresse
699 2417 862 2458 professus
902 2418 1030 2451 Ordinis
1065 2419 1164 2453 Mino-

437 2479 507 2499 rum
543 2467 642 2500 sancti
680 2468 840 2501 Francisci
879 2470 918 2502 de
955 2470 1164 2504 Observantia

439 2520 692 2551 Reformatorum
719 2527 977 2564 nuncupatorum
1004 2528 1035 2555 et
1064 2523 1164 2555 tribu-

473 2582 483 2608 1
507 2580 574 2606 Edit.
596 2580 672 2607 Main.
694 2581 756 2617 tegit
775 2582 903 2609 converti
923 2587 961 2617 tn.
981 2583 1031 2620 12).

1007 228 1181 251 numanum
1210 228 1361 250 nonANt‘M

1202 276 1283 307 nalis
1308 276 1339 307 S.
1378 274 1598 317 Inquisitionis
1632 275 1848 317 qualitirator,
1876 286 1935 308 nec

1202 337 1266 359 non
1292 327 1447 359 carissimi
1474 328 1506 359 iu
1531 327 1656 359 Christo
1681 328 1735 360 filii
1756 328 1858 361 nostri
1879 329 1935 361 Ca-

1203 379 1264 410 roli
1290 380 1517 422 Hispaniarum
1553 380 1638 421 regis
1675 380 1827 413 catholici
1861 392 1936 413 eon-

1203 432 1360 472 cionator,
1384 443 1420 465 ac
1449 433 1687 465 commissarius
1720 439 1752 466 et
1781 444 1936 476 procura-

1205 489 1254 515 tor
1279 485 1440 525 generalis
1474 485 1504 517 in
1540 486 1682 518 Romana
1713 486 1806 518 Curia
1837 487 1934 519 totins

1205 536 1344 568 familiae
1370 537 1626 577 Terraesanctae,
1646 538 1739 571 nobis
1761 549 1865 580 nuper
1883 550 1936 571 ex-

1205 589 1281 630 poni
1306 589 1388 628 secit,
1414 589 1557 622 firmiora
1582 591 1644 622 sint
1662 601 1711 630 ea,
1738 591 1853 633 quibus
1878 591 1937 623 ite-

1205 646 1271 673 rata
1296 643 1419 674 accedit
1443 643 1646 685 Apostolicae
1672 643 1763 676 Sedis
1800 644 1937 676 auctori-

1207 698 1269 725 tas:
1296 694 1388 725 nobis
1412 700 1587 737 propterea
1619 695 1722 727 dictus
1754 695 1937 727 Boi—nardus

1207 745 1361 788 loscplius
1395 747 1563 779 humiliter
1594 748 1771 789 supplicari
1802 747 1876 780 secit
1905 754 1939 780 nt

1206 798 1368 830 decretum
1394 798 1579 831 huiusmodi
1605 799 1803 841 apostolicae
1824 800 1939 832 contir-

1206 849 1355 882 mationis
1381 856 1509 883 nostrae
1533 851 1710 893 patrocinio
1735 852 1938 885 communire

1205 901 1244 934 de
1268 901 1466 944 benignitate
1491 904 1666 945 apostolica
1690 904 1910 946 dignaremur.

1248 954 1262 996 ἓ
1286 954 1316 987 3.
1343 955 1406 986 Nos
1427 955 1534 996 igitur,
1553 955 1658 997 ipsum
1676 956 1874 988 Bernardum
1892 957 1936 989 Io-

1205 1007 1343 1048 seplium
1368 1007 1566 1048 specialibus
1592 1008 1755 1040 favoribus
1774 1014 1805 1041 et
1824 1009 1936 1051 gratiis

1204 1058 1357 1100 prosequi
1374 1060 1528 1098 volentes,
1548 1064 1580 1091 et
1594 1070 1610 1091 a
1625 1060 1791 1101 quibusvis
1813 1071 1938 1093 excom-

1204 1109 1440 1149 municationis,
1466 1111 1691 1153 suspensionIS
1712 1117 1744 1144 et
1761 1112 1936 1153 interdicti,

1203 1161 1339 1203 aliisque
1364 1162 1592 1194 ecclesiasticis
1617 1164 1797 1203 sententiis,
1824 1175 1939 1197 censu-

1203 1213 1246 1245 ris
1260 1219 1291 1246 et
1306 1215 1432 1256 poenis,
1451 1226 1468 1247 a
1489 1215 1557 1247 iure
1575 1217 1623 1248 rel
1641 1217 1680 1249 ab
1698 1217 1842 1256 homine,
1860 1228 1939 1259 qua-

1203 1266 1248 1298 vis
1273 1267 1445 1300 occasione
1469 1269 1519 1300 vel
1544 1271 1637 1300 causa
1661 1269 1742 1308 latis,
1769 1270 1795 1301 si
1817 1270 1936 1312 quibus

1204 1319 1451 1361 quomodolibet
1480 1320 1655 1353 innodatus
1688 1321 1802 1361 existit,
1829 1323 1868 1354 ad
1894 1323 1938 1354 es-

1204 1371 1320 1403 seetum
1358 1373 1579 1414 praesentium
1620 1373 1783 1405 dumtaxat
1822 1384 1937 1406 conse-

1205 1424 1385 1466 quendum,
1413 1425 1527 1456 harum
1553 1425 1638 1457 serie
1671 1426 1878 1458 absolventes
1905 1432 1938 1459 et

1204 1476 1384 1508 absolutum
1425 1477 1493 1509 sore
1529 1483 1710 1516 censentes,
1750 1478 1936 1511 huiusmodi

1204 1528 1494 1570 supplicationibus
1504 1529 1661 1568 inclinati,
1675 1529 1839 1562 decretum
1847 1541 1938 1573 prae-

1203 1580 1368 1622 insertum,
1389 1592 1405 1613 a
1430 1587 1607 1614 memorato
1631 1582 1821 1615 Innocentio
1844 1593 1937 1626 prae-

1204 1633 1375 1665 decessore
1400 1633 1522 1666 editum
1549 1638 1583 1665 ut
1606 1634 1801 1676 praefertur,
1829 1641 1938 1668 aucto-

1204 1686 1295 1717 ritate
1321 1686 1499 1727 apostolica
1520 1690 1631 1718 tenore
1648 1686 1868 1728 praesentium
1886 1697 1937 1729 ap-

1204 1738 1375 1779 probamus
1409 1742 1441 1770 et
1471 1737 1699 1770 confirmamus
1735 1749 1771 1770 ac
1806 1739 1938 1771 innova-

1204 1800 1284 1829 mus,
1308 1789 1421 1832 illique
1446 1790 1645 1822 inviolabilis
1666 1791 1866 1833 apostolicae
1888 1791 1939 1823 fir-

1204 1842 1322 1874 mitatis
1339 1843 1438 1875 robur
1455 1842 1635 1875 adiicimus.

1247 1896 1261 1937 ξ
1285 1895 1316 1927 4.
1341 1895 1560 1928 Decernentes
1593 1896 1722 1929 easdem
1746 1903 1938 1939 praesentes

1204 1948 1329 1980 litteras
1362 1959 1494 1991 semper
1524 1948 1645 1989 firmas,
1671 1950 1792 1982 validas
1817 1957 1848 1983 et
1871 1951 1938 1983 effi-

1203 2010 1295 2033 caces
1322 2000 1459 2033 existere
1488 2005 1520 2033 et
1545 2001 1624 2040 sore,
1660 2012 1802 2044 suosque
1822 2004 1938 2045 plena-

1204 2052 1270 2085 rios
1291 2058 1322 2085 et
1348 2053 1491 2094 integros
1517 2052 1648 2086 effectus
1675 2054 1785 2086 sortiri
1807 2060 1838 2086 et
1855 2055 1940 2087 obti-

1204 2116 1294 2145 nere,
1325 2116 1360 2138 ac
1392 2105 1473 2145 illis,
1499 2106 1538 2138 ad
1563 2116 1644 2148 quos
1673 2112 1798 2149 spectat
1823 2113 1854 2140 et
1878 2118 1936 2150 pro

1204 2163 1349 2200 tempore
1365 2158 1536 2200 spectabit,
1549 2158 1738 2200 plenissime
1758 2159 1937 2202 suffragari,

1205 2215 1237 2243 et
1260 2210 1299 2242 ab
1325 2209 1370 2242 eis
1395 2210 1575 2252 respective
1611 2210 1844 2244 inviolabiliter
1880 2214 1938 2245 ob-

1204 2264 1339 2302 servari,
1366 2263 1474 2306 sicque
1498 2263 1531 2295 in
1556 2263 1746 2305 praemissis
1770 2275 1829 2307 per
1842 2276 1938 2308 quos-

1205 2324 1341 2358 cumque
1361 2315 1483 2347 iudices
1499 2315 1682 2348 ordinarios
1704 2321 1736 2348 et
1753 2317 1934 2359 delegatos,

1206 2369 1301 2400 etiam
1326 2378 1492 2400 causarum
1519 2368 1629 2410 palatii
1652 2370 1822 2411 apostolici
1848 2372 1938 2404 audi-

1206 2426 1301 2460 tores,
1326 2420 1460 2453 iudicari
1487 2425 1519 2453 et
1543 2420 1669 2453 definiri
1689 2421 1820 2462 debere,
1843 2434 1879 2455 ac
1897 2424 1937 2456 ir-

1206 2473 1301 2504 ritum
1326 2477 1358 2504 et
1381 2472 1475 2504 inane
1494 2472 1520 2504 si
1539 2483 1631 2505 secus
1649 2483 1748 2516 super
1764 2475 1814 2506 his
1832 2486 1848 2507 a
1862 2487 1936 2518 quo-

1206 2534 1312 2566 quam,
1338 2524 1448 2566 quavis
1485 2525 1681 2565 auctoritate,
1706 2526 1848 2560 scienter
1887 2529 1935 2562 vel

1206 2577 1404 2618 ignoranter,
1430 2577 1602 2620 contigerit
1626 2578 1789 2614 attentari.

1943 227 1991 253 An.
2009 228 2038 254 C.
2062 228 2128 254 1690

1995 970 2129 990 Confirmatio

1946 996 2006 1016 retati
2021 997 2109 1017 decreti.

1975 1909 2095 1932 Clausulam.
