2254 3225
229 171 277 198 An.
298 171 326 199 C.
347 172 412 200 ¹689

245 1604 300 1624 lnam
324 1604 390 1625 conexi

218 1632 318 1651 minionem
340 1637 398 1651 reno*

218 1658 253 1676 vat
267 1656 367 1678 Pol-elfeh

244 1970 361 1994 clausulae.

252 2395 398 2422 ’transumpto-

227 2424 261 2441 um
278 2426 336 2442 nuum

461 165 481 198 “2
1007 182 1183 205 Bt‘LLAnlt'u
1210 183 1361 206 [nummi

424 224 625 257 commiserit
645 230 677 258 et
701 226 912 267 mandaverit,
933 233 968 260 ut
993 229 1031 260 ad
1057 229 1161 261 minus

425 276 549 309 duabus
572 277 694 311 vicibus
713 280 861 322 quolibet
884 291 978 321 anno,
998 282 1160 313 Adventus

424 333 456 360 ct
476 329 746 373 Quadragesimae
776 334 986 375 temporibus,
1015 339 1076 366 tam
1102 344 1160 376 per

422 383 577 417 verbiDei
592 384 832 427 praedicatores
848 386 879 418 in
891 386 957 419 suis
972 386 1071 419 sacris
1087 397 1159 418 con-

423 435 582 476 cionibus,
597 448 691 480 quam
705 438 737 470 in
752 439 932 472 actionibus
948 444 979 471 et
992 439 1159 472 functioni-

422 489 481 521 bus
507 490 655 532 pulJliciS,
676 492 883 525 necessitates
901 492 1089 525 eorumdem
1109 503 1158 524 sa-

422 553 551 575 crorum
567 549 852 578 monumentorum
874 546 995 588 populo
1016 545 1155 587 proponi

422 600 453 627 et
470 596 689 628 commendari
715 602 864 629 curarent
889 602 920 629 et
945 597 1102 637 facerent,
1125 602 1156 630 et

421 647 500 680 alias
517 653 617 691 prout
630 648 661 680 in
676 648 778 691 ipsius
794 649 911 682 Urbani
926 650 1156 692 praedecesso-

419 700 464 732 ris
478 700 593 733 litteris
607 701 748 744 desuper
762 701 794 733 in
813 702 908 734 simili
927 702 1030 735 forma
1045 704 1155 736 Brevis

420 752 472 785 die
491 764 526 786 111
543 753 695 786 februarii
714 764 874 788 nncxxxw
891 756 1060 798 expeditis,
1081 767 1156 799 qua-

419 815 489 838 rum
516 810 644 839 tenores
671 807 896 849 praesentibus
915 818 973 850 pro
994 809 1156 851 expressis

419 858 533 891 haberi
559 860 714 899 volumus,
740 859 873 892 uberius
894 862 1095 902 continetur3
1115 868 1153 903 et,

418 911 500 944 sicut
524 922 583 954 pro
606 918 695 955 parte
721 912 828 945 dilecti
856 914 910 946 filii
937 914 1092 948 Bernardi
1111 916 1156 949 lo-

418 964 511 1007 sephi
537 975 553 997 a
578 965 646 998 lesu
672 966 768 998 Maria
793 966 922 999 Ordinis
949 968 1083 1002 fratrum
1101 970 1155 1002 lli-

417 1028 530 1050 norum
555 1017 586 1050 S.
613 1018 773 1051 Francisci
796 1020 834 1053 de
859 1020 1068 1055 Observantia
1093 1024 1154 1056 Re-

417 1070 628 1103 formatorum
653 1078 910 1114 nuncupatorum
937 1076 1152 1117 professoris,

416 1133 452 1155 ac
482 1123 625 1156 eiusdem
658 1124 905 1159 'l‘erraesanetae
939 1129 1151 1163 commissarii

415 1180 446 1207 et
469 1176 587 1218 prioris
607 1177 771 1218 generalis
791 1179 885 1211 nobis
902 1190 1007 1223 nuper
1025 1183 1151 1225 exposi-

415 1233 481 1260 tum
507 1228 587 1267 suit,
615 1229 704 1272 ipse,
742 1241 806 1272 quo
844 1239 1004 1275 praelatae
1030 1235 1150 1268 Urbani

413 1281 674 1322 praedecessoris
700 1281 838 1323 litterae,
859 1294 942 1326 quae
966 1298 984 1319 a
1007 1289 1151 1321 recolen-

414 1333 472 1364 dae
498 1334 669 1367 memoriae
696 1334 884 1370 Innocentio
910 1338 952 1378 X,
985 1339 1151 1375 Clemente

414 1385 508 1417 etiam
528 1386 563 1425 X,
585 1398 620 1419 ac
638 1387 826 1422 Innocentio
845 1390 883 1422 XI
901 1390 1055 1425 Romanis
1074 1394 1151 1427 Pon-

414 1438 552 1471 tificibus
566 1440 875 1482 praedecessoribus
891 1444 1014 1486 pariter
1030 1448 1149 1481 nostris

412 1492 615 1525 confirmatae
641 1493 780 1535 suerunt,
806 1497 948 1530 exactius
974 1499 1150 1533 observen-

412 1548 471 1584 tur,
487 1544 557 1577 illas
574 1556 633 1588 per
646 1556 705 1579 nos
721 1548 846 1591 pariter
860 1550 1043 1585 confirmari
1059 1559 1091 1586 et
1103 1555 1150 1586 in-

412 1597 521 1629 novari
541 1598 723 1632 desideret:
751 1611 819 1642 nos,
842 1604 1030 1637 eorumdem
1047 1616 1149 1639 sacro-

411 1659 480 1681 rum
496 1657 780 1685 monumentorum
793 1657 1029 1689 conservationi
1045 1663 1075 1690 et
1088 1670 1147 1692 ma*

410 1703 593 1735 nutenlioni
611 1706 780 1738 consulere
795 1707 949 1750 volentes,
964 1711 1147 1752 praedictas

411 1753 530 1787 Urbani
547 1757 811 1799 praedecessoris
829 1761 953 1795 litteras
972 1765 1148 1806 apostolica

409 1809 618 1851 auctoritate,
646 1815 759 1845 tenore
788 1816 1008 1856 praesentium
1033 1817 1148 1850 contir-

408 1871 532 1894 mamus
552 1863 673 1905 pariter
690 1869 722 1897 et
745 1867 984 1909 approbamus,
1010 1870 1147 1914 illasque

409 1913 597 1948 innovamus
617 1922 648 1949 et
668 1917 833 1951 observari
851 1921 1053 1956 mandamus.

452 1968 479 2010 ἕ.
503 1967 534 2001 ΕΞ.
562 1969 718 2002 Volumus
743 1977 849 2004 autem
873 1978 908 2005 ut
931 1975 1148 2017 patriarchae,

409 2020 647 2065 archiepiscopi
674 2029 705 2056 et
730 2024 877 2068 episcopi
895 2028 1028 2069 praefati
1050 2030 1082 2062 in
1100 2041 1149 2063 re-

409 2073 531 2107 latione
556 2079 655 2107 status
681 2077 890 2110 ecclesiarum
916 2082 1046 2122 quando
1073 2083 1149 2116 visi-

409 2126 524 2160 tabunt
548 2127 659 2161 limina
680 2130 909 2172 Apostolorum
935 2134 1081 2169 facienda
1098 2148 1149 2170 re-

409 2179 514 2213 serant
539 2191 571 2214 se
597 2183 750 2224 praefatis
772 2184 891 2218 Urbani
912 2188 1148 2230 praedecesso-

409 2233 453 2266 ris
479 2239 510 2267 et
541 2236 764 2277 praesentibus
797 2238 915 2272 nostris
948 2240 1064 2274 litteris
1093 2253 1148 2285 pa-

410 2287 534 2328 ruisse3
566 2289 736 2323 contrariis
761 2301 825 2324 non
851 2292 1054 2327 obstantibus
1079 2297 1147 2339 qui-

408 2341 624 2385 buscumque.

452 2394 467 2437 §
491 2394 522 2427 3.
560 2395 712 2430 Volumus
737 2398 871 2442 insuper
900 2405 935 2433 ut
958 2403 1145 2436 earumdem

408 2448 630 2489 praesentium
673 2451 855 2486 litterarum
902 2456 1114 2498 transumptis
1137 2484 1143 2496 ,

409 2499 503 2532 etium
529 2501 710 2544 impressis,
742 2515 836 2537 manu
868 2506 1004 2539 alicuius
1029 2509 1144 2541 notarii

408 2553 530 2596 publici
548 2554 747 2600 subscriplis.
765 2563 797 2591 et
812 2559 920 2602 sigillo
937 2569 1094 2605 personae
1113 2562 1145 2594 in

1205 230 1427 263 ecclesiastica
1452 231 1608 272 dignitate
1627 234 1823 269 constitutae
1840 238 1945 270 muni·

1205 283 1254 323 tis,
1282 284 1395 316 eadem
1420 294 1552 326 prorsus
1573 285 1653 318 lidos
1676 287 1843 329 habeatur,
1860 302 1942 334 quae

1204 336 1380 368 haberetur
1414 336 1492 379 ipsis
1524 340 1748 380 praesentibus
1779 343 1805 375 si
1838 344 1943 378 forent

1203 388 1367 420 exhibitae
1394 391 1444 422 vel
1470 396 1633 425 ostensae.

1245 441 1358 474 Datum
1383 442 1526 483 Romae,
1551 446 1636 488 apud
1664 446 1695 479 S.
1723 448 1852 482 Mariam
1878 451 1942 483 Ma-

1201 493 1312 532 iorem,
1340 495 1400 527 sub
1426 497 1546 530 annulo
1574 498 1758 540 piscatoris,
1785 502 1836 535 die
1864 514 1940 538 xvni

1201 547 1386 580 novembris
1419 559 1607 590 mnccxxxix,
1645 553 1852 594 pontificatus
1882 567 1940 589 no-

1200 599 1260 631 stri
1286 611 1371 634 anno
1396 611 1418 634 1.

1235 661 1293 689 Dat.
1312 662 1355 690 die
1377 663 1408 691 18
1424 666 1576 693 novembris
1598 665 1676 701 1689,
1697 668 1795 703 pontis.
1813 678 1883 697 anno
1898 678 1916 699 1.

1542 800 1579 833 ll.

1265 876 1490 912 Concedunlur
1514 880 1715 915 conclavistis
1739 883 1867 926 yrale'ac

1439 936 1467 964 el
1485 933 1663 977 prim'lcqt'a
1679 933 1699 967 ¹.
1895 939 1900 941 ”

1385 1011 1551 1040 Alexander
1571 1014 1648 1047 Papa
1668 1015 1746 1042 vm.

1495 1085 1512 1107 t*
1524 1085 1542 1107 n
1557 1085 1629 1108 n1s.

1238 1133 1323 1166 Motu
1348 1136 1496 1178 proprio,
1518 1142 1580 1170 ete.
1600 1138 1662 1171 Nos
1688 1150 1727 1173 vo
1746 1147 1837 1174 entes
1863 1143 1936 1184 (re-

1195 1186 1287 1230 liqna
1304 1188 1375 1221 vide
1394 1189 1469 1222 locis
1487 1190 1595 1223 citatis
1612 1192 1647 1224 in
1665 1195 1740 1226 nom
1754 1195 1796 1226 ad
1813 1196 1931 1239 rubin).

1707 1248 1786 1281 Fiat
1810 1249 1843 1281 Ρ.

1237 1294 1349 1327 Datum
1375 1296 1504 1336 Romae,
1533 1299 1616 1341 apud
1643 1300 1674 1332 S.
1694 1301 1824 1334 Mariam
1844 1302 1934 1336 Maio-

1193 1356 1272 1386 rem,
1297 1348 1401 1390 pridie
1428 1360 1529 1382 nonas
1555 1351 1749 1393 decembris,
1776 1365 1860 1387 anno
1887 1366 1907 1388 l.

1228 1407 1286 1434 Dat.
1305 1409 1348 1436 die
1365 1410 1378 1436 Δ
1395 1410 1549 1438 decembris
1572 1412 1650 1445 1689,
1672 1414 1765 1448 pontis.
1786 1423 1856 1442 anno
1873 1425 1893 1443 1.

1216 1479 1334 1509 Nomina
1353 1485 1443 1510 aulem
1461 1483 1583 1521 ipsorum
1600 1484 1824 1515 conclaristarum
1844 1492 1907 1517 sunt

1389 1531 1454 1560 haec
1475 1541 1543 1569 quae
1564 1538 1733 1571 sequnntur:

1231 1586 1503 1617 llevereudissilmis
1539 1589 1673 1619 dominus
1708 1592 1796 1622 frater
1828 1593 1931 1634 loseph

1191 1634 1346 1672 Eusanius,
1369 1636 1540 1675 Aquilanus,
1563 1639 1717 1678 episcopus
1739 1641 1933 1681 Porphyrien-

1191 1682 1241 1716 sis,
1259 1684 1377 1712 sacrista
1392 1694 1399 1719 3
1416 1684 1535 1715 Carolus
1551 1686 1719 1717 Vincentius
1734 1689 1930 1729 Carcarasius,

1191 1731 1342 1771 presbyter
1357 1742 1506 1769 romanus,
1524 1736 1682 1766 canonicus
1698 1737 1835 1768 basilicae
1851 1739 1932 1770 Prin-

1191 1780 1264 1818 cipis
1288 1780 1493 1819 Apostolorum
1515 1783 1549 1812 de
1572 1784 1670 1822 Prbe3
1694 1785 1797 1815 Petrus
1812 1787 1931 1818 Sanctes

1191 1829 1225 1858 de
1241 1829 1391 1868 Fontibus,
1410 1831 1560 1870 presbyter
1582 1833 1815 1873 Camerinensi53
1836 1836 1931 1866 Domi-

1191 1877 1275 1907 nicus
1297 1878 1462 1917 Cappellus,
1480 1880 1631 1919 presbyter
1653 1882 1827 1922 Asculanus,
1845 1894 1932 1915 cano-

1191 1926 1275 1956 nicus
1292 1926 1417 1964 insignis
1439 1927 1575 1958 basilicae
1591 1929 1619 1959 S.
1637 1929 1742 1960 Mariae
1758 1931 1932 1972 Transtybe-

1191 1974 1246 2003 rim
1261 1984 1267 2011 ;
1292 1974 1437 2005 Candidus
1458 1975 1586 2014 cassina,
1604 1978 1753 2017 presbyter
1768 1979 1928 2020 Comensis,

1191 2024 1349 2054 canonicus
1371 2025 1533 2063 praedictae
1555 2026 1679 2064 insignis
1701 2027 1836 2058 basilicae
1865 2039 1931 2060 san-

1190 2076 1253 2101 ctae
1284 2072 1389 2101 Mariae
1421 2073 1659 2112 Transtyberim3
1694 2076 1871 2108 Iustinianus
1894 2079 1929 2109 de

1191 2120 1331 2156 nosse-na,
1352 2120 1502 2159 presbyter
1518 2122 1682 2161 Regiensis,
1700 2129 1857 2164 perpetuus
1873 2127 1930 2157 cle-

1190 2168 1267 2198 ricus
1282 2167 1473 2198 beneficiatus
1494 2169 1631 2200 basilicae
1647 2172 1792 2212 Principis
1808 2174 1930 2213 Aposto—

1190 2217 1283 2246 lorum
1311 2217 1346 2246 de
1374 2216 1463 2254 Urbe,
1494 2219 1626 2256 magistri
1655 2224 1927 2254 caeremoniarum:

1189 2265 1277 2295 abbas
1299 2265 1392 2295 Guido
1415 2266 1601 2305 Passioneus,
1633 2269 1756 2300 clericus
1777 2271 1929 2303 Forosem-

1189 2314 1366 2353 pronicnsis,
1390 2315 1466 2344 sacri
1489 2315 1601 2354 collegii
1624 2319 1816 2349 secretarius:
1840 2321 1927 2352 abbas

1188 2362 1292 2392 Petrus
1317 2363 1427 2402 Dragus
1443 2364 1587 2403 Bartolus‚
1614 2367 1764 2406 presbyter
1783 2369 1925 2410 Venetus,

1225 2439 1235 2465 l
1258 2438 1358 2473 Eadem
1378 2449 1505 2468 concessa
1525 2442 1634 2469 suerunt
1660 2443 1694 2470 ab
1714 2443 1870 2473 Innocentio
1892 2447 1924 2474 Xl

1187 2483 1293 2510 constit.
1310 2484 1381 2510 edita
1396 2492 1537 2518 nlnctxxvl,
1554 2486 1597 2513 die
1617 2488 1632 2513 6
1652 2487 1813 2522 decembris,
1830 2491 1922 2524 pontis.

1188 2535 1214 2560 13
1236 2531 1262 2554 et
1282 2528 1315 2554 ab
1336 2529 1493 2556 Innocentio
1516 2531 1560 2558 ΧΗ
1585 2532 1691 2559 constit.
1718 2533 1788 2560 edita
1813 2541 1921 2570 Mocxcr

1187 2571 1230 2599 die
1249 2572 1284 2600 15
1303 2572 1371 2608 iulii,
1393 2574 1487 2610 pontif.
1509 2581 1526 2603 ι.

1951 190 1999 217 An.
2021 191 2048 218 C.
2063 192 2133 220 1689
