2227 3225
89 231 137 258 An.
159 231 186 257 C.
208 232 271 258 5002

123 2510 242 2533 clausulae.

876 226 1082 250 lNNOCENTms
1108 227 1150 250 xil
1174 227 1222 250 Pr.

282 284 392 313 cetero
413 289 471 322 per
496 283 624 310 turnum
641 277 704 309 una
730 275 860 327 quide-m
887 275 953 307 vice
981 285 1018 306 ex

283 333 437 371 Romana,
454 329 687 363 Mediolanensi
706 334 737 361 et
755 327 953 361 Bononiensi
972 327 1020 359 in-

281 385 441 424 distinete,
466 383 529 416 alia
553 393 628 416 vero
653 382 720 415 vice
741 392 776 414 ex
798 381 1019 424 Neapolitana,

281 437 387 471 Sicula
411 441 443 469 et
468 435 692 480 Hispaniarum
711 434 886 479 provinciis
910 444 1021 477 supra·

282 489 374 523 dictis
399 489 475 532 eligi
501 489 630 529 debeat,
657 487 933 532 quemadmodum
957 497 1016 519 an-

281 542 378 576 tehac
396 544 461 575 una
484 542 552 575 vice
577 552 613 574 ex
638 542 782 574 Romana
813 545 844 573 et
868 540 1020 573 Mediola-

281 595 384 636 nensi,
411 595 473 628 alia
497 604 572 628 vero
596 595 664 627 vice
690 605 727 627 ex
752 593 966 636 Neapolitana
989 598 1020 626 et

282 648 391 681 Sicula
422 647 601 692 respective
628 646 802 691 provinciis
834 645 1019 680 huiusmodi

282 701 358 744 eligi
384 706 601 741 consueverat,
633 700 824 734 auctoritate
850 705 880 732 et
906 705 1018 733 tenore

283 754 458 797 praedictis
482 754 652 787 statuimus
679 759 711 786 et
742 753 938 786 ordinamus.
975 752 1021 786 Si-

283 807 403 841 militer
440 812 634 850 procurator
672 807 835 849 generalis
875 806 1020 840 eiusdem

283 859 553 903 Congregationis
571 860 640 904 (qui
665 859 797 893 insimul
823 860 919 893 etiam
944 870 1022 893 con-

283 913 386 945 sultor
406 913 570 955 generalis
595 923 678 953 esse,
697 912 834 956 aliisque
858 913 1022 946 consulto-

283 966 374 999 ribus
411 966 618 1009 generalibus
649 967 856 1010 praecedere,
882 976 1020 1007 necnon,

283 1019 448 1062 praefecto
474 1020 616 1063 generali
641 1020 788 1064 praefato
816 1020 1022 1064 quomodoli-

284 1073 339 1106 bet
363 1073 544 1113 deficiente,
561 1073 699 1106 vicarius
725 1074 889 1116 generalis
916 1073 1021 1117 ipsius

284 1124 551 1168 Congregationis
572 1136 742 1158 remanere
769 1126 899 1169 debeat)
919 1136 955 1159 ex
977 1127 1023 1159 al-

285 1179 352 1210 tera
376 1178 505 1211 illarum
524 1179 618 1217 trium
637 1178 886 1222 provinciarum,
904 1179 1021 1222 quibus

285 1236 397 1264 turnus
412 1231 582 1264 electionis
597 1231 673 1265 dicti
688 1232 845 1274 praefecti
859 1232 1021 1274 generalis

284 1284 418 1317 minime
444 1284 626 1325 obvenerit,
654 1286 687 1318 in
712 1285 852 1328 capitulo
877 1286 1022 1328 generali

283 1337 450 1380 praedicto
494 1338 645 1380 eligatur.
683 1338 831 1372 Ceterum
873 1349 909 1372 ex
951 1339 1022 1372 aliis

284 1390 408 1423 duabus
425 1391 609 1434 provinciis,
625 1391 743 1434 quibus
763 1396 874 1424 turnus
893 1393 1023 1425 electio-

283 1443 333 1476 nis
372 1444 596 1487 procuratoris
636 1445 798 1487 generalis
835 1445 1022 1478 huiusmodi

284 1495 446 1538 obtigerit,
465 1508 523 1541 pro
539 1497 686 1540 qualibet
703 1498 832 1530 illarum
845 1509 928 1531 unus
946 1508 1023 1532 con-

285 1550 388 1582 sultor
425 1550 599 1593 generalis,
624 1561 660 1583 ex
686 1551 884 1594 reliquarum
916 1557 1023 1586 autem

285 1602 422 1636 duarum
461 1604 711 1647 provinciarum,
753 1605 871 1647 quibus
911 1611 1022 1639 turnus

285 1655 454 1689 electionis
476 1656 552 1689 dicti
570 1657 725 1700 praefecti
745 1658 905 1699 generalis
930 1659 1025 1692 obve-

285 1708 380 1749 nerit,
406 1709 508 1742 altera
528 1709 660 1753 quidem
686 1711 768 1743 alius
787 1712 955 1744 consultor
971 1722 1025 1754 ge-

285 1761 414 1801 neralis,
441 1762 565 1805 reliqua
580 1773 657 1795 vero
675 1763 869 1796 secretarius
896 1766 1025 1798 eonsul-

285 1817 334 1847 tae
360 1815 529 1856 generalis,
555 1815 610 1858 qui
642 1815 774 1849 insimul
804 1816 944 1850 officium
975 1828 1025 1851 ar-

285 1866 361 1898 bitri
387 1867 549 1909 generalis
579 1867 725 1902 eiusdem
754 1868 1025 1912 Congregationis

285 1929 437 1952 exercere
462 1920 586 1959 debeat,
602 1922 781 1964 respective
807 1927 1022 1957 assumantur.

285 1973 439 2013 Demum,
459 1973 545 2016 quod
576 1975 683 2007 nullus
710 1975 748 2007 de
779 1980 889 2008 cetero
919 1975 1024 2009 dictae

285 2026 555 2069 Congregationis
595 2028 762 2070 professor
800 2029 1023 2071 provincialis,

285 2080 470 2123 praefectus
509 2090 565 2113 seu
601 2081 751 2123 superior
786 2081 899 2114 localis
936 2087 1026 2115 extra

286 2142 378 2164 suam
412 2132 613 2175 provinciam
650 2133 725 2175 eligi
763 2143 819 2166 seu
857 2134 1023 2177 deputari,

286 2195 391 2228 neque
408 2184 441 2217 in
458 2184 608 2228 capitulis
626 2185 881 2228 provincialibus
898 2196 953 2219 seu
969 2196 1024 2229 ge-

285 2238 450 2271 neralibus
467 2238 614 2271 eiusdem
628 2238 894 2281 Congregationis
912 2249 1023 2272 vocem

285 2290 445 2334 passivam
470 2290 530 2323 nisi
560 2291 594 2324 in
625 2293 682 2324 sua
706 2291 873 2335 provincia
902 2292 1023 2326 habere

286 2343 401 2387 possit,
431 2343 515 2377 dicta
544 2344 737 2384 autoritate,
762 2345 950 2378 earumdem
978 2350 1024 2378 te-

287 2406 366 2430 nore
390 2397 629 2440 praesentium,
657 2397 859 2431 decernimus
888 2402 919 2431 et
938 2398 1025 2432 ordi-

290 2459 418 2482 namus.

332 2503 392 2547 gli.
405 2503 624 2538 Decernentes
638 2505 772 2549 pariter,
787 2505 918 2538 easdem
933 2514 1026 2548 prae-

289 2563 396 2591 sentes
420 2556 542 2591 litteras
568 2568 701 2602 semper
719 2558 838 2600 firmas,
855 2558 976 2592 validas
994 2563 1026 2591 et

291 2610 435 2644 efficaces
461 2610 595 2644 existere
621 2616 653 2644 et
670 2611 746 2652 fore,
759 2621 900 2655 suosque
918 2612 1025 2654 plena-

361 2672 441 2700 Bull.
457 2673 538 2701 Rom.
553 2688 586 2693 -
607 2673 666 2700 Vol.
682 2674 743 2701 XX.
887 2673 922 2701 66

1695 220 1752 253 5⁶21

1062 274 1128 306 rios
1155 281 1186 307 et
1210 274 1356 317 integros
1382 275 1512 308 effeetus
1537 277 1643 309 sortiri
1670 284 1700 310 et
1721 278 1798 310 obti-

1061 336 1150 366 nere,
1185 337 1222 360 ac
1250 327 1326 367 illis,
1354 328 1392 359 ad
1428 339 1509 371 quos
1534 335 1657 371 spectat
1685 335 1716 361 et
1741 341 1798 372 pro

1062 384 1208 422 tempore
1243 380 1516 423 quandocumque
1551 381 1729 423 spectabit,
1768 382 1798 413 in

1061 433 1210 465 omnibus
1237 437 1269 465 et
1293 443 1352 475 per
1376 434 1483 465 omnia
1516 433 1705 476 plenissime
1738 434 1801 466 suf-

1061 486 1192 529 fragari,
1214 491 1246 519 et
1269 486 1308 518 ab
1329 486 1376 519 eis
1401 486 1580 529 respective
1605 486 1803 520 inviolabili-

1060 544 1109 572 ter
1127 544 1159 572 et
1176 539 1370 573 inconcusse
1389 539 1557 572 observari
1573 545 1604 573 et
1617 539 1800 583 adimpleri,

1060 591 1171 635 sicque
1200 597 1232 625 et
1255 603 1321 625 nou
1350 592 1445 625 aliter
1469 592 1501 624 in
1527 591 1710 635 praemissis
1741 602 1801 635 per

1061 656 1281 689 quoscumque
1307 645 1427 679 iudices
1447 645 1631 678 ordinarios
1655 650 1687 677 et
1713 645 1801 678 dele-

1061 704 1160 740 gatos,
1187 698 1282 731 etiam
1308 709 1478 731 cansarum
1498 698 1610 742 palatii
1627 698 1800 741 apostolici

1060 751 1238 792 auditores,
1265 761 1301 783 ac
1325 751 1356 784 S.
1377 751 1414 783 R.
1433 751 1467 783 E.
1488 751 1673 794 praedictae
1699 751 1802 784 cardi-

1062 805 1159 844 nales,
1187 804 1284 837 etiam
1310 804 1350 837 de
1375 805 1477 837 latere
1503 805 1640 846 legium,
1665 809 1697 836 et
1720 804 1800 837 alios

1062 857 1225 900 quoslibet
1261 868 1465 901 quacumque
1490 857 1746 900 praeeminentia
1771 863 1803 890 et

1062 915 1223 954 potestate
1245 911 1416 953 fungentes
1434 916 1465 944 et
1482 911 1659 950 sunoniros,
1677 911 1802 943 sublata

1063 964 1108 997 eis
1134 970 1166 997 et
1189 974 1300 998 eorum
1321 964 1456 997 cuilibet
1479 964 1591 1008 quavis
1610 964 1703 997 aliter
1720 964 1803 997 iudi-

1063 1017 1156 1050 candi
1189 1022 1221 1050 et
1254 1017 1491 1060 interpretandi
1517 1017 1667 1050 facultate
1693 1023 1725 1049 et
1749 1027 1804 1049 au-

1063 1070 1218 1110 ctoritate,
1245 1069 1380 1103 iudicari
1407 1074 1438 1102 et
1463 1069 1590 1103 definiri
1618 1069 1748 1110 debere,
1767 1079 1804 1102 ac

1065 1123 1189 1156 irritum
1215 1129 1247 1155 et
1279 1123 1393 1163 inane,
1417 1123 1442 1155 si
1468 1133 1562 1155 secus
1587 1133 1687 1165 super
1711 1122 1761 1155 his
1786 1133 1804 1155 a

1064 1186 1236 1219 quoquam,
1251 1175 1360 1219 quavis
1378 1175 1579 1216 auctoritate,
1597 1175 1736 1208 scienter
1753 1174 1803 1208 vel

1064 1229 1265 1272 ignoranter,
1288 1228 1463 1271 contigerit
1483 1228 1646 1261 attentari.

1108 1281 1122 1324 ξ
1147 1281 1177 1313 5.
1206 1281 1274 1314 Non
1308 1281 1512 1314 obstantibus
1538 1281 1742 1324 praemissiS,
1768 1291 1805 1314 ac

1065 1334 1350 1368 constitutionibus
1376 1340 1408 1368 et
1432 1334 1694 1367 ordinationibus
1725 1346 1804 1379 apo-

1064 1387 1199 1428 stolicis,
1222 1398 1351 1421 necnon
1370 1389 1558 1421 earumdem
1577 1388 1806 1431 Congregatio-

1064 1440 1113 1473 nis
1149 1445 1181 1473 et
1211 1440 1463 1484 provinciarum,
1489 1441 1601 1474 aliisve
1628 1442 1804 1485 quibusvis,

1064 1493 1159 1526 etiam
1185 1494 1377 1533 iuramento,
1404 1494 1648 1528 confirmatione
1675 1501 1806 1538 aposto-

1064 1547 1136 1588 lica,
1158 1547 1207 1580 vel
1234 1548 1345 1591 quavis
1371 1547 1522 1580 firmitate
1547 1548 1609 1581 alia
1633 1548 1804 1588 roboratis,

1065 1600 1193 1633 statutis
1209 1606 1241 1633 et
1264 1601 1561 1642 consuetudinibus,
1581 1601 1676 1634 etiam
1694 1602 1806 1635 imme-

1066 1653 1289 1693 morabilibus,
1306 1653 1486 1697 privilegiis
1504 1665 1649 1698 quoque,
1671 1654 1805 1687 indultis

1066 1712 1096 1739 et
1120 1706 1236 1740 litteris
1262 1707 1461 1749 apostolicis,
1479 1707 1603 1740 eisdem
1622 1707 1808 1750 Congrege-

1067 1759 1146 1792 tioni
1171 1764 1200 1792 et
1222 1760 1407 1802 provinciis,
1427 1770 1601 1804 earumque
1628 1760 1806 1804 superiori-

1065 1815 1126 1847 bus
1153 1819 1184 1847 et
1204 1813 1353 1857 personis
1379 1814 1563 1858 quibusviS‚
1591 1814 1650 1847 sub
1677 1815 1807 1858 quibus-

1066 1877 1202 1910 cumque
1227 1867 1400 1899 verborum
1428 1866 1597 1900 tenoribus
1623 1872 1656 1900 et
1683 1868 1806 1908 formis,

1067 1929 1102 1951 ac
1126 1930 1198 1952 eum
1224 1919 1390 1962 quibusvis
1409 1919 1505 1951 etiam
1524 1920 1806 1962 derogatoriarum

1067 1971 1291 2014 derogatoriis,
1318 1972 1452 2015 aliisque
1472 1972 1720 2013 efficacioribus,
1740 1973 1806 2005 effi-

1065 2024 1242 2057 cacissimis
1268 2029 1300 2056 et
1315 2024 1456 2057 insolitis
1478 2024 1630 2057 clausulis
1647 2030 1678 2057 et
1699 2025 1807 2058 decre-

1066 2078 1115 2118 tis,
1130 2077 1160 2109 in
1186 2087 1306 2119 genere
1333 2079 1382 2111 vel
1408 2078 1441 2110 in
1466 2078 1586 2121 specie,
1608 2078 1704 2111 etiam
1729 2088 1806 2111 con-

1066 2130 1280 2171 sistorialiter,
1306 2136 1337 2163 et
1369 2131 1447 2163 alias
1486 2131 1736 2174 quomodolibet
1771 2131 1804 2163 in

1066 2184 1263 2216 contrarium
1277 2184 1527 2226 praemissorum
1542 2185 1718 2225 concessis,
1733 2194 1806 2217 con-

1067 2237 1209 2277 firmatis,
1235 2247 1271 2269 ac
1295 2237 1420 2280 pluries
1451 2237 1639 2281 approbatis
1660 2243 1691 2271 et
1710 2238 1806 2271 inno-

1066 2291 1155 2332 vatis3
1170 2290 1284 2334 quibus
1301 2291 1452 2323 omnibus
1470 2297 1502 2323 et
1515 2291 1661 2334 singulis,
1677 2292 1805 2325 etiamsi

1066 2353 1125 2387 pro
1158 2343 1288 2376 illorum
1321 2343 1492 2376 sufficienti
1519 2345 1731 2387 derogatione
1764 2346 1804 2378 de

1066 2396 1131 2430 illis
1151 2406 1331 2440 eorumque
1359 2397 1431 2430 totis
1451 2397 1617 2430 tenoribus
1642 2398 1803 2441 specialis

1066 2448 1225 2493 specifica,
1251 2460 1404 2493 expressa
1438 2454 1470 2483 et
1502 2449 1678 2490 individua,
1704 2461 1741 2483 ac
1766 2450 1805 2483 de

1066 2503 1165 2536 verbo
1190 2503 1229 2536 ad
1253 2504 1399 2543 verbum,
1423 2513 1489 2536 non
1514 2508 1621 2536 autem
1646 2513 1705 2546 per
1725 2504 1805 2536 clau-

1068 2557 1154 2590 sulas
1171 2558 1341 2600 generales
1358 2557 1444 2589 idem
1470 2557 1693 2600 importantcs,
1714 2567 1805 2588 men-

1070 2610 1125 2653 tio,
1149 2620 1205 2644 seu
1231 2610 1362 2655 quaevis
1379 2610 1442 2644 alia
1459 2610 1625 2654 expressio
1644 2609 1802 2650 habenda,

1805 230 1851 255 An.
1874 231 1901 256 C.
1923 229 1987 256 tssiitt

1840 1290 1997 1312 Contrariorum

1814 1318 1931 1344 derogatio.
