2227 3225
100 219 147 244 Αη.
164 217 192 244 C.
215 215 275 242 1691

97 278 182 299 iia-texui
193 276 246 298 nm.
255 276 276 296 Υ.

98 305 123 324 tta
147 304 219 324 Piedi-a
240 308 275 327 pro

98 331 204 351 monachi-
240 331 275 347 (2¹-

97 357 252 377 stercieu>itvu<.

117 1649 271 1671 conventiones

88 1676 213 1697 referuntur.

878 214 1087 239 lNNOCENTll'S
1113 216 1155 239 ‚vti
1179 216 1227 239 Pr.

287 263 552 306 congregationis
569 263 743 307 Hispaniae
760 262 888 296 Ordinis
906 263 1022 295 Cister-

288 316 453 352 cieusium.
470 317 647 359 quod,euni
666 316 726 359 ipsi
744 316 822 349 alias
840 316 1021 359 sumptibus

287 369 405 411 regalis
431 369 619 402 monasterii
646 370 679 401 B.
697 369 811 401 Mariae
829 369 968 411 Virginis
982 370 1020 401 de

287 421 403 454 Piedra
424 422 601 465 nuncupati
627 422 729 455 dietae
754 421 1021 464 Congregatiouis

285 473 508 507 Tirasonensis
525 475 683 507 dioecesis
697 474 884 520 cathedram
900 475 1024 507 ‹lePrs-

284 537 338 559 ma
362 533 580 571 nuncupatam
610 538 680 561 eum
714 528 882 560 facultatae
913 538 1021 561 sacrae

285 580 471 622 theologiae
497 580 529 612 in
554 580 762 613 universitate
794 580 892 612 studii
918 591 1019 622 gene-

284 632 361 664 ralis
387 632 548 673 Oscensis,
566 644 584 665 3
604 643 664 676 pro
690 638 834 675 tempore
861 633 1022 666 existenti-

284 684 343 717 bus
369 686 536 718 monaehis
561 686 635 718 dicti
661 686 850 719 monasterii
884 691 1018 725 tantuin,

285 743 325 778 et,
344 738 512 771 eveniente
534 749 608 772 casu
634 749 748 772 eorum
774 739 986 779 deficientiae,
1005 751 1020 772 3

285 792 401 824 ceteris
420 802 594 834 regnorum
613 792 792 834 Aragoniae
815 798 845 825 et
864 792 1021 825 Navarrae

284 845 453 877 monachis
472 844 740 888 Congregationis
759 845 943 878 huiusmodi
968 845 1022 878 ob-

284 896 462 936 tinendam,
478 898 693 938 fundaverint,
707 898 805 931 iidem
821 904 1020 941 exponentes

285 959 322 982 ac
347 949 456 982 dilecti
482 949 540 983 filii
565 951 665 983 abbas
702 956 734 984 et
768 951 921 984 monaehi
949 962 1021 983 mo-

284 1003 417 1035 nasterii
437 1003 615 1047 supradicti
633 1015 670 1037 ex
688 1007 762 1044 una,
783 1015 908 1037 necnon
925 1015 1023 1037 vene-

284 1055 397 1088 rabilis
414 1056 515 1088 frater
532 1057 707 1089 modernus
724 1057 895 1100 episcopus
910 1057 1024 1090 Oscen-

285 1108 341 1147 sis,
366 1108 475 1141 dilecti
496 1109 620 1152 pariter
636 1109 692 1142 filii
718 1110 890 1153 capitulum
917 1116 948 1143 et
972 1122 1023 1143 ca-

283 1161 393 1194 nonici
420 1162 577 1195 ecclesiae
597 1162 754 1203 Oscensis,
773 1164 938 1206 praedicta
954 1164 1023 1196 uni-

283 1214 417 1247 versitas
454 1225 490 1247 30
526 1216 759 1256 communitas,
799 1222 832 1248 et
870 1217 1020 1249 homines

284 1266 421 1300 civitatis
446 1267 596 1301 Oscensis
621 1279 658 1301 ex
684 1270 786 1302 altera
811 1270 967 1312 partibus,
982 1270 1020 1302 ad

284 1320 520 1353 occurrendum
553 1322 661 1354 litibus
694 1327 725 1354 et
760 1322 904 1355 dissidiis
939 1333 1020 1366 quae

282 1382 382 1415 super
407 1372 595 1407 fundatione
620 1375 808 1408 huiusmodi
841 1375 920 1408 oriri
948 1387 1021 1419 pos-

282 1431 364 1465 sunt,
384 1437 495 1459 mense
515 1428 624 1470 aprilis
644 1438 823 1462 MDCLxxxtx
845 1429 883 1461 ad
909 1440 1021 1472 quani-

283 1479 355 1512 dam
374 1480 625 1514 transactionem
644 1492 698 1515 seu
718 1482 923 1515 concordiam
938 1482 1021 1515 inter

283 1542 316 1565 se
343 1533 552 1573 devenerunt,
580 1546 651 1568 curn
682 1536 784 1578 pactis
810 1541 841 1568 et
865 1536 1021 1569 conditio-

283 1585 377 1619 nibus
402 1586 628 1630 infrascriptis,
655 1588 824 1622 videlicet:

326 1648 348 1672 1.
374 1638 571 1672 Conventum
598 1640 658 1672 fuit
685 1641 809 1684 primo,
838 1642 925 1685 quod
954 1642 1020 1685 epi-

282 1703 401 1736 scopus
426 1693 585 1733 Oscensis,
611 1694 798 1737 capitulum,
815 1696 1019 1737 universitas,

282 1751 439 1785 rectores,
453 1746 612 1784 doctores,
626 1747 784 1790 magistri,
798 1748 1019 1789 cathedratici,

282 1799 461 1833 consiliarii
486 1805 517 1832 et
541 1800 711 1832 consilium
735 1801 954 1834 universitatis
978 1803 1021 1835 ci-

281 1852 388 1885 vitatis
411 1852 595 1895 praedictae
617 1858 835 1895 opportunum
853 1861 1021 1897 praestent

282 1914 477 1937 consensum
502 1905 539 1937 ad
567 1905 630 1937 hoc
663 1910 698 1937 ut
722 1905 936 1948 Congregatio
972 1907 1021 1940 Ci-

282 1957 470 1990 stereiensis
506 1958 651 2000 praefata
687 1958 814 2001 erigere
850 1959 954 2002 possit
990 1966 1019 1993 et

282 2009 387 2052 erigat
418 2009 451 2042 in
482 2010 565 2042 dieta
600 2009 806 2044 universitate
833 2012 1019 2045 cathedram

282 2062 468 2105 theologiae
503 2064 561 2096 sub
597 2063 863 2097 denominatione
903 2065 1019 2098 Prima

281 2126 342 2159 pro
367 2116 536 2149 monachis
561 2116 665 2149 dietae
691 2116 961 2160 Congregationis
987 2119 1019 2151 in

282 2173 484 2212 perpetuum,
503 2180 574 2202 cum
592 2175 687 2213 pacto
705 2171 791 2213 quod
810 2171 921 2203 eadem
939 2171 1021 2205 Con-

282 2223 425 2265 gregatio
439 2229 607 2265 reportare
623 2223 739 2256 debeat
752 2225 1019 2267 approbationem

282 2275 403 2318 regiam
425 2281 457 2308 et
480 2276 706 2319 apostolicam.

325 2339 361 2362 11.
396 2328 486 2367 Quod
502 2356 509 2369 ‚
550 2329 676 2371 quoties
714 2340 804 2363 casus
845 2330 1021 2364 vacationis

283 2382 428 2416 evenerit
453 2383 555 2416 dictae
587 2383 774 2423 cathedrae,
799 2384 938 2417 vicarius
967 2395 1021 2427 ‹ge-

282 2436 402 2468 neralis
440 2436 545 2469 dictae
570 2436 839 2480 Congregationis
865 2443 897 2470 et
921 2438 1020 2470 abbas

283 2489 441 2531 praedicti
465 2490 654 2522 monasterii
675 2491 757 2533 regii
784 2491 822 2523 de
844 2490 938 2524 Petra
963 2501 1021 2534 pro

285 2546 432 2583 tempore
469 2547 640 2575 teneantur
676 2549 885 2586 praesentare
914 2554 1020 2576 coram

285 2593 445 2636 deputatis
470 2594 574 2628 dictae
598 2595 817 2630 universitatis
850 2596 932 2630 duos
957 2607 1024 2630 1110-

1065 263 1187 295 nachos
1202 263 1346 295 eiusdem
1360 266 1558 305 monasterii,
1570 277 1706 309 quorum
1721 271 1805 303 alter

1065 316 1234 357 eligendus
1253 316 1313 348 erit
1331 327 1347 348 a
1365 316 1484 349 vicario
1502 321 1647 360 geiierali
1676 327 1707 353 et
1723 324 1804 356 alter

1065 369 1104 399 ab
1130 369 1246 401 abbate
1272 370 1456 402 monasterii
1483 371 1521 403 de
1548 372 1651 411 Petra,
1673 380 1704 406 et
1728 387 1804 418 qua-

1066 424 1155 453 tenus
1174 421 1204 452 iu
1224 421 1309 454 dicto
1327 423 1524 456 monasterio
1539 435 1622 457 unus
1641 426 1805 461 dumtaxat

1065 474 1249 516 reperiatur
1266 485 1335 507 cum
1354 475 1569 519 infrascriptis
1585 479 1805 521 qualitatibus,

1065 525 1162 558 iidem
1187 526 1326 559 vicarius
1352 533 1384 560 et
1409 529 1507 562 abbas
1534 531 1655 573 eligere
1677 534 1806 566 valeant

1065 580 1164 611 alium
1202 591 1238 612 ex
1280 582 1351 614 aliis
1389 582 1493 615 dictae
1534 583 1804 628 Congregationis

1065 633 1296 673 monasteriis;
1334 635 1360 666 si
1396 646 1472 668 vcro
1510 638 1619 670 nullus
1653 639 1684 670 in
1717 640 1803 673 dicto

1065 683 1259 716 monasterio
1277 695 1349 717 cum
1368 685 1581 730 infrascriptis
1595 689 1804 730 qualitatibus

1066 736 1258 778 reperiatur,
1284 737 1422 771 vicarius
1456 741 1618 781 generalis
1654 747 1805 775 teneatur

1065 795 1273 830 praesentare
1299 791 1410 830 alium,
1431 798 1460 824 et
1479 793 1575 826 alium
1594 794 1693 827 abbas
1711 807 1805 838 prae-

1065 840 1159 881 fatus,
1194 842 1249 884 qui
1283 849 1422 886 nequeat
1455 856 1471 877 a
1506 846 1625 880 vicario
1657 850 1804 889 generali

1065 903 1162 936 super
1187 894 1248 927 hac
1274 898 1537 938 praesentatione
1563 899 1725 943 impediri,
1744 913 1804 936 nec

1066 956 1081 978 e
1108 953 1234 980 contra.

1109 1010 1157 1033 111.
1185 1000 1320 1038 Quando
1348 1013 1426 1037 vero
1453 1008 1673 1048 praesentatio
1692 1008 1746 1042 siet
1764 1010 1803 1043 de

1066 1053 1191 1087 duobus
1209 1056 1389 1097 monachis,
1409 1068 1544 1101 quorum
1562 1061 1644 1093 alter
1664 1062 1703 1094 sit
1719 1061 1803 1096 silius

1066 1106 1141 1139 dicti
1166 1110 1357 1143 monasterii
1384 1111 1423 1144 de
1449 1112 1544 1145 Petra
1569 1119 1600 1146 et
1620 1116 1702 1148 alter
1725 1117 1804 1149 alte-

1065 1159 1130 1192 rius
1162 1163 1374 1204 monasterii,
1400 1170 1471 1206 post
1496 1166 1612 1199 factum
1649 1169 1688 1201 ab
1726 1169 1804 1211 ipsis

1066 1214 1253 1246 exercitium
1279 1216 1458 1250 litterarum
1482 1229 1541 1262 pro
1567 1221 1669 1254 dictae
1695 1223 1805 1256 cathe-

1065 1266 1142 1298 drae
1183 1268 1378 1310 provisione,
1403 1271 1597 1306 universitas
1633 1274 1802 1308 arbitrium

1065 1330 1156 1352 suum
1183 1322 1258 1354 dare
1285 1327 1432 1356 teneatur
1448 1327 1609 1360 monacho
1634 1327 1701 1361 filio
1726 1329 1803 1362 dicti

1065 1374 1252 1406 monasterii
1278 1376 1317 1408 de
1344 1376 1447 1410 Petra.

1108 1436 1150 1458 iv.
1178 1427 1277 1466 Item,
1314 1430 1400 1472 quod
1424 1430 1562 1465 vicarius
1587 1435 1748 1474 generalis
1773 1438 1804 1468 et

1064 1478 1163 1511 abbas
1198 1490 1263 1512 non
1298 1481 1425 1523 possint
1460 1492 1669 1526 praesentare
1693 1498 1805 1521 mona-

1064 1531 1157 1572 chos,
1184 1533 1243 1565 nisi
1270 1534 1359 1576 prius
1376 1542 1501 1570 constet
1518 1538 1678 1581 deputatis
1700 1540 1802 1575 dictae

1064 1584 1283 1619 universitatis
1309 1588 1397 1630 quod
1417 1589 1515 1622 iidem
1542 1593 1691 1625 monaehi
1718 1595 1803 1637 lege-

1064 1638 1128 1670 rint
1141 1639 1245 1681 spatio
1260 1641 1372 1674 decem
1387 1653 1544 1676 annorum
1559 1645 1802 1689 philosophiam

1064 1697 1117 1723 aut
1141 1692 1338 1736 theologiam
1363 1693 1394 1727 iu
1420 1696 1577 1739 religione
1603 1705 1657 1732 aut
1681 1700 1803 1733 univer-

1064 1745 1156 1778 sitate
1182 1747 1362 1788 praedicta,
1388 1749 1542 1792 quodque
1566 1750 1614 1784 bis
1640 1762 1674 1784 se
1699 1763 1803 1796 oppo-

1064 1799 1171 1831 nendo
1207 1799 1239 1831 in
1275 1809 1435 1833 concursu
1470 1803 1604 1836 alicuius
1629 1805 1802 1839 cathedrae

1063 1852 1293 1895 philosophiae
1318 1854 1368 1886 vel
1395 1854 1581 1898 theologiae
1608 1857 1711 1891 dietae
1735 1859 1804 1891 uni-

1063 1906 1219 1938 versitatis
1244 1907 1394 1948 legerint,
1421 1912 1453 1940 et
1471 1908 1496 1940 si
1516 1909 1633 1952 aliquis
1651 1920 1687 1942 ex
1707 1911 1801 1943 dictis

1062 1959 1230 1992 monachis
1266 1961 1483 2002 praesentatis
1512 1961 1629 2004 legerit
1665 1963 1697 1995 in
1732 1963 1803 1996 uni-

1064 2012 1214 2044 versitate
1252 2013 1386 2045 duorum
1421 2024 1581 2046 annorum
1607 2016 1713 2058 spatio
1738 2028 1804 2050 me-

1062 2064 1171 2098 diante
1210 2065 1446 2108 approbatione
1483 2067 1712 2110 deputatorum
1746 2075 1802 2103 aut

1062 2118 1342 2157 scholasticorum,
1365 2119 1577 2153 nihilominus
1611 2122 1731 2156 habilis
1761 2123 1802 2156 sit

1063 2171 1185 2214 absque
1213 2171 1305 2204 dictis
1331 2172 1608 2215 oppositionibus.

1106 2235 1135 2257 v.
1168 2225 1269 2265 Item,
1303 2226 1390 2268 quod
1426 2227 1581 2259 cathedra
1613 2238 1680 2260 non
1712 2234 1803 2262 vacet

1063 2277 1123 2310 nisi
1148 2278 1328 2311 monachus
1355 2279 1393 2311 de
1420 2281 1457 2311 ea
1481 2280 1627 2322 provisus
1644 2281 1733 2314 illam
1759 2283 1803 2315 di-

1064 2330 1168 2363 mittat
1202 2336 1276 2374 post
1307 2332 1430 2374 lapsum
1457 2332 1717 2377 vigintiquinque
1744 2345 1802 2367 an-

1064 2393 1179 2415 norum
1212 2395 1228 2416 a
1260 2384 1377 2426 quibus
1402 2385 1531 2426 legerit,
1556 2386 1608 2418 hic
1635 2397 1708 2420 vero
1735 2399 1804 2421 1110·

1064 2436 1185 2468 naehus
1200 2442 1366 2469 remaneat
1380 2438 1511 2480 quidem
1533 2449 1604 2471 cum
1623 2439 1728 2479 titulo,
1746 2441 1802 2473 sed

1064 2489 1133 2522 sine
1159 2489 1335 2532 stipendio,
1362 2495 1393 2522 et
1417 2492 1608 2532 monachus,
1638 2503 1696 2535 pro
1723 2499 1803 2525 tem-

1065 2553 1145 2586 pore
1163 2553 1221 2586 pro
1237 2554 1301 2586 quo
1320 2544 1444 2587 legerit,
1467 2545 1508 2577 sit
1522 2545 1685 2578 subiectus
1701 2546 1803 2578 visita-

1066 2596 1145 2630 tioni
1172 2597 1403 2641 deputatorum
1422 2604 1453 2632 et
1469 2599 1586 2632 ceteris
1603 2599 1802 2633 observatio-

1702 210 1765 242 ⁶239
1812 221 1859 246 an.
1877 222 1903 246 (1.
1929 223 1991 248 1⁴91
