2254 3225
221 209 270 234 An.
285 207 315 235 C.
333 207 394 233 1691

443 197 507 230 ⁹286

413 255 477 287 tius
502 255 586 287 iusta
610 255 649 287 de
674 255 768 287 eausa
793 254 924 297 petierit
954 255 1050 287 alium
1075 264 1148 286 con-

414 307 591 346 fessarium,
612 308 763 350 superior
780 312 929 340 teneatur
949 307 1039 339 illum
1057 307 1144 339 dare.

457 372 487 393 x.
514 360 654 393 Ulterius
681 360 801 393 debent
831 361 944 392 instrui
971 359 1083 393 novitii
1107 359 1146 391 ad

413 413 593 446 orationem
613 413 728 445 mentis
747 418 778 445 et
797 413 863 445 oris
888 413 1034 456 quotidie
1054 421 1147 453 agen-

415 467 496 506 dam,
515 466 552 499 ad
577 476 671 509 quam
691 466 842 508 magister
859 470 978 508 typum,
997 464 1145 497 ordinem

415 524 447 550 et
481 524 607 561 tempus
633 518 856 561 praescribat,
883 528 1002 560 eosque
1027 517 1147 560 pariter

414 571 560 603 instituat
583 572 621 603 ad
643 570 874 603 conscientiam
893 570 1019 612 saepius
1044 570 1076 602 in
1095 569 1146 601 die

413 624 673 663 discutiendam
702 625 801 656 libros
836 623 988 666 mysticae
1021 623 1146 655 theolo-

414 677 483 716 giae
511 677 643 709 devotos
666 681 697 709 et
721 676 904 718 spirituales
928 676 1013 719 apud
1038 686 1070 708 se
1099 685 1147 707 re-

414 729 517 760 tinere
542 734 573 761 et
598 729 711 761 crebro
738 729 847 769 legere
873 728 1032 765 studeant,
1056 732 1091 759 ut
1114 728 1145 759 in

414 782 461 813 eis
487 781 656 813 scientiam
689 785 871 812 sanctorum
905 780 1057 819 ediscant,
1082 790 1169 811 ine-¹

415 833 536 866 ditandi
563 838 595 866 et
623 832 864 875 contemplandi
890 832 1003 864 modos
1028 837 1060 864 et
1084 832 1148 865 dis-

414 886 549 918 crimina
581 886 763 924 disserant,
797 891 829 918 et
862 885 978 928 cuique
1011 886 1147 918 alterum

415 949 527 971 eorum
546 943 674 977 statuat,
693 943 789 981 prout
806 938 922 981 gradus
939 937 1147 980 perfectionis

416 997 447 1023 et
472 991 650 1024 necessitas
676 991 900 1034 postulaverit.
933 991 1017 1023 Vitas
1049 991 1146 1023 etiam

415 1044 544 1076 Patrum
571 1049 602 1076 et
626 1043 818 1076 Sanctorum
835 1042 961 1075 Ordinis
981 1043 1146 1075 lectitandi

415 1096 684 1129 consuetudinem
711 1096 848 1137 ingerat.
876 1095 919 1128 De
945 1096 1062 1138 quibus
1086 1106 1149 1128 om-

414 1150 510 1182 nibus
534 1149 566 1181 in
592 1150 663 1181 loco
688 1149 727 1182 ad
753 1149 866 1181 cadem
892 1148 1051 1181 destinato
1076 1159 1148 1180 cum

415 1202 569 1242 magistro
598 1202 648 1234 vel
674 1201 763 1234 socio
789 1201 934 1243 quotidie
965 1211 1025 1244 per
1056 1200 1148 1233 dimi-

417 1255 500 1286 diam
522 1255 558 1286 ad
577 1254 682 1286 minus
710 1252 838 1286 lioram¹
863 1253 1070 1286 collationem
1089 1254 1149 1296 spi-

416 1307 564 1339 ritualem
589 1305 891 1348 indispensabiliter
916 1306 1067 1338 habeant.

459 1369 501 1392 xi.
531 1359 689 1397 Quantum
715 1359 753 1391 ad
776 1358 957 1391 orationem
990 1360 1147 1399 vocalem,

416 1413 553 1444 maxime
580 1412 745 1444 incumbat
780 1416 815 1443 ut
845 1412 942 1444 horas
976 1412 1149 1443 canonicas

418 1464 448 1496 in
475 1465 575 1497 choro
601 1469 722 1496 attente
754 1469 786 1496 et
812 1464 926 1496 devote
954 1465 1148 1506 persolvant,

418 1522 449 1549 et
485 1517 642 1559 quidquid
677 1516 812 1549 recitent
845 1522 907 1549 tam
939 1516 1025 1549 intra
1053 1527 1148 1559 quam

418 1575 506 1601 extra
531 1569 664 1601 chorum
691 1578 755 1601 non
782 1569 850 1601 sola
873 1578 951 1602 voce
977 1574 1007 1601 et
1024 1568 1148 1611 spiritu,

417 1622 472 1654 sed
498 1627 607 1653 mente
633 1621 753 1664 pariter
776 1622 935 1664 psallant,
962 1621 1085 1663 regulis
1104 1621 1150 1654 di·
1171 1634 1173 1646 =

417 1674 481 1705 vini
508 1673 614 1712 officii,
637 1674 852 1706 caeremoniis
872 1678 905 1706 et
923 1673 1045 1713 ritibus,
1067 1674 1150 1707 iuxta

419 1736 588 1759 romanum
619 1730 651 1757 et
674 1736 767 1758 usum
790 1725 921 1758 Ordinis
947 1726 1067 1765 nostri,
1093 1736 1149 1759 eos

420 1779 596 1821 diligenter
621 1778 759 1816 imbuat,
784 1787 844 1821 pro
870 1778 996 1821 quibus,
1023 1784 1054 1811 et
1078 1779 1151 1811 reli-

420 1832 492 1874 quis
517 1842 553 1864 ex
581 1832 693 1873 regula
717 1836 748 1863 et
772 1831 1057 1863 constitutionibus
1082 1841 1152 1874 per-

420 1884 604 1920 tractandis,
632 1884 769 1926 singulis
795 1884 906 1917 dicbus
924 1890 1052 1927 tempus
1078 1894 1152 1927 spe-

420 1938 501 1970 ciale
527 1938 716 1980 praestituat
747 1938 785 1969 ab
817 1937 966 1969 omnibus
1004 1937 1073 1970 aliis
1098 1947 1153 1969 oc-

420 1990 642 2033 cupationibus
653 1995 811 2032 ereptum.
824 1990 983 2032 integrum
994 1990 1151 2022 Horarum

420 2054 556 2087 pensum
575 2054 630 2076 eos
644 2043 787 2085 quotidie
801 2043 938 2086 implere
953 2043 1151 2081 assuefaciat,

421 2101 466 2137 ut,
486 2106 555 2127 cum
578 2095 717 2138 professi
745 2095 874 2135 fuerint,
899 2096 1093 2138 propensius
1117 2096 1153 2128 il-

421 2149 475 2182 lud
502 2152 686 2180 exerceant.
714 2147 855 2180 Noritios
880 2148 978 2180 laicos
1010 2148 1153 2180 ministe-

421 2201 503 2233 rium
531 2201 575 2232 rei
602 2211 708 2232 sacrae
735 2200 921 2242 specialiter
945 2201 1098 2239 edoceat,
1124 2206 1176 2232 et¹

421 2253 597 2285 universim
617 2262 711 2284 omne
729 2253 767 2284 ad
795 2253 855 2284 boc
881 2263 994 2285 munus
1019 2252 1155 2284 comiter
1174 2246 1176 2254 ¹

422 2311 455 2338 et
479 2306 591 2337 devote
609 2305 831 2346 exequendum
850 2304 936 2336 iuxta
954 2304 1152 2337 rubricarum

424 2364 455 2390 et
479 2356 725 2390 caeremonialis
757 2356 885 2389 Ordinis
918 2356 1025 2398 apices
1052 2357 1176 2388 solor-¹

423 2411 547 2443 tissime
574 2410 721 2441 instruat.

468 2474 522 2496 xli.
551 2463 597 2494 Ad
627 2462 843 2500 devotionem,
881 2463 1001 2494 cultum
1036 2468 1065 2493 et
1091 2454 1177 2504 pic-f

423 2521 520 2549 tatem
553 2525 629 2557 erga
661 2515 879 2546 timaussimam
905 2513 1068 2555 vaginem
1094 2515 1156 2546 Ma-

461 2580 471 2604 1
495 2577 564 2603 Edit.
589 2577 669 2602 Main.
692 2575 772 2601 hahet
791 2575 862 2601 hora
882 2576 919 2608 (n.
937 2577 985 2609 T.).

978 206 1157 230 minianum
1181 206 1335 230 nonANmt

1188 254 1268 286 riam
1293 253 1406 285 invitet
1429 252 1502 286 illos
1525 253 1721 296 saepissime,
1747 257 1779 286 et
1812 254 1856 286 sie
1879 253 1918 286 ad

1190 307 1256 339 eius
1283 306 1490 339 dilectionem
1516 312 1680 350 provocet,
1707 317 1841 350 eamque
1865 317 1919 340 ve-

1188 361 1236 392 lut
1249 360 1451 401 signaculum
1469 359 1612 403 ipsorum
1629 361 1779 393 cordibus
1797 360 1916 403 infigat,

1187 417 1221 444 ut
1244 412 1326 444 nihil
1351 412 1390 444 sit
1415 411 1446 444 in
1473 422 1540 452 ore,
1573 412 1655 445 nihil
1682 413 1713 445 in
1738 419 1845 446 mente
1868 413 1918 446 vel

1188 474 1299 507 opere,
1327 464 1413 507 quod
1438 464 1567 497 Mariam
1587 475 1652 497 non
1670 470 1810 505 resonet,
1835 463 1918 498 nihil

1189 517 1234 550 eis
1259 517 1327 549 sine
1352 517 1448 549 Maria
1472 517 1585 559 sapiat,
1609 517 1693 549 nihil
1725 528 1796 550 cum
1821 517 1919 550 Maria

1189 570 1366 612 displiceat,
1381 575 1412 603 et
1435 575 1549 603 cuncta
1574 570 1607 602 in
1632 569 1700 603 eius
1720 570 1850 604 nomine
1867 580 1921 613 ag-

1189 623 1376 665 grediantur
1409 628 1439 656 et
1473 627 1599 666 gerant.
1626 622 1683 661 Qui
1709 623 1778 656 eius
1813 623 1918 656 officio

1188 686 1287 719 parvo
1312 676 1344 708 in
1370 676 1472 708 choro
1490 686 1555 709 non
1579 676 1771 715 interfuerit,
1798 676 1829 710 id
1854 676 1920 719 pri-

1188 729 1282 760 vatim
1310 728 1539 761 inviolabiliter
1562 729 1735 771 compleat.
1759 728 1833 761 Post
1849 739 1921 762 coe-

1189 792 1259 813 nam
1285 786 1392 813 autem
1419 786 1480 814 tam
1506 781 1617 814 novitii
1642 791 1736 824 quam
1762 781 1919 824 professi,

1190 833 1333 876 quinque
1373 833 1488 866 rosarii
1526 833 1663 866 decadas
1698 843 1768 865 cum
1810 833 1921 867 litania

1190 887 1353 919 lauretana
1379 886 1583 919 devotissime
1607 886 1639 918 in
1665 886 1807 919 oratorio
1842 885 1921 918 reci-

1190 943 1273 978 tent,
1293 939 1409 982 quibus
1434 939 1586 982 peractis,
1601 948 1734 972 examen
1758 938 1922 971 conscien-

1191 992 1252 1023 tiae
1280 991 1396 1024 faciant
1427 1002 1486 1034 per
1517 991 1655 1034 aliquam
1692 992 1848 1023 morulam
1881 990 1921 1023 ad

1190 1044 1356 1076 arbitrium
1381 1044 1538 1086 magistri,
1562 1049 1740 1086 posteaque
1766 1043 1827 1075 sibi
1845 1042 1923 1085 ipsis·

1190 1102 1221 1128 et
1246 1096 1434 1129 dormitorio
1458 1096 1657 1129 benedicant
1688 1100 1859 1139 antequam
1883 1095 1923 1127 ad

1191 1149 1332 1191 quictem
1358 1159 1390 1181 se
1415 1148 1585 1192 recipiant.

1233 1212 1302 1235 xm.
1340 1201 1481 1244 Singulis
1516 1200 1614 1233 sextis
1651 1200 1760 1240 feriis,
1784 1201 1833 1234 vel
1859 1199 1921 1233 alia

1191 1254 1333 1286 eiusdem
1356 1253 1590 1292 hebdomadae,
1607 1254 1718 1296 culpas
1737 1252 1845 1285 dicant
1860 1262 1924 1284 ma—

1192 1307 1291 1348 gistro
1328 1306 1549 1349 capitulariter
1583 1310 1803 1347 congregato;
1841 1315 1924 1347 quos

1192 1364 1296 1391 autem
1322 1359 1376 1391 ille
1412 1364 1525 1402 aperte
1556 1359 1758 1400 negligentes
1793 1363 1848 1390 aut
1878 1358 1924 1390 la-

1193 1422 1265 1454 psos
1296 1412 1328 1443 in
1364 1411 1471 1454 aliqua
1506 1411 1646 1452 regulari
1683 1411 1777 1453 culpa
1808 1409 1925 1453 depre-

1194 1463 1356 1504 henderit,
1384 1464 1480 1496 verbo
1506 1468 1535 1495 et
1560 1473 1659 1506 opere
1684 1462 1835 1504 corrigat,
1860 1472 1925 1494 non

1193 1516 1323 1558 quidem
1349 1516 1464 1548 acerbe
1491 1516 1540 1548 vel
1565 1515 1687 1554 acriter,
1710 1515 1766 1547 sed
1785 1514 1926 1546 suaviter

1193 1574 1225 1601 et
1259 1569 1349 1608 mite,
1376 1574 1410 1600 nt
1446 1577 1501 1601 eos
1536 1568 1575 1600 ad
1599 1567 1767 1599 meliorem
1801 1567 1926 1608 frugem

1193 1620 1302 1664 potius
1327 1620 1527 1662 benignitate
1561 1630 1656 1662 quam
1681 1618 1849 1652 severitate
1880 1619 1928 1650 in-

1194 1674 1306 1714 ducat;
1334 1684 1396 1717 quo
1421 1673 1516 1706 modo
1542 1673 1573 1705 in
1599 1671 1757 1715 capitulo,
1782 1672 1832 1704 vel
1856 1671 1927 1704 ubi-

1193 1736 1331 1770 cumque
1356 1726 1516 1768 obiurgati
1548 1725 1684 1765 fuerint,
1709 1735 1725 1757 a
1760 1723 1926 1767 superiore

1195 1779 1317 1812 veniam
1343 1783 1474 1821 captare
1504 1779 1659 1816 debeant,
1684 1777 1841 1816 instituat3
1868 1777 1926 1809 ali-

1195 1832 1322 1875 quando
1348 1831 1442 1863 etiam
1467 1831 1535 1862 siue
1570 1832 1666 1862 causa
1694 1835 1755 1861 tam
1789 1828 1926 1861 novitios

1195 1894 1289 1927 quam
1316 1884 1480 1926 professos
1505 1883 1659 1914 nonnulla
1683 1880 1927 1913 mortificatione

1196 1938 1371 1979 prudenter
1396 1941 1549 1973 exerceat,
1564 1936 1611 1966 vel
1632 1934 1792 1966 interdum
1811 1934 1848 1965 ad
1870 1943 1929 1976 pu-

1196 1990 1350 2022 nitionem
1378 1987 1563 2032 praeparari
1603 1987 1722 2025 iubeat,
1759 1991 1793 2017 ut
1829 1985 1927 2017 animi

1173 2041 1482 2085 promptitudinem
1511 2040 1550 2072 ad
1584 2037 1800 2072 obediendum
1826 2048 1927 2080 agno-

1197 2100 1275 2126 δι’ὲλὶ.

1239 2157 1299 2179 xiv.
1328 2145 1468 2179 Novitius
1493 2154 1525 2177 se
1557 2154 1685 2186 semper
1710 2143 1742 2175 in
1767 2144 1823 2174 sua
1847 2143 1928 2175 cella

1197 2200 1369 2236 contineat,
1395 2209 1453 2230 nee
1488 2198 1526 2229 ad
1561 2197 1655 2229 aliam
1692 2201 1833 2228 transeat
1857 2196 1927 2227 sine

1199 2253 1326 2285 licentia
1343 2251 1503 2293 magistri,
1520 2250 1632 2283 nullibi
1650 2250 1760 2282 oeulos
1773 2248 1927 2280 sublimes

1199 2306 1327 2344 liabent,
1355 2305 1411 2336 scd
1437 2303 1586 2336 dimissos
1610 2302 1669 2334 sibi
1695 2300 1814 2343 aliquid
1840 2300 1928 2333 danti

1198 2364 1226 2389 ct
1253 2357 1423 2391 auferenti,
1445 2362 1494 2387 aut
1515 2355 1609 2387 etiam
1630 2353 1860 2396 improperanti
1879 2353 1927 2385 vel

1199 2409 1349 2448 laudanti,
1364 2419 1396 2440 se
1416 2409 1528 2440 devote
1544 2413 1573 2439 et
1593 2405 1758 2438 humiliter
1777 2405 1926 2443 inelinct;

1199 2472 1356 2505 prospera
1380 2468 1410 2492 ct
1435 2461 1569 2492 adversa
1600 2458 1794 2490 unanimiter
1824 2463 1855 2489 et
1879 2468 1930 2490 ae-

1199 2517 1260 2557 quit
1297 2515 1398 2546 fronte
1425 2512 1597 2554 suscipiat,
1624 2511 1662 2543 de
1689 2520 1722 2541 re
1748 2511 1835 2542 nulla
1858 2520 1928 2541 cum

1925 208 1978 234 Αη.
1994 208 2106 236 C.1691

1200 2567 1262 2599 alio
1289 2565 1484 2598 contendere
1519 2565 1644 2604 audeat,
1678 2574 1736 2595 nce
1766 2573 1799 2595 se
1825 2563 1873 2596 vel
1898 2568 1936 2594 ω’
