2254 3225
193 212 244 239 An.
271 215 298 239 C.
323 212 387 239 1689
434 202 476 236 '12

390 263 577 304 eligeretur,
610 261 664 305 qui
698 261 847 294 eumdem
872 259 1025 293 Ordinem
1062 267 1127 290 non

389 321 475 348 esset
499 326 652 358 expresse
669 315 843 358 professus,
869 318 899 345 et
924 312 1030 344 taliter
1047 311 1128 343 sacta

392 369 508 401 electio
531 374 616 401 esset
639 379 698 411 pro
723 367 791 399 iure
816 367 920 404 nulla,
945 370 977 397 et
1002 364 1047 395 sic
1071 363 1128 395 eli-

392 428 505 464 gentes
526 432 662 464 poenam
687 419 874 464 privationis
898 418 982 451 vocis
1007 417 1127 449 activae

393 481 426 508 ct
450 475 595 518 passivae
622 475 653 507 in
679 478 872 517 perpetuum
899 482 937 503 eo
963 471 1034 512 ipso
1057 469 1130 500 abs-

393 538 456 570 que
489 527 550 560 alia
576 526 795 559 declaratione
827 525 1055 556 incurrerent:
1083 520 1130 552 di-

392 580 468 613 lecti
489 580 546 612 filii
564 581 697 612 abbates
716 578 791 611 dicti
810 577 948 613 Ordinis,
967 575 999 606 iu
1016 574 1128 606 ultimo

394 644 506 666 eorum
525 633 664 675 capitulo
683 629 827 673 generali
842 627 985 659 (listercii
1007 636 1037 659 ix
1054 625 1128 658 maii

392 695 546 719 MDCvan
570 690 600 718 et
625 684 696 717 aliis
715 683 828 716 diebus
845 678 1056 722 sequentibus
1079 688 1132 710 ce-

393 738 519 772 lebrato
545 736 743 780 congregati,
761 733 893 777 publico
915 732 1060 765 ciusdem
1078 730 1132 764 Or-

395 791 478 824 dinis
495 792 582 824 bono
601 790 801 832 profuturam
820 786 1040 819 existimarunt
1058 791 1132 827 pro-

395 844 565 877 hibitionis
599 849 629 876 et
659 851 835 885 poenarum
866 837 1052 872 huiusmodi
1079 847 1132 870 cx-

395 897 579 930 tensiouem
610 896 649 928 ad
683 895 763 927 alios
793 902 1016 936 quoscumque
1039 888 1132 924 Ordi-

395 950 446 983 nis
483 949 642 992 praedicti
675 947 859 989 religiosos,
890 945 945 988 qui
976 953 1131 987 personas

396 1003 545 1035 eumdem
570 1001 722 1034 Ordinem
748 1009 813 1031 non
838 998 999 1041 professas
1024 995 1057 1028 in
1078 996 1133 1028 ab·

395 1056 486 1088 bates
511 1055 646 1087 aliorum
667 1052 939 1085 monasteriorum
957 1049 1058 1093 ipsius
1076 1049 1133 1083 Or-

397 1108 480 1140 dinis
506 1106 675 1148 clegerint.
703 1105 800 1137 *Nobis
825 1109 1001 1146 propterea
1027 1102 1131 1134 dictus

396 1165 584 1203 procurator
597 1157 756 1201 generalis
770 1156 939 1189 humiliter
956 1153 1131 1198 supplicari

395 1212 470 1245 secit
491 1218 525 1244 ut
549 1211 580 1243 in
606 1209 792 1253 praemissis
819 1213 1004 1252 opportune
1029 1208 1134 1250 provi-

397 1265 473 1297 dere
499 1270 530 1296 et
553 1268 587 1295 ut
612 1263 694 1294 int'ra
726 1262 896 1304 indulgere
921 1261 960 1293 de
984 1259 1134 1302 benigni-

396 1323 460 1350 tate
481 1315 659 1359 apostoliea
685 1315 907 1356 dignaremur.
934 1313 996 1346 Nos
1021 1312 1132 1354 igitur,

396 1370 498 1413 ipsius
524 1367 738 1412 procuratoris
776 1367 939 1410 generalis
972 1364 1134 1398 dosiderIO

398 1423 458 1455 hac
476 1422 507 1454 in
526 1432 559 1454 re
579 1420 796 1453 favorabiliter
813 1429 956 1452 annuere
974 1419 1135 1457 volentes,

399 1485 538 1518 eumque
557 1485 573 1507 a
593 1473 759 1517 quibusvis
780 1471 1136 1510 excommunicationis,

399 1528 624 1572 suspensionis
649 1532 681 1560 et
713 1526 901 1566 interdicti,
923 1526 1063 1568 aliisque
1088 1535 1137 1557 ec-

400 1580 589 1614 clesiasticis
618 1579 803 1619 sententiis,
831 1579 975 1611 censuris
1001 1584 1033 1611 et
1061 1589 1138 1621 poe-

400 1634 460 1672 nis,
480 1645 497 1666 a
523 1634 592 1666 iure
616 1635 665 1666 vel
686 1634 726 1666 ab
753 1633 896 1672 homine,
914 1631 1023 1675 quavis
1046 1642 1139 1664 occa-

401 1687 491 1719 sione
516 1688 566 1720 vel
587 1689 681 1719 causa
706 1685 790 1726 latis,
809 1686 836 1717 si
862 1685 978 1728 quibus
1005 1695 1139 1727 quomo-

401 1740 528 1772 dolibet
551 1739 726 1771 innodatus
760 1738 891 1778 existit,
926 1738 964 1770 ad
990 1737 1138 1770 etl'ectum

400 1791 624 1835 praesentium
657 1792 822 1824 dumtaxat
847 1790 1136 1833 consequendum,

403 1846 518 1877 haruin
548 1845 631 1877 serie
656 1845 863 1878 absolventes
893 1849 925 1876 et
957 1844 1139 1876 absolutum

403 1899 471 1931 sore
497 1903 687 1938 censentes,
715 1896 901 1930 huiusmodi
927 1896 1140 1940 supplicatio-

403 1952 498 1984 nibus
518 1951 678 1991 inclinati,
695 1951 734 1983 de
754 1949 990 1983 venerabilium
1008 1949 1140 1981 fratrum

403 2010 590 2037 nostrorum
615 2004 646 2036 S.
674 2004 710 2036 R.
739 2003 774 2036 E.
797 2002 1009 2038 cardinalium
1042 2013 1142 2045 nego-

405 2057 458 2089 tiis
480 2062 511 2089 et
542 2056 839 2089 consultationibus
864 2055 1092 2099 episcoporum
1112 2061 1143 2089 et

405 2109 604 2151 regularium
635 2109 896 2152 praepositorum
921 2108 1077 2150 consilio,
1103 2118 1143 2142 ne

406 2163 494 2194 ullus
521 2162 552 2194 in
577 2168 754 2204 posterum,
778 2162 832 2204 qui
857 2161 1009 2195 Ordinem
1035 2172 1145 2204 supra-

408 2215 528 2247 dictum
562 2225 626 2247 non
663 2215 704 2247 sit
736 2225 888 2258 expresse
912 2215 1086 2258 professus,
1113 2215 1145 2246 in

408 2268 556 2300 abbatem
582 2268 813 2311 cuiuscumque
847 2268 1038 2301 monasterii
1063 2268 1147 2301 eius-

409 2321 482 2353 dem
507 2320 634 2353 Ordinis
672 2321 832 2364 eligatur,
859 2321 1005 2364 alioquin
1040 2321 1148 2353 taliter

410 2373 493 2405 sacta
518 2373 634 2405 electio
660 2374 699 2405 sit
724 2374 795 2416 ipso
821 2374 890 2406 iure
916 2375 1023 2413 nulla,
1048 2379 1081 2406 et
1104 2373 1148 2405 sic

410 2426 570 2467 eligentes
595 2436 734 2468 poenam
758 2427 948 2469 privationis
972 2427 1059 2460 vocis
1077 2426 1149 2459 acti-

410 2489 468 2511 vae
494 2484 526 2510 et
556 2478 699 2520 passivae
732 2479 763 2511 in
795 2486 987 2522 perpetuum
1017 2490 1055 2512 eo
1082 2480 1148 2522 ipso

410 2531 530 2573 absque
557 2530 617 2563 alia
642 2531 861 2564 declaratione
884 2532 1061 2572 incurrant,
1087 2542 1145 2564 au-

409 2583 556 2617 ctoritate
577 2584 764 2627 apostolica.
783 2589 894 2618 tenore
916 2584 1148 2627 praesentium,
1166 2615 1172 2620 ,

981 211 1059 233 Lt‘LL
1068 213 1077 231 t
1084 211 1100 232 R
1107 210 1112 232 l
1119 210 1158 232 t'lt
1185 207 1337 231 1:27131531'31

1170 256 1380 299 prohibemus
1399 253 1523 296 pariter
1544 258 1575 286 et
1600 252 1834 286 interdicimus.
1855 252 1911 285 De-

1170 314 1343 342 cernentes
1380 308 1511 340 easdem
1551 311 1742 348 praesentes
1785 307 1910 340 litteras

1172 371 1301 404 semper
1324 360 1441 399 firmas,
1472 359 1593 392 validas
1619 365 1651 392 et
1675 360 1820 392 efficaces
1846 359 1897 391 exi

1171 420 1256 447 stere
1282 419 1315 446 et
1339 414 1418 452 sore,
1443 423 1588 455 suosque
1614 413 1779 455 plenarios
1805 419 1837 445 et
1861 413 1894 445 in

1172 472 1281 508 teg-ros
1307 465 1440 498 effectus
1466 465 1576 497 sortiri
1595 470 1626 498 et
1643 465 1802 504 obtinere,
1817 475 1853 497 ac
1871 465 1910 497 ab

1156 519 1257 573 ¹illis,
1287 519 1324 551 ad
1352 528 1435 561 quos
1461 523 1586 561 spectat
1613 523 1645 551 et
1676 528 1735 561 pro
1763 522 1911 561 tempore

1172 572 1442 614 quandocumque
1461 571 1623 614 spectabit
1642 571 1674 603 in
1694 571 1845 610 futurum,
1864 570 1899 602 in

1173 624 1370 657 violabiliter
1403 624 1594 663 observari,
1621 624 1730 666 sicque
1754 622 1787 655 in
1812 633 1907 666 prae-

1174 677 1282 710 missis
1307 688 1365 721 per
1389 687 1614 720 quoscumque
1638 677 1762 710 iudices
1783 676 1914 709 ordina-

1174 730 1240 763 rios
1257 735 1288 763 et
1303 731 1487 773 delegatos,
1507 731 1603 763 etiarn
1621 740 1786 763 causarum
1800 729 1913 773 palatii

1174 783 1345 828 apostolici
1371 784 1550 824 auditores,
1569 783 1703 817 iudicari
1728 788 1761 816 et
1785 782 1911 816 definiri

1173 837 1317 875 debere,
1344 847 1381 870 ac
1415 837 1547 870 irritum
1572 842 1604 869 et
1627 837 1726 870 inane
1762 835 1788 868 si
1820 846 1914 868 secus

1174 900 1273 933 super
1304 890 1355 922 his
1387 900 1404 922 a
1429 900 1613 933 quoquam,
1640 889 1752 932 quavis
1777 888 1915 921 auctori-

1176 947 1252 983 tate,
1275 943 1415 976 scienter
1439 944 1489 976 vel
1515 943 1713 984 ignoranter,
1740 941 1917 984 contigerit

1174 996 1339 1029 attentari.
1369 996 1439 1028 Non
1476 996 1680 1028 obstantibus
1707 995 1915 1028 constitutio-

1174 1049 1269 1081 nibus
1289 1054 1321 1082 et
1341 1049 1602 1082 ordinationibus
1622 1048 1820 1091 apostolicis,
1842 1058 1903 1080 nec

1174 1110 1252 1141 non,
1280 1107 1440 1144 quatenus
1472 1111 1555 1143 opus
1584 1101 1642 1141 sit,
1670 1100 1749 1133 dicti
1773 1099 1915 1139 Ordinis,

1175 1154 1273 1187 etiam
1298 1154 1491 1193 iuramento,
1518 1153 1763 1186 confirmatione
1789 1157 1918 1195 aposto-

1175 1207 1245 1245 lica,
1264 1208 1314 1240 vel
1346 1207 1457 1249 quavis
1483 1206 1634 1239 firmitate
1656 1206 1717 1238 alia
1741 1205 1917 1245 roboratis,

1175 1257 1301 1290 statutis
1337 1262 1368 1289 et
1403 1256 1716 1296 consuetudinibus,
1742 1255 1920 1299 privilegiis

1176 1320 1318 1353 quoque,
1346 1310 1480 1342 indultis
1515 1315 1548 1342 et
1578 1309 1696 1342 litteris
1732 1307 1918 1351 apostolicis

1176 1363 1210 1395 in
1224 1363 1423 1396 eontrarium
1446 1362 1699 1406 praemissorum
1718 1360 1921 1404 quomodoli-

1176 1416 1231 1449 bet
1248 1416 1430 1455 concessis,
1456 1414 1654 1448 confirmatis
1679 1419 1711 1446 et
1734 1412 1918 1453 innovatis;

1178 1470 1296 1513 quibus
1321 1469 1472 1503 omnibus
1499 1473 1531 1501 et
1554 1467 1701 1510 singulis,
1718 1466 1850 1499 illorum
1875 1470 1922 1498 te-

1178 1533 1275 1556 nores
1300 1521 1530 1566 praesentibus
1561 1531 1622 1564 pro
1647 1521 1745 1563 plene
1771 1524 1804 1552 et
1832 1518 1921 1552 suffi-

1179 1577 1306 1610 cienter
1335 1575 1496 1618 expressis
1530 1579 1562 1607 et
1590 1573 1723 1606 insertis
1749 1573 1921 1611 habentes,

1180 1630 1245 1663 illis
1271 1625 1349 1662 alias
1366 1628 1399 1660 in
1417 1638 1476 1660 suo
1495 1627 1616 1660 robore
1633 1625 1866 1669 permansuris,
1880 1625 1921 1658 ad

1180 1683 1437 1725 praemissorum
1462 1680 1627 1719 effectum,
1650 1679 1711 1711 hac
1734 1679 1804 1711 vice
1829 1678 1923 1711 dum-

1182 1740 1290 1775 taxat,
1317 1733 1503 1777 specialiter
1536 1737 1569 1764 et
1593 1741 1747 1775 expresse
1783 1731 1922 1773 deroga-

1183 1799 1273 1829 mus,
1306 1787 1489 1829 ceterisque
1515 1785 1688 1818 contrariis
1713 1783 1924 1827 quibuscum-

1183 1851 1258 1884 que.
1280 1841 1434 1873 Volumus
1450 1844 1558 1871 autem
1575 1843 1610 1870 ut
1628 1837 1816 1870 earumdem
1834 1847 1926 1880 prae-

1183 1894 1327 1927 sentium
1344 1893 1528 1926 litterarum
1555 1890 1782 1934 transumptis,
1798 1900 1854 1923 seu
1871 1900 1926 1923 ex-

1184 1947 1311 1991 emplis,
1333 1946 1431 1979 etiam
1457 1944 1637 1988 impressis,
1666 1955 1766 1977 manu
1787 1944 1927 1977 alicuius

1184 2000 1302 2033 notarii
1337 1998 1462 2042 publici
1498 1996 1716 2040 subscriptis,
1751 2002 1784 2029 et
1814 1997 1927 2039 sigillo

1183 2062 1344 2097 personae
1369 2051 1402 2084 in
1426 2049 1646 2083 ecclesiastica
1666 2049 1826 2091 dignitate
1849 2059 1929 2082 con-

1184 2106 1317 2139 stitutae
1350 2103 1509 2143 munitis,
1540 2102 1655 2135 eadem
1689 2101 1811 2144 ubique
1847 2101 1929 2134 fides

1186 2159 1396 2198 adhibeatur,
1428 2165 1513 2199 quae
1539 2154 1767 2198 praesentibus
1792 2154 1931 2187 adhibe-

1186 2217 1277 2244 retur
1301 2211 1330 2243 si
1358 2210 1471 2242 forent
1495 2207 1662 2241 exhibitae
1686 2207 1737 2240 vel
1763 2212 1928 2240 ostensae.

1187 2265 1303 2297 Datum
1317 2263 1448 2302 Romae,
1464 2262 1549 2304 apud
1564 2260 1594 2293 S.
1611 2260 1743 2292 Mariam
1763 2260 1927 2299 Maiorem,

1189 2317 1250 2350 sub
1271 2316 1392 2348 annulo
1413 2313 1599 2354 Piscatoris,
1617 2314 1668 2345 die
1686 2322 1729 2346 vu
1746 2312 1930 2345 decembris

1189 2379 1365 2409 MDCvaui,
1390 2367 1598 2412 pontificatus
1622 2366 1726 2399 nostri
1748 2375 1833 2398 anno
1859 2376 1894 2398 ιι.

1594 2419 1617 2451 I.
1644 2418 1680 2452 G.
1708 2419 1883 2452 SLusius».

1235 2478 1250 2520 ἓ
1275 2475 1306 2508 2.
1333 2475 1410 2510 Cum
1436 2479 1554 2512 autem,
1580 2472 1663 2505 sicut
1687 2472 1823 2504 dilectus
1844 2470 1929 2504 silius

1191 2530 1367 2563 modernus
1388 2531 1579 2571 procurator
1604 2525 1767 2568 generalis
1786 2524 1862 2558 dicti
1879 2524 1931 2557 Or-

1192 2583 1275 2617 dinis
1299 2579 1523 2616 Cistcrciensis
1548 2578 1641 2612 nobis
1677 2588 1782 2621 nuper
1811 2588 1931 2621 exponi

1917 204 1966 230 An.
1983 203 2011 229 C.
2034 203 2102 230 ¹689

1989 2477 2124 2498 Cuntirmatio

1940 2505 2020 2524 relatae
2048 2504 2125 2523 couni-

1942 2533 2027 2549 tutiunis
2077 2530 2124 2552 cte-

1941 2559 2017 2578 meutis
2030 2555 2065 2577 tx.
