2254 3225
233 232 280 258 An.
299 230 326 258 C.
347 231 412 258 inst
462 223 525 255 3202

424 285 454 313 te
479 279 637 324 profiteor
662 285 691 313 et
716 281 873 314 veraciter
892 286 999 323 teneo,
1015 283 1159 315 eamdem

424 334 583 376 integram
608 339 640 366 et
663 334 849 367 inviolatam
870 346 972 378 usque
997 336 1036 367 ad
1059 340 1161 368 extre-

423 398 510 419 mum
536 387 621 420 vitae
643 388 791 431 spiritum
809 389 1077 427 constantissime,
1096 389 1160 421 Deo

424 440 604 481 adiuvante,
625 442 766 474 retinere
792 448 823 474 et
848 443 1004 481 confiteri,
1024 448 1118 485 atque
1144 454 1160 475 a

423 493 504 525 meis
529 494 672 532 subditis,
699 505 755 526 seu
778 495 841 527 illis
863 505 1001 537 quorum
1020 505 1096 526 cura
1121 495 1160 527 ad

424 557 475 579 me
513 546 544 578 in
580 557 712 579 munere
749 558 819 579 meo
844 548 1017 589 spectabit,
1046 547 1159 586 teneri,

425 599 536 632 doceri
573 605 605 632 et
640 600 831 642 praedicari,
857 607 1011 642 quantum
1047 601 1079 632 in
1110 611 1160 632 me

425 652 496 692 erit,
517 658 720 692 curaturum,
749 663 808 695 ego
834 653 919 685 idem
944 653 978 685 N.
1004 654 1161 696 spondeo,

423 715 526 738 voveo
552 711 584 738 et
608 706 695 738 iuro:
722 706 767 737 sic
792 716 840 738 me
866 705 949 738 Deus
968 706 1103 746 adiuvet,
1131 712 1163 739 et

425 758 506 791 haec
531 764 641 790 sancta
666 758 720 790 Dei
753 757 940 800 Evangelia.
978 759 1059 792 Item
1092 760 1161 792 iuro

425 812 525 854 quod,
540 817 696 854 quatenus
713 821 772 854 per
788 816 930 844 sanctam
945 811 1060 844 Sedem
1079 813 1163 855 Apo-

425 863 570 896 stolicain
595 863 716 902 licebit,
742 863 871 902 tenebo,
905 864 1026 903 tuebor,
1054 865 1165 897 defen—

426 916 514 955 dam,
533 915 740 958 praedicabo,
760 920 857 957 atque
883 916 1008 950 docebo
1024 917 1162 950 animam

424 968 631 1001 beatissimae
650 968 788 1010 Virginis
807 968 922 1001 Mariae
943 969 975 1001 in
992 970 1095 1012 primo
1115 970 1162 1002 in-

425 1021 521 1053 stanti
558 1031 633 1053 suae
670 1021 842 1054 creationis
867 1028 897 1053 et
929 1021 1099 1055 infusionis
1130 1023 1163 1056 in

426 1083 545 1116 corpus
562 1100 569 1112 ,
610 1073 840 1115 praeveniente
879 1073 1018 1117 Spiritus
1056 1075 1163 1108 Sancti

425 1126 539 1167 gratia,
575 1126 691 1158 intuitu
727 1127 917 1159 meritorum
947 1127 1017 1160 lesu
1042 1128 1161 1161 Christi

425 1177 659 1220 Redemptoris,
687 1189 704 1210 a
724 1184 857 1220 peccato
884 1179 1034 1221 originali
1060 1191 1164 1214 reser-

424 1235 527 1263 vatam
553 1236 584 1263 et
608 1231 783 1264 immunem
820 1232 928 1271 fuisse,
967 1238 999 1265 et
1034 1233 1066 1266 in
1099 1235 1161 1267 hoe

425 1294 519 1316 sensu
545 1283 658 1316 festum
683 1283 913 1328 Conceptionis
950 1285 1019 1318 eius
1044 1287 1083 1319 ab
1107 1287 1164 1320 Ec-

426 1336 527 1369 clesia
551 1337 710 1369 celebrari
732 1350 764 1370 n.

470 1389 639 1422 Promotor
654 1389 758 1422 dicat:
781 1402 793 1420 α
805 1389 959 1428 Quoniam
974 1392 1162 1435 sapientiam

427 1441 547 1474 vocasti
566 1441 714 1481 amicam,
733 1447 764 1474 et
781 1448 905 1476 amator
921 1443 1022 1477 factus
1045 1445 1163 1478 formae

427 1493 513 1526 illius
540 1493 694 1536 quaesisti
725 1504 793 1526 eam
821 1494 876 1527 tibi
902 1505 1054 1539 sponsam
1079 1507 1166 1529 assu-

427 1556 527 1585 mere,
554 1556 627 1579 ecce
645 1546 728 1579 Deus
750 1546 803 1579 dat
828 1547 886 1580 tibi
911 1558 981 1581 eam
999 1559 1164 1592 sponsam,

426 1603 462 1630 ut
486 1608 618 1641 semper
644 1604 749 1631 tecum
773 1599 816 1632 sit
844 1605 875 1633 et
899 1611 957 1633 cor
982 1606 1071 1634 tuum
1097 1612 1166 1645 pos-

428 1651 541 1684 sideat.
563 1651 596 1683 ln
618 1651 745 1693 signum
773 1663 850 1695 ergo
876 1653 985 1697 accipe
1011 1656 1165 1688 annulum

428 1704 460 1735 in
485 1714 581 1736 manu
608 1706 668 1736 tua.
695 1705 821 1748 Accipe,
846 1706 988 1749 inquam,
1010 1709 1165 1741 annulum

428 1755 459 1787 in
486 1756 614 1798 signum
640 1757 782 1790 foederis
817 1763 848 1791 et
879 1758 1089 1801 ingenuitatis
1114 1772 1167 1794 ve-

428 1818 511 1840 rum.
538 1808 575 1841 Et
600 1819 668 1852 ego,
687 1811 876 1844 auctoritate
902 1813 1081 1855 apostoliea
1106 1824 1167 1856 per

428 1859 548 1892 litteras
574 1861 674 1893 nostri
700 1863 960 1896 reverendissimi
985 1865 1086 1908 patris
1112 1876 1167 1908 ge-

430 1912 550 1944 neralis
581 1914 661 1945 mihi
687 1915 883 1955 commissas,
908 1917 1053 1957 instituo,
1079 1928 1166 1959 creo,

430 1965 511 1997 facio
536 1970 566 1997 te
585 1966 750 2000 doctorem
769 1974 800 2001 et
816 1970 1006 2012 magistrum
1024 1971 1056 2003 in
1077 1973 1165 2004 sacra

430 2018 607 2061 theologia,
633 2020 739 2063 doque
766 2021 822 2054 tibi
848 2028 1040 2065 potestatem
1067 2029 1098 2057 et
1122 2025 1167 2058 fa-

430 2072 579 2103 cultatem
597 2073 725 2115 publice
747 2075 891 2116 legendi,
909 2075 1046 2109 docendi
1070 2083 1101 2109 et
1119 2078 1167 2110 in-

431 2125 652 2167 terpretandi,
693 2128 876 2169 exponendi
909 2134 940 2161 et
978 2130 1165 2163 declarandi

431 2187 553 2210 sacram
583 2177 793 2221 theologiam.
819 2181 852 2213 lu
878 2183 1012 2215 nomine
1042 2183 1164 2225 Patris,

432 2234 464 2262 et
486 2230 569 2270 Filii,
595 2236 625 2264 et
649 2231 790 2275 Spiritus
816 2234 923 2267 Sancti
951 2248 980 2268 ι).

475 2282 599 2316 Deinde
617 2290 727 2327 surgat
747 2292 777 2318 et
794 2287 889 2319 faciat>
908 2291 1166 2331 promovendum

431 2336 546 2368 sedere
570 2336 603 2368 in
628 2339 685 2369 sua
702 2339 781 2371 sella
803 2339 936 2373 dicens:
961 2356 971 2370 u
988 2342 1166 2377 promoveo

433 2395 463 2422 te
481 2390 520 2422 ad
546 2390 681 2432 gradum
701 2391 877 2433 magisterii
903 2403 1015 2427 sacrae
1041 2396 1167 2429 theolo-

434 2441 504 2483 giae
529 2452 744 2476 annumerans
763 2449 793 2476 te
812 2446 976 2478 consortio
998 2447 1166 2481 dos-torum

434 2499 464 2526 et
481 2495 707 2537 magistrorum
725 2496 829 2529 dictae
847 2497 1021 2531 facultatis:
1040 2500 1082 2532 ita
1101 2503 1168 2534 col-

434 2548 533 2587 locet,
561 2553 593 2580 et
616 2548 730 2582 sedere
757 2555 785 2582 te
813 2550 905 2583 faciat
923 2550 1075 2586 Dominus
1095 2564 1165 2587 eum

434 2600 646 2644 principibus,
674 2607 709 2634 ut
732 2603 847 2636 solium
874 2605 996 2646 gloriae
1017 2611 1164 2641 teneas».

1002 235 1179 258 BULLAIitrM
1204 234 1356 258 ROMANt'M

1247 283 1368 316 Deinde
1396 282 1532 325 imponit
1562 284 1684 326 pileum
1715 294 1769 317 scu
1793 284 1935 318 biretum

1203 335 1299 377 capiti
1318 335 1393 375 eius,
1416 335 1545 369 dicens:
1577 349 1588 367 α
1605 337 1720 380 Accipe
1740 337 1860 380 pileum
1878 348 1934 370 seu

1201 388 1342 420 biretum
1377 388 1505 429 nigrum
1537 399 1608 421 cum
1640 390 1774 424 flosculo
1798 391 1934 424 candido

1202 441 1233 472 in
1259 440 1385 482 signum
1411 441 1602 484 magisterii;
1624 443 1669 476 sic
1688 448 1784 476 ornet
1803 449 1833 477 te
1851 443 1934 477 Deus

1202 495 1320 525 corona
1340 494 1462 536 gloriae
1479 506 1508 527 n.
1525 495 1645 528 Deinde
1669 496 1783 535 elevet,
1805 500 1836 529 et
1855 497 1935 529 dans

1203 546 1230 578 ei
1257 547 1405 579 osculum
1429 547 1531 579 dieat:
1562 560 1574 578 <t
1589 547 1668 580 Ecce
1689 548 1770 580 odor
1787 548 1842 581 tilii
1861 549 1936 585 mei,

1203 599 1285 630 sicut
1308 599 1390 632 odor
1413 600 1479 641 agri
1501 600 1606 642 pleni,
1625 610 1770 633 crescere
1789 605 1818 633 te
1844 601 1937 634 saciat

1204 651 1356 684 Dominus
1380 651 1413 684 in
1444 653 1599 693 millibus,
1630 659 1661 686 et
1684 654 1854 688 benedicat
1879 655 1935 687 tihi

1205 704 1235 736 in
1261 705 1390 737 saecula
1415 706 1629 738 saeculorum.
1659 707 1756 739 Amen
1776 719 1804 739 n.

1249 768 1295 790 in.
1323 757 1438 790 Forma
1463 758 1641 800 graduandi
1666 759 1934 793 baccalaureum:

1206 810 1457 850 Promovcndus,
1475 811 1563 843 ssexis
1584 811 1720 853 genibus
1740 817 1813 845 ante
1839 812 1938 855 magi-

1205 869 1302 896 strum
1324 865 1509 907 generalem
1524 865 1572 897 vel
1586 865 1815 907 provincialem
1832 875 1935 904 suuni,

1207 916 1301 948 iaciat
1320 916 1555 959 professionem
1582 916 1668 956 fidei,
1688 922 1723 948 ut
1739 926 1854 961 supra,
1875 928 1937 959 qua

1207 968 1302 1009 finita,
1333 969 1418 1002 dicat
1440 975 1622 1012 promotor:
1653 982 1665 1000 <t
1692 970 1767 1012 Ego,
1798 969 1937 1003 auetori-

1206 1026 1268 1054 tate
1283 1021 1458 1064 apostolica
1474 1021 1553 1054 mihi
1568 1021 1744 1060 commissa,
1763 1032 1937 1065 promoveo

1206 1079 1235 1106 te
1260 1074 1298 1106 ad
1323 1074 1456 1117 gradum
1481 1074 1680 1107 baccalaurei
1712 1085 1819 1107 sacrae
1845 1075 1939 1108 theo-

1205 1126 1309 1167 logiae
1335 1131 1498 1169 tamquam
1530 1126 1768 1160 benemeritum
1792 1132 1823 1160 et
1847 1127 1939 1160 valde

1204 1178 1398 1220 condignum
1413 1190 1444 1210 ».

1248 1241 1270 1265 1.
1298 1231 1336 1264 Ut
1360 1236 1464 1264 autem
1489 1242 1605 1264 munus
1629 1231 1881 1275 praedicationis
1906 1231 1938 1265 in

1205 1284 1362 1327 religione
1387 1285 1527 1327 fulgeat,
1554 1291 1586 1318 ct
1610 1286 1704 1319 simul
1737 1286 1851 1319 fratres
1883 1287 1939 1319 ha-

1205 1337 1286 1369 biles
1312 1337 1521 1370 instituantur
1545 1338 1584 1371 ad
1609 1338 1796 1371 huiusmodi
1820 1338 1940 1371 exerci-

1207 1390 1308 1430 tium;
1336 1390 1457 1424 idcirco
1483 1392 1696 1431 decernimus,
1720 1397 1756 1423 ut
1779 1401 1874 1425 nemo
1900 1391 1940 1425 ad

1207 1443 1287 1476 illud
1313 1449 1510 1484 assumatur,
1537 1444 1599 1476 nisi
1629 1454 1687 1487 per
1718 1444 1798 1477 duos
1824 1444 1937 1476 saltem

1207 1505 1307 1528 annos
1331 1506 1455 1528 sacram
1487 1496 1684 1538 theologiam
1715 1496 1876 1535 audierit,
1904 1506 1940 1528 ac

1208 1548 1396 1582 diaconatus
1415 1549 1528 1582 ordine
1552 1549 1695 1581 initiatus
1714 1549 1840 1581 existat.
1859 1548 1938 1581 Cum

1207 1611 1284 1634 vero
1298 1602 1468 1644 eligendus
1483 1602 1523 1634 sit
1536 1613 1552 1634 a
1566 1601 1758 1645 provinciali
1777 1601 1828 1643 (ad
1844 1611 1940 1644 quem

1207 1654 1347 1697 attinet),
1365 1665 1494 1697 semper
1513 1654 1545 1687 id
1569 1654 1625 1687 fiat
1649 1653 1827 1696 praemisso
1856 1654 1942 1696 rigo-

1208 1718 1282 1740 roso
1308 1708 1453 1740 examine
1478 1717 1585 1740 corani
1603 1707 1675 1750 ipso
1693 1712 1724 1739 et
1745 1706 1941 1740 examinato-

1207 1760 1298 1793 ribus
1323 1765 1510 1800 conventus,
1532 1760 1580 1792 cui
1602 1759 1809 1803 provincialis
1834 1759 1942 1792 adfue-

1208 1814 1270 1852 rit,
1299 1818 1330 1846 et
1356 1812 1385 1844 in
1412 1813 1560 1845 sensibus
1585 1813 1702 1845 Sacrae
1729 1811 1913 1854 Scripturae
1929 1837 1938 1851 ,

1208 1865 1347 1909 fideique
1382 1865 1541 1909 mysteriis
1573 1870 1682 1898 exacte
1709 1865 1865 1908 probetur
1889 1863 1940 1896 in-

1208 1925 1360 1953 structus.
1387 1920 1461 1953 Sine
1482 1920 1545 1952 hoc
1561 1929 1636 1952 vero
1661 1918 1806 1951 examine
1831 1917 1938 1950 nullus

1208 1974 1323 2007 audeat
1347 1984 1462 2006 munus
1486 1972 1736 2016 praedicationis
1766 1979 1915 2004 exercere
1931 1997 1938 2009 ,

1208 2037 1312 2069 neque
1347 2026 1415 2058 sine
1441 2025 1581 2058 licentiis
1613 2023 1816 2068 superiorum
1853 2023 1940 2056 iuxta

1207 2078 1330 2111 Concili
1354 2078 1531 2111 Tridentini
1557 2078 1730 2110 decretum.

1251 2142 1286 2165 11.
1314 2132 1347 2164 ln
1373 2131 1519 2174 quolibet
1536 2136 1693 2163 conventu
1716 2130 1796 2163 duos
1814 2129 1940 2172 praedi-

1208 2190 1332 2217 catores
1349 2185 1582 2217 conventuales
1601 2183 1808 2222 admittimus,
1828 2187 1859 2215 et
1875 2192 1940 2214 non

1208 2238 1365 2280 amplius,
1393 2237 1447 2280 qni
1481 2237 1555 2269 liuic
1581 2236 1683 2269 labori
1717 2245 1786 2267 cum
1820 2235 1937 2267 merito

1208 2296 1240 2323 ct
1264 2291 1332 2324 iure
1358 2292 1395 2323 ad
1423 2290 1599 2333 praemium
1630 2289 1713 2321 infra
1737 2289 1940 2330 designatum

1208 2344 1407 2376 incumbant.
1427 2344 1516 2382 Quod
1538 2344 1562 2376 si
1581 2344 1691 2386 plures
1716 2342 1939 2380 instituantur,

1208 2398 1447 2431 nominationes
1476 2397 1691 2440 posteriorum
1711 2396 1822 2427 inanes
1838 2393 1941 2427 omni·

1209 2461 1249 2483 no
1266 2451 1444 2489 reddimus,
1465 2455 1618 2493 quantum
1637 2448 1673 2480 ad
1693 2447 1763 2480 iura
1779 2445 1937 2479 merendi.

1208 2503 1274 2536 lllis
1299 2514 1375 2545 ergo
1400 2503 1574 2546 praecipua
1596 2502 1635 2534 sit
1653 2512 1726 2533 cura
1754 2499 1940 2543 praedicare

1208 2568 1267 2600 per
1292 2557 1362 2589 loca
1387 2556 1519 2589 ditionis
1544 2567 1618 2588 suae
1645 2555 1681 2587 ad
1708 2553 1891 2597 poscendas
1910 2557 1942 2585 et

1208 2609 1403 2652 colligendas
1439 2610 1664 2654 eleemosynas
1697 2619 1755 2653 pro
1781 2607 1939 2651 captivis,

1937 237 1990 270 An.
2006 237 2035 265 C.
2059 238 2119 266 15:⁶2

1969 1240 2038 1261 Carti·
2057 1237 2106 1259 l‘lll.

1976 1266 2004 1287 D··
2019 1266 2131 1292 ptumum·

1948 1294 2037 1315 toribus.
