2254 3225
211 222 259 249 Au.
282 222 310 246 C.
332 221 394 248 tatu

444 212 507 243 ‘5:⁴2
981 215 1157 240 arteman

404 269 572 311 ipsorum,
599 273 629 300 et
655 274 687 299 ut
709 269 803 300 talem
830 267 923 308 vulgo
953 270 1133 307 reputatum
1155 266 1156 302 j

405 328 435 355 ct
466 322 633 360 habitum,
661 321 744 363 quod
778 320 802 351 si
836 319 1032 361 respondeat
1064 326 1134 348 esse

405 375 620 417 illegitimum,
648 373 782 406 ulterius
808 373 846 404 de
872 371 981 414 speeie
1006 369 1136 410 illegiti-

405 428 497 459 1natis
523 427 715 467 interroget,
743 435 781 456 an
807 424 886 456 sciat
911 434 980 456 esse
1007 427 1136 454 natura-

406 481 468 512 lem
495 480 541 512 vel
568 479 711 520 spurium
728 504 735 515 ‚
767 488 805 509 an
844 482 949 508 autem
976 476 1137 507 incestuo-

1184 214 1334 237 mummi

1177 262 1348 304 susceptis,
1368 266 1399 293 et
1420 260 1541 303 pariter
1557 258 1719 292 ratificatis
1733 272 1749 292 a
1767 260 1911 299 testibus,

1177 320 1274 356 atque
1300 315 1338 346 al)
1365 313 1411 353 iis,
1439 319 1470 346 ct
1494 313 1687 346 informante
1712 313 1909 356 subscriptis,

1156 364 1377 409 'Jrcliquisque
1403 366 1442 398 de
1467 366 1537 398 iure
1563 365 1707 405 servatis,
1734 366 1912 399 claudenda

1179 425 1227 453 est
1244 419 1442 457 informatio,
1467 424 1499 451 et
1521 419 1662 462 capitulo
1687 420 1799 452 domus
1825 430 1913 462 prac-

1157 466 1159 523 'y
1179 471 1345 510 sentanda,
1364 477 1398 503 ut
1422 471 1628 514 praedicitur.

1919 210 1967 236 An.
1985 210 2012 236 t).
2037 211 2096 237 ltssl

407 543 475 564 sum
501 538 553 563 aut
577 531 785 572 sacrilegum,
816 535 964 561 natumve
991 528 1029 559 de
1055 527 1159 559 eius-l

1224 534 1243 556 ι
1273 523 1312 556 Ut
1336 528 1441 556 antem
1459 524 1498 556 de
1520 524 1670 556 fratribus
1696 525 1821 558 alienae
1841 536 1914 583 pro·
1956 537 2009 556 «ιιι
2000 543 2024 556 ιι
2040 536 2073 556 ιιι.

406 585 493 617 modi
521 584 706 626 rain-entibus
742 588 773 614 et
802 581 866 613 avis
891 590 994 622 usque
1019 579 1057 610 ad
1077 584 1138 610 ter·
2052 571 2079 582 “““

1158 575 1327 614 ‚fessionis
1345 576 1382 608 ad
1402 580 1546 608 nostium
1564 575 1716 609 Ordinem
1733 588 1786 610 sus
1774 578 1942 621 cipien-.‚.
1939 564 2000 609 dilus

1924 616 1963 635 Ιιιι(

1158 615 1160 661 i
1181 628 1228 661 dis
1252 629 1353 672 specii
1345 629 1436 661 aliter
1460 633 1490 661 et
1511 630 1694 671 expiessius
1716 637 1843 664 maneat
1863 632 1914 664 de-
1924 647 1961 667 μιιι
1950 623 2032 662 orma?
2016 648 2049 662 ιιι
2045 622 2086 636 ⁰¹¹

408 638 485 670 tium
512 637 666 679 gradum:

451 689 583 727 Tertio,
614 699 652 720 an
688 687 768 719 sciat
793 691 823 718 et.
855 686 979 718 noverit
1012 663 1161 742 pracfa·;

408 748 474 775 tum
500 741 535 774 N.
560 751 621 773 non
645 751 714 772 csse
740 740 778 771 de
803 749 922 781 genere
942 738 1138 775 iudaeorum,
1160 763 1161 790 1

407 804 612 832 maurorum,
640 792 893 829 haeretieorum,
920 797 974 823 aut
999 802 1015 822 a
1032 792 1161 825 sancta,

408 846 621 890 inquisitione
640 844 822 888 punitorum
840 846 935 876 czmsa
957 842 1030 876 fidei
1057 843 1141 875 dire·

408 906 457 933 cte
485 900 535 932 vel
562 899 729 936 indirecte,
753 903 784 930 ct
813 903 875 929 tam
902 901 1024 928 remote
1046 886 1162 938 quami

406 950 566 994 proxime,
596 951 644 982 vel
671 950 701 982 in
728 959 930 992 quocumque
956 948 1057 990 gradu
1084 947 1141 979 dn—

408 1008 460 1036 cat
483 1014 586 1045 genus
604 1014 621 1035 a
637 1001 824 1045 praedictis,
846 1001 894 1032 vel
921 1000 959 1032 ab
977 1000 1047 1032 aliis
1065 1009 1142 1042 quo-

407 1055 643 1095 modocumque
678 1052 819 1085 iudiciali
852 1054 948 1090 nota,
973 1051 1140 1094 punitione

407 1107 546 1150 publica,
566 1106 644 1144 iure,
663 1106 711 1137 vel
737 1106 833 1143 facto,
854 1115 910 1136 seu
936 1104 1053 1136 abiecti
1079 1114 1142 1136 mu-

407 1158 495 1192 neris
517 1158 714 1200 turpitudine
739 1157 919 1194 infamibus,
939 1156 992 1199 qui
1013 1162 1046 1188 ut
1064 1157 1142 1189 tales

408 1212 579 1250 dedecore,
605 1210 794 1253 ignominia,
824 1215 855 1242 et
881 1210 993 1242 foedae
1019 1209 1140 1242 sobolis

407 1264 531 1297 macula
556 1263 619 1296 sint
643 1264 738 1305 vulgo
762 1263 877 1295 notati:

451 1316 578 1355 Quarto,
605 1326 643 1348 an
669 1315 795 1347 noverit
820 1314 1019 1358 praedictum
1045 1313 1080 1346 N.
1101 1315 1138 1347 ad

408 1369 590 1411 ingressum
615 1368 742 1401 Ordinis
766 1378 835 1399 esse
861 1367 1011 1406 liberum,
1038 1373 1070 1400 et
1085 1377 1141 1400 ne-

408 1432 471 1464 que
497 1432 635 1459 servum,
654 1431 760 1463 neque
775 1420 932 1462 originem
959 1420 1140 1452 trahentem

408 1486 424 1506 a
454 1474 577 1513 servis,
606 1484 712 1516 neque
749 1473 883 1515 ligatum
918 1472 1046 1505 vinculo
1074 1483 1141 1505 ma-

408 1526 575 1564 trimonii,
613 1537 717 1569 neque
752 1526 804 1558 tali
844 1525 931 1558 illins
963 1525 1139 1567 sponsione

408 1588 490 1621 quae
516 1578 706 1620 religionem
732 1577 858 1619 ingredi
884 1577 1075 1620 prohibeat,
1101 1588 1139 1610 an

407 1636 563 1674 parentes
584 1630 702 1662 habeat
727 1630 813 1672 gravi
844 1631 892 1663 vel
912 1632 1051 1662 extrema
1076 1629 1141 1663 ino-

408 1683 459 1725 pia
483 1683 686 1715 laborantes:

452 1735 592 1775 Quinto,
619 1746 657 1768 an
690 1735 766 1767 scial
796 1736 975 1777 praefatum
1003 1735 1039 1768 N.
1070 1747 1140 1768 esse

406 1788 532 1821 virtutis
567 1787 771 1827 studiosum,
798 1794 828 1820 et
858 1789 965 1830 pravis
996 1790 1140 1821 moribus

407 1852 471 1874 non
497 1846 703 1884 corruptum,
726 1851 830 1883 neque
857 1841 981 1873 crimen
1006 1842 1139 1885 aliquod

407 1898 615 1936 perpetrasse
633 1920 639 1932 ,
668 1898 701 1925 ut
736 1893 876 1932 furtum,
902 1893 1137 1934 homicidium,

407 1952 461 1978 aut
478 1946 564 1979 aliud
581 1946 687 1979 simile
706 1947 773 1979 iure
791 1947 839 1979 vel
859 1947 944 1979 facto
958 1947 1137 1989 publicum:

452 1998 571 2037 Sexto,
600 2010 638 2031 an
669 1999 747 2031 sciat
775 2000 975 2041 praedictum
1005 1999 1039 2032 N.
1075 2010 1139 2033 non

409 2052 608 2085 contraxisse
649 2052 792 2084 debitum
834 2053 920 2095 qnod
962 2053 1139 2086 dissolvere

408 2110 558 2147 nequeat,
576 2115 634 2137 nec
651 2105 849 2147 implicatum
866 2116 934 2137 esse
951 2106 1137 2145 ratiociniis,

409 2168 548 2201 qnorum
574 2158 668 2189 causa
694 2157 732 2189 lis
757 2157 864 2199 aliqua
897 2158 943 2189 vel
975 2158 1139 2191 contentio

409 2211 470 2253 ipsi
488 2209 591 2252 possit
605 2209 713 2241 inferri
736 2214 787 2241 aut
808 2209 895 2242 illata
915 2211 963 2249 sit,
979 2211 1027 2242 vel
1045 2221 1140 2252 quam

409 2263 530 2307 pariter
554 2262 584 2294 in
609 2261 759 2294 Ordinem
784 2262 988 2294 derivandam
1014 2263 1079 2295 fore
1107 2264 1141 2295 ti—

410 2321 555 2349 meatur:

452 2369 597 2411 Septimo
628 2367 754 2400 tandem
773 2393 780 2405 ,
812 2378 851 2399 an
882 2368 928 2400 illi
961 2368 1001 2400 sit
1032 2374 1140 2401 notum

409 2422 586 2467 praefatum
604 2420 640 2452 N.
660 2420 743 2452 bona
769 2420 828 2452 frui
854 2421 1050 2459 valetudii‘w,
1071 2422 1141 2453 nul-

410 2477 536 2517 lamque
562 2473 683 2506 habere
718 2471 937 2505 infirmitatem
970 2475 1139 2513 occultam,

410 2533 463 2560 aut
488 2526 722 2568 contagiosam.

462 2591 496 2614 n.
531 2579 649 2618 Quibus
692 2577 842 2611 omnibus
874 2577 911 2610 ιιΙι
945 2578 1138 2611 informante

1180 684 1248 716 clai
1251 687 1346 722 ι,ιῑιιιιι
1365 682 1532 714 statuimus
1553 688 1584 715 et
1608 683 1808 723 oidinamus,
1827 686 1912 727 quod

1181 736 1289 768 nullus
1314 735 1352 767 dc
1378 735 1562 778 praedictis,
1583 735 1814 780 cuiuscumque
1840 748 1916 780 qna-

1183 787 1279 819 litatis
1300 793 1354 820 aut
1379 787 1575 820 conditionis
1595 788 1736 821 extiterit
1760 789 1916 832 (exceptis

1183 840 1347 873 nobilibus
1365 841 1580 883 militaribus),
1599 841 1700 883 possit
1716 842 1753 874 ad
1770 848 1916 875 nostrum

1183 892 1335 925 Ordinem
1361 893 1495 926 admitti.
1522 893 1678 931 Quocirca
1703 900 1825 926 taxatur
1849 906 1914 927 ina-

1183 945 1273 986 gistri
1299 946 1460 987 generalis
1485 956 1521 978 ao
1553 945 1648 978 etiam
1674 947 1776 979 nostri
1802 957 1917 990 procu-

1183 997 1299 1029 ratoris
1325 997 1485 1038 generalis
1512 997 1543 1029 in
1569 997 1653 1030 Urbe
1685 1003 1849 1040 potestaS,
1876 1009 1917 1032 ne

1183 1059 1322 1091 unquam
1341 1050 1379 1082 ad
1398 1050 1567 1081 transitum
1583 1050 1766 1083 huiusmodi
1785 1051 1917 1084 fratrum

1184 1102 1307 1133 valeant
1333 1106 1497 1144 praestare
1522 1112 1731 1142 consensum,
1761 1103 1820 1135 sub
1846 1106 1918 1138 nul-

1183 1154 1271 1186 litate
1297 1154 1495 1196 receptionis
1526 1165 1562 1187 ac
1587 1154 1681 1186 etiam
1707 1155 1918 1198 professionis

1161 1206 1254 1249 tipso
1280 1207 1383 1245 facto·,
1410 1208 1500 1245 sicut,
1529 1207 1641 1240 eadem
1666 1208 1803 1248 ratione,
1828 1215 1860 1242 et
1883 1215 1918 1242 nt

1183 1259 1316 1301 quisque
1354 1259 1385 1292 in
1419 1262 1476 1291 sua
1511 1260 1677 1293 vocatione
1703 1261 1918 1302 contineatur,

1183 1312 1334 1354 praefatis
1352 1312 1506 1354 magistro
1524 1313 1667 1354 generali
1688 1319 1716 1345 et
1735 1314 1828 1346 Urbis
1847 1325 1918 1357 pro-

1182 1365 1324 1398 curatori
1339 1365 1545 1407 restringitur
1556 1366 1666 1398 eadem
1678 1372 1818 1409 potestas
1831 1378 1918 1410 prae-

1182 1417 1280 1450 bendi
1305 1427 1501 1450 consensum
1535 1429 1632 1460 super
1666 1419 1833 1451 transitum
1860 1431 1917 1452 no-

1182 1475 1319 1502 strornm
1345 1470 1615 1503 Discalceatorum
1639 1471 1677 1503 ad
1700 1477 1831 1504 nostrae
1856 1472 1918 1505 Ob-

1182 1523 1361 1556 servantiae
1386 1523 1550 1555 familiam.

1227 1585 1260 1608 11.
1287 1576 1318 1608 Si
1339 1581 1444 1608 autem
1467 1576 1584 1619 aliquis
1602 1576 1640 1608 de
1659 1577 1835 1619 praedictis
1856 1578 1916 1610 alia

1182 1628 1231 1660 via
1249 1628 1390 1670 legitime
1413 1633 1561 1671 receptus
1579 1629 1683 1666 fuerit,
1701 1629 1784 1661 infra
1804 1630 1915 1663 decem

1183 1691 1285 1713 annos
1311 1692 1328 1713 a
1353 1683 1406 1713 sua
1440 1681 1626 1724 receptione
1653 1682 1683 1713 in
1710 1683 1916 1714 commenda-

1184 1739 1285 1766 torem
1311 1734 1495 1766 nullatenus
1520 1739 1725 1774 assumatur,
1753 1745 1856 1778 neque
1883 1734 1914 1766 in

1182 1786 1299 1819 Ordine
1315 1792 1423 1819 nostro
1441 1787 1581 1829 aliquam
1599 1787 1914 1821 administrationem

1183 1845 1341 1872 exerceat.

1226 1902 1272 1925 ιιι.
1301 1891 1390 1930 Quod
1417 1893 1440 1924 si
1468 1893 1539 1935 quis
1564 1892 1833 1932 Mendicantium,
1861 1899 1914 1926 ant

1184 1945 1375 1988 quicumque
1397 1945 1478 1978 alius
1497 1946 1534 1978 de
1557 1946 1708 1978 fratribus
1733 1947 1913 1986 antedictis,

1183 1998 1221 2030 ad
1247 1998 1398 2030 Ordinem
1424 2004 1569 2030 nostrum
1596 1999 1643 2031 vel
1670 1999 1821 2031 familiam
1850 1999 1916 2031 fue-

1184 2050 1223 2082 rit
1247 2051 1430 2089 translatus,
1457 2056 1487 2082 et
1515 2050 1748 2093 professionem
1773 2051 1915 2084 emiserit

1185 2105 1381 2145 regularem,
1405 2103 1570 2135 transferri
1596 2108 1736 2145 nequeat
1760 2104 1914 2146 deinceps

1183 2168 1199 2188 a
1224 2162 1333 2189 nostro
1350 2156 1469 2188 Ordine
1495 2157 1532 2188 ad
1559 2156 1657 2188 alium
1682 2157 1801 2198 absque
1823 2155 1914 2188 Sedis

1184 2209 1387 2251 Apostolicae
1402 2208 1541 2246 licentia,
1557 2208 1730 2250 specialem
1746 2214 1776 2240 et
1789 2218 1916 2250 expres-

1183 2272 1249 2294 sam
1274 2262 1473 2300 ,mentionem
1507 2261 1653 2292 faciendo
1679 2260 1717 2292 de
1742 2265 1859 2293 statuto
1883 2265 1915 2293 et

1181 2314 1385 2347 ordinatione
1411 2314 1499 2345 factis
1524 2324 1540 2345 a
1565 2313 1698 2345 Martino
1725 2312 1755 2352 V,
1781 2318 1816 2344 ut
1839 2323 1898 2346 con

1182 2372 1245 2400 stat
1268 2377 1305 2400 ex
1332 2367 1400 2399 eius
1421 2368 1508 2400 ΒιιΙΙιὶ
1534 2366 1684 2408 plumbea
1708 2370 1740 2398 et
1763 2365 1914 2407 originali

1183 2429 1262 2461 quae
1288 2424 1374 2451 extat
1397 2418 1626 2456 Salmanticae,
1652 2418 1683 2449 in
1710 2427 1770 2460 qua
1796 2417 1916 2459 pariter

1183 2472 1368 2504 decernitur
1381 2471 1503 2503 irritum
1519 2480 1589 2502 esse
1605 2475 1636 2502 et
1649 2470 1742 2502 inane
1758 2470 1914 2512 quidquid

1183 2535 1281 2564 secus
1297 2525 1433 2557 scienter
1450 2524 1498 2556 vel
1517 2523 1713 2564 ignoranter,
1731 2534 1747 2554 a
1762 2533 1916 2565 quocum·
1933 2553 1937 2557 ,

1183 2588 1259 2621 que,
1279 2577 1387 2621 quavis
1407 2576 1606 2615 auctoritate,
1627 2575 1694 2607 fieri
1713 2576 1890 2618 contingat.
