2227 3225
97 267 148 294 An.
162 266 191 294 C.
214 265 277 294 4691

881 262 1090 287 INNOCENTH'S
1117 262 1159 285 KH
1184 262 1232 285 ΓΡ,

294 315 421 348 Electus
441 323 518 347 vero
537 312 755 357 respondeat:
784 310 873 344 Iuro.
901 312 1034 343 Praeses

295 369 433 400 iterum:
465 379 477 397 ci
496 366 593 405 luras,
615 366 701 409 quod
730 364 862 398 Ordinis
892 364 1037 396 instituta

296 426 327 453 et
344 420 596 453 constitutiones
614 418 682 451 eius
701 418 844 451 servabis
862 427 897 450 ac
915 416 1037 450 servari

297 473 405 513 facies,
424 477 455 505 et
472 483 509 506 ea
526 472 650 516 pariter
667 472 852 515 exequeris,
877 481 959 514 quae
977 480 1037 514 pro

297 533 389 570 parte
406 526 646 570 provinciarum
664 525 793 558 Ordinis
818 535 834 558 a
861 524 924 557 tuis
942 534 1040 568 prae·
1057 539 1059 570 3

298 580 528 614 decessdribus
546 579 726 623 approbata
743 583 774 611 et
790 583 953 611 reservata
971 578 1039 611 sue·
1057 590 1059 600 ν

298 634 402 666 runt‘?
420 646 432 664 x>
456 633 663 676 Respondeat
678 633 822 665 electus:
841 631 929 664 Iuro.
947 632 1039 664 Prae-

299 698 352 720 ses
383 687 509 720 adhuc:
551 698 563 717 α
589 686 691 725 luras,
721 685 806 729 quod
837 684 978 718 fideliter
1008 690 1040 717 et
1058 716 1060 729 Ι

299 740 386 773 omni
406 741 512 773 studio
530 739 719 782 exequeris,
744 748 826 781 quae
856 738 894 770 ad
911 738 1040 771 redem-

301 794 446 836 ptionem
474 793 675 836 captivorum
709 791 894 835 pertinent,
918 801 978 824 nec
1007 791 1039 823 in

301 847 423 889 aliquo,
447 846 533 878 iuxta
565 845 815 878 constitutiones
839 844 1037 884 huiusmodi,

301 899 486 943 praedictae
518 899 754 942 redemptionis
784 899 869 932 bona
888 925 895 939 ‚
929 897 1041 941 quovis

302 953 414 986 colore
428 953 478 985 vel
493 956 674 995 praetextu,
689 951 720 984 in
735 952 946 996 propriosvel
961 951 1041 984 alios

301 1016 380 1038 usus
397 1011 576 1043 convertes,
592 1010 646 1037 aut
662 1006 806 1038 converti
822 1005 993 1049 permittes
1005 1005 1035 1036 7»
1059 1031 1064 1071 ι

303 1058 514 1102 Respondeat
535 1059 680 1091 electus:
707 1059 797 1091 Iuro.
824 1058 959 1091 Praeses
985 1068 1042 1090 au-
1062 1077 1063 1080 =

304 1118 368 1145 tem
386 1123 393 1145 2
421 1124 434 1143 α
451 1112 549 1152 hiras,
576 1112 661 1155 quod
687 1113 794 1145 omnia
810 1112 898 1145 bona
914 1111 1042 1144 Ordinis
1061 1135 1064 1159 t

304 1166 362 1198 tibi
388 1165 553 1199 credenda
576 1164 717 1198 fideliter
739 1165 936 1204 attrectabis,
955 1172 985 1198 et
1003 1165 1042 1197 de
1061 1161 1064 1198 l

307 1219 370 1252 illis
395 1224 427 1252 et
450 1219 708 1262 quibuscumque
733 1218 805 1251 aliis
831 1218 871 1251 ad
889 1218 1043 1251 Ordinem

306 1272 546 1315 pertinentibus
571 1276 602 1305 et
633 1276 707 1304 tuae
730 1271 936 1315 dispositioni
961 1271 1064 1304 com-¹

305 1324 472 1357 mittendis
503 1334 635 1367 semper
664 1324 696 1356 in
729 1325 871 1367 capitulo
901 1329 1044 1357 exactam

306 1377 466 1410 rationem
488 1378 605 1410 reddes
618 1378 633 1409 ‘J
648 1390 660 1409 7>
686 1377 814 1411 Electus
831 1388 909 1410 vero
925 1388 931 1410 :
950 1378 1040 1411 Iuro.

307 1429 440 1462 praeses
460 1430 607 1463 tandem:
635 1442 648 1461 α
665 1430 762 1471 iuras,
781 1431 868 1474 quod
893 1431 1045 1464 obseiva-

306 1482 356 1516 bis
382 1483 487 1526 capita
512 1484 710 1517 conrordiae
728 1484 827 1518 initae
846 1494 918 1518 cum
936 1487 1066 1543 nostra3

1710 253 1774 288 333

1382 308 1506 339 Oremus.

1116 366 1258 404 Concede,
1275 375 1463 406 quaesumus,
1479 367 1664 406 omnipotens
1678 367 1765 405 Deus,
1781 373 1813 399 ut

1077 415 1218 445 famulum
1234 418 1329 453 tuum,
1343 425 1428 455 quem
1446 415 1479 446 ad
1497 415 1625 454 regimen
1648 416 1813 446 animarum

1078 464 1230 502 elegimus,
1245 464 1320 494 dono
1342 469 1408 494 tuae
1431 466 1541 503 gratiae
1563 465 1762 505 prosequaris,
1784 469 1815 496 ut

1078 517 1106 543 te
1129 514 1271 552 largiente
1299 522 1364 544 cum
1390 514 1455 554 ipsa
1477 514 1530 544 tibi
1552 515 1654 545 nostra
1671 514 1815 545 electione

1057 574 1059 587 ι
1079 562 1256 602 placeamus.

1118 612 1204 649 Deus,
1228 612 1278 651 qui
1301 612 1388 642 corda
1418 612 1548 643 fidelium
1571 613 1669 644 Sancti
1691 614 1817 654 Spiritus

1079 661 1276 691 illustratione
1303 661 1450 700 docuisti,
1473 662 1508 692 da
1541 662 1626 693 nobis
1653 663 1683 694 in
1715 664 1817 694 eodem

1079 710 1186 748 spiritu
1209 714 1288 740 recta
1311 718 1427 749 sapere,
1442 714 1470 740 et
1484 710 1520 740 de
1542 711 1604 741 eius
1618 720 1733 751 semper
1750 722 1819 743 con-

1079 758 1222 788 solatione
1244 758 1381 796 gaudere.

1119 807 1249 838 Concede
1262 817 1315 838 nos
1328 807 1452 838 famulos
1468 812 1543 847 tuos,
1557 818 1745 848 quaesumuS,
1765 809 1818 841 Do-

1080 855 1159 886 mine
1174 855 1263 893 Deus,
1280 858 1424 896 perpetua
1444 857 1551 887 mentis
1572 861 1600 887 et
1622 859 1754 897 corporis
1775 867 1821 889 sa-

1081 905 1172 935 nitate
1204 905 1343 944 gaudere,
1366 910 1394 936 et
1416 906 1546 944 gloriose
1579 907 1685 938 Beatae
1711 907 1820 939 Mariae

1060 963 1197 994 ,semper
1225 955 1355 994 Virginis
1386 955 1598 986 intercessione
1630 965 1645 986 a
1673 957 1822 996 praesenti

1061 1021 1062 1027 η
1082 1003 1203 1033 liberari
1230 1004 1352 1034 tristitia
1373 1008 1402 1034 et
1429 1006 1550 1035 aeterna
1572 1005 1676 1045 perflui
1698 1005 1820 1037 laetitia.

1083 1051 1137 1080 Per
1158 1050 1320 1090 Christum,
1344 1056 1401 1082 etc.

1127 1108 1247 1147 Quibus
1268 1110 1312 1143 ita
1329 1109 1427 1144 sinitis
1442 1111 1571 1144 ducitur
1587 1111 1742 1154 magister
1758 1112 1823 1146 ele-

1084 1167 1153 1194 ctus
1179 1163 1217 1195 ad
1243 1163 1391 1204 chorum,
1406 1163 1518 1207 ibique
1548 1164 1580 1197 in
1605 1165 1682 1198 sede
1707 1167 1765 1198 sua
1788 1175 1823 1198 se

1084 1216 1290 1248 commendat
1312 1216 1513 1250 orationibus
1539 1217 1684 1259 fratrum,
1710 1224 1742 1251 et
1765 1229 1824 1262 po-

1085 1269 1162 1311 pulo
1187 1268 1370 1312 publicatur
1395 1270 1523 1303 electio.

1127 1333 1175 1356 xv.
1208 1323 1350 1356 Tandem
1383 1334 1461 1366 ergo
1497 1324 1537 1357 de
1566 1334 1727 1357 consensu
1758 1335 1825 1358 ma-

1063 1374 1177 1416 ›gistri
1215 1375 1310 1409 electi
1347 1381 1379 1409 et
1415 1377 1548 1420 capituli
1585 1378 1826 1411 constituantur

1086 1433 1277 1470 procurator
1299 1430 1349 1462 vel
1374 1436 1603 1472 procuratores
1629 1430 1682 1473 qui
1702 1431 1826 1474 praedi·

1086 1485 1170 1513 ctam
1190 1482 1384 1515 electionem
1410 1483 1557 1516 Pontifici
1584 1483 1719 1517 Maximo
1738 1483 1825 1516 exhi·

309 1535 426 1568 Γιῑηίἰίει
449 1536 530 1568 Disc·
533 1536 600 1569 tlte:
604 1539 644 1569 tta
666 1537 751 1570 ciica
767 1537 980 1570 ministerium
995 1549 1066 1582 re·
1063 1521 1195 1574 beant,
1221 1539 1257 1567 ul
1280 1534 1369 1568 illam
1386 1536 1570 1579 applobare
1589 1542 1620 1569 et
1637 1535 1827 1569 confirmare

309 1589 508 1632 demptionis
534 1594 630 1633 prout
654 1591 685 1623 ῑῃ
710 1593 748 1623 ea
782 1591 997 1625 conljnoffls‘)
1027 1605 1039 1622 „
1064 1585 1255 1630 {dignetur
1289 1588 1410 1632 quippe
1447 1589 1496 1621 cui
1532 1589 1617 1622 Ordo
1642 1594 1752 1622 noster
1778 1594 1828 1622 est

307 1642 435 1676 Electus
460 1643 681 1686 respondeat:
705 1643 797 1677 Iuro.
1064 1641 1067 1652 ¹
1087 1639 1274 1673 immediate
1295 1642 1472 1675 subiectus.
1491 1641 1521 1674 Si
1540 1643 1611 1685 quis
1629 1653 1703 1676 vero
1720 1642 1827 1675 huius-

352 1706 416 1729 x1v
444 1697 529 1729 Haec
554 1703 602 1729 est
619 1697 721 1730 forma
737 1697 910 1731 ἰυιεηῃθῃῑῑ
929 1708 1047 1742 perpe-
1065 1704 1067 1719 i
1088 1693 1173 1726 modi
1190 1694 1343 1728 electioni
1357 1694 1417 1728 rite
1436 1700 1466 1728 et
1484 1701 1571 1728 reete
1590 1697 1637 1737 (ut
1655 1695 1828 1738 praemitti-

311 1754 364 1781 tuo
390 1754 420 1781 et
443 1748 652 1782 iviolahiliter
679 1761 696 1783 a
720 1750 876 1793 magistro
902 1734 1070 1805 generalil¹
1090 1748 1152 1790 tur)
1172 1748 1287 1781 sactae¹
1307 1759 1402 1781 ausus
1419 1748 1518 1782 suerit
1534 1749 1760 1782 contradicere
1778 1749 1827 1782 vel

308 1802 414 1834 &ecto
429 1803 629 1844 praestandi3
648 1803 702 1846 qui
723 1803 748 1836 si
766 1805 874 1837 omnii
891 1806 939 1838 vel
957 1816 1049 1848 piae·
1066 1807 1070 1842 3
1088 1801 1229 1841 obstare,
1251 1802 1298 1835 vel
1323 1803 1363 1835 ab
1390 1804 1426 1835 ea
1446 1802 1690 1845 quomodolibet
1718 1802 1830 1845 appel-

311 1854 471 1887 dictorum
497 1855 673 1898 quidquam
706 1857 813 1890 iurare
838 1858 1047 1898 recusaverit,
1067 1855 1177 1904 'la1e‚
1203 1855 1296 1888 illum
1327 1856 1491 1899 praesenti
1523 1856 1752 1889 constitutione
1778 1866 1831 1888 ex-

312 1907 428 1940 electio
453 1908 495 1940 sit
519 1909 618 1948 nulla,
645 1919 704 1942 nec
721 1910 789 1952 ipse
813 1920 871 1954 plo
896 1875 1071 1987 magistroll

312 1961 455 2002 generali
481 1962 683 2004 suscipiatur.
711 1962 742 1995 Si
767 1973 844 1996 vero
870 1964 1071 2005 iulatei‘alt,

312 2024 425 2046 omnes
450 2015 621 2047 confestim
646 2016 685 2048 ad
711 2016 801 2049 illum
828 2017 993 2057 accedant,
1019 2002 1072 2102 etl:

313 2068 473 2109 genuflexi
510 2068 677 2102 humiliter
711 2069 928 2104 obedientiam
954 2071 1046 2103 exhi·
1070 2103 1072 2122 Ι

313 2121 431 2161 beant;
458 2131 522 2164 quo
548 2122 639 2162 sacto,
661 2122 836 2166 incipiatur
850 2124 988 2166 hymnus
1011 2124 1051 2157 Te

313 2173 416 2206 Deum
442 2174 634 2216 laudamus,
659 2181 691 2208 et
715 2176 911 2219 procedatur
935 2178 973 2210 ad
998 2188 1050 2210 ec-

314 2226 457 2267 clesiam,
484 2228 629 2261 locorum
662 2229 775 2263 ordine
805 2235 931 2262 servato
956 2237 1051 2273 prout

314 2279 347 2311 in
373 2281 536 2323 capitulo,
564 2282 653 2314 cuius
680 2288 785 2315 tamen
818 2283 960 2326 praesidi
987 2294 1051 2316 ma-

316 2332 416 2375 gister
447 2335 568 2367 electus
594 2335 787 2368 adhaerebit
818 2336 857 2369 ad
883 2342 992 2376 extra3
1022 2341 1053 2369 et

317 2386 372 2418 ubi
390 2387 564 2420 accesserit
582 2388 618 2421 ad
640 2389 749 2428 altare,
762 2388 806 2422 ibi
821 2395 1052 2432 prosternatur,
1072 2402 1074 2415 ¹

319 2445 351 2472 et
373 2449 503 2483 praeses
529 2441 697 2475 electionis
722 2442 830 2479 dicat:

358 2509 391 2548 st.
414 2509 530 2540 Salvum
552 2512 596 2541 sac
618 2519 732 2542 servum
757 2515 849 2549 tuum,
874 2512 1005 2550 Domine,

359 2559 392 2597 13¹.
415 2559 489 2589 Deus
511 2569 603 2598 meus,
627 2565 793 2600 sperantem
815 2561 844 2591 in
867 2565 907 2591 te.

360 2607 393 2647 fi.
417 2607 555 2639 Dominus
577 2609 737 2639 vobiscum.

359 2659 391 2696 ξ’.
416 2658 449 2688 Et
472 2667 537 2688 cum
561 2659 666 2699 spiritu
690 2664 749 2690 tuo.

1090 1908 1374 1949 communicamus,
1391 1914 1422 1941 et
1446 1907 1604 1951 suffragiis
1630 1914 1692 1941 tam
1717 1908 1750 1940 in
1768 1909 1832 1941 vita

1091 1972 1185 2005 quam
1206 1962 1238 1994 in
1263 1968 1378 2003 morte,
1392 1968 1424 1996 et
1448 1962 1563 1996 officiis
1589 1962 1620 1995 in
1639 1961 1757 1995 Ordine
1774 1972 1830 1995 no-

1091 2021 1156 2049 stio
1183 2021 1343 2058 perpetuo
1368 2015 1540 2059 priv.amus

1134 2079 1199 2102 xv¹
1226 2069 1377 2111 Magister
1403 2069 1577 2112 generalis,
1605 2069 1659 2112 qui
1686 2067 1831 2112 praefato

1093 2122 1186 2154 modo
1205 2122 1362 2154 canonice
1388 2123 1510 2154 electus
1534 2121 1642 2162 fuerit,
1661 2132 1753 2154 suum
1771 2126 1832 2154 sta-

1094 2175 1149 2207 tim
1174 2174 1317 2207 osticium
1340 2185 1491 2208 exercere
1509 2174 1645 2218 incipiat
1658 2174 1716 2207 sub
1737 2174 1831 2207 titulo

1093 2229 1253 2269 generalis
1279 2229 1385 2269 electi,
1409 2228 1514 2272 sitque
1540 2233 1685 2272 caputet
1705 2228 1833 2272 praela-

1095 2287 1143 2313 tus
1170 2282 1435 2324 generalissimus
1472 2282 1504 2315 in
1530 2287 1599 2316 toto
1624 2281 1754 2321 Ordine,
1780 2280 1832 2313 cui

1094 2345 1205 2368 omnes
1230 2335 1446 2378 provinciales
1464 2341 1559 2379 atque
1576 2345 1687 2368 eorum
1705 2334 1834 2378 provin-

1095 2389 1162 2421 ciae
1188 2399 1259 2422 cum
1285 2389 1435 2422 omnibus
1460 2394 1492 2422 et
1514 2387 1652 2431 singulis
1668 2386 1766 2422 totius
1782 2386 1836 2420 Or-

1096 2442 1179 2475 dinis
1204 2442 1355 2476 sratribus
1391 2442 1619 2485 obtemperare
1649 2446 1821 2474 teneantur

1098 2495 1270 2539 Postquam
1294 2506 1370 2529 vero
1395 2507 1413 2529 a
1437 2495 1518 2529 Sede
1539 2493 1722 2538 Apostolica
1741 2493 1836 2527 suerit

1098 2548 1315 2587 confirmatus
1341 2549 1447 2593 palam
1484 2549 1515 2581 id
1549 2554 1659 2581 notum
1686 2547 1781 2580 saciat
1805 2550 1836 2578 et

1099 2602 1276 2637 denunciet
1305 2602 1370 2635 suis
1397 2602 1595 2646 provinciis,
1622 2611 1658 2634 ac
1683 2600 1836 2643 deinceps

1137 2667 1147 2693 ¹
1171 2666 1241 2694 Edit.
1258 2665 1335 2694 Main.
1353 2665 1417 2701 legit
1431 2666 1509 2700 sacca
1533 2666 1569 2699 (u.
1587 2665 1636 2697 r.)-

1818 263 1869 290 An.
1885 264 1913 290 C.
1937 265 1998 292 tssssl
