2254 3225
215 260 266 288 An.
283 259 312 289 C.
336 260 400 287 1097

246 1387 354 1408 coenobia
364 1388 404 1408 eri-

219 1416 287 1441 genda
304 1417 345 1434 sint
368 1420 404 1434 ca-

218 1447 281 1467 pacia
292 1441 403 1461 duodecim

220 1469 376 1494 reugiosorum.

245 2343 303 2364 Haec
317 2344 405 2364 deri-eta

219 2373 278 2389 sexto
317 2376 404 2399 quoque

217 2402 290 2416 mense
316 2403 335 2417 in
367 2404 404 2423 pu·

217 2422 273 2443 tilica
283 2424 345 2444 missa
357 2430 405 2451 pes.

216 2449 322 2476 legantur.

448 249 512 284 810

411 309 674 353 congregationis
692 309 855 353 generalis
872 309 922 342 vel
941 308 1150 353 provincialis

410 365 572 396 sententia
597 368 628 396 et
652 363 843 396 auctoritate
869 362 1086 406 praefinitum,
1115 361 1152 393 ii-

412 417 486 450 dem
511 417 710 460 superiores,
737 422 801 449 tam
827 417 996 458 generales
1020 420 1052 447 et
1075 424 1153 458 pro-

411 470 566 504 vinciales
584 480 707 510 omneS,
724 480 819 513 quam
845 470 976 508 locales,
991 472 1152 511 perpetuo

413 534 542 557 servare
569 523 701 557 omnino
728 528 918 563 teneantur,
942 532 1003 554 nec
1025 520 1154 564 possint

412 578 503 623 illum
529 577 758 621 quoquomodo
783 586 914 618 augere,
941 575 1036 607 etiam
1062 584 1155 616 prae-

413 637 501 665 textu
527 629 714 673 augumenti
746 629 941 668 reddituum,
967 629 1089 670 absque
1108 637 1155 659 sa-

414 695 488 717 crae
514 683 613 727 ipsius
639 681 910 725 Congregationis
936 680 1084 720 licenti-:13
1102 690 1155 712 su-

412 738 561 781 periores
592 741 701 769 autem
739 734 953 774 huiusmodi,
982 733 1034 777 qui
1062 743 1156 776 prae-

414 791 500 823 dicta
536 789 644 823 omnia
676 789 709 821 in
740 787 883 832 praefixo
917 786 1056 820 termino
1088 795 1154 818 non

413 844 646 888 praestiterint,
657 843 706 876 vel
722 853 892 875 numerum
906 846 941 873 ut
955 851 1051 884 supra
1066 850 1156 883 prae-

414 898 572 940 scriptum
597 896 824 939 quovismodo
843 904 962 937 augere
987 903 1156 937 praesum-

414 951 551 994 pserint,
571 948 639 983 vel¹
658 948 848 993 privationis
866 948 1010 981 omnium
1032 946 1155 979 officio-

415 1014 497 1043 rum,
525 1014 608 1047 quae
635 1008 711 1035 tune
739 1002 892 1045 temporis
919 998 1152 1040 obtinebantss,

413 1057 566 1100 vocisque
582 1056 703 1089 activae
723 1061 753 1088 et.
767 1055 920 1098 passivae,
943 1060 973 1087 et
990 1054 1028 1086 ad
1047 1053 1156 1086 omnia

415 1121 492 1143 suae
519 1109 688 1152 religionis
714 1109 818 1141 officia
832 1113 863 1141 et
880 1108 1000 1150 gradus
1025 1106 1155 1139 inhabi-

413 1162 514 1196 litatis
532 1167 724 1206 perpetuam
744 1172 883 1205 poenam
902 1172 940 1194 eo
958 1161 1030 1204 ipso
1051 1160 1156 1192 incer-

414 1226 497 1256 rere,
513 1221 610 1259 atque
625 1216 694 1248 aliis
709 1216 805 1248 etiam
823 1214 1027 1257 gravioribus
1042 1224 1058 1246 a
1072 1213 1155 1247 Sede

415 1270 603 1313 Apostolica
628 1269 815 1312 infligendis
834 1269 949 1312 poenis
967 1278 1058 1300 sacra
1075 1267 1157 1300 Con-

415 1324 561 1366 gregatio
591 1323 759 1356 subiacere
784 1322 886 1356 voluit
910 1328 942 1355 et
967 1321 1153 1354 declaravit.

458 1388 530 1411 vlu.
549 1378 707 1420 Deinceps
726 1387 800 1409 vero
827 1375 1070 1415 monasterium,
1085 1385 1156 1407 con-

414 1436 535 1468 ventus,
564 1431 687 1469 domus,
715 1429 925 1472 congregatio
942 1429 992 1461 vel
1018 1428 1157 1461 societas

414 1484 643 1527 religiosorum
667 1494 722 1516 scu
748 1483 946 1525 regularium
973 1481 1089 1514 nullibi
1109 1491 1157 1513 re-

415 1538 564 1582 cipiatur,
585 1537 656 1576 nisi,
682 1541 816 1580 praeter
841 1536 903 1568 alia
929 1536 967 1568 ad
993 1536 1024 1567 id
1051 1535 1158 1578 requi-

415 1592 475 1624 sita
492 1618 499 1630 ,
528 1591 559 1623 in
590 1590 728 1632 singulis
754 1589 942 1621 huiusmodi
968 1588 1048 1621 locis
1077 1588 1158 1621 duo-

416 1644 522 1678 decim
547 1645 660 1677 saltem
694 1644 807 1676 fratres
835 1648 890 1675 aut
922 1642 1075 1675 monachi
1101 1652 1157 1675 seu

415 1698 560 1741 religiosi
587 1698 719 1740 degere,
733 1702 814 1730 etex
833 1696 1016 1729 redditibus
1035 1702 1065 1729 et
1083 1706 1158 1729 con-

415 1751 513 1784 suetis
548 1750 789 1794 eleemosynis,
814 1750 968 1783 detractis
1007 1749 1158 1782 omnibus

414 1810 449 1837 ut
473 1816 570 1849 supra
594 1804 819 1843 detrahendis,
846 1808 1071 1846 competenter
1088 1813 1157 1835 sus-

416 1858 532 1892 tentari
551 1859 691 1897 valeant,
711 1858 749 1890 ad
771 1857 1008 1901 praescriptum
1035 1857 1155 1889 decreti

416 1911 519 1944 felicis
535 1911 770 1944 recordationis
790 1911 939 1953 Gregorii
958 1910 1007 1942 XV
1033 1910 1093 1942 hac
1119 1910 1157 1942 de

416 1975 450 1997 re
476 1965 578 2004 editi;
617 1965 761 2008 alioquin
797 1964 995 1997 monasteria
1028 1969 1060 1996 et
1088 1964 1158 1997 loca

416 2017 601 2050 huiusmodi
629 2017 767 2060 posthac
793 2017 1003 2060 recipienda,
1030 2016 1061 2049 in
1087 2017 1158 2059 qui-

414 2071 475 2103 bus
493 2070 663 2103 duodecim
683 2070 840 2113 religiosi,
860 2077 893 2103 ut.
913 2082 1021 2114 supra,
1036 2077 1158 2104 susten-

416 2124 475 2157 tari
498 2130 595 2168 atque
621 2124 805 2157 inhabitare
831 2135 897 2157 non
924 2130 1099 2167 poterunt,
1128 2131 1159 2158 et

417 2181 486 2211 actu
513 2188 579 2210 non
605 2177 873 2217 inhabitaverint,
901 2177 1065 2211 Ordinarii
1094 2179 1156 2211 loci

416 2230 605 2270 visitationi,
629 2231 823 2264 correctioni
850 2237 945 2274 atque
972 2231 1156 2264 omnimode

418 2283 634 2316 iurisdictioni
660 2284 803 2316 subiecta
830 2295 899 2317 esse
917 2284 1154 2327 intelligantur.

461 2348 474 2367 n
505 2337 626 2376 Porro,
655 2347 694 2368 ne
726 2338 793 2370 ullo
830 2348 976 2380 unquam
1010 2344 1155 2380 tempore

417 2390 499 2422 haec
524 2390 555 2422 in
588 2389 785 2423 oblivionem
818 2401 873 2423 seu
907 2391 1156 2424 desuetudinem

417 2444 547 2482 abeant,
567 2443 753 2486 superiores
775 2445 895 2476 locales
913 2446 1069 2488 cuiusque
1088 2456 1158 2478 mo-

416 2497 563 2536 nasterii,
589 2501 782 2536 conventus,
802 2508 838 2529 ac
857 2497 974 2530 doinus
1000 2499 1156 2541 regularis

417 2561 530 2583 curare
546 2556 641 2593 atque
657 2551 784 2583 efficere
801 2556 960 2592 tenentur,
977 2553 1037 2584 sub
1051 2556 1155 2596 poena

453 2623 463 2648 1
488 2620 620 2648 Particuta
641 2622 684 2647 vel
704 2621 820 2648 delenda
842 2621 946 2648 videtur
960 2626 998 2655 (n.
1015 2624 1064 2657 T.).

453 2668 464 2693 1
487 2667 584 2702 Aptius
604 2667 662 2704 lege
683 2667 852 2696 obtinebunt
873 2668 910 2704 (R.
926 2668 974 2703 T.).

981 260 1160 283 nt'LLAntuu
1186 259 1339 282 Romxt'ai

1195 307 1383 352 privationis
1421 306 1519 340 officii
1554 305 1710 350 vocisque
1747 306 1867 339 activae
1902 310 1934 339 et

1195 362 1339 405 passivae
1369 361 1442 404 ipso
1479 361 1561 393 sacto
1598 360 1816 400 incurrenda,
1842 359 1934 392 utin

1195 420 1401 459 perpetuum,
1428 420 1518 448 sexto
1545 424 1675 457 quoque
1701 424 1825 452 mense,
1851 413 1936 447 idest

1198 468 1276 500 seria
1295 468 1437 501 secunda
1454 473 1528 511 post
1545 467 1738 500 dominicam
1761 467 1935 507 Adventus,

1198 527 1230 553 et
1262 521 1341 553 seria
1377 523 1466 554 sexta
1501 526 1577 564 post
1608 525 1753 553 octavam
1785 519 1937 563 Corporis

1197 574 1328 615 Christi,
1357 579 1545 617 praesentes
1570 573 1794 606 ordinationes
1819 573 1853 605 in
1878 583 1938 616 pu-

1198 628 1282 660 bliea
1308 630 1417 659 mensa
1442 628 1664 670 perlegantur.

1242 692 1255 712 »
1285 680 1442 713 Omnibus
1464 685 1526 712 tam
1546 678 1773 712 ecclesiasticis
1789 678 1937 722 personis

1198 735 1432 776 cuiuscumque
1469 733 1534 765 siut
1567 732 1710 772 ordinis,
1737 732 1936 766 conditionis

1198 794 1229 820 et
1254 787 1383 830 gradus,
1409 797 1502 830 quam
1530 786 1631 825 laicis,
1657 796 1865 829 quocumque
1883 786 1938 819 ho-

1198 852 1277 874 nore
1299 846 1330 874 et
1354 846 1514 884 potestate
1540 840 1717 884 praeditis,
1748 839 1938 883 praesentia

1199 896 1329 928 decreta
1355 894 1543 927 declarandi
1564 894 1613 926 vel
1631 892 1867 936 interpretandi
1893 893 1938 926 sa-

1198 949 1318 981 cultate
1345 948 1475 991 penitus
1502 946 1688 979 interdicta.

1242 1013 1255 1033 5²
1285 1001 1356 1034 Non
1383 1000 1605 1040 obstantibus,
1626 1000 1733 1043 quoad
1760 999 1939 1043 suprascri-

1199 1060 1253 1099 pta
1279 1054 1387 1088 omnia
1421 1059 1454 1086 et
1483 1054 1610 1096 singula
1640 1054 1673 1086 in
1708 1053 1938 1097 praesentibus

1199 1109 1338 1141 decretis
1374 1113 1552 1147 contenta,
1579 1107 1870 1140 constitutionibus
1907 1111 1940 1139 et

1198 1162 1459 1196 ordinationibus
1497 1160 1686 1204 apostolicis
1723 1161 1756 1193 in
1796 1161 1938 1193 savorem

1199 1226 1478 1259 quarumcumque
1497 1225 1721 1258 personarum,
1738 1219 1833 1258 atque
1851 1214 1942 1247 Ordi-

1199 1281 1275 1303 num
1295 1268 1374 1302 tam¹
1393 1268 1643 1301 Mendicantium
1663 1279 1759 1311 quam
1775 1279 1841 1301 non
1856 1268 1942 1301 Men-

1200 1323 1386 1363 dicantium,
1406 1323 1593 1355 militiarum
1612 1322 1709 1355 etiam
1726 1322 1828 1354 sancti
1847 1322 1941 1355 Ioan-

1200 1378 1249 1410 nis
1277 1376 1587 1419 llierosolymitani,
1625 1375 1939 1418 congregationum,

1200 1431 1403 1470 societatum,
1430 1440 1466 1462 ac
1491 1429 1666 1462 cuiuslibet
1690 1430 1824 1462 alterius
1849 1429 1943 1462 insti»

1202 1484 1271 1523 tuti,
1290 1484 1385 1516 etiarn
1417 1483 1602 1516 necessario
1628 1488 1660 1516 et
1684 1482 1854 1515 individuo
1887 1494 1942 1516 ex-

1201 1537 1376 1580 primendi,
1400 1537 1622 1576 ecclesiarum,
1649 1537 1938 1577 monasteriorum,

1202 1596 1429 1629 conventuum,
1452 1591 1684 1632 collegiorum,
1711 1590 1941 1634 capitulorum,

1203 1643 1438 1686 hospitalium,
1462 1643 1765 1677 confraternitatum
1802 1648 1834 1676 et
1861 1643 1942 1676 alio-

1203 1708 1272 1729 rum
1304 1707 1584 1740 quorumcumque
1620 1702 1685 1729 tam
1725 1697 1943 1730 saecularium

1202 1761 1299 1794 quam
1334 1751 1534 1793 regularium
1566 1751 1722 1790 locorum,
1748 1761 1876 1783 necnon
1904 1751 1944 1784 il-

1202 1805 1320 1842 lorum,
1348 1804 1444 1837 etiam
1470 1804 1666 1842 iuramento,
1694 1804 1942 1842 confirmatione

1201 1857 1408 1901 apostoliea,
1449 1858 1499 1890 vel
1547 1857 1659 1900 quavis
1692 1857 1843 1890 firmitate
1880 1858 1944 1891 alia

1201 1911 1373 1950 roboratis,
1410 1911 1537 1944 statutis
1576 1916 1608 1944 et
1648 1911 1942 1944 consuetudinibus

1202 1965 1298 1998 etiam
1316 1964 1644 2005 immemorabilibus,
1667 1964 1847 2008 privilegiis
1861 1975 1943 2008 quo·

1201 2030 1288 2062 que,
1334 2019 1467 2051 indultis
1503 2024 1535 2051 et
1573 2018 1689 2051 litteris
1730 2018 1941 2061 apostolicis,

1202 2073 1298 2105 etiam
1335 2072 1426 2105 Mari
1456 2082 1575 2114 maqno
1613 2082 1672 2104 seu
1707 2071 1810 2104 Bulla
1842 2072 1944 2104 aurea

1201 2132 1254 2158 aut
1288 2125 1368 2158 alias
1401 2125 1621 2168 nuncupatis,
1649 2124 1708 2157 sub
1734 2125 1945 2168 quibuscum-

1202 2190 1263 2222 que
1290 2178 1456 2211 tenoribus
1482 2183 1513 2210 et
1538 2178 1660 2215 formis,
1700 2188 1736 2210 ac
1780 2189 1851 2210 cum
1871 2178 1943 2221 qui-

1201 2232 1309 2264 busvis
1354 2231 1450 2264 etiam
1487 2230 1767 2273 derogatoriarum
1808 2231 1944 2273 deroga-

1202 2286 1302 2326 toriis,
1341 2285 1479 2328 aliisque
1517 2284 1754 2317 efficacioribus
1791 2289 1823 2317 et
1856 2285 1943 2317 inso-

1201 2339 1265 2371 litis
1290 2338 1461 2378 clausulis,
1489 2348 1618 2370 necnon
1655 2337 1860 2370 irritantibus
1886 2338 1944 2371 de-

1200 2393 1304 2432 cretis
1331 2391 1427 2425 etiam
1451 2396 1540 2424 motu
1566 2390 1711 2434 proprio,
1733 2396 1765 2424 et
1790 2402 1825 2424 ex
1853 2393 1943 2424 certa

1201 2446 1358 2485 scientia,
1394 2456 1430 2478 ac
1467 2445 1505 2477 de
1546 2444 1747 2487 apostolicae
1772 2445 1942 2488 potestatis

1187 2500 1405 2545 >plenitudine
1422 2526 1429 2538 ,
1456 2504 1512 2531 aut
1549 2499 1629 2531 alias
1665 2499 1939 2542 quomodolibet,

1201 2555 1296 2587 etiam
1328 2563 1388 2596 per
1423 2552 1507 2585 viam
1547 2551 1851 2585 communicationis
1882 2563 1941 2585 seu

1200 2605 1396 2639 extensionis
1421 2605 1585 2638 concessis
1611 2610 1643 2638 et
1666 2605 1790 2638 iteratis
1815 2605 1940 2639 vicibus

1236 2671 1245 2695 t
1265 2667 1399 2696 Particula
1415 2671 1473 2696 lam
1490 2675 1540 2695 nos
1557 2666 1681 2695 addimus
1698 2668 1733 2704 (a.
1750 2670 1799 2702 T.)-

1943 257 1991 283 An.
2008 256 2036 284 C.
2059 256 2126 285 ¹597

1970 690 2091 712 clamutae.
