2227 3225
127 226 176 255 Αη.
191 233 219 254 e..
243 227 305 252 1(ᾯὶ

916 229 1125 254 twef'nxsstcs
1151 231 1195 253 NH
1219 231 1267 254 1³1³.

322 276 417 312 dum:
444 276 662 318 scapularium
690 281 847 320 tantisper
870 277 910 309 sit
929 278 1057 309 brevius

322 331 422 371 cappa
460 329 586 362 tunicae
622 329 791 372 aequalis3
819 329 980 373 caputium
1018 330 1058 362 ita

322 381 419 414 breve
444 381 593 414 omnibus
613 391 683 414 esse
708 382 925 425 praecipimus
950 387 985 415 ut
1001 393 1059 426 pro

322 439 415 478 parte
433 433 586 466 anteriori
605 434 746 467 medium
765 435 905 477 pectoris
930 445 1060 478 parum-

323 497 383 530 per
406 491 460 519 aut
484 496 567 529 pene
592 487 674 519 nibil
707 487 852 527 excedat,
890 492 922 520 et
952 488 1059 530 cuspis

324 539 394 571 eius
411 549 428 571 a
445 539 618 582 posteriori
636 539 685 571 vix
704 550 721 572 a
741 539 880 573 cintorio
906 545 1058 580 transeat,

323 602 399 634 pars
424 602 511 632 vero,
538 602 620 636 quae
644 597 741 634 caput
758 592 880 635 operit,
900 592 939 625 ita
966 603 1060 635 prae-

325 644 428 678 dictae
453 645 494 677 sit
522 644 736 687 magnitudini
762 654 916 688 congrua,
950 650 985 677 ut
1017 646 1060 678 t'a-

325 698 386 731 cile
412 697 508 741 capiti
533 699 583 730 vel
609 697 752 730 humeris
777 707 910 740 semper
934 708 1061 740 compo-

325 751 384 784 sita
417 751 604 790 adhaereat,
643 761 704 783 nec
735 760 833 793 supra
866 750 997 783 dorsum
1031 755 1061 782 ct

325 805 474 848 scapulas
504 803 580 836 hinc
617 803 691 836 inde
723 813 802 847 prae
838 803 1061 846 magnitudine

325 856 464 890 decidat.

369 920 418 944 ιιι.
445 910 554 942 Frater
579 914 698 949 autem,
726 909 778 953 qui
804 910 947 953 profanis
984 919 1061 953 quo-

325 963 506 996 modolibet
546 963 745 996 indumentis
782 968 898 1003 utatur,
930 968 962 995 et
998 968 1061 994 tam

325 1016 464 1049 interius
512 1027 608 1059 quam
647 1016 789 1049 exterius
827 1026 892 1049 non
929 1016 1061 1049 omnino

327 1069 430 1108 albis,
463 1074 519 1101 aut
544 1069 574 1100 in
600 1069 758 1109 materia,
794 1069 893 1102 forma
918 1071 969 1102 vel
994 1074 1061 1102 arte

327 1123 490 1155 saeculum
524 1122 767 1161 redolentibus,
795 1133 850 1154 seu
875 1123 1061 1165 praedictae

327 1174 550 1208 constitutioni
597 1174 857 1214 adversantibus,
886 1174 1062 1207 reclusioni

327 1238 382 1261 sex
417 1228 575 1260 mensium
602 1233 631 1261 ct
656 1238 780 1271 poenae
806 1227 964 1271 gravioris
996 1229 1063 1260 cul·

327 1292 388 1326 pae
414 1282 590 1314 subiaceat.

371 1344 413 1368 iv.
433 1334 551 1367 Omnes
571 1335 685 1366 fratres
705 1334 805 1367 nostri
828 1340 916 1367 extra
934 1335 1061 1367 domum

327 1391 421 1419 scuto
453 1388 503 1419 vel
535 1392 706 1419 stemmate
736 1387 864 1420 Ordinis
901 1387 933 1419 in
960 1389 1061 1430 cappa

327 1449 384 1472 seu
411 1439 606 1482 scapulario,
638 1440 697 1471 sub
722 1441 827 1482 poena
856 1439 960 1481 gravis
996 1440 1063 1472 cul-

326 1503 398 1536 pae,
424 1503 555 1535 semper
580 1492 724 1534 insigniti
750 1492 952 1534 procedant:
980 1492 1063 1524 tuni-

327 1555 396 1577 cam
409 1550 490 1577 extet
501 1544 602 1577 iorcm
615 1545 729 1577 subter
743 1545 962 1587 scapularium
975 1555 1064 1587 prae-

327 1597 460 1640 cingant
483 1600 563 1630 zona
589 1598 679 1640 nigra
698 1607 733 1630 ev
760 1598 858 1637 coiro,
875 1608 968 1640 quam
987 1608 1065 1630 nun·

327 1660 423 1694 quam
458 1656 587 1683 mutent
621 1650 654 1682 in
686 1652 822 1689 laneam,
859 1651 978 1683 lineam
1015 1652 1063 1684 vel

327 1703 488 1743 olivatam‚
514 1713 575 1736 nec
595 1709 662 1736 arte
682 1703 790 1747 aliqua
816 1703 989 1744 curiosam,
1009 1704 1064 1736 sed

328 1756 369 1791 sit
398 1756 545 1800 simplex,
573 1762 604 1789 et
629 1757 671 1789 ita
697 1758 803 1800 longa,
827 1762 863 1789 ut
888 1757 975 1790 iuxta
999 1767 1066 1790 sca-

328 1808 444 1852 pularii
471 1819 655 1842 mensuram
681 1810 832 1852 pendeat.

373 1871 403 1894 v.
432 1861 645 1895 Chirotliecas
672 1867 704 1894 et
730 1872 843 1895 ocreas
875 1864 962 1895 omui
989 1868 1066 1896 tem-

329 1924 411 1959 pore
436 1915 532 1947 etiam
558 1915 736 1948 viatoribus
765 1915 1000 1955 interdieimus;
1024 1917 1066 1949 la-

330 1969 436 2008 cerna,
462 1968 560 2000 modo
586 1968 627 2000 sit
652 1969 782 2011 penitus
806 1969 893 2007 alba,
922 1969 958 2000 ad
984 1969 1067 2001 iniu-

330 2020 409 2053 riam
446 2020 577 2063 srigoris
603 2025 634 2053 et
658 2021 785 2064 pluviae
812 2022 1065 2064 propulsandam

331 2073 550 2116 equitantibus
568 2083 602 2106 se
624 2073 750 2106 munire
768 2074 996 2117 permittimus.
1020 2074 1065 2106 Ad

331 2125 544 2169 operiendum
559 2131 654 2168 caput
671 2126 764 2158 etiam
780 2126 971 2159 itinerantes
984 2137 1067 2159 sem-

331 2189 391 2222 per
406 2184 538 2211 utantur
556 2180 665 2221 galero
690 2179 783 2221 nigro
805 2185 836 2212 et
856 2180 1012 2219 lionest03
1037 2185 1068 2212 ct
1087 2198 1089 2207 ‹

332 2231 418 2265 aliud
444 2232 670 2275 quodcumque
694 2233 861 2265 saeculare
886 2233 1067 2275 operimen-

333 2290 410 2325 tum,
432 2285 575 2329 quamvis
599 2291 631 2318 et
655 2285 773 2326 album,
790 2286 927 2318 maxime
952 2287 1065 2319 vitent.

377 2347 417 2371 vt.
445 2338 767 2371 Commendatoribus
802 2338 938 2382 insuper
974 2339 1090 2371 enixe=

333 2391 549 2434 praecipimus
574 2396 609 2423 ut
642 2391 792 2424 omnibus
823 2392 887 2424 suis
917 2392 1068 2424 fratribus

334 2448 397 2475 tam
422 2443 557 2476 interius
589 2453 684 2486 quam
715 2444 856 2476 exterius
886 2444 1070 2477 neccssaria

335 2495 524 2528 indumenta
555 2496 777 2539 suppeditent.
812 2496 868 2535 Qui
896 2503 1003 2530 autem
1030 2498 1068 2530 ab

334 2547 442 2590 aliquo
478 2549 658 2591 postulatus
690 2550 871 2582 concedere
897 2551 1067 2589 recusavit,

334 2599 519 2643 puniendus
545 2601 651 2634 veniat
667 2603 699 2633 in
720 2603 861 2645 capitulo
878 2603 1067 2645 provinciali

442 2661 517 2689 Rull.
534 2662 616 2690 Rom.
629 2678 661 2682 —
682 2663 741 2690 Vol.
761 2664 817 2691 XX.
962 2665 995 2691 25

1103 279 1140 310 ad
1178 279 1348 310 arbitrium
1391 280 1566 311 dctinitorii
1613 286 1643 312 et
1679 282 1835 321 magistri.

1102 331 1180 374 lpsis
1206 336 1312 364 tamen
1340 338 1371 363 et
1395 332 1553 364 universis
1577 334 1730 375 praelatis
1755 336 1839 366 loca-

1102 384 1187 417 libus
1207 384 1391 427 specialiter
1409 384 1641 427 praecipimus,
1655 386 1714 417 sub
1733 388 1836 428 poena

1102 437 1293 479 privationis
1318 437 1405 469 vocis
1431 437 1552 469 activae
1580 443 1611 469 et
1635 438 1781 479 pas<ivao
1806 438 1838 469 in

1102 490 1259 533 capitulo,
1281 490 1426 533 quamvis
1460 490 1523 523 sint
1559 491 1757 532 praesentati
1784 495 1840 523 aut

1103 542 1260 585 magistri,
1286 542 1337 574 ut¹
1366 543 1397 575 in
1433 553 1489 575 suo
1526 543 1667 576 triennio
1694 543 1838 575 habitum

1103 606 1221 628 novum
1249 600 1280 628 et
1300 595 1461 637 integrum
1486 595 1646 628 universis
1673 596 1738 628 suis
1763 606 1840 629 eon-

1104 648 1207 680 t'erant
1232 647 1385 680 fratribus
1422 647 1581 691 professis
1617 653 1679 680 tam
1706 649 1841 691 presby-

1105 700 1183 733 teris
1217 711 1312 744 quam
1349 700 1477 733 clericis
1520 705 1552 733 ct
1593 700 1682 732 laicis
1718 700 1841 744 absque

1105 753 1173 786 ullo
1199 753 1393 791 discrimine,
1417 763 1522 795 neque
1541 763 1597 785 eos
1616 753 1714 785 veteri
1734 753 1841 796 aliqua

1103 807 1227 840 ratione
1254 807 1441 845 destituant,
1469 808 1508 840 de
1534 818 1597 850 quo
1624 807 1842 840 testimonium

1104 860 1326 893 authenticum
1352 860 1410 892 sibi
1437 871 1452 892 a
1474 866 1633 893 conventu
1660 860 1841 893 exhibitum

1105 913 1252 946 deserant
1266 913 1500 946 inviolabiliter
1513 913 1551 946 ad
1570 913 1757 956 capitulum,
1777 924 1841 956 quo

1105 977 1161 999 eos
1200 967 1284 998 hanc
1320 966 1582 998 constitutionem
1624 966 1841 1008 complevisse

1105 1020 1275 1062 probetur.
1302 1018 1423 1057 Quibus
1449 1019 1589 1062 denique
1618 1018 1768 1051 similiter
1793 1019 1842 1051 in-

1105 1072 1280 1114 iungimus,
1306 1076 1342 1103 ut
1367 1071 1449 1103 nihil
1474 1070 1652 1104 indumenti
1685 1071 1745 1104 sibi
1784 1082 1840 1115 pa-

1104 1136 1175 1157 rare
1211 1125 1351 1157 audeant
1376 1135 1411 1157 cx-
1439 1124 1531 1156 bonis
1563 1128 1752 1162 conventus,
1778 1125 1841 1157 nisi

1105 1177 1184 1209 illud
1202 1176 1297 1209 etiam
1314 1177 1527 1209 communiter
1544 1176 1696 1208 fratribus
1713 1176 1842 1218 dispen-

1105 1229 1255 1268 saverint,
1290 1230 1347 1261 sub
1373 1231 1479 1272 poena
1502 1229 1692 1272 privationis
1721 1229 1842 1261 officin-

1106 1293 1175 1315 rum
1202 1288 1231 1315 et
1257 1283 1343 1315 vocis
1369 1283 1488 1314 activae
1513 1287 1543 1314 et
1567 1282 1713 1325 passivae

1148 1344 1170 1367 1.
1196 1334 1241 1367 Ne
1267 1335 1299 1366 in
1325 1335 1453 1367 lectulis
1485 1339 1540 1366 aut
1571 1334 1678 1367 stratis
1712 1338 1843 1377 praeter

1104 1393 1237 1419 naturae
1263 1387 1407 1419 debitum
1427 1387 1613 1419 studeamus
1633 1386 1769 1419 refoveri
1788 1387 1843 1419 de-

1105 1439 1197 1478 liciis,
1234 1439 1395 1472 universis
1432 1439 1584 1472 fratribus
1616 1439 1842 1471 constituimus

1105 1497 1139 1524 ut
1163 1502 1328 1535 nunquam
1354 1491 1431 1524 nudi
1457 1492 1628 1531 dormiant,
1646 1492 1703 1524 sed
1726 1491 1841 1529 tunica,

1106 1544 1228 1587 caligis,
1260 1556 1296 1577 ae
1329 1547 1409 1578 zona
1440 1544 1633 1588 praecincti,
1667 1554 1775 1587 neque
1811 1544 1843 1576 in

1107 1598 1290 1631 dormitorii
1315 1598 1407 1631 cellis
1432 1603 1464 1631 et
1487 1598 1626 1630 ubilibet
1651 1597 1733 1629 intra
1757 1599 1844 1630 clau-

1107 1656 1172 1683 stra
1197 1661 1268 1683 cum
1291 1651 1417 1684 duobus
1440 1651 1682 1684 linteaminibus
1707 1651 1841 1689 iaceant,

1107 1704 1161 1736 sed
1179 1714 1244 1737 uno
1262 1704 1405 1737 contenti
1425 1705 1501 1744 sint,
1521 1714 1593 1735 cum
1619 1704 1696 1736 illud
1723 1703 1843 1735 babere

1106 1758 1284 1797 valuerint3
1304 1757 1358 1800 qui
1383 1763 1491 1790 autem
1522 1757 1552 1788 in
1579 1756 1755 1799 praedietis
1779 1757 1845 1789 cel-

1109 1811 1146 1843 lis
1172 1811 1233 1843 duo
1265 1810 1474 1853 postulaverit
1505 1815 1559 1842 aut
1595 1810 1719 1842 habere
1751 1819 1845 1852 prae-

1109 1863 1293 1907 sumpserit,
1320 1873 1385 1896 uno
1411 1863 1462 1895 die
1481 1862 1512 1895 in
1534 1873 1617 1906 pane
1647 1866 1679 1895 et
1697 1864 1778 1905 aqua
1803 1861 1845 1893 ie-

1110 1916 1212 1949 iunet..

1152 1980 1187 2002 Π.
1215 1969 1338 2011 Singuli
1375 1969 1489 2002 fratres
1525 1969 1669 2010 singulas
1705 1967 1846 1999 babeant

1109 2022 1206 2054 cellas
1230 2021 1263 2053 in
1289 2021 1495 2061 dormitorio,
1522 2027 1554 2053 et
1578 2021 1715 2063 quilibet
1734 2030 1845 2052 eorum

1109 2074 1141 2106 in
1176 2074 1312 2117 proprio
1348 2076 1467 2107 lectulo
1492 2075 1700 2116 singulariter
1724 2073 1844 2110 cubet,

1109 2127 1168 2159 sub
1201 2129 1306 2170 poena
1341 2127 1498 2169 gravioris
1523 2128 1636 2170 culpae
1671 2126 1803 2158 minime
1829 2135 1846 2156 a

1109 2182 1255 2224 praelato
1281 2180 1487 2213 relaxandae.
1515 2180 1724 2221 'fegumentis
1743 2179 1845 2212 laneis

1111 2235 1251 2277 desuper
1274 2238 1415 2271 utantur,
1434 2238 1466 2265 et
1486 2243 1583 2276 super
1606 2233 1727 2265 cultras
1752 2232 1847 2264 foeno

1109 2288 1158 2320 vel
1183 2287 1285 2330 paleis
1311 2292 1342 2318 et
1367 2287 1405 2318 ad
1424 2296 1582 2318 summum
1604 2287 1676 2318 lana
1696 2286 1845 2323 resectas,

1111 2345 1165 2372 aut
1189 2349 1287 2382 super
1310 2339 1371 2372 alia
1397 2339 1511 2371 viliora
1537 2344 1568 2371 et
1584 2339 1749 2381 asperiora
1770 2343 1848 2370 stra-

1111 2392 1198 2425 mina
1233 2392 1444 2431 recumbam,
1481 2397 1621 2424 ceterum
1658 2397 1746 2424 extra
1782 2401 1848 2424 mo-

1111 2445 1287 2477 nasterium
1322 2446 1427 2478 iacere
1467 2450 1646 2488 poterunt,
1687 2445 1767 2476 sicut
1801 2444 1848 2476 eis

1113 2499 1209 2532 suerit
1236 2504 1397 2538 stratum,
1431 2509 1470 2531 ne
1503 2507 1675 2540 gravamen
1710 2498 1849 2530 interant

1112 2551 1308 2595 hospitibus.

1150 2615 1157 2638 t
1183 2611 1252 2639 Edit.
1270 2612 1348 2639 Μαίη.
1366 2612 1426 2647 legit
1445 2615 1470 2640 et
1490 2620 1538 2647 pro
1555 2615 1585 2639 ut
1604 2613 1642 2646 (a.
1660 2614 1707 2645 T.).

1738 223 1803 258 ‘2753
1851 234 1897 261 An.

1920 234 1947 261 c.
1966 220 2026 261 irai

1885 1340 1949 1361 Cinci
1968 1339 2002 1361 Μ,

1887 1368 1917 1389 De
1933 1372 2002 1388 lautia.
