2227 3225
92 258 142 286 An.
163 257 192 284 C.
214 256 282 285 1700

163 692 278 715 Dei-exusto

95 723 255 741 conturwxmn.

138 1595 201 1617 Fide«
225 1598 283 1617 tran-

98 1626 238 1650 sumptorum.

866 252 1078 278 maccam-ms
1104 252 1149 276 xn
1172 253 1221 276 PP.
1709 244 1773 278 9117
1820 253 1868 281 An.
1890 253 1919 280 c.
1940 252 2014 281 1700

288 311 336 339 ter
359 304 527 338 observari
546 331 552 344 ,
579 304 691 346 sicque
710 303 741 336 in
767 303 953 346 praemissis
972 313 1030 346 per

287 368 512 402 quoscumque
538 357 661 389 iudices
687 356 871 389 ordinarios
893 362 924 389 et
945 356 1034 388 dele-

287 418 389 455 gatos,
416 412 513 444 etiam
539 420 712 443 causarum
730 409 841 453 palatii
861 408 1033 452 apostolici

287 465 474 503 auditores,
502 464 640 496 iudicari
667 469 706 507 etr
726 463 854 496 definiri
882 463 1003 496 debere
1024 490 1031 503 ,

287 530 324 552 ac
349 518 477 551 irritum
504 524 535 551 et
553 518 658 558 inane,
685 518 710 550 si
736 528 830 550 secus
856 527 958 560 super
983 516 1033 548 his

288 583 305 606 a
329 583 504 616 quoquam,
527 571 638 615 quavis
659 571 864 609 auctoritate,
892 570 1036 603 scienter

288 626 337 659 vel
360 626 561 668 ignoranter,
588 624 761 667 contigerit
788 624 951 656 attentari.

333 680 347 723 ἓ
373 679 405 711 4.
432 679 503 712 Νοη
521 678 727 711 obstantibus
748 677 1037 710 constitutionibus

289 738 321 767 et
346 732 609 766 ordinationibus
628 731 829 775 apostolicis,
849 742 884 763 ac
894 730 1037 772 Congre-

291 786 432 829 gationis
459 785 650 818 Mantuanae
677 790 708 817 et
743 783 874 817 Ordinis
907 783 1038 826 praedi-

289 845 424 876 ctorum,
451 839 550 870 etiam
576 838 774 877 iuramento,
806 836 1033 869 confirmatio-

289 903 330 925 ne
354 892 545 935 apostolica,
569 892 620 924 vel
648 891 760 935 quavis
790 890 945 922 firmitate
973 890 1036 922 alia

289 945 462 984 roboratis,
493 944 620 977 statutis
657 950 689 977 et
713 943 1010 976 consuetudinibus
1029 970 1036 983 ,

290 998 473 1042 privilegiis
506 1008 651 1041 quoque,
686 997 824 1030 indultis
856 1001 888 1029 et
921 996 1038 1029 litteris

290 1051 482 1095 apostolicis
506 1051 539 1083 in
561 1050 762 1084 contrarium
780 1050 1037 1093 praemissorum

290 1105 542 1149 quomodolibet
576 1105 753 1142 concessis,
781 1103 982 1138 confirmatis
1008 1109 1038 1137 et

291 1158 472 1199 innovatis;
500 1159 620 1202 quibus
647 1158 800 1191 omnibus
825 1164 857 1190 et
883 1157 1036 1200 singulis,

291 1213 424 1246 illorum
444 1219 577 1245 tenores
602 1211 834 1256 praesentibus
853 1222 914 1254 pro
940 1212 1037 1253 plene

293 1272 324 1299 et
349 1266 548 1299 sufficienter
585 1265 746 1308 expressis
772 1275 807 1297 ac
832 1265 870 1297 ad
902 1265 1037 1297 verbum

292 1319 427 1352 insertis
454 1319 626 1359 habentes,
651 1318 714 1350 illis
738 1318 817 1350 alias
842 1318 876 1350 in
904 1328 962 1350 suo
980 1328 1039 1350 ro—

290 1373 370 1406 bore
395 1371 626 1415 permansuris,
648 1371 687 1403 ad
714 1370 973 1413 praemissorum
994 1370 1038 1402 es-

292 1427 422 1466 tectum,
454 1426 515 1458 hac
548 1425 616 1458 vice
649 1424 825 1464 dumtaxat,
853 1423 1040 1466 specialiter

293 1484 326 1512 ct
342 1488 495 1522 expresse
513 1478 709 1520 derogamus
726 1488 734 1518 ;
754 1477 938 1520 ceterisque
963 1487 1040 1509 con-

293 1532 402 1566 trariis
427 1532 702 1575 quibuscumque.

345 1587 359 1630 §
389 1585 421 1619 5.
449 1585 606 1618 Volumus
639 1590 750 1618 autem
782 1589 819 1617 ut
851 1584 1038 1617 earumdem

293 1639 516 1684 praesentium
534 1639 716 1671 litterarum
737 1638 960 1681 transumptis,
984 1648 1040 1670 seu

294 1693 477 1737 exemplis,
503 1693 600 1726 etiam
628 1692 819 1735 impressis,
853 1703 951 1725 manu
984 1692 1042 1725 ali-

295 1747 386 1780 cuius
414 1747 536 1779 notarii
561 1746 684 1789 publici
705 1745 921 1789 subscriptis,
944 1751 977 1778 et
1000 1746 1043 1778 si-

295 1800 374 1843 gillo
396 1810 560 1843 personae
585 1799 619 1831 in
640 1798 863 1832 ecclesiastica
881 1798 1040 1841 dignitate

294 1853 490 1886 constitutae
509 1852 654 1893 munitis,
669 1853 785 1885 eadem
803 1863 938 1896 prorsus
959 1852 1041 1885 fides

293 1907 417 1950 ubique
453 1907 602 1940 locorum
635 1911 701 1938 tam
726 1906 759 1938 in
793 1906 916 1938 iudicio
945 1916 1040 1949 quam

295 1966 385 1994 extra
414 1960 494 1993 illud
517 1960 695 2000 habeatur,
724 1970 805 2003 quae
839 1959 918 2003 ipsis
946 1970 1041 2002 prae-

295 2013 442 2047 sentibus
471 2013 650 2046 haberetur
683 2013 709 2046 si
740 2014 849 2046 forent
876 2013 1041 2046 exhibitae

297 2069 347 2101 vel
373 2072 537 2101 ostensae.

340 2121 454 2154 Datum
473 2120 605 2161 Romae,
632 2121 718 2164 apud
744 2120 776 2154 S.
795 2120 926 2154 Mariam
945 2120 1042 2154 Maio-

296 2185 375 2214 rem,
395 2175 454 2207 sub
478 2175 600 2208 annulo
619 2174 805 2214 piscatoris,
833 2174 884 2207 die
909 2185 969 2208 xxx
997 2174 1042 2207 ia-

295 2227 401 2260 nuarii
420 2237 517 2267 unce,
536 2226 745 2271 pontificatus
763 2227 866 2260 nostri
886 2237 971 2260 anno
998 2237 1039 2260 ix.

332 2289 392 2317 Dat.
410 2289 454 2317 die
469 2289 504 2317 30
519 2289 635 2317 ianuarii
652 2289 731 2322 1700,
749 2289 845 2325 pontif.
862 2297 931 2316 anno
949 2295 986 2316 ix.

623 2457 711 2492 CXC.

302 2545 533 2589 Confirmatur,
567 2547 756 2587 innovatur,
792 2546 981 2579 declaratur
1015 2551 1044 2579 et

343 2600 532 2633 eoetendilur
555 2601 743 2634 constitutio
767 2600 953 2634 Alexandri
982 2600 1048 2634 VII

344 2664 441 2698 super
465 2653 551 2687 datis
575 2659 604 2688 et
628 2654 798 2699 promissis
824 2664 883 2698 pro
908 2654 1044 2688 iustitia

1120 302 1169 334 vel
1197 300 1307 344 qratia
1339 300 1430 343 apud
1458 300 1570 334 sedem
1595 302 1816 345 Apostolicam

1119 355 1304 394 oblinendci,
1331 365 1404 386 cum
1429 354 1607 387 adiectione
1638 366 1817 398 poenarum

1120 412 1148 440 et
1175 407 1395 451 quorumdam
1420 407 1653 440 mandatorum
1678 407 1699 440 ⁴.

1254 498 1451 525 Innocentius
1477 498 1555 531 Papa
1574 497 1643 530 xn,

1273 550 1380 570 servus
1393 549 1548 570 servorum
1565 542 1627 574 Dei,

1197 588 1234 615 ad
1254 592 1429 622 perpetuam
1452 588 1496 615 rei
1517 588 1702 615 memoriam.

1123 676 1367 709 Sacerdotaleni
1404 682 1436 709 et
1471 675 1593 719 regiam
1619 675 1738 709 Urbem
1763 686 1823 708 no-
1860 686 1979 707 mmmm.

1080 736 1188 769 stram,
1213 730 1394 763 innumeris
1420 731 1548 763 divinae
1574 730 1734 772 largitatis
1756 740 1823 762 rnu-

1079 783 1212 816 neribus
1231 784 1427 823 decoratam,
1443 783 1717 826 quemadmodum
1737 783 1823 815 inter

1080 847 1191 869 omnes
1217 848 1277 880 per
1302 837 1490 870 universum
1519 842 1676 869 terrarum
1708 836 1821 869 orbern

1080 891 1234 923 ecclesias
1260 890 1471 923 sollicitudini
1504 895 1634 923 nostrae
1669 890 1821 923 divinitus

1081 943 1288 976 demandatas
1313 943 1471 987 peculiari
1492 943 1608 977 affectu
1635 943 1822 986 diligimus,

1081 997 1127 1030 sic
1153 998 1306 1030 mundam
1339 1002 1371 1030 et
1396 998 1633 1030 immaculatam
1659 997 1822 1030 custodire

1081 1051 1269 1093 satagimus,
1292 1061 1328 1083 ac
1356 1050 1444 1083 omni
1475 1061 1538 1094 quo
1564 1061 1738 1094 possumus
1757 1055 1823 1083 stu-

1081 1104 1134 1137 dio
1170 1105 1379 1145 laboramus;
1418 1110 1636 1147 agnoscentes
1675 1104 1820 1147 profecto

1081 1169 1176 1201 quam
1202 1159 1328 1198 deceat,
1355 1164 1399 1198 ut,
1425 1169 1506 1201 quae
1533 1169 1592 1201 per
1617 1158 1703 1191 beati
1735 1157 1821 1190 Petri

1081 1211 1197 1244 Sedem
1223 1218 1321 1255 caput
1340 1212 1429 1244 orbis
1454 1211 1567 1244 effecta
1592 1216 1651 1251 est,
1676 1212 1825 1254 exempla

1082 1263 1242 1295 bonorum
1269 1273 1403 1306 operum
1428 1263 1460 1295 in
1486 1273 1605 1306 corpus
1637 1273 1733 1295 omne
1766 1262 1839 1301 dis-⁷

1083 1316 1218 1356 sundat3
1256 1316 1367 1359 ibique
1399 1316 1606 1359 potissimum
1642 1316 1823 1355 charitatis,

1082 1370 1238 1410 iustitiae,
1266 1370 1486 1413 virtutumque
1504 1369 1649 1402 omnium
1668 1369 1826 1412 splendor

1083 1422 1247 1465 effulgeat,
1273 1423 1328 1454 ubi
1354 1422 1482 1455 divinae
1501 1422 1574 1455 tidei
1594 1422 1826 1465 dispensantur

1082 1477 1224 1515 oracula,
1252 1481 1284 1508 et
1308 1475 1477 1508 christiani
1507 1475 1618 1518 viget’
1649 1475 1824 1509 sacerdotii

1083 1528 1301 1572 principatus.

1128 1582 1198 1626 gl.
1236 1582 1394 1621 Quoniam
1431 1592 1507 1615 vero
1544 1581 1689 1615 eiusdem
1719 1582 1824 1615 almae
1894 1591 2020 1622 Cam-tunna

1084 1635 1187 1675 Urbis,
1209 1635 1440 1678 Romanaeque
1465 1635 1578 1668 Curiae
1605 1635 1714 1669 decori
1740 1619 1949 1669 nihilfflissfrilss'J'
1985 1618 2020 1639 ω

1085 1700 1187 1733 aeque
1213 1689 1342 1722 videtur
1364 1687 1509 1728 officere,
1527 1699 1622 1732 quam
1641 1689 1665 1722 si
1684 1689 1824 1722 iustitiae

1084 1742 1270 1786 gratiaeque
1287 1742 1429 1785 negotia,
1452 1752 1534 1785 quae
1553 1752 1670 1785 magno
1688 1752 1825 1776 numero

1084 1795 1117 1828 in
1142 1796 1210 1828 dies
1237 1806 1273 1828 ex
1293 1795 1445 1828 omnibus
1463 1795 1644 1828 catholicae
1662 1795 1825 1828 Ecclesiae

1084 1849 1231 1892 partibus
1247 1849 1286 1881 ad
1303 1848 1420 1881 Sedent
1438 1849 1659 1891 Apostolicam
1674 1849 1828 1881 deserun-

1085 1908 1146 1942 tur,
1172 1912 1238 1935 non
1257 1905 1295 1935 ea
1311 1912 1374 1945 qua
1391 1902 1485 1935 decet
1510 1901 1704 1945 integritate,
1731 1907 1762 1935 et
1787 1902 1826 1934 ab

1122 1994 1130 2018 t
1149 1991 1247 2019 Confer
1262 1991 1371 2018 constit.
1389 1991 1460 2018 infra
1475 1991 1597 2018 laudatas
1611 1991 1758 2018 Alexandri
1768 1990 1827 2024 Vll,

1085 2037 1212 2064 Bonifacii
1233 2037 1276 2064 Vll
1305 2040 1331 2064 et
1359 2037 1482 2071 Gregorii
1506 2035 1586 2070 xm,
1608 2037 1674 2064 item
1701 2037 1827 2064 Clemen-

1085 2083 1118 2109 tis
1138 2082 1196 2109 VIII
1217 2082 1282 2109 edit.
1305 2087 1413 2113 hthCtt,
1433 2081 1477 2109 die
1500 2082 1531 2108 15
1550 2081 1667 2116 augusti,
1691 2085 1718 2108 et
1741 2082 1782 2108 Pii
1806 2081 1827 2108 V

1084 2127 1149 2154 edit.
1172 2127 1186 2153 4
1202 2126 1366 2160 decembris,
1383 2126 1478 2162 pontif.
1500 2133 1537 2153 vi.
1560 2126 1599 2153 Ab
1620 2126 1777 2153 Innocentio
1791 2123 1827 2153 XI

1085 2176 1171 2200 const.
1191 2172 1234 2199 ed.
1256 2178 1422 2204 uoccxxvni,
1439 2172 1482 2198 die
1505 2174 1514 2198 t
1538 2171 1667 2205 octobris,
1684 2171 1781 2207 pontif.
1798 2178 1827 2204 ιι,

1085 2217 1159 2244 edita
1179 2216 1229 2243 fuit
1248 2219 1309 2242 taxa
1337 2224 1385 2251 pro
1412 2215 1471 2242 soro
1491 2216 1695 2249 ecclesiastico;
1722 2216 1756 2243 ab
1777 2216 1828 2243 hoc

1085 2260 1218 2288 Pontifice
1238 2264 1325 2287 const.
1347 2259 1391 2287 ed.
1413 2267 1532 2294 Μοοχίὶν,
1547 2260 1590 2287 die
1606 2261 1640 2287 22
1655 2260 1828 2296 septembris,

1085 2305 1181 2341 pontif.
1198 2312 1224 2338 v,
1241 2304 1402 2332 interdictae
1418 2304 1495 2331 fuere
1512 2305 1708 2332 conventiones
1724 2305 1750 2331 in
1767 2313 1830 2339 pro-

1086 2350 1208 2377 videndis
1228 2350 1349 2377 ecclesiis
1370 2353 1396 2376 et
1417 2350 1606 2384 monasteriis3
1629 2353 1656 2377 et
1675 2354 1762 2377 const.
1784 2348 1827 2376 ed.

1085 2401 1231 2427 mncxcvni,
1262 2395 1305 2422 die
1329 2401 1356 2422 xt
1384 2395 1503 2430 augusti,
1534 2394 1629 2430 pontis.
1651 2401 1698 2426 vn,
1728 2394 1830 2421 abolita

1086 2440 1137 2466 fuit
1158 2439 1288 2466 venalitas
1316 2439 1398 2466 officii
1427 2439 1622 2466 camerariatus
1641 2438 1668 2465 S.
1689 2438 1720 2465 R.
1741 2438 1773 2464 E.
1798 2437 1827 2464 In

1086 2483 1225 2510 Benedicti
1246 2491 1308 2510 vero
1328 2483 1387 2510 XIII
1408 2487 1494 2510 const.
1515 2482 1558 2509 ed.
1579 2488 1731 2515 unccxxvi,
1753 2481 1795 2508 die
1813 2481 1829 2508 3

1086 2527 1474 2564 sebruarii‚pontif.11,agitur
1493 2527 1526 2553 de
1547 2528 1621 2553 recta
1641 2526 1759 2553 iustitiae
1779 2525 1829 2552 ad-

1087 2572 1283 2600 ministratione
1304 2575 1330 2599 et
1350 2572 1512 2607 litigantium
1539 2571 1701 2606 praesertim
1726 2577 1830 2607 paupe·

1087 2625 1145 2644 rum
1166 2617 1292 2644 utilitate.

1121 2662 1137 2689 2
1157 2662 1228 2690 Edit.
1249 2663 1334 2690 Maiu.
1356 2661 1420 2697 legit
1440 2662 1534 2697 vigeat
1555 2661 1592 2696 (a.
1615 2667 1630 2687 τ
1647 2661 1662 2695 ).
