2227 3225
84 219 132 245 An.
149 217 178 247 C.
201 218 269 245 1090

105 1914 261 1936 Contrariorum

79 1940 198 1967 derogatio.

867 219 1051 242 Attnxaxnnr.
1078 219 1133 241 VIII
1157 220 1204 242 Pr.

275 266 323 300 vel
348 267 488 299 iustit²ae
509 267 690 299 remedium
717 266 868 299 intentari
889 268 936 299 rel
956 268 1013 298 im-

275 321 406 362 petrari,
427 330 482 352 seu
508 320 692 362 impetrato,
712 325 765 352 aut
790 319 886 352 etiam
912 325 1009 358 motu,

274 372 409 405 scientia
442 378 474 405 et
504 372 672 416 potestatis
703 373 906 415 plenitudiue
931 371 1011 415 pari-

274 425 332 458 bus
350 436 507 459 concesso
525 426 573 458 vel
591 431 752 465 enianato,
770 425 802 458 in
825 425 941 457 iudicio
961 426 1009 458 vel

275 484 364 511 extra
389 479 469 512 illud
493 480 538 512 nti
564 489 619 512 seu
646 490 679 511 se
701 479 809 512 iuvare
828 489 932 522 posse,
953 479 1008 511 sed

275 532 404 565 casdem
431 538 622 576 praesentes
655 533 780 566 litteras
805 543 936 575 semper
961 532 1011 563 sir-

273 596 349 626 mas,
367 586 489 619 validas
509 592 540 619 et
557 586 703 619 esticaces
722 587 859 619 existere
879 592 909 618 et
931 586 1009 625 sore,

273 649 414 682 suosque
439 639 602 682 plenarios
639 645 670 671 et
707 639 853 681 integros
878 639 1009 671 ell'ectus

273 692 381 725 sortiri
407 697 438 724 et
462 692 620 731 obtinere,
640 704 676 725 ac
697 692 821 724 eisdem
837 692 930 724 Petro
949 703 1011 723 car<

273 745 381 783 dinali,
401 744 536 788 eiusque
552 744 584 777 in
603 744 857 778 vicecancellarii
878 751 909 777 et
931 755 1011 777 sum—

272 797 406 830 matoris
431 798 545 831 officiis
569 799 827 838 successoribus,
851 799 882 831 in
909 799 1011 831 omni-

272 851 331 884 bus
358 857 390 884 et
413 861 472 894 per
489 851 596 884 omnia
622 846 811 895 plenissime
834 857 865 884 et
889 851 1010 884 validis-

272 905 351 937 sime
376 904 564 947 sull'ragari,
590 905 702 948 sieque
722 910 752 937 et
770 915 835 937 non
859 905 954 937 aliter
979 905 1008 936 in

274 957 424 990 omnibus
441 963 473 990 et
486 958 624 1000 singulis
638 957 826 1001 praemissis
840 968 901 1001 per
918 968 1010 1001 quos-

274 1021 411 1054 cumque
426 1010 551 1044 iudices
570 1011 756 1044 ordinarios
774 1016 806 1043 et
831 1011 1009 1053 delegatos,

275 1064 372 1096 etiam
392 1064 538 1097 eiusdem
556 1064 680 1097 S.R.E.
700 1064 894 1105 cardinales,
916 1064 1010 1097 etiam

275 1118 315 1150 de
333 1118 432 1150 latere
448 1119 573 1159 legatos
586 1127 622 1149 ac
635 1117 781 1157 nuncios,
797 1127 923 1149 necnon
938 1128 1011 1149 cau-

275 1180 384 1202 sarum
415 1170 526 1213 palatii
561 1170 732 1213 apostolici
761 1170 950 1209 auditores,
976 1181 1012 1202 ac

276 1224 380 1256 dictae
414 1223 445 1256 S.
474 1223 511 1256 R.
545 1223 580 1256 E.
616 1223 851 1263 camerarium,
884 1234 1010 1256 necnon

274 1277 459 1320 praedictae
477 1277 628 1310 Gamerae
646 1278 848 1320 Apostolicae
866 1278 1009 1317 clericos,

274 1329 508 1371 praesidentes,
536 1330 775 1362 thesaurarium
801 1331 1010 1372 generalem,

273 1381 531 1414 commissarium
557 1387 588 1415 et
612 1383 691 1416 alios
724 1382 900 1421 officiales,
925 1389 1010 1415 cete-

273 1444 391 1477 rosque
418 1445 639 1478 quoscumque
656 1462 663 1475 ‚
690 1435 785 1467 etiam
819 1435 929 1478 quavis
955 1446 1011 1468 au-

273 1487 430 1526 ctoritate,
448 1493 605 1530 potestate
624 1493 654 1520 et
671 1488 927 1531 praeeminentia
942 1489 1011 1521 sun-

273 1545 386 1583 gentes
400 1546 431 1573 et
445 1541 622 1580 suncturos‚
636 1541 761 1573 sublata
782 1541 827 1573 eis
848 1547 880 1573 et
898 1552 1008 1574 eorum

272 1594 406 1626 cuilibet
429 1593 541 1636 quavis
558 1594 653 1626 aliter
670 1594 832 1626 iudicandi
852 1599 884 1627 et
909 1594 1010 1627 inter-

272 1646 418 1690 pretandi
454 1646 605 1680 facultate
631 1652 663 1679 et
687 1647 875 1680 auctoritate
891 1674 898 1687 ,
927 1648 1008 1681 iudi-

271 1699 337 1731 cari
368 1705 400 1732 et
426 1699 555 1732 definiri
588 1700 722 1739 debere,
749 1711 785 1732 ac
811 1700 940 1733 irritum
977 1707 1008 1734 et

269 1751 367 1785 inane
401 1752 426 1785 si
458 1762 549 1786 secus
574 1763 673 1796 super
702 1753 751 1786 his
776 1765 793 1786 a
818 1765 1006 1797 quoquam,

271 1804 383 1847 quavis
415 1805 630 1845 auctoritate,
664 1807 804 1839 scienter
828 1808 879 1840 vel
915 1808 1008 1851 igno-

271 1863 393 1899 ranter,
417 1859 594 1901 eontigerit
618 1860 782 1892 attentari.

315 1911 330 1953 ἓ
355 1910 385 1943 5.
414 1910 483 1944 Non
508 1911 714 1943 obstantibus
737 1913 906 1956 praedicto
931 1915 1005 1947 dicti

271 1962 451 1996 Innocentii
476 1964 739 2006 praedecessoris
764 1965 1004 2010 chirographo,

271 2025 408 2055 necnon,
427 2021 587 2058 quatenus
605 2027 685 2059 opus
700 2018 749 2057 sit,
765 2018 803 2050 de
821 2018 890 2051 iure
909 2030 1006 2062 quae-

270 2068 333 2101 sito
351 2079 417 2102 non
433 2069 588 2110 tollendo,
607 2069 742 2113 aliisque
756 2070 832 2103 iuris
852 2077 884 2104 et
901 2072 1004 2106 dictae
1026 2093 1027 2097 =

269 2121 487 2155 Cancellariae
511 2123 648 2165 regulis,
675 2128 707 2155 et
731 2124 803 2166 piae
828 2126 1003 2159 memoriae

268 2174 460 2215 Simmachi,
486 2175 633 2218 Gregorii
659 2176 718 2217 tx,
745 2178 918 2210 Alexandri
944 2179 1001 2219 xl,

268 2227 357 2260 Pauli
382 2228 406 2260 11
433 2234 464 2261 et
488 2228 578 2261 Pauli
606 2229 642 2261 tv
668 2235 700 2261 et
724 2230 862 2262 aliorum
889 2230 1004 2264 Roma-

267 2292 384 2315 norum
409 2281 601 2314 Pontificum
627 2283 916 2325 praedecessorum
943 2295 1002 2317 no-

267 2341 405 2368 strorum
428 2335 467 2368 de
490 2335 587 2368 rebus
608 2335 779 2376 Ecclesiae,
797 2336 949 2369 Gamerae
972 2343 1002 2370 et

265 2387 358 2421 Sedis
384 2388 569 2421 huiusmodi
588 2399 652 2422 non
671 2388 852 2422 alienandis
878 2395 906 2422 et
926 2391 1003 2423 alie-

266 2441 349 2474 natis
365 2441 606 2484 recuperandis,
626 2447 656 2474 et
672 2447 801 2474 sanctae
827 2443 1001 2475 memoriae

266 2494 312 2527 Pii
337 2495 395 2527 PP.
423 2495 518 2528 etiam
544 2495 580 2527 IV
604 2494 752 2527 similiter
777 2495 1002 2537 praedecesso-

267 2547 311 2579 ris
337 2548 438 2580 nostri
465 2547 503 2580 de
528 2547 639 2590 gratiis
658 2549 894 2591 qualecumque
921 2553 1002 2581 ‚nte-

265 2610 354 2635 resse
376 2601 479 2635 dictae
497 2600 646 2635 Gamerae
671 2601 943 2635 concernentibus
968 2602 998 2635 in

1708 213 1750 245 45

1055 267 1165 299 eadem
1181 267 1310 299 Gamera
1330 267 1412 299 inl‘ra
1428 273 1549 299 certum
1568 274 1642 300 tunc
1661 280 1790 312 expres—

1054 330 1123 351 stnn
1151 325 1277 362 tempus
1303 319 1495 352 exhibendis
1513 327 1543 352 et
1564 322 1786 363 registrandis,

1055 371 1132 403 itaut
1157 377 1346 414 praesentes
1365 373 1487 405 litteras
1505 373 1624 406 ibidem
1644 375 1788 407 exhiberi

1054 429 1085 456 et
1109 425 1272 466 registrari
1291 435 1454 468 nunquam
1474 437 1608 459 necesse
1629 428 1681 465 sit,
1706 429 1790 460 aliis-

1054 487 1114 519 que
1140 477 1306 520 quibusvis
1331 478 1618 512 constitutionibus
1650 486 1682 513 et
1706 481 1792 513 ordi-

1054 530 1238 563 nationibus
1264 532 1460 574 apostolieis‚
1487 532 1581 565 etiam
1600 534 1630 566 in
1656 535 1791 577 synoda-

1055 583 1158 623 libus,
1185 584 1460 626 provincialibus,
1493 586 1728 619 universalilms
1759 593 1790 619 et

1054 637 1261 677 generalibus
1286 638 1432 671 conciliis
1458 639 1555 671 editis
1576 640 1624 672 vel
1643 640 1791 679 edendis,

1054 690 1251 731 specialibus
1276 691 1326 723 vel
1353 692 1573 733 generalibus,
1599 703 1634 724 ac
1659 692 1790 726 Cancel-

1055 742 1152 775 lariae
1178 748 1209 775 et
1234 743 1386 776 Gamerae
1413 745 1675 787 praedictarum,
1705 746 1792 778 aliis-

1054 806 1115 837 que
1148 797 1425 840 quibuscumqne,
1462 798 1558 830 ctiam
1590 799 1791 840 iuramento,

1053 847 1298 882 confirmatione
1327 851 1505 893 apostolica
1528 852 1577 884 vel
1604 853 1712 895 quavis
1740 853 1792 885 fir-

1053 901 1163 934 mitate
1181 902 1242 934 alia
1266 902 1439 942 roboratis,
1463 904 1588 936 statutis
1614 911 1646 937 et
1661 915 1793 938 consue-

1054 954 1231 995 tudinibus,
1246 961 1277 987 et
1294 956 1431 988 decretis
1446 958 1658 990 cameralibus
1673 964 1704 990 et
1719 969 1792 991 con-

1053 1007 1278 1049 sistorialibus,
1301 1009 1480 1051 privilegiis
1498 1021 1638 1053 quoque,
1658 1011 1790 1044 indultis

1055 1066 1086 1093 et
1109 1061 1226 1094 litteris
1252 1063 1452 1104 apostolicis,
1473 1063 1566 1096 etiam
1592 1063 1742 1097 Gamerae
1761 1070 1793 1097 et

1053 1113 1269 1147 Cancellariae
1284 1115 1467 1157 praedictis,
1483 1116 1615 1159 eiusque
1634 1118 1790 1159 collegiis,

1055 1177 1233 1210 eorumque
1259 1169 1416 1201 ministris
1434 1175 1465 1201 et
1482 1169 1686 1210 officialibus,
1704 1171 1792 1203 aliis-

1055 1230 1116 1262 que
1142 1221 1300 1263 personis,
1320 1222 1379 1253 sub
1396 1222 1653 1266 quibuscumque
1681 1224 1792 1256 verbo-

1054 1283 1124 1305 rum
1150 1274 1315 1306 tenoribus
1341 1280 1373 1306 et
1398 1274 1526 1314 formis,
1554 1286 1591 1308 ac
1616 1276 1710 1308 etiam
1736 1277 1791 1309 de-

1055 1326 1286 1367 rogatoriarum
1312 1327 1541 1368 derogatoriis,
1568 1328 1703 1371 aliisque
1729 1331 1791 1362 etli‘

1054 1378 1246 1418 cacioribus,
1262 1380 1489 1412 efficacissimis
1508 1387 1539 1413 et
1556 1381 1694 1423 insolitis
1710 1383 1791 1415 clau-

1054 1431 1140 1472 sulis,
1171 1443 1207 1464 ac
1237 1432 1457 1472 irritantibus,
1479 1439 1511 1465 et
1535 1434 1606 1466 aliis
1639 1434 1789 1475 decretis,

1054 1484 1148 1516 etiam
1173 1491 1284 1524 motu,
1309 1485 1442 1518 scientia
1474 1492 1505 1518 et
1530 1487 1698 1529 potestatis
1726 1490 1792 1530 ple-

1054 1537 1199 1570 nitudine
1214 1538 1382 1578 similibus,
1396 1539 1490 1571 ctiam
1508 1540 1791 1581 consistorialiter,

1053 1596 1083 1623 et
1103 1590 1180 1623 alias
1198 1592 1444 1635 quomodolibet
1468 1593 1499 1624 in
1526 1594 1722 1626 contrarium
1742 1606 1791 1627 ‹¹0-

1052 1645 1199 1677 rumdem
1214 1645 1468 1687 praemissorum
1486 1647 1659 1685 concessis,
1677 1647 1791 1679 contir-

1051 1698 1142 1730 matis
1157 1704 1187 1730 et
1203 1698 1325 1741 pluries
1346 1699 1533 1741 approbatis
1561 1704 1592 1732 et
1617 1700 1788 1739 innovatis,

1052 1751 1167 1793 quibus
1193 1751 1345 1784 omnibus
1371 1758 1401 1785 ct
1426 1753 1573 1795 singulis,
1600 1753 1722 1786 etiamsi
1750 1754 1788 1785 de

1051 1803 1180 1837 illorum
1213 1805 1383 1837 sufficienti
1410 1805 1621 1847 derogatione
1653 1806 1692 1838 de
1728 1807 1789 1839 illis

1051 1868 1229 1901 eorumqne
1248 1858 1321 1890 totis
1343 1858 1509 1890 tenoribus
1527 1860 1677 1901 specialis
1690 1887 1697 1899 ,
1717 1870 1790 1902 spe-

1050 1910 1150 1950 cilica,
1167 1920 1319 1953 expressa
1335 1917 1366 1943 et
1383 1911 1561 1951 individua,
1581 1922 1616 1943 ac
1634 1912 1672 1944 de
1692 1914 1789 1945 verbu

1049 1963 1087 1995 ad
1107 1963 1252 2003 verbum,
1275 1974 1338 1997 non
1357 1969 1462 1996 autern
1482 1975 1540 2007 per
1558 1966 1717 1998 clausulas
1736 1977 1789 2006 ge-

1048 2017 1177 2049 nerales
1210 2017 1294 2049 idem
1324 2016 1559 2059 imponantes,
1585 2018 1706 2050 mentio
1732 2029 1786 2051 seu

1049 2069 1178 2111 quaeris
1204 2069 1266 2101 alia
1292 2069 1456 2112 expressio
1482 2070 1633 2102 habenda
1654 2077 1707 2102 aut
1732 2072 1788 2103 ali—

1048 2132 1111 2164 qua
1129 2122 1191 2154 alia
1206 2121 1365 2164 exquisita
1384 2123 1487 2155 forma
1501 2123 1539 2155 ad
1556 2123 1617 2155 hoc
1631 2125 1788 2156 servanda

1048 2175 1141 2214 soret,
1163 2180 1294 2207 tenores
1320 2174 1506 2208 huiusmodi
1527 2186 1562 2208 ac
1583 2176 1608 2208 si
1628 2176 1666 2209 de
1687 2178 1786 2210 verbo

1046 2228 1084 2260 ad
1110 2227 1254 2267 verbum,
1270 2227 1351 2259 niliil
1371 2228 1499 2270 penitus
1524 2229 1654 2269 omisso,
1674 2235 1706 2261 et
1724 2232 1785 2263 l'or-

1046 2283 1095 2313 ma
1120 2281 1151 2313 in
1177 2281 1241 2314 illis
1268 2281 1380 2314 tradita
1406 2281 1595 2322 observata,
1623 2283 1783 2326 exprime-

1047 2341 1159 2367 rentur
1187 2340 1219 2367 et
1244 2334 1465 2367 insererentur
1491 2335 1610 2368 eisdem
1637 2347 1784 2378 praest-u-

1047 2388 1129 2420 tibus
1156 2398 1216 2431 pro
1235 2388 1328 2430 plene
1349 2393 1380 2419 et,
1405 2388 1602 2421 sufficienter
1625 2390 1784 2432 expressis

1045 2446 1076 2472 et
1102 2441 1230 2473 insertis
1255 2440 1428 2480 babentes,
1455 2440 1519 2474 illis
1544 2441 1622 2474 alias
1658 2442 1687 2474 in
1725 2452 1782 2474 suo

1045 2495 1162 2527 robore
1188 2494 1427 2536 permansuris,
1458 2495 1497 2527 ad
1531 2494 1780 2537 praemissorum

1045 2547 1202 2587 ell‘ectum,
1234 2546 1294 2578 hac
1316 2546 1381 2579 vice
1408 2548 1582 2586 dumtaxat,
1598 2547 1783 2590 specialiter

1045 2606 1077 2634 et
1096 2611 1261 2646 expresse,
1280 2607 1380 2643 mom,
1399 2601 1534 2634 scicntia
1559 2606 1590 2633 et
1615 2600 1780 2644 potestatis

1797 222 1844 248 An.
1866 223 1893 250 G.
1913 224 1980 252 tCOO
