2254 3225
245 226 294 251 Αιι.
315 224 342 252 (ἶ,
368 224 428 251 teat

478 213 542 248 330
1015 218 1193 243 certamen
1218 216 1370 239 uoutsru
1951 212 2000 236 Λη,
2022 207 2051 236 C.
2078 211 2140 237 tenu

437 274 507 305 sola
524 271 699 314 adoptione
719 270 783 303 sint
796 269 865 303 filii.
882 267 1071 302 Huiusmodi
1088 266 1173 299 enim

438 326 620 359 nullatenus
638 324 691 357 tali
710 323 898 356 alternativa
921 321 1060 364 gaudere
1079 329 1173 362 posse

439 376 654 415 deceruimus,
674 375 733 408 nisi
760 378 881 408 tantum
899 373 929 406 in
947 370 1174 406 concurrentia

440 440 548 462 earum
586 428 847 472 provinciarum,
888 423 1175 468 congregationum

440 488 493 515 ant
528 483 708 520 domorum,
745 480 798 512 ubi
835 479 972 522 primam
1009 481 1039 509 et
1069 485 1177 507 verum

440 535 633 569 filiationem
660 532 847 567 habuerint.

485 599 514 621 x.
534 589 620 621 Ilaec
646 595 732 628 ergo,
752 595 834 628 quae
861 584 898 616 de
924 581 1122 616 electoribus
1148 585 1178 612 et

441 640 602 683 eligendis
640 637 882 675 ordinavimus,
910 636 954 668 sic
990 645 1063 667 esse
1088 633 1178 666 tirma

441 690 733 730 desidmavimus',
760 695 791 723 et
826 690 871 722 sic
897 688 1030 721 stabiles
1067 697 1179 720 eorum

440 757 544 786 voces,
571 751 605 778 ut
631 750 692 777 tam
718 743 821 776 activa
846 753 940 785 quam
967 741 1092 784 passiva
1118 739 1182 783 pri-

440 799 505 831 vari
532 803 586 831 aut
611 795 745 830 destitui
772 805 837 828 non
863 795 989 827 valeant
1015 804 1031 826 a
1062 792 1180 825 vicario

442 851 587 895 generali
608 848 737 882 Ordinis
758 852 826 880 toto
845 853 990 890 tempore
1007 845 1181 878 vacationis

442 904 662 947 magistratus,
681 907 713 933 ut
739 900 876 943 amplius
899 898 1118 933 declarabitur
1136 899 1183 930 iu-

443 957 554 991 ferius.
590 955 679 994 Quod
705 954 729 986 si
756 954 881 986 ratione
903 953 1039 986 alicuius
1064 952 1182 992 delicti,

444 1012 493 1044 vel
515 1011 555 1044 ob
582 1009 659 1042 alias
681 1018 802 1047 causas,
818 1006 934 1049 aliquis
952 1007 991 1039 de
1009 1006 1184 1048 praedictis

446 1074 484 1096 eo
512 1068 659 1105 tempore
685 1064 838 1102 appareat
863 1058 963 1091 active
991 1058 1041 1090 vel
1059 1057 1183 1100 passive

444 1115 608 1153 inhabilis,
632 1119 663 1146 et
688 1111 884 1154 suffragandi
911 1111 1036 1144 actione
1054 1122 1091 1143 ex
1111 1115 1186 1143 tunc

445 1169 514 1202 iure
532 1167 696 1201 communi
720 1167 767 1199 vel
785 1167 898 1198 barum
916 1164 1184 1197 constitutionum

445 1231 556 1254 carere
584 1220 742 1258 videatur,
767 1229 819 1251 res
845 1218 1011 1251 deseratur
1036 1217 1074 1249 ad
1099 1217 1187 1259 capi-

447 1275 547 1307 tulum
569 1273 734 1315 generale,
758 1271 823 1312 ubi,
849 1275 997 1304 accurate
1024 1269 1184 1309 discussa,
1206 1269 1209 1276 ’

447 1327 627 1360 decidatur.

492 1390 533 1413 ιιι.
562 1379 592 1412 Si
619 1383 726 1411 autem
752 1377 906 1420 magister
934 1376 1097 1419 generalis
1122 1376 1188 1408 ele-

448 1439 517 1466 ctus
540 1436 680 1465 mortem
706 1430 826 1464 obierit
850 1435 923 1462 ante
948 1429 1188 1462 absolutionem

449 1485 596 1519 eiusdem
614 1484 756 1527 capituli,
771 1483 825 1516 ubi
845 1488 973 1516 creatus
992 1482 1108 1522 extitit,
1124 1492 1188 1515 non

449 1538 523 1571 ideo
549 1537 731 1569 iudicamus
763 1537 924 1579 expletam
950 1542 981 1568 et
1005 1541 1189 1568 evacuatam

449 1589 671 1624 alternativam
687 1599 762 1621 suae
777 1588 878 1631 partis
894 1593 924 1621 et
938 1587 1188 1630 provinciarum,

450 1644 526 1686 quin
553 1642 616 1675 imo
643 1641 824 1674 secundum
846 1642 993 1674 eamdem
1019 1652 1099 1674 nova
1121 1640 1189 1674 lieri

450 1695 547 1728 debet
573 1693 686 1727 electio
712 1693 856 1736 magistri
875 1705 910 1726 ex
930 1694 1079 1737 personis
1106 1694 1191 1727 eius-

451 1749 523 1781 dem
550 1747 650 1790 partis
685 1751 716 1780 et
746 1746 998 1789 provinciarum.
1033 1746 1122 1779 L'nde
1157 1747 1190 1779 in

450 1801 512 1834 hoc
537 1811 609 1832 casu
636 1799 755 1832 nullam
788 1798 991 1831 vacationem
1023 1799 1191 1841 magistra-

451 1859 500 1886 tus
525 1852 714 1894 contingere
741 1851 953 1891 declaramus,
989 1851 1072 1884 itaut
1103 1851 1190 1885 Ordo

451 1911 621 1949 expectare
643 1904 760 1938 debeat
785 1904 924 1937 officium
949 1904 1058 1937 vicarii
1084 1915 1190 1947 gene—

452 1959 527 1992 ralis
553 1969 610 2001 per
635 1968 761 1990 menses
787 1963 940 2000 quatuor,
960 1963 1013 1990 aut
1038 1958 1188 2000 amplius.

495 2022 550 2044 x11.
579 2011 620 2043 Ex
646 2010 740 2043 dictis
774 2021 852 2052 ergo
878 2011 1069 2053 provinciis,
1107 2021 1190 2054 quae

451 2065 536 2097 iuxta
580 2063 728 2097 ordinem
773 2064 935 2107 praefatae
981 2064 1190 2098 alternativae

452 2119 610 2151 actualem
636 2123 757 2150 sortem
775 2121 807 2149 et
832 2128 1024 2149 concursum
1050 2112 1192 2150 habeant

451 2173 484 2204 in
502 2170 643 2213 capitulo
665 2169 825 2211 generali,
845 2180 927 2201 uuus
949 2170 1046 2202 frater
1063 2171 1102 2203 de
1120 2171 1192 2203 uni-

452 2226 542 2257 xersa
567 2233 678 2256 eorum
706 2221 828 2254 ditione
853 2223 901 2255 vel
927 2221 1048 2254 ambitu
1074 2222 1192 2264 eligen-

453 2278 513 2309 dus
551 2281 600 2308 est
624 2285 641 2306 a
665 2273 912 2317 capitularibus,
939 2274 1005 2306 sive
1037 2285 1192 2317 praesens

453 2329 518 2362 sive
545 2329 661 2361 absens
686 2327 725 2359 sit
752 2338 769 2359 a
790 2327 943 2369 capitulo,
964 2327 994 2359 in
1020 2338 1083 2370 quo
1108 2328 1191 2361 nihil

453 2382 540 2416 aliud
575 2379 785 2414 considerare
823 2379 942 2412 debent
958 2406 965 2419 ,
1004 2380 1065 2412 nisi
1105 2381 1191 2423 quod

453 2441 557 2469 aetate
582 2434 624 2467 sit
648 2438 800 2473 triaturus,
819 2437 851 2464 et
870 2432 1027 2473 sensibus,
1046 2433 1193 2466 doctrina

454 2495 485 2521 et
502 2487 661 2530 religione
682 2486 879 2529 praeclarus,
893 2495 1020 2518 morum
1037 2485 1191 2520 suavitate

454 2540 678 2585 acceptabilis,
706 2538 898 2582 disciplinae
924 2539 1083 2581 regularis
1107 2550 1192 2573 ama-

492 2604 502 2629 1
527 2602 628 2629 Forsan
649 2600 848 2628 desideramus
866 2602 904 2635 (fl.
921 2600 971 2634 T.).

1218 270 1276 301 tor,
1295 269 1325 295 et
1344 263 1374 294 iu
1400 266 1468 295 arte
1487 260 1687 303 gubernandi
1705 259 1767 293 iam
1787 259 1954 303 probatus,

1218 315 1364 356 diligens,
1380 315 1503 347 zelator
1527 318 1558 346 et
1582 313 1734 356 prudens.

1261 378 1328 401 λιιι.
1351 366 1425 401 Post
1445 366 1641 400 celebratam
1668 368 1860 401 electionem
1887 378 1954 400 ma-

1218 420 1320 462 gistri,
1347 419 1507 462 eligantur
1533 418 1628 453 etiam
1654 420 1686 453 in
1716 420 1831 453 eodem
1869 419 1955 463 capi-

1219 473 1285 505 tulo
1311 483 1370 514 per
1403 472 1620 506 definitorium
1657 475 1812 515 generale
1843 473 1954 507 vicarii

1219 526 1387 568 generales
1413 525 1577 558 indiarum
1601 531 1633 558 et
1655 532 1847 568 procurator
1864 538 1957 571 gene-

1222 577 1297 610 ralis
1321 576 1425 618 Urbis,
1452 582 1483 610 et
1507 588 1588 621 quos
1621 583 1772 622 oporteat
1806 581 1957 614 constitui

1221 642 1280 674 pro
1307 630 1403 664 rebus
1430 631 1528 664 totius
1552 631 1681 665 Ordinis
1715 632 1746 666 in
1779 634 1877 667 curiis
1903 645 1956 667 re-

1223 695 1306 726 gum,
1334 684 1418 718 iuxta
1443 685 1573 718 modum
1600 690 1630 719 et
1655 686 1788 720 sormam
1824 688 1960 721 inferius

1201 736 1254 768 *iu
1283 737 1342 770 liae
1369 737 1579 771 distinctione
1613 749 1681 781 cap.
1708 750 1738 772 tx
1771 745 1803 773 et
1826 751 1843 773 x
1876 740 1962 773 desi-

1224 789 1406 831 gnandam;
1430 790 1462 823 in
1487 791 1601 824 eodem
1627 791 1768 835 denique
1788 793 1888 836 pleno
1913 804 1963 826 ca·

1225 842 1328 885 pitulo
1350 843 1489 885 eligatur
1514 844 1628 877 domus
1653 855 1712 887 pro
1739 845 1963 880 celebratione

1225 894 1355 937 capituli
1389 896 1550 938 generatis
1577 897 1725 940 proxime
1750 899 1964 939 succedentis,

1225 957 1295 980 cum
1322 948 1536 982 alternatione
1561 955 1593 982 et
1616 950 1826 993 qualitatibus
1850 951 1881 984 in
1910 952 1965 985 hu·

1226 1001 1273 1032 ius
1299 1001 1508 1035 distinctione
1534 1013 1605 1046 cap.
1632 1014 1662 1036 xi
1688 1005 1881 1038 statuendis.

1270 1063 1290 1086 1.
1319 1053 1478 1087 Instructo
1503 1055 1656 1098 capitulo,
1681 1057 1810 1090 vocales
1841 1067 1963 1097 omnes,
2003 1067 2158 1116 Ιιξέρι-ετιοειὲἆῃο

1205 1115 1309 1148 1(μιοε
1334 1106 1395 1139 iam
1423 1107 1453 1139 iu
1481 1107 1588 1150 vigilia
1614 1109 1786 1142 electionis
1818 1111 1867 1144 vel
1893 1112 2068 1143 sab-maan
2097 1127 2160 1146 gena-

1227 1159 1291 1191 bati
1329 1161 1545 1203 supponimus
1582 1161 1713 1195 domum
1754 1147 2159 1207 capitularem{itlflatssnl't'l'tff

1228 1212 1403 1255 ingressos,
1429 1213 1515 1246 iuxta
1540 1214 1674 1247 inferius
1706 1226 1778 1259 cap.
1805 1227 1863 1250 vm
1884 1217 1968 1250 ordi-

1229 1266 1344 1306 nanda,
1359 1266 1392 1299 in
1419 1266 1520 1309 ipsam
1546 1278 1627 1300 sono
1652 1279 1828 1312 campanae
1852 1280 1969 1304 conve·

1230 1319 1330 1358 niant,
1351 1319 1632 1362 communiterque
1657 1322 1838 1363 procedant
1857 1323 1896 1355 ad
1915 1325 1968 1356 ob-

1229 1371 1405 1404 edientiam
1436 1372 1578 1414 praesidi
1611 1373 1848 1415 exhibendam,
1885 1386 1967 1418 quos

1230 1423 1284 1456 ille
1300 1423 1443 1466 benigne
1461 1424 1626 1467 suscipiat,
1641 1431 1673 1458 et
1689 1432 1876 1469 opportuno
1895 1433 1970 1461 tem-

1231 1487 1307 1519 pore
1332 1476 1487 1509 vit-arium
1509 1477 1641 1520 capituli
1666 1479 1726 1511 snb
1751 1479 1813 1512 hoc
1837 1481 1970 1513 nomine

1231 1528 1389 1570 instituat,
1412 1529 1466 1573 qui
1491 1529 1752 1564 iurisdictionem
1773 1532 1969 1566 ordinariam

1232 1583 1349 1615 habeat
1374 1593 1473 1626 supra
1491 1593 1603 1616 omnes
1621 1584 1818 1627 capitulares
1842 1591 1874 1618 et
1890 1586 1970 1619 alios

1233 1636 1345 1669 fratres
1370 1636 1408 1669 ad
1426 1636 1602 1679 capitulum
1619 1643 1866 1672 concurrentes.
1885 1638 1970 1672 Talis

1232 1694 1337 1722 autem
1363 1689 1499 1721 vicarius
1527 1689 1697 1732 eligendus
1728 1697 1777 1724 est
1800 1702 1818 1724 a
1843 1693 1967 1725 vocali-

1232 1742 1290 1774 bus
1316 1741 1403 1775 illius
1426 1742 1615 1785 prox-inciae
1641 1743 1673 1775 in
1698 1754 1762 1786 qua
1785 1744 1971 1778 celebratur

1232 1794 1409 1838 capitulum
1436 1796 1598 1837 generale,
1642 1806 1682 1828 ,ir
1718 1796 1851 1839 quidem
1881 1797 1970 1831 indu-

1233 1848 1342 1888 strius,
1368 1848 1520 1890 providus
1543 1853 1574 1881 et
1595 1848 1761 1892 pacificus.

1278 1911 1311 1934 ιι.
1335 1900 1453 1934 Eadem
1479 1906 1585 1934 autem
1618 1902 1669 1934 die
1706 1908 1737 1935 et
1773 1902 1880 1945 vigilia
1911 1903 1971 1936 sub

1233 1965 1403 1998 vesperum
1457 1960 1697 1998 congregentur
1747 1957 1972 2000 capitulariter

1233 2008 1389 2050 praedicti
1414 2009 1542 2041 vocales
1568 2019 1585 2041 a
1611 2008 1760 2051 praeside
1791 2010 1877 2042 iuxta
1905 2021 1971 2043 mo-

1233 2071 1299 2093 rem
1314 2072 1321 2101 3
1337 2066 1369 2094 et
1393 2061 1483 2094 factis
1508 2061 1816 2095 commemoratione
1841 2068 1872 2096 et
1896 2073 1969 2105 pre-

1233 2114 1323 2146 cibus
1349 2124 1410 2157 pro
1441 2114 1494 2146 SS.
1525 2113 1560 2146 1).
1591 2113 1625 2145 N.
1660 2113 1752 2156 Papa,
1786 2125 1846 2157 pro
1883 2115 1970 2148 felici

1233 2172 1318 2199 statu
1344 2172 1376 2199 et
1395 2165 1608 2199 'incrementis
1633 2165 1807 2206 Ecclesiae,
1832 2177 1891 2210 pro
1923 2178 1971 2201 re-

1233 2220 1327 2262 gibus
1353 2219 1537 2259 catholicis,
1556 2230 1615 2262 pro
1641 2219 1902 2253 benefactoribus
1918 2220 1971 2254 Or·

1233 2272 1318 2306 dinis
1350 2277 1383 2305 et
1414 2271 1565 2304 fidelibus
1601 2271 1749 2314 captivis,
1771 2272 1849 2306 vivis
1874 2278 1970 2317 atque

1233 2326 1403 2365 defunctis,
1422 2330 1519 2368 prout
1536 2325 1684 2367 superius
1709 2325 1916 2359 distinctione
1933 2336 1969 2361 111

1233 2390 1304 2422 cap.
1331 2389 1370 2411 xv
1395 2378 1433 2411 de
1466 2378 1604 2421 capitulo
1629 2378 1820 2421 quotidiano
1846 2379 1971 2413 ordina-

1233 2438 1293 2471 tur,
1319 2431 1488 2465 electionis
1518 2441 1650 2473 praeses
1682 2431 1826 2474 patribus
1853 2434 1970 2466 electo-

1233 2486 1322 2518 ribus
1339 2485 1471 2517 brevem
1496 2489 1527 2516 et
1550 2484 1634 2527 piam
1660 2485 1841 2518 orationem
1860 2485 1967 2526 saciat,

1234 2549 1315 2582 quae
1343 2543 1375 2571 et
1397 2538 1436 2570 de
1465 2537 1526 2569 tine
1552 2537 1794 2570 convocationis
1820 2537 1967 2579 disserat,

1234 2596 1266 2625 et
1289 2591 1326 2624 ad
1351 2590 1544 2624 electionem
1570 2590 1714 2632 magistri
1740 2590 1899 2633 generalis
1919 2601 1969 2625 se-
