2227 3225
102 244 151 272 An.
173 245 203 274 C.
220 243 286 272 1697

297 291 502 326 manualibus
519 290 688 323 missarum
710 289 865 323 oneribus·
884 300 939 321 seu
957 288 1040 321 obli-

299 345 494 390 gationibus,
520 344 558 376 ad
584 343 702 376 limites
721 348 751 375 ct
771 348 916 376 tenorem
943 353 1039 385 prae-

297 399 436 432 sentium
455 398 672 436 decretorum,
696 402 839 440 tempore
862 407 973 429 eorum
992 406 1040 428 10-

297 451 426 494 giminis
464 450 560 483 suerit
595 451 728 483 omnino
770 456 801 483 ct
837 449 1041 492 integraliter

297 504 510 544 satisfactum,
529 505 590 543 vel,
606 502 775 537 deficiente
791 504 899 546 aliqua
914 502 1041 535 modica

296 558 528 597 satisfactione,
549 557 651 601 possit
670 557 766 590 etiam
785 556 974 589 huiusmodi
992 566 1041 588 re-

296 611 413 644 siduali
439 612 651 654 implemento
688 611 860 644 missarum
887 610 1040 643 distincte

297 665 545 698 referendarum
572 665 655 697 intra
689 664 786 697 breve
820 670 946 708 tempus
973 674 1041 697 1110-

297 718 410 751 raliter
435 717 587 750 satisfieri
603 745 610 758 ,
635 719 672 750 ea
702 717 827 750 adiecta
853 723 884 749 et
909 716 1039 749 0111111110

299 771 528 814 adimplenda¹
547 770 844 813 conditione‚quod
865 774 937 802 ante
952 779 1040 812 prae

298 826 381 858 satae
403 824 622 857 attestationis
638 824 875 857 exhibitionem
896 823 1040 865 quicum-

298 889 359 922 que
386 878 574 922 superiores
599 878 719 910 locales
746 876 906 920 praedicti
928 886 1040 908 vocem

296 932 432 965 activam
458 941 514 964 5011
540 931 699 975 passivam
721 930 753 962 in
777 929 965 962 memoratis
989 940 1040 962 ca-

297 985 410 1030 pitulis
429 996 486 1018 seu
505 984 814 1028 congregationibus
835 982 969 1016 omnino
988 983 1041 1016 1111-

297 1040 376 1073 bere
402 1049 467 1072 non
494 1039 636 1072 valeant.

103 1103 173 1150 ami?
192 1104 287 1149 3233:
340 1103 385 1127 xi.
412 1093 584 1126 Praeterea
615 1091 843 1135 provinciales,
871 1089 981 1123 vicarii
1010 1094 1040 1122 et

103 1163 162 1179 rum.
178 1156 234 1186 qumi
249 1148 480 1181 suovisitatores
506 1146 748 1190 provinciarum
781 1156 836 1178 scu
860 1154 1039 1187 congrega-

103 1183 287 1246 'c'ifiiififfffii’sc‘t
300 1202 426 1235 tionum
452 1201 620 1233 debebunt
653 1199 685 1232 in
718 1198 781 1231 tine
807 1209 919 1232 eorum
956 1197 1041 1240 regi-

103 1242 228 1264 pmcmstsa'
298 1256 394 1290 minis
411 1254 636 1299 superioribus
660 1253 869 1296 generalibus
887 1253 917 1284 in
937 1251 1040 1285 forma

298 1311 459 1354 probante
509 1309 682 1342 ostendere
730 1308 816 1351 quod
856 1304 1039 1340 executioni

297 1363 521 1408 praesentium
548 1363 757 1396 decretorum
787 1361 901 1394 sedulo
929 1359 1041 1402 invigi-

297 1417 443 1457 laverint,
461 1422 490 1450 et
516 1417 555 1449 ad
581 1426 691 1448 eorum
719 1421 865 1447 tenorem
887 1413 919 1446 in
939 1413 1040 1446 omni-

296 1472 355 1503 bus
380 1476 412 1504 et
437 1470 574 1512 singulis
601 1468 810 1502 conventibus
837 1478 893 1500 seu
912 1477 1041 1499 monas-

297 1524 387 1558 teriis
410 1524 462 1557 vel
496 1522 646 1556 domibus
676 1521 883 1564 regularibus
909 1520 1041 1564 provin-

297 1578 366 1611 ciae
392 1587 449 1610 seu
476 1575 741 1618 congregationis
768 1575 806 1608 de
834 1573 983 1607 omuibus
1010 1578 1041 1606 et

297 1631 435 1674 singulis
461 1630 617 1663 oneribus
655 1634 686 1662 et
723 1627 982 1671 obligationibus
1004 1638 1041 1659 ac

297 1684 431 1717 insimul
458 1683 736 1716 satisfactionibus
767 1682 938 1715 missarum
966 1692 1040 1714 exa-

299 1743 383 1770 ctam
409 1742 440 1770 01
457 1737 648 1779 diligentem
676 1736 836 1769 rationem
862 1736 1039 1777 exegerint,

299 1802 336 1824 ac
353 1795 467 1824 contra
493 1789 719 1833 delinquentes
734 1790 773 1822 ad
789 1790 1040 1822 declarationem

300 1850 331 1877 et
352 1843 578 1877 executionem
604 1842 785 1885 respective
810 1853 992 1885 poenarum
1009 1842 1040 1874 in

300 1896 440 1930 decretis
459 1902 686 1929 contentarum
705 1895 933 1939 processerint,
953 1901 982 1927 et
1001 1895 1040 1928 de

300 1950 568 1994 adimplemento,
597 1949 681 1982 011011
707 1960 743 1982 ea
775 1960 857 1992 quae
883 1950 914 1982 in
940 1960 1042 1992 prae-

299 2004 403 2037 missis
422 2004 460 2036 ad
478 2003 567 2047 ipsos
586 2009 742 2046 spectant,
759 2003 904 2046 legitime
924 2004 1043 2036 docue-

299 2057 376 2097 rint;
397 2057 475 2090 alias
493 2057 532 2089 ad
552 2067 661 2090 vocem
679 2057 814 2090 activam
832 2062 863 2089 et
879 2057 1041 2100 passivam

300 2110 333 2143 in
359 2111 510 2154 capitulis
543 2110 752 2154 generalibus
778 2111 963 2143 nullatenus
989 2111 1043 2144 ad-

300 2163 484 2197 mittuntur.

119 2222 150 2243 De
166 2221 290 2252 executione

117 2254 281 2277 praemissorum

107 2276 291 2324 ffgssgflgffigtgg
301 2271 414 2314 plures
438 2270 816 2304 archiconsraternitatcs
831 2298 839 2311 ‚
865 2272 1043 2305 confrater-

108 2325 428 2383 {ffi‘ffigffiwffiitssless
454 2324 639 2365 societates,
666 2325 960 2368 congregationes,
987 2326 1044 2358 110-

303 2377 410 2421 spitia,
428 2378 551 2418 altaria,
578 2379 756 2422 cappellas,
784 2379 927 2411 oratoria
945 2383 975 2411 01
995 2389 1044 2412 00-

303 2431 430 2472 clesias,
461 2443 497 2464 ac
522 2432 584 2464 alia
609 2433 682 2465 loca
707 2437 738 2464 et
763 2443 861 2476 opera
886 2433 940 2476 pia
965 2444 1043 2476 quo-

302 2484 485 2518 modolibet
509 2491 698 2529 nuncupata
727 2486 825 2529 (quae
848 2486 1043 2530 cuicumque

304 2548 402 2571 curae
426 2548 483 2571 seu
507 2539 660 2582 regimini
688 2545 741 2572 aut
769 2539 1043 2575 administrationi

873 241 1082 264 txxnittEtht‘s
1111 241 1151 263 xil
1179 242 1225 264 Pr.

344 2227 400 2251 ΧΗ.
433 2217 602 2259 Ceterum,
630 2217 705 2261 quia
735 2217 832 2251 etiam
865 2218 903 2251 ad
930 2228 1046 2262 quam:

1724 231 1787 266 817

1085 289 1155 329 dus,
1184 293 1297 329 status,
1324 289 1522 322 conditionis
1545 295 1575 322 et
1600 291 1828 333 praeeminen-

1085 343 1146 375 tiae
1173 342 1268 375 etiam
1305 342 1439 385 speciali
1472 348 1503 374 ct
1536 342 1724 377 individuali
1750 347 1827 378 nota

1084 396 1258 438 dignorum
1286 395 1458 435 dumtaxat,
1478 396 1527 427 vel
1546 406 1826 439 quorumcumque

1085 448 1379 482 ceclesiasticorum
1399 453 1431 481 ct
1456 448 1610 481 laicorum
1638 449 1826 482 huiusmodi

1083 503 1206 535 mixtim
1233 502 1482 542 commendata,
1509 512 1632 535 annexa
1663 512 1719 534 5011
1747 513 1827 545 quo-

1084 556 1321 599 modocumque
1368 555 1540 588 commissa
1582 556 1631 588 vel
1673 555 1827 588 attributa

1084 610 1172 652 sunt)
1199 620 1281 642 onus
1306 619 1363 642 seu
1390 619 1465 641 cura
1495 608 1725 642 celebrationis
1750 608 1827 641 mis-

1084 673 1202 703 sarum,
1221 662 1287 695 sive
1304 661 1515 701 manualium,
1534 661 1599 694 sive
1627 661 1666 694 ad
1688 667 1825 704 tempus,

1084 716 1133 748 vel
1159 715 1192 747 in
1217 721 1412 758 perpetuum
1439 715 1598 757 pertinet:
1622 715 1709 755 hinc,
1727 715 1826 747 salvis

1084 779 1215 812 semper
1240 769 1287 809 iis,
1306 779 1388 812 quae
1411 769 1444 800 in
1462 768 1671 811 praeinsertis
1689 768 1827 801 decretis

1084 822 1303 861 continentur,
1320 832 1433 854 omncs
1448 827 1478 854 et
1497 821 1695 865 quicumque
1715 821 1828 853 huius-

1085 875 1171 908 modi
1198 875 1603 915 archiconfraternitatum,
1623 875 1826 915 societatum,

1084 928 1388 970 congregationum,
1418 928 1640 971 hospitalium,
1667 926 1825 967 altarium,

1084 983 1326 1026 cappellarum,
1355 982 1572 1016 oratoriorum
1608 987 1640 1016 01
1675 981 1828 1015 ecclesia-

1084 1046 1176 1076 rum,
1210 1046 1246 1069 ac
1280 1037 1416 1069 aliorum
1449 1038 1596 1070 locorum
1629 1041 1660 1069 et
1691 1046 1827 1079 operum

1083 1090 1211 1133 piorum
1228 1096 1372 1123 rectores
1397 1101 1453 1123 seu
1472 1090 1755 1123 administratores
1775 1090 1826 1122 vel

1085 1143 1282 1184 directores,
1310 1149 1339 1177 et
1364 1144 1418 1177 alii
1445 1143 1630 1177 huiusmodi
1656 1143 1825 1183 officiales,

1084 1207 1214 1230 necnon
1235 1198 1266 1237 ii,
1294 1198 1333 1231 ad
1359 1209 1440 1242 quos
1467 1209 1542 1231 cura
1567 1198 1707 1231 tabellae
1736 1202 1767 1230 01
1790 1196 1828 1230 11-

1084 1251 1216 1284 brorum
1241 1251 1274 1284 in
1298 1252 1489 1295 praemissis
1519 1256 1664 1296 spectat,
1692 1251 1829 1284 tabella-

1084 1315 1154 1338 rum
1180 1305 1281 1339 libros
1311 1312 1342 1339 ct
1367 1306 1448 1339 haec
1474 1307 1603 1340 decreta
1627 1305 1824 1349 respective,

1084 1359 1169 1391 iuxta
1194 1360 1310 1401 modos
1335 1359 1484 1403 superius
1505 1369 1688 1402 expressos,
1714 1357 1827 1390 simili-

1085 1418 1132 1445 ter
1156 1413 1311 1454 retinere,
1330 1423 1459 1446 necnon
1486 1413 1524 1446 de
1549 1412 1704 1446 oneribus
1722 1422 1757 1444 ac
1776 1422 1828 1444 ce-

1084 1466 1322 1499 lebrationibus
1352 1471 1383 1500 et
1417 1466 1634 1510 eleemosynis
1667 1466 1827 1499 dictarum

1084 1519 1254 1552 missarum
1280 1520 1417 1563 singulis
1450 1519 1542 1553 annis
1567 1519 1728 1552 rationem
1763 1519 1828 1551 exi-

1084 1583 1172 1616 gere,
1194 1579 1225 1607 et
1241 1573 1421 1617 respective
1439 1573 1487 1614 iis,
1507 1574 1546 1606 ad
1568 1583 1647 1617 quos
1672 1573 1825 1616 pertinet,

1085 1629 1234 1670 reddere,
1254 1629 1314 1661 sub
1332 1627 1449 1671 poenis
1468 1627 1615 1669 arbitrio,
1635 1632 1675 1667 et,
1696 1627 1730 1659 in
1748 1626 1826 1659 sub-

1085 1681 1219 1723 sidium,
1246 1681 1608 1720 excommunicationis,
1636 1685 1823 1714 teneantur.

1127 1747 1197 1770 xiii.
1230 1736 1398 1769 Postremo
1432 1735 1582 1768 omnibus
1624 1739 1656 1767 01
1692 1734 1826 1777 quibus-

1084 1800 1222 1833 cumque
1248 1794 1311 1822 tam
1337 1788 1564 1821 ecclesiasticis
1588 1788 1751 1831 1101301115,
1772 1798 1826 1820 00-

1084 1845 1276 1886 iuscumquc
1297 1841 1438 1882 Ordinis,
1465 1847 1576 1882 status,
1610 1841 1740 1884 gradus,
1777 1851 1827 1875 re-

1086 1899 1202 1941 gulae,
1228 1895 1513 1939 congregationiS,
1536 1895 1721 1935 societatis,
1749 1906 1827 1928 con-

1086 1951 1218 1985 ditionis
1231 1949 1438 1993 etdignitatis
1454 1949 1605 1989 existant,
1621 1960 1718 1992 quam
1734 1949 1825 1982 laicis

1086 2014 1293 2048 quocumque
1330 2003 1458 2036 honore
1495 2008 1526 2035 et
1550 2008 1711 2045 potestate
1736 2013 1827 2046 prae-

1087 2059 1173 2098 ditis,
1194 2057 1301 2090 onmia
1319 2062 1349 2089 et
1367 2056 1494 2098 singula
1520 2055 1698 2099 praemissa
1716 2056 1828 2090 deere-

1088 2119 1118 2146 ta
1150 2110 1406 2155 interpretandi,
1435 2121 1563 2143 necnon
1597 2110 1826 2144 ecclesiasticis

1086 2165 1261 2210 praedictis
1277 2174 1399 2208 poenas
1423 2164 1455 2196 iu
1473 2163 1662 2196 huiusmodi
1688 2164 1826 2197 decretis

1086 2219 1262 2260 relaxandi,
1284 2217 1358 2251 sen¹
1375 2218 1609 2262 quoquomodo
1627 2217 1712 2251 circa
1736 2228 1828 2261 prae-

1087 2275 1181 2307 missa
1202 2272 1438 2316 dispensandi,
1465 2272 1570 2305 omnis
1596 2276 1627 2304 et
1651 2282 1827 2315 quaecum-

1087 2338 1150 2371 que
1176 2327 1311 2359 facultas
1338 2325 1380 2358 sit
1403 2324 1534 2369 penitus
1558 2324 1742 2358 interdicta.

1131 2393 1144 2412 11
1175 2380 1246 2413 Non
1271 2379 1490 2420 obstantibus,
1519 2379 1625 2424 quoad
1651 2379 1828 2423 suprascri-

1086 2440 1140 2478 pta
1164 2433 1273 2467 omnia
1297 2438 1328 2466 et
1353 2432 1482 2475 singula
1506 2432 1539 2465 in
1565 2432 1755 2466 huiusmodi
1777 2433 1828 2466 de-

1087 2488 1183 2521 cretis
1210 2492 1373 2526 contenta,
1403 2486 1691 2520 constitutionibus
1719 2491 1751 2520 et
1778 2497 1829 2520 or-

1088 2541 1275 2576 dinationus
1301 2540 1491 2585 apostolicis
1524 2540 1558 2573 in
1582 2540 1725 2573 savorem
1751 2551 1828 2584 qua-

303 2592 354 2625 vel
385 2591 557 2625 directioni
589 2592 747 2626 laicorum
777 2593 950 2627 cuiuslibet
975 2605 1042 2638 gra·
1086 2605 1299 2639 rumcumque
1316 2604 1538 2639 personarum,
1557 2598 1654 2637 atque
1670 2593 1826 2627 Ordinum

339 2656 351 2681 1
373 2653 445 2681 Edit.
465 2654 544 2681 Main.
564 2655 630 2691 legit
648 2656 829 2692 adimplendi
849 2659 886 2692 (a.
903 2660 952 2691 T.).

390 2708 469 2738 Bull.
490 2709 574 2740 Rom.
593 2725 629 2732 -
651 2711 712 2741 Vol.
732 2712 793 2741 XX.
940 2711 990 2740 103

1121 2658 1135 2686 1
1156 2657 1228 2686 Edit.
1248 2657 1330 2687 lllain.
1350 2657 1416 2693 legit
1435 2657 1485 2685 sub
1504 2664 1553 2693 pro
1572 2664 1621 2684 seu
1640 2657 1678 2692 (a.
1699 2656 1750 2692 1.).

1835 242 1882 270 An.
1905 243 1932 270 C.
1953 242 2019 270 1697

1863 1740 1977 1761 interdieta
1991 1740 2021 1760 sa-

1837 1769 1904 1788 cultas
1918 1768 2021 1790 1111011110-

1837 1796 1894 1815 tamn
1906 1795 2021 1820 0111151100·

1837 1822 1907 1842 sauli.

1865 2383 1985 2406 clausulae.
