2254 3225
223 261 272 287 An.
293 259 321 286 c.
341 259 407 287 1697
454 249 520 284 814

995 258 1176 283 BULLARIUM
1201 257 1356 283 ROMANUM

1948 255 1996 282 An.
2018 254 2048 282 C.
2066 254 2133 283 ¹697

410 308 542 342 missam
579 318 640 352 per
676 308 774 342 alium
813 307 978 341 celebrare
999 335 1006 348 ‚
1034 308 1155 340 tribuat
1199 307 1369 350 religionis
1402 316 1472 340 esse
1509 305 1738 345 collocandos,
1764 304 1819 338 ubi
1845 314 1937 338 com-

411 362 574 395 sacerdoti
599 362 778 395 celebranti
803 363 1047 405 eleemosynam
1078 372 1152 393 eon-

411 426 522 458 gruam
558 416 738 449 secundum
775 426 898 448 morem
934 414 1072 447 civitatis
1103 415 1153 447 vel

411 470 608 512 provinciae,
632 469 695 502 nisi
721 469 751 501 in
773 468 965 501 fundatione
985 468 1087 511 ipsius
1105 467 1156 500 be-

410 522 518 554 neticii
545 522 633 555 aliud
659 527 786 554 cautum
813 521 920 554 suerit.

457 575 502 607 Ad
520 585 552 607 x.
572 575 697 607 Debere
716 575 867 607 absolute
888 573 1050 616 integram
1069 573 1156 605 elee-

410 639 580 672 mosynam
607 628 750 660 tribuere
775 627 940 660 sacerdoti
965 625 1154 665 celebranti,

411 692 473 714 nec
503 682 604 714 ullam
641 681 729 714 illius
762 685 888 724 partem
920 679 981 713 sibi
1013 679 1155 712 retinere

411 746 518 779 posse.

456 789 502 821 Ad
529 798 572 822 x1.
600 789 792 832 Respondit,
811 798 877 821 non
904 787 1082 832 probibere
1102 787 1156 820 ab·

411 844 538 883 solute;
566 854 602 875 ac
628 848 816 886 propterea,
837 843 897 875 etsi
918 842 1074 875 oneribus
1093 841 1156 873 iam

410 897 568 940 susceptis
586 907 652 929 non
669 896 901 935 satisfecerint,
925 906 1025 939 posse
1048 901 1156 928 tamen

410 961 494 983 nova
519 950 615 983 etiam
649 961 751 983 onera
782 950 951 992 suscipere
984 949 1156 982 missarum

411 1003 694 1044 celebrandarum,
727 1003 903 1036 dummodo
941 1003 1026 1035 insra
1055 1002 1158 1035 modi-

412 1067 485 1090 cum
520 1063 647 1101 tempus
683 1057 808 1101 possint
843 1057 995 1091 omnibus
1031 1056 1159 1089 satissa-

416 1121 505 1144 cere.

457 1165 504 1198 Ad
529 1175 586 1198 xit.
613 1163 765 1203 Quamvis
787 1175 886 1198 onera
905 1169 1055 1207 suscepta
1076 1163 1160 1196 infra

412 1218 578 1252 modicum
613 1224 738 1261 tempus
774 1217 946 1261 adimpleri
986 1222 1159 1260 nequeant,

413 1271 441 1304 si
463 1278 569 1304 tamen
590 1272 834 1315 eleemosynam
853 1282 914 1314 pro
933 1270 1069 1303 aliarum
1088 1270 1163 1302 mis-

414 1336 522 1358 sarum
548 1326 773 1358 celebratione
795 1323 954 1358 offerens¹
975 1325 1007 1357 id
1033 1324 1115 1357 sciat
1133 1327 1163 1357 et

415 1380 599 1413 consentiat
630 1385 665 1412 ut
698 1380 773 1413 illae
808 1385 885 1412 tunc
912 1379 1042 1412 demum
1076 1379 1163 1412 cele·

413 1433 552 1467 brentur
577 1444 649 1466 cum
674 1434 833 1476 susceptis
858 1433 1014 1466 oneribus
1040 1432 1163 1465 satissa-

415 1493 500 1520 ctum
528 1487 642 1528 suerit,
673 1487 840 1520 decretum
871 1497 935 1519 nou
969 1486 1159 1529 prohibere,

416 1540 591 1583 quominus
622 1550 659 1573 co
691 1550 768 1572 casu
794 1540 1003 1583 eleemosyna
1028 1538 1162 1581 accipia-

417 1598 470 1625 tur
502 1603 561 1636 pro
594 1593 709 1626 iisdem
735 1592 840 1625 missis
866 1592 953 1625 iuxta
977 1592 1163 1625 benefacto-

417 1646 461 1679 ris
480 1656 676 1679 consensum
696 1645 912 1679 celebrandis.

462 1699 510 1731 Ad
534 1709 606 1732 xm.
633 1699 696 1732 Has
722 1709 846 1742 poenas
871 1709 936 1731 non
964 1699 1087 1731 babere
1117 1698 1163 1731 lo-

417 1763 501 1792 cum,
525 1753 587 1785 nisi
613 1753 644 1785 in
664 1752 864 1795 suscepturis
884 1763 985 1785 onera
1005 1757 1163 1796 perpetua

418 1807 589 1839 missarum
621 1806 889 1840 celebrandarum
928 1807 998 1839 sine
1032 1805 1163 1839 licentia

419 1859 563 1903 episcopi
589 1861 638 1893 vel
665 1860 734 1894 eius
768 1860 933 1903 generalis
958 1859 1083 1900 vicarii,
1110 1866 1164 1892 aut

419 1913 584 1956 generalis
609 1914 659 1946 vel
685 1913 907 1956 provincialis.

463 1967 511 2000 Ad
535 1977 598 2000 xiv.
627 1966 884 2011 Comprehendi.

463 2021 510 2053 Ad
534 2031 586 2053 xv,
613 2020 682 2054 Non
715 2031 811 2064 posse
845 2020 908 2053 nisi
935 2021 974 2053 de
1001 2030 1162 2053 consensu

420 2083 532 2106 eorum
560 2073 613 2117 qui
640 2074 865 2117 eleemosynas
884 2073 1041 2113 tribuunt,
1059 2079 1094 2106 ut
1113 2084 1164 2106 su-

419 2137 481 2170 pra
506 2127 538 2159 in
565 2127 778 2170 responsione
804 2127 842 2159 ad
867 2137 924 2161 xli.

463 2180 511 2212 Ad
536 2190 601 2213 xv1.
628 2179 871 2224 Comprehendi
897 2180 994 2213 etiam
1020 2181 1163 2224 privatos

420 2233 619 2266 sacerdotes.

464 2286 511 2319 Ad
543 2296 620 2319 xvu.
655 2285 787 2319 Numeri
822 2286 1058 2330 praefixionem
1092 2297 1163 2320 esse

421 2337 537 2372 iterum
563 2339 753 2379 faciendam,
782 2342 907 2372 servata
932 2339 1034 2374 forma
1058 2340 1162 2373 ultimi

422 2392 545 2425 decreti
572 2392 632 2424 hac
657 2392 695 2425 de
719 2402 753 2425 re
778 2392 868 2425 editi.

465 2444 513 2477 Ad
538 2454 627 2478 xviu.
650 2444 725 2478 Esse
749 2444 968 2479 admittendos
988 2446 1025 2479 ad
1044 2446 1165 2490 profes-

421 2497 560 2539 sionem,
583 2498 608 2531 si
634 2499 712 2531 alias
738 2498 865 2532 habiles
892 2499 1037 2540 existant,
1056 2511 1092 2533 ac
1109 2500 1162 2533 de—

420 2550 497 2584 inde
521 2551 553 2584 in
572 2551 681 2595 aliquo
706 2551 770 2585 alio
796 2552 995 2585 monasterio
1018 2552 1162 2586 eiusdem

458 2670 469 2696 1
492 2669 591 2696 Vocem
612 2669 732 2704 offerens
754 2677 801 2697 nos
821 2667 944 2696 addimus
960 2669 999 2704 [u-
1016 2670 1063 2705 r).

1200 361 1296 393 mode
1322 361 1365 393 ali
1391 360 1530 403 possint.

1243 416 1290 448 Ad
1316 425 1378 448 xix.
1398 414 1530 447 Censuit
1550 412 1844 456 comprehendere.

1244 469 1291 501 Ad
1317 468 1477 501 ultimum.
1499 467 1626 500 Habere
1651 468 1759 500 locum
1776 472 1864 500 extra
1881 465 1942 499 lta-

1200 522 1290 554 liam.

1244 575 1367 609 Cosmus
1390 574 1564 608 cardinalis
1585 584 1627 607 nn
1647 574 1786 607 Tonans.
1802 592 1845 597 -—
1862 573 1942 607 Pao-

1199 637 1277 661 SPER
1314 628 1482 661 Facis-mus
1519 637 1632 660 sacrae
1670 626 1941 669 Congrcgationis

1200 681 1392 714 secretarius
1419 693 1450 714 n.

1245 734 1296 767 lll.
1315 747 1328 766 n
1352 734 1430 767 Cum
1449 739 1552 767 autem
1572 744 1669 778 super
1690 733 1880 777 praemissis
1899 733 1943 767 di·
1980 741 2137 763 cumanum.

1201 788 1283 821 versi
1309 788 1503 831 irrepserint
1523 788 1654 828 abusus,
1678 788 1873 830 illorumque
1895 797 1943 820 oc·
1953 769 2139 843 ἵῖοὲηοὲῖζνῑιοέξι

1202 842 1332 875 easione
1357 843 1566 885 quamplures
1597 841 1751 884 querelae
1777 846 1810 873 et
1838 849 2083 873 recur-aucxornate
2106 849 2140 870 in-

1202 906 1255 928 sus
1273 896 1311 928 ad
1330 895 1550 938 Apostolioam
1572 895 1688 927 Sedem
1716 876 2140 937 pervenerint,ssss‘iiss'x'c'filiilss

1203 949 1339 992 cupiens
1361 949 1474 981 eadem
1493 948 1709 991 Congregatio
1731 946 1943 980 cardinalium
1956 930 2140 978 iiiissfmffl'bm

1202 1002 1336 1036 Concilii
1371 1001 1553 1034 Tridentini
1589 1001 1803 1044 interpretum
1836 1000 1947 1032 huius-

1203 1056 1290 1088 modi
1325 1055 1532 1088 delestabiles
1565 1055 1685 1087 abusus
1716 1064 1732 1086 e
1767 1053 1946 1086 christiana

1204 1109 1371 1153 republica
1392 1120 1452 1152 pro
1467 1108 1588 1141 viribus
1606 1108 1755 1147 evellere,
1775 1118 1811 1140 ac
1827 1117 1948 1150 oppor-

1205 1170 1280 1196 tune
1296 1163 1482 1206 providere,
1500 1167 1544 1201 ut,
1563 1161 1697 1196 sublatis
1716 1161 1890 1200 fraudibus,
1912 1170 1949 1193 ac

1206 1218 1377 1251 emendata
1393 1216 1601 1259 negligentia,
1614 1216 1686 1259 piae
1704 1214 1947 1258 disponentium

1206 1282 1260 1304 seu
1278 1271 1526 1304 benefactorum
1547 1269 1704 1303 voluntati
1722 1268 1803 1302 fides
1825 1269 1949 1302 illibata

1206 1330 1363 1364 servetur,
1382 1324 1611 1357 defunctorum
1633 1323 1801 1356 animabus
1819 1322 1949 1365 integra

1207 1383 1239 1411 ct
1255 1383 1406 1422 prompta
1423 1380 1630 1421 praestentur
1647 1375 1806 1418 suffragia,
1827 1375 1950 1408 itidem-

1207 1442 1269 1475 que
1296 1431 1359 1464 Deo
1384 1431 1488 1463 maior
1506 1430 1611 1473 gloria
1636 1434 1668 1463 et
1692 1428 1839 1462 ecclesiis
1856 1438 1949 1472 prae-

1207 1485 1345 1517 stantior
1363 1485 1468 1517 cultus
1495 1484 1660 1523 reddatur,
1686 1482 1818 1526 praevia
1841 1487 1950 1515 aucto-

1207 1538 1301 1571 ritate
1334 1548 1392 1581 per
1424 1537 1667 1570 sanctissimum
1699 1536 1865 1569 dominum
1891 1545 1949 1568 no-

1207 1598 1309 1624 strum
1347 1591 1572 1623 Innocentium
1599 1590 1708 1623 divina
1741 1588 1948 1632 providentia

1208 1645 1325 1689 Papam
1351 1644 1404 1677 ΧΠ
1431 1644 1457 1677 ei
1485 1644 1672 1687 specialiter
1696 1642 1869 1682 attributa,
1892 1642 1945 1674 in-

1208 1699 1379 1741 frascripta
1403 1699 1557 1738 decreta,
1584 1697 1675 1740 prius
1701 1696 1733 1728 in
1760 1694 1948 1739 particulari

1208 1753 1442 1785 nonnullorum
1475 1762 1511 1784 ex
1547 1751 1699 1794 praelatis
1730 1749 1950 1782 cardinalibus

1208 1817 1266 1850 per
1283 1805 1491 1839 Sanctitatem
1502 1805 1596 1838 Suam
1615 1804 1779 1847 deputata,
1792 1808 1824 1836 et
1837 1808 1951 1847 postea

1208 1860 1240 1892 in
1258 1859 1402 1902 generali
1423 1858 1612 1891 huiusmodi
1637 1857 1849 1891 cardinalium
1867 1856 1950 1889 Con-

1208 1914 1400 1956 gregatione
1426 1918 1553 1945 mature
1573 1916 1604 1944 et
1625 1916 1774 1944 accurate
1791 1910 1947 1950 discussa,

1208 1967 1388 2010 recognita,
1415 1966 1596 1999 examinata
1621 1965 1735 1998 edidit.

1253 2030 1274 2054 1.
1302 2020 1336 2052 In
1355 2019 1469 2063 primis
1493 2018 1696 2063 praeinserta
1722 2018 1852 2050 decreta
1876 2021 2144 2069 ctimelinffirffirlfflzg'q

1208 2073 1398 2116 praemissis
1423 2072 1554 2105 illorum
1580 2070 1853 2104 declarationibus
1878 2070 2143 2123 ple-{ffrffignztdggg

1208 2125 1341 2158 nissime
1369 2130 1400 2159 et
1429 2125 1628 2168 amplissime
1658 2123 1837 2167 approbat,
1864 2129 2070 2155 con-tutionum.

1208 2179 1316 2212 firmat
1341 2184 1372 2212 et
1396 2179 1540 2218 innovat,
1566 2177 1737 2220 omniaque
1764 2183 1796 2210 et
1819 2176 1947 2219 singula

1208 2233 1328 2266 ibidem
1344 2237 1498 2265 contenta
1512 2236 1543 2264 ct
1557 2241 1714 2274 expressa
1729 2230 1845 2263 iterum
1859 2229 1946 2262 omni

1208 2285 1335 2319 meliori
1361 2285 1456 2318 modo
1490 2284 1658 2323 decernit,
1683 2283 1813 2322 statuit,
1846 2293 1882 2316 ac
1907 2281 1947 2315 ab

1207 2340 1358 2373 omnibus
1381 2345 1411 2372 et
1429 2338 1565 2381 singulis
1583 2338 1678 2370 eliam
1696 2336 1828 2380 speciali
1847 2342 1880 2369 et
1900 2336 1949 2370 in-

1208 2393 1360 2426 dividuali
1379 2394 1454 2425 nota
1472 2401 1527 2424 seu
1543 2390 1753 2433 expressione
1773 2389 1879 2432 dignis
1896 2400 1950 2433 pe-

1207 2447 1293 2479 nitus
1311 2446 1478 2480 observari
1497 2450 1528 2478 et
1541 2444 1749 2478 omnimodae
1763 2442 1948 2477 executioni

1207 2498 1396 2533 demandari
1415 2497 1575 2538 decernit,
1594 2497 1696 2530 sancit
1719 2502 1751 2529 et
1773 2495 1945 2540 praecipit.

1251 2563 1284 2587 11.
1309 2552 1446 2595 Insuper
1476 2551 1566 2583 utin
1602 2561 1635 2583 re
1673 2550 1753 2583 tanti
1788 2549 1947 2584 momenti
1959 2554 2017 2602 uossng
2032 2553 2145 2602 figgfl‘gffi:

1206 2606 1402 2647 consultius,
1430 2616 1466 2639 ac
1491 2604 1627 2645 maiori,
1654 2609 1688 2637 ut
1711 2615 1770 2649 par
1795 2608 1864 2645 est,
1890 2598 2145 2637 cii··ue‚⁰2³mposi¹i0-

1958 2641 1984 2656 ne
1996 2640 2082 2656 onerum
2093 2635 2144 2656 mis-

1206 2659 1446 2704 cumspectione
1481 2658 1708 2702 procedatur,
1742 2657 1769 2691 si
1805 2657 1861 2702 qui
1886 2657 2037 2691 sor-sarum.
