2227 3225
70 229 118 255 An.
139 226 168 255 C.
187 228 254 256 tono

108 499 169 519 Fides

67 529 203 552 nuinptornni.

195 500 250 519 tran-

82 1715 188 1744 Parti-*ula
197 1721 246 1736 con-

61 1743 199 1763 stitutiouuui.

852 232 1038 256 ALEx'ANnEn
1065 233 1121 256 VIII
1147 234 1193 256 Pr.

263 288 393 311 snorum
432 279 666 322 indulgentiam
706 285 738 312 et
772 280 998 313 remissionem

262 331 516 364 misericorditer
546 332 577 364 in
609 332 741 365 Domino
779 333 996 366 concedimus.

263 383 490 417 Praesentibus
515 387 682 428 perpetuis
708 386 824 418 suturis
851 386 999 430 tempori-

261 435 320 468 bus
346 436 502 470 valituris.

304 489 318 531 ἓ
344 488 375 521 ⁶2.
395 490 548 523 Volumus
566 496 672 524 autem
690 497 723 523 ut
744 492 886 535 ipsarum
908 502 999 534 prae-

260 543 399 575 sentium
421 543 601 576 litterarum
627 545 846 588 transumptis,
873 556 929 578 seu
950 556 999 577 ex-

260 596 387 638 emplis,
411 596 507 629 etiam
535 597 711 640 impressis,
738 609 834 630 manu
859 599 998 631 alicuius

259 649 374 681 notarii
394 650 516 692 publici
531 651 737 694 subscriptis,
756 656 788 683 et
804 651 912 693 sigillo
930 662 1000 694 per-

259 711 357 734 sonae
383 702 414 734 in
436 703 656 736 ecclesiastica
687 703 845 746 dignitate
875 704 999 736 consti-

261 759 346 786 tutae
372 755 517 795 munitis,
541 757 654 788 eadem
677 767 811 799 prorsus
836 756 916 789 tides
942 757 999 789 lia-

259 806 382 847 beatur,
410 819 491 851 quae
518 809 695 842 baberetur
714 810 793 853 Ipsis
819 810 998 853 praesenti-

258 859 318 891 bus
343 860 367 892 si
388 861 496 893 forent
513 861 678 894 exhibitae
697 863 746 895 vel
766 868 928 895 ostensae.

301 912 414 945 Datum
441 914 581 953 Romae,
612 915 695 957 apud
725 915 756 947 S.
784 915 914 947 Mariam
935 915 998 947 Ma-

257 965 382 1005 iorem,
412 968 471 999 sub
504 969 626 1000 annulo
656 967 843 1007 piscatoris,
864 969 915 1001 die
946 979 997 1001 xrx

258 1019 444 1052 novembris
480 1030 610 1061 mocxc,
644 1022 855 1064 pontificatus
891 1021 994 1054 nostri

258 1083 344 1105 anno
373 1083 406 1106 11.

294 1135 352 1161 Dat.
370 1136 415 1162 die
431 1136 464 1163 ‘29
481 1136 636 1163 novembris
659 1138 737 1171 1690,
758 1137 853 1172 pontif.
874 1146 918 1164 an.
940 1144 968 1164 Π.

484 1278 590 1310 xxxx·
616 1278 674 1321 (al.
702 1278 771 1321 34).

258 1355 478 1398 Confirmatio·
518 1358 684 1400 particula
726 1359 993 1391 constitutionum

298 1409 437 1451 fratrum.
450 1410 613 1442 iilinorum
628 1411 895 1444 szrenlualz'ztm
908 1413 992 1443 circa

297 1462 460 1503 firmiliani
480 1467 649 1494 com-entus
674 1463 745 1496 XII
762 1464 989 1506 Apostolorum

298 1514 335 1547 de
363 1515 444 1547 Urbe
458 1515 478 1547 ¹.

443 1596 610 1623 Alexander
626 1596 704 1630 Papa
724 1598 801 1631 VIII,

378 1640 414 1666 ad
431 1644 605 1673 perpetuam
624 1643 670 1668 rei
685 1644 866 1670 memoriam.

299 1710 357 1753 gi.
378 1710 454 1743 Cum
471 1711 568 1753 (sicut
583 1712 781 1755 accepimus)
800 1724 858 1756 per
874 1715 992 1747 consti-

256 1764 394 1796 tutiones
409 1764 554 1797 Urbanas
572 1773 771 1809 nuncupatas
788 1767 915 1800 Ordinis
934 1768 993 1800 sra-

255 1821 338 1849 trum
350 1817 503 1850 Minorum
517 1819 616 1851 sancti
627 1819 786 1852 Francisci
797 1820 992 1854 Conventua-

254 1870 332 1902 lium
348 1876 605 1912 nuncupatorum
616 1883 633 1903 a
645 1872 745 1904 felicis
759 1874 991 1907 recordationis

255 1922 383 1955 Urbano
405 1923 488 1966 Papa
513 1924 575 1955 vttt
602 1925 853 1966 praedecessore
880 1933 989 1960 nostro

254 1974 455 2007 confirmatas
471 1976 554 2007 inter
568 1976 628 2008 alia
646 1977 676 2008 in
699 1982 794 2020 caput
812 1989 839 2010 ri
858 1980 989 2021 regulae

254 2027 397 2060 eiusdem
422 2027 453 2060 S.
481 2028 641 2061 Francisci
669 2030 716 2062 tit.
750 2041 799 2069 vr,
825 2031 917 2064 euius
943 2041 992 2066 est

255 2082 335 2114 baec
369 2082 538 2126 inscriptio
573 2083 619 2116 De
650 2089 806 2117 conventu
841 2086 888 2118 Ss.
921 2087 992 2120 XII

253 2135 480 2178 Apostolorum
507 2136 545 2168 cle
571 2137 662 2175 Urbe,
687 2137 878 2180 dispositum
900 2150 991 2181 repc-

255 2189 355 2221 riatur
371 2189 402 2221 in
418 2189 497 2221 baec
511 2191 626 2221 verba:
655 2203 665 2218 α
690 2190 851 2223 Romanus
869 2192 917 2225 Ss.
938 2193 989 2225 XII

254 2242 484 2284 Apostolorum
510 2247 687 2274 conventus
712 2244 869 2285 peculiari
888 2246 990 2287 provi-

254 2295 371 2331 dentia,
398 2297 506 2327 sancta
536 2295 775 2328 reformationis
802 2298 988 2340 disciplina,

253 2357 419 2380 sacrorum
443 2348 619 2379 studiorum
646 2350 890 2392 propagatione,
910 2351 989 2383 divi-

253 2410 365 2432 narum
391 2410 499 2433 rerum
525 2400 700 2444 obsequio,
735 2412 771 2433 ac
804 2404 989 2445 temporalis

291 2481 299 2506 I
323 2480 484 2507 Confirmata
504 2480 581 2507 fuere
601 2480 735 2515 quaedam
756 2481 864 2508 decreta
879 2482 987 2516 capituli

254 2525 388 2558 generalis
405 2530 490 2551 e-anst.
508 2525 550 2551 ed.
573 2532 657 2551 511)ch
670 2547 676 2557 ,
698 2525 740 2551 die
761 2527 776 2552 5
800 2527 902 2561 aprilis,
919 2536 987 2561 pon-

256 2569 294 2595 tis.
310 2575 335 2602 t,
357 2574 383 2594 et
402 2570 549 2595 innocentii
567 2569 611 2595 xit
627 2570 668 2595 ed.
686 2577 816 2603 itiocxew,
834 2571 877 2597 die
897 2572 930 2598 ΞΟ
950 2572 987 2598 ia-

254 2612 351 2647 nuarii,
367 2613 460 2648 pontif.
472 2620 497 2647 v,
511 2613 560 2639 alia
575 2615 705 2640 nonnulla
717 2615 828 2641 ministri
843 2616 985 2650 generalis.

1681 228 1744 262 ’157

1043 282 1333 314 administrationis
1366 285 1440 315 eura
1477 285 1782 328 quamdiligentissi-

1045 344 1094 365 ine
1120 334 1284 376 regendus
1310 341 1370 367 est.
1401 336 1573 369 Statuinius
1599 344 1781 381 propterea,

1043 392 1077 418 ut
1109 397 1144 420 ex
1178 387 1437 432 quibuscumque
1475 395 1538 422 tam
1571 391 1654 423 ultra
1685 402 1780 434 quam

1043 439 1121 472 citra
1146 445 1271 473 montes
1288 442 1461 484 provinciis
1478 448 1586 486 patres
1605 448 1637 477 et
1659 444 1782 483 fratres,

1043 492 1097 535 qui
1125 493 1206 525 vitae
1232 493 1439 536 integritate,
1471 507 1595 529 morum
1621 498 1782 540 composi-

1043 545 1129 578 tione
1155 556 1190 578 ae
1214 547 1374 589 sapientia
1399 549 1484 580 inter
1508 555 1631 583 ceteros
1656 550 1782 593 conspi-

1043 598 1092 630 cui
1117 598 1190 637 sint,
1209 598 1252 631 ibi
1277 599 1316 632 de
1342 600 1461 633 familiai
1485 602 1697 643 collocentur,
1718 603 1781 636 sint

1044 656 1148 684 tamen
1168 652 1207 684 ad
1233 653 1437 695 superiorum
1466 655 1635 688 arbitrium
1662 657 1781 689 amovi-

1043 703 1139 742 bilcs;
1167 705 1300 738 inutiles
1333 716 1410 739 vero
1448 707 1562 740 fratres
1593 719 1610 740 a
1635 710 1779 750 generali

1043 757 1190 790 ministro
1208 758 1340 791 omnino
1358 766 1604 801 removeantur;
1624 762 1687 794 sint
1704 773 1779 796 vero

1043 812 1079 842 ea
1105 811 1188 843 vitae
1215 811 1408 853 innocentia,
1428 815 1529 856 eaque
1547 815 1686 857 puritate
1704 826 1779 849 con-

1041 863 1164 904 spicui,
1190 869 1225 896 ut
1260 875 1320 897 nee
1354 866 1556 908 praelaturas
1592 868 1779 903 ambitiosae

1041 917 1282 956 praeventionis
1300 917 1404 958 titulo,
1419 928 1479 950 nec
1496 919 1582 953 aliud
1601 921 1777 964 quidpiam,

1041 969 1128 1010 quod
1154 969 1326 1012 religiosos
1351 971 1434 1004 viros
1456 972 1622 1014 dedeceat,
1641 975 1708 1007 ullo
1726 985 1780 1018 pa-

1041 1026 1092 1053 cto
1125 1023 1319 1066 perquirere
1359 1025 1408 1057 vel
1445 1030 1605 1060 attentare
1640 1038 1775 1070 praesu-

1041 1080 1127 1106 mant
1145 1087 1176 1115 »;
1198 1077 1376 1118 praemissa
1393 1089 1469 1111 vero
1489 1080 1613 1112 tametsi
1633 1081 1778 1114 saluber-

1040 1127 1117 1159 rime
1144 1128 1265 1161 suerint
1290 1130 1437 1163 instituta
1467 1137 1496 1164 et
1529 1133 1676 1166 ordinata
1701 1145 1779 1167 con-

1039 1179 1119 1218 silio,
1146 1180 1360 1214 nibilominus
1387 1184 1512 1217 nonita
1533 1191 1642 1218 exacte
1669 1191 1700 1219 et
1725 1198 1778 1220 ac-

1039 1239 1162 1271 curate,
1189 1240 1221 1265 ut
1247 1245 1306 1277 par
1337 1242 1404 1275 est,
1433 1237 1663 1271 observentur:

1081 1286 1095 1328 ἓ
1121 1287 1151 1318 2.
1180 1287 1260 1319 Iline
1279 1293 1328 1319 est
1349 1289 1436 1330 quod
1458 1300 1527 1329 nos,
1548 1292 1660 1324 eadem
1682 1303 1776 1336 prae-
1812 1300 1881 1321 Cama
1897 1302 1970 1322 confir·

1786 1331 1891 1349 matitinis.

1037 1338 1130 1370 missa
1152 1349 1312 1381 prospero
1332 1341 1480 1383 felicique
1503 1343 1577 1375 dicti
1600 1351 1776 1378 conventus

1037 1391 1185 1432 regimini
1208 1397 1239 1423 et
1264 1393 1425 1434 gubernio
1451 1395 1598 1437 apprime
1624 1398 1777 1430 conduci-

1036 1443 1113 1475 bilia
1132 1454 1201 1476 esse
1229 1449 1259 1476 et
1285 1445 1354 1477 sore
1373 1446 1628 1487 considerantes,
1647 1460 1681 1481 ae
1700 1461 1776 1492 pro-

1037 1496 1110 1528 inde
1129 1503 1288 1540 perpetuo
1306 1498 1436 1531 illorum
1454 1501 1564 1533 robori
1587 1507 1614 1533 et
1642 1502 1776 1536 inviola—

1037 1549 1091 1581 bili
1117 1550 1347 1591 observationi,
1374 1557 1417 1593 et,
1435 1563 1475 1585 ne
1498 1565 1534 1586 ea
1556 1554 1587 1586 in
1607 1561 1775 1598 posterum

1036 1603 1103 1635 ullo
1128 1603 1224 1636 modo
1250 1605 1387 1637 convelli
1414 1607 1462 1638 vel
1488 1607 1674 1640 labefactari
1701 1620 1775 1652 pos-

1036 1656 1110 1696 sint,
1129 1667 1190 1699 pro
1209 1657 1382 1690 commissa
1400 1658 1494 1692 nobis
1512 1661 1646 1693 caelitus
1666 1667 1775 1704 pasto-

1035 1709 1110 1741 ralis
1137 1710 1232 1742 officii
1259 1713 1336 1743 cura
1365 1712 1554 1754 praecidere
1581 1715 1773 1757 cupientes,

1035 1768 1121 1795 motu
1141 1764 1284 1806 proprio,
1300 1775 1335 1797 ac
1353 1775 1387 1797 ex
1407 1768 1494 1798 certa
1511 1767 1646 1800 scientia
1664 1773 1695 1801 et
1712 1779 1775 1801 ma·

1037 1817 1105 1848 tura
1120 1816 1356 1850 deliberatione
1370 1819 1501 1858 nostris,
1521 1819 1625 1862 deque
1643 1827 1775 1863 aposto-

1035 1869 1114 1901 licae
1132 1870 1298 1912 potestatis
1315 1871 1531 1913 plenitudine,
1551 1873 1663 1905 eadem
1682 1884 1771 1916 prae-

1034 1922 1130 1954 missa
1150 1933 1185 1955 ex
1204 1924 1390 1956 memoratis
1407 1925 1694 1959 constitutionibus
1720 1938 1773 1960 ex-

1035 1980 1166 2018 cerpta,
1199 1980 1311 2009 tenore
1345 1978 1586 2019 praesentium,
1614 1986 1770 2023 perpetuo

1034 2028 1262 2061 confirmamus
1292 2035 1324 2062 et
1360 2033 1605 2074 approbamus,
1640 2034 1771 2076 illisque

1033 2080 1232 2114 inviolabilis
1259 2084 1458 2124 apostolicae
1484 2083 1644 2118 firmitatis
1670 2087 1772 2118 robur

1033 2133 1222 2173 adiicimus,
1249 2145 1285 2167 ac
1311 2145 1347 2168 ea
1379 2137 1489 2169 onmia
1520 2142 1551 2170 et
1580 2139 1705 2181 singula
1731 2141 1770 2173 ab

1032 2186 1112 2225 illis,
1138 2187 1178 2219 ad
1204 2197 1284 2229 quos
1315 2194 1440 2230 spectat
1471 2195 1502 2221 et
1530 2201 1590 2233 pro
1622 2197 1769 2235 tempore

1032 2239 1303 2283 (piandocumqne
1336 2243 1511 2283 spectabit,
1539 2243 1770 2278 inviolabiliter

1031 2297 1063 2323 et
1087 2291 1280 2325 inconcusse
1306 2293 1344 2325 de
1371 2299 1478 2327 cetero
1497 2295 1660 2328 observari
1680 2308 1770 2330 man-

1032 2345 1144 2378 damus
1170 2351 1200 2379 et
1224 2348 1451 2390 praecipimus,
1474 2349 1592 2393 illaque
1614 2351 1768 2386 adversus

1031 2409 1264 2442 quemeumque
1290 2410 1355 2432 non
1381 2411 1473 2434 usum
1497 2413 1552 2434 seu
1572 2405 1767 2437 contrarium

1031 2461 1142 2489 nsum,
1168 2452 1221 2495 qni
1249 2453 1361 2495 quovis
1395 2455 1491 2487 modo
1520 2456 1689 2497 praetendi
1715 2458 1766 2490 vel

1031 2504 1164 2545 allegari
1189 2510 1317 2547 posset,
1343 2506 1541 2539 restituimus
1565 2513 1596 2540 et
1620 2509 1765 2551 plenarie

1031 2555 1280 2598 reintegramus.

1075 2609 1090 2652 ξ
1114 2608 1145 2642 3.
1174 2609 1392 2644 Decernentes
1422 2613 1550 2645 easdem
1577 2619 1767 2656 praesentes
1799 2618 1919 2643 Ceu—<ulae-

1792 241 1839 265 An.
1861 240 1889 266 C.
1908 240 1975 267 14190

1814 1992 1949 2013 Confirmatio
