2227 3225
141 244 191 269 An,
209 242 236 269 C.
263 243 326 269 1107

181 1468 243 1487 Fv-lus
267 1470 322 1488 tran·

140 1497 277 1520 sumpturum.

916 239 1124 264 rxxocizxrws
1151 238 1194 264 κη
1218 240 1265 265 rr.

332 296 362 323 et
383 290 515 329 formis,
541 299 577 322 ac
601 299 673 321 cuiu
698 287 866 332 quibusvis
894 288 1067 330 derogato·
1088 290 1090 295 ’

332 344 452 376 riarum
472 342 697 385 derogatoriis,
718 341 856 385 aliisque
881 341 1069 374 efficaciori-

331 397 390 430 bus
414 395 642 429 efficacissimis
675 401 708 428 ct
738 395 880 428 insolitis
913 394 1067 428 clausulis

332 454 365 481 ct
383 449 537 488 decretis,
554 448 585 480 in
600 447 798 480 contrarium
813 448 1067 491 praemissorum

332 501 583 544 quomodolibet
607 501 780 538 concessis,
814 500 1010 533 couliruiatis
1037 504 1069 531 et

331 554 516 595 innovatis;
543 554 661 598 quibus
687 554 838 588 omnibus
865 559 896 586 et
922 553 1069 596 singulis,

332 608 457 641 etiamsi
483 619 543 652 pro
569 608 698 641 illorum
736 608 907 641 sufficienti
933 608 1069 649 deroga-

333 662 421 695 tione
453 661 492 695 de
525 662 590 694 illis
625 672 802 705 eorumque
840 661 915 694 totis
949 661 1070 694 tenori-

332 715 392 747 bus
429 714 604 758 specialis,
642 714 809 758 specifica,
848 724 1003 758 expressa
1040 719 1070 746 et

333 768 511 807 individua,
530 779 567 801 ac
593 768 632 800 dc
653 768 751 801 verbo
777 768 817 800 ad
838 768 982 807 verbum,
1004 777 1069 799 nou

333 827 440 854 autem
479 831 540 864 per
575 822 735 854 clausulas
772 821 942 864 generales
984 820 1068 853 idem

332 874 567 918 importantes,
592 874 714 908 mentio
748 884 805 906 seu
841 874 973 917 quaevis
1008 873 1069 906 alia

333 927 501 970 expressio
526 928 694 968 habenda,
721 933 771 960 aut
798 927 906 970 aliqua
927 927 990 959 alia
1017 937 1070 959 ex-

333 981 453 1024 quisita
469 981 574 1014 forma
591 980 630 1014 ad
648 981 712 1013 hoc
737 981 894 1013 servanda
920 980 1011 1020 soret,
1032 979 1070 1013 il-

331 1034 441 1067 lorum
467 1034 614 1067 omnium
638 1039 671 1066 et
695 1033 897 1076 singulorum
923 1039 1067 1073 tenores,

332 1087 465 1128 formas,
483 1097 595 1120 causas
616 1092 649 1120 et
672 1087 863 1120 occasiones
889 1086 1070 1129 praesenti-

331 1140 391 1173 bus
414 1151 475 1184 pro
499 1141 597 1184 plene
623 1145 654 1173 et
679 1139 879 1173 sufficienter
897 1139 1068 1183 expressis,

332 1193 475 1233 insertis
502 1193 636 1226 servatis
671 1199 704 1226 et
738 1193 934 1236 specificatis
964 1202 1072 1236 respe-

333 1247 414 1280 ctive
441 1247 610 1287 babentes,
631 1247 696 1280 illis
714 1247 794 1280 alias
819 1246 852 1278 in
877 1257 934 1279 suo
952 1247 1070 1279 robore

333 1299 565 1343 permansuris,
585 1300 624 1332 ad
642 1299 896 1343 praemissorum
912 1298 1071 1339 effectum,

334 1353 396 1386 hac
425 1353 492 1386 vice
526 1353 710 1393 dumtaxat,
737 1352 923 1396 specialiter
954 1358 986 1386 et
1019 1363 1072 1386 ex-

334 1415 446 1449 presse
461 1406 677 1448 derogamus;
696 1406 880 1449 ceterisque
898 1405 1071 1439 contrariis

335 1458 608 1502 quibuscumque.

379 1513 394 1556 g
431 1511 462 1545 5.
488 1511 644 1545 Volumus
675 1517 782 1545 autem
814 1517 850 1545 ut
881 1513 1070 1546 earumdem

335 1564 554 1608 praesentium
572 1565 754 1598 litterarum
772 1565 995 1609 transumptis,
1015 1576 1071 1599 seu

335 1619 503 1662 exemplis,
529 1618 628 1651 etiam
653 1618 832 1661 impressis,
859 1629 955 1651 manu
972 1619 1073 1652 alicu·

335 1671 384 1705 ius
399 1671 515 1705 notarii
541 1671 664 1715 publici
690 1672 891 1715 subscriptis,
912 1677 943 1705 et
963 1672 1071 1715 sigillo

335 1735 495 1768 personae
521 1724 554 1756 iu
580 1724 798 1757 ecclesiastica
820 1725 978 1767 dignitate
1001 1735 1074 1758 con-

336 1778 467 1811 stitutae
502 1777 633 1809 munitis
651 1804 658 1817 ,
685 1777 798 1810 eadem
834 1788 968 1820 prorsus
993 1778 1073 1811 tides

336 1836 399 1864 tam
424 1830 458 1863 in
482 1829 604 1863 iudicio
622 1840 717 1872 quam
738 1835 827 1862 extra
850 1829 930 1863 illud
950 1831 1071 1874 ubique

337 1884 487 1917 locorum
513 1883 682 1922 habeatur,
715 1893 797 1925 quae
825 1883 1002 1916 haberetur
1027 1885 1073 1927 ip-

337 1937 381 1970 sis
405 1936 631 1980 praesentibus
653 1936 679 1968 si
704 1936 811 1968 forent
835 1936 998 1970 exhibitae
1024 1938 1073 1970 vel

337 1995 502 2023 ostensae.

380 2042 494 2076 Datum
519 2041 652 2081 Romae,
670 2042 757 2084 apud
777 2042 809 2075 S.
825 2042 955 2075 Mariam
981 2043 1077 2076 Maio-

337 2106 419 2137 rem,
442 2096 503 2129 sub
526 2095 649 2128 annulo
668 2095 858 2135 Piscatoris,
883 2096 935 2128 dic
954 2106 983 2129 xi
1001 2097 1075 2129 maii

338 2158 502 2189 uncxcvn,
522 2148 735 2192 pontificatus
755 2149 858 2182 nostri
876 2159 962 2182 anno
981 2159 1022 2182 vi.

374 2211 432 2238 Dat.
450 2211 495 2239 die
516 2212 539 2238 11
561 2211 623 2238 maii
642 2211 707 2239 ¹697
720 2232 727 2246 ,
748 2212 847 2246 pontis.
865 2219 935 2238 auno
952 2218 987 2239 w.

673 2341 731 2374 CL.

340 2412 558 2455 confirmatur
581 2413 768 2445 constitutio
799 2412 985 2446 Alexandri
1018 2412 1078 2447 ΠΙ
1096 2405 1099 2444 l

383 2471 492 2499 contra
529 2467 698 2510 2’el2'9z'osos
736 2467 936 2510 Capuccinos
973 2471 1077 2501 traus-

384 2524 493 2552 eunles
516 2520 559 2552 ad
583 2520 688 2553 aliam
711 2520 931 2564 reliqionewv.

379 2592 388 2616 1
407 2590 547 2618 Praedicta
557 2592 712 2619 constitutio
727 2592 800 2619 edita
819 2592 869 2618 l'uit
888 2599 1016 2625 mmccxlv,
1033 2592 1077 2619 die

344 2635 373 2661 17
386 2634 547 2667 decembris,
563 2635 626 2662 etin
643 2635 721 2663 huius
733 2636 870 2663 Pontiticis
886 2637 992 2664 constit.
1011 2636 1074 2663 cilit.
1097 2648 1099 2670 χ

1744 235 1806 268 790

1858 248 1900 272 lu.
1919 247 1935 270 Γ.
1972 248 2034 273 'ssl'l

1288 290 1482 317 Innocentius
1504 292 1581 324 Papa
1601 292 1667 325 ΧΠ,

1248 334 1284 360 ad
1303 334 1436 361 suturam
1459 335 1505 361 rei
1525 337 1706 364 memoriam.

1154 394 1196 427 Ex
1221 395 1366 429 iniuncto
1392 396 1486 429 nobis
1510 396 1662 430 divinitus
1694 400 1845 442 apostoli·
1882 414 2000 435 ιιῑιιιιιιιιιι.

1111 457 1166 480 cae
1192 449 1356 482 servitutis
1383 460 1526 490 munere,
1553 461 1605 491 ea,
1633 462 1715 494 quae
1741 464 1758 485 a
1784 452 1845 485 llo-

1111 501 1213 534 manis
1232 501 1442 536 Pontificibus
1460 504 1769 547 praedecessoribus
1791 516 1847 538 no-

1111 553 1184 586 stris
1211 555 1248 587 ad
1274 557 1525 589 conservandam
1545 557 1774 600 religiosorum
1791 558 1847 591 Or-

1112 606 1222 640 dinum
1267 608 1402 642 eximiae
1446 610 1574 653 pietatis
1621 615 1651 643 et
1700 611 1847 644 arctioris

1112 660 1303 704 disciplinae
1328 662 1454 695 meritis
1474 663 1723 707 conspicuorum
1745 664 1847 697 existi-

1112 713 1285 747 mationem
1311 715 1445 759 provide
1471 727 1638 750 emanasse
1657 723 1846 758 noscuntur,

1112 770 1144 797 ut
1169 765 1309 800 firmiora
1344 768 1409 800 sint
1443 774 1475 801 et
1499 775 1668 802 serventur
1692 771 1845 808 exactius,

1112 820 1283 863 apostolici
1309 822 1498 855 muniminis
1523 823 1624 856 nostri
1650 824 1845 866 patrocinio,

1112 883 1183 906 cum
1209 874 1240 907 id
1267 885 1284 907 a
1309 875 1404 908 nobis
1425 875 1559 919 petitur,
1580 877 1721 910 libenter
1740 887 1850 911 corro-

1112 927 1274 968 boramus,
1300 927 1446 972 illisque,
1470 939 1510 962 ne
1535 930 1707 963 temerario
1744 931 1850 964 euius-

1113 990 1208 1022 quam
1235 991 1312 1013 ausu
1337 981 1511 1022 violentur,
1538 993 1638 1016 novas
1663 984 1848 1017 sanctiones

1113 1033 1329 1076 adiungimus,
1353 1034 1435 1068 sicut
1466 1035 1499 1068 in
1523 1036 1659 1070 Domino
1696 1037 1848 1080 expedire

1113 1086 1317 1120 arbitramur.

1157 1139 1171 1182 ξ
1198 1139 1226 1172 1.
1256 1140 1341 1173 Alias
1367 1141 1527 1184 siquidem
1559 1153 1618 1185 pio
1654 1148 1746 1186 parte
1773 1148 1849 1176 tuuc
1883 1156 1941 1181 ιρι
1948 1161 1981 1175 ιι
1993 1161 2009 1175 t
2014 1162 2043 1175 ιι-

1114 1192 1283 1226 existentis
1303 1195 1521 1236 piocuiatoiis
1540 1206 1640 1238 gener
1643 1196 1701 1228 alis
1719 1185 1885 1229 Oidiuisssf
1888 1185 1962 1228 llll*
1950 1208 1989 1229 ,ιι
1998 1184 2043 1233 ’ᾯζι

1114 1245 1246 1278 fratrum
1273 1246 1432 1280 llIinorum
1457 1248 1558 1281 sancti
1596 1248 1757 1282 Francisci
1797 1248 1872 1282 (Ζι-ιιι
1862 1236 1936 1256 ¹¹¹¹¹¹
1991 1238 2032 1254 '¹¹¹

1114 1308 1323 1341 puccin01um
1361 1306 1619 1344 nuncupatoium
1657 1302 1759 1335 felicis
1794 1312 1847 1335 ie·
1862 1294 2043 1340 ¹¹¹¹¹¹¹¹¹l¹=¹=>0m¹1¹¹

1113 1352 1311 1386 cordationis
1337 1354 1520 1387 tlexandro
1546 1354 1650 1398 Pipae
1675 1355 1725 1387 ΧΙΙ
1758 1366 1851 1398 p1ic-
1862 1349 1903 1361 ”““

1114 1405 1279 1438 decessori
1317 1412 1429 1440 nostro
1466 1408 1628 1451 exposito,
1659 1409 1746 1452 quod
1772 1419 1852 1441 uon-

1114 1457 1194 1490 nulli
1221 1468 1237 1490 e
1263 1458 1348 1491 dicto
1374 1459 1494 1492 Ordine
1512 1461 1552 1493 ad
1571 1460 1648 1493 alias
1676 1461 1852 1504 religiones

1115 1511 1308 1551 transibant,
1333 1518 1567 1557 assumptoque
1592 1513 1624 1546 in
1649 1513 1713 1547 illis
1741 1514 1851 1546 habitu

1115 1565 1267 1607 regulari,
1288 1566 1327 1598 ad
1354 1565 1450 1609 quas¹
1468 1567 1664 1610 provincias,
1684 1568 1717 1600 iu
1736 1568 1851 1611 quibus

1116 1617 1261 1650 habitum
1296 1619 1454 1661 praedicti
1483 1618 1614 1652 Ordinis
1639 1620 1772 1652 fratrum
1797 1620 1853 1653 Ca-

1115 1671 1323 1713 puecinorum
1349 1671 1478 1714 publice
1505 1678 1713 1715 gestaverant
1738 1684 1774 1706 ac
1801 1686 1854 1706 co-

1116 1724 1195 1766 gniti
1221 1730 1253 1757 et
1276 1726 1467 1758 commorati
1489 1726 1625 1766 fuerant,
1649 1727 1737 1760 illico
1763 1727 1854 1759 liabi-

1117 1777 1204 1810 tum²
1228 1789 1262 1811 se
1296 1779 1530 1820 conserebant,
1558 1785 1589 1812 et
1623 1780 1661 1813 ad
1699 1781 1853 1823 tegendas

1117 1842 1171 1864 seu
1187 1832 1399 1865 deferendas³
1415 1833 1566 1876 proprias
1582 1834 1853 1876 imperfectiones,

1117 1885 1262 1917 eiusdem
1280 1885 1408 1918 Ordinis
1441 1886 1575 1919 fratrum
1598 1886 1854 1930 Capuccinoruui

1119 1938 1230 1970 samam
1256 1939 1363 1972 multis
1398 1940 1581 1983 imposturis
1617 1941 1761 1973 lacerare
1788 1951 1854 1974 nou

1118 1991 1323 2031 verebantur,
1339 2003 1409 2024 cum
1428 1993 1514 2034 gravi
1536 1993 1748 2026 saecularium
1766 2004 1855 2026 scan-

1119 2045 1191 2077 dalo
1225 2044 1368 2087 bonique
1394 2045 1536 2079 nominis
1562 2046 1637 2078 dicti
1655 2046 1782 2079 Ordinis
1804 2047 1855 2080 de-

1119 2097 1286 2130 trimento:
1305 2097 1390 2130 idem
1409 2098 1591 2131 Alexander
1607 2099 1852 2142 praedecessor,

1118 2150 1409 2194 supplicationibus
1450 2151 1596 2184 eiusdem
1631 2154 1852 2196 procuratoris

1119 2203 1280 2246 generalis
1305 2203 1435 2236 nomine
1457 2204 1518 2236 sibi
1544 2215 1644 2248 super
1668 2206 1730 2238 lioc
1755 2205 1855 2238 humi-

1119 2256 1193 2289 liter
1208 2256 1371 2299 porrectis
1390 2257 1580 2297 inclinatus,
1599 2268 1639 2291 ne
1667 2259 1725 2291 de·
1745 2265 1853 2292 cetero

1119 2309 1300 2353 quisquam,
1325 2310 1380 2353 qui
1406 2320 1423 2343 e
1448 2317 1626 2344 memorato
1651 2311 1770 2345 Ordine
1797 2314 1854 2345 l'ra—

1118 2421 1269 2448 ιιιιωονιιι,
1290 2415 1336 2443 die
1358 2417 1389 2444 10
1409 2416 1545 2448 octobris,
1567 2417 1661 2453 pontif.
1682 2425 1744 2452 viu,
1766 2418 1853 2453 agitiu-

1119 2460 1151 2486 de
1170 2468 1265 2487 eorum
1285 2461 1400 2488 transitu
1419 2462 1452 2488 ad
1473 2462 1540 2489 alias
1559 2463 1714 2497 religiones-

1156 2507 1165 2530 1
1190 2504 1298 2532 Videtur
1316 2506 1462 2539 legendum
1481 2507 1560 2541 ipsas
1577 2510 1616 2540 (a.
1632 2509 1680 2540 T.)-

1153 2548 1170 2574 :3
1184 2548 1277 2575 Potius
1287 2549 1476 2577 habitandum
1490 2551 1530 2576 vel
1542 2551 1703 2578 habitatum
1713 2552 1851 2586 legatus).

1154 2592 1169 2619 3
1190 2592 1289 2620 Forsan
1310 2594 1503 2629 defendendas
1523 2602 1559 2627 m.
1576 2602 1623 2626 τ.).

1155 2638 1168 2663 4
1190 2638 1340 2674 praeposit.
1363 2639 1394 2665 tle
1415 2648 1462 2666 uos
1483 2639 1607 2666 adiliuius
1630 2648 1662 2675 Κιι,
1686 2644 1734 2674 Γ).
