2227 3225
132 257 183 284 Αη.
205 257 232 283 C.
252 256 316 284 1⁴:9¹2

326 309 406 338 trum
436 305 529 338 nobis
565 303 785 337 assistentium
810 302 894 336 serio
923 313 957 334 ac
983 302 1058 334 dili-

325 363 440 400 gentcr
474 355 684 397 examinatis,
712 355 817 399 primo
853 355 1061 388 annuendum

325 414 356 443 et
381 409 579 442 laudandum
611 408 816 448 censuimus,
844 408 929 451 qnod
961 408 1061 440 Breve

325 463 539 505 apostolicum
573 461 748 495 Alexandri
781 461 884 494 felicis
909 460 1062 493 recorda-

327 515 423 548 tionis
442 516 547 559 Papae
564 515 627 548 VIII
641 515 680 548 de
693 515 878 548 extensione
893 514 1062 556 magistro-

325 578 396 600 rum
416 569 454 601 ad
471 578 639 601 numerum
658 567 894 601 duodenarium
910 567 969 599 sub
990 577 1062 600 con-

325 621 503 654 ditionibus
536 621 697 665 expressis
729 621 759 653 in
789 620 895 664 primo
929 620 1062 654 decreto

326 674 508 707 executioni
525 674 716 714 mandetur;
744 672 788 706 ita
814 677 932 715 tamen,
950 678 986 705 ut
1003 683 1061 716 pro

325 727 463 770 singulis
494 726 574 760 loeis
607 727 836 770 magistrorum
861 727 901 760 dc
926 736 1062 759 numero

326 779 540 821 duodenario,
566 780 694 823 quoties
718 779 918 819 vacaverint,
939 784 1001 811 trcs
1024 779 1060 811 ad

325 833 432 866 minus
456 833 519 866 nisi
544 831 690 866 doctrina
711 838 742 865 et
759 833 884 865 statutis
905 832 1062 865 conditio-

326 886 422 919 nibus
447 885 585 929 praediti
612 897 629 918 a
653 887 753 929 pleno
779 884 964 918 detinitorio
990 895 1062 925 pro-

325 944 492 982 ponantur
517 944 547 971 et
573 939 791 982 postulentur,
819 949 856 970 ex
881 938 997 981 quibus
1022 938 1061 971 ad

325 991 634 1025 reverendissiumni
656 995 778 1035 patrem
798 992 983 1034 generalem
1002 1001 1061 1034 pro

327 1050 473 1089 tempore
509 1045 701 1077 existentem
738 1044 879 1088 aliquem
915 1045 1059 1087 eligere,

327 1104 422 1141 atque
448 1098 481 1130 in
507 1098 694 1140 magistrum
726 1097 947 1130 numerarium
972 1097 1063 1130 insti-

327 1157 416 1184 tuere
442 1151 610 1194 spectabit,
631 1155 728 1194 prout
751 1149 953 1190 meritorum,
973 1151 1064 1183 labo-

326 1215 397 1237 rum
434 1209 466 1236 ct
497 1203 572 1236 boni
598 1203 785 1247 provinciae
809 1203 889 1236 ratio
921 1204 1065 1246 postula-

325 1256 407 1289 verit
425 1268 456 1289 i).

166 1317 315 1354 ‚equom->³¹50
370 1310 385 1353 g
410 1309 441 1342 2.
470 1309 546 1342 Cum
572 1314 698 1349 autem,
725 1309 808 1342 sient.
832 1309 945 1342 eadem
972 1319 1054 1352 expo

132 1346 246 1392 Lssll'osslisst'}
281 1344 401 1396 do'sitio
427 1362 661 1405 subiungebat,
689 1362 749 1406 ipsi
782 1368 992 1404 exponentes„
1011 1363 1064 1395 de-

326 1421 414 1448 creta
439 1415 635 1455 huiusmodi,
651 1425 715 1458 quo
741 1413 864 1447 firmius
885 1415 1065 1447 subsistant

327 1474 357 1501 et
374 1473 544 1501 serventur
567 1467 718 1508 exactius,
733 1467 930 1510 apostolicae
947 1467 1064 1500 confir-

325 1521 478 1555 mationis
502 1525 633 1554 nostrae
657 1520 841 1564 patrocinio
858 1521 1061 1561 communiri,

325 1584 533 1618 summopere
559 1574 766 1607 desiderent:
791 1584 860 1613 nos,
887 1574 1063 1618 specialem

325 1628 404 1672 ipsis
423 1627 660 1672 exponentibus
678 1627 814 1670 gratiam
834 1628 937 1661 facere
954 1629 1062 1661 volen-

326 1686 387 1719 tes,
407 1685 566 1713 eteorum
587 1679 771 1722 singulares
788 1690 946 1724 personas
965 1691 982 1713 a
999 1680 1064 1723 qni-

323 1734 432 1767 busvis
452 1733 811 1773 excommunicationis,
840 1734 1063 1777 suspensionis

326 1793 358 1821 et
375 1787 550 1827 interdicti,
576 1787 713 1830 aliisque
738 1787 969 1820 ecclesiasticis
992 1797 1065 1820 sen-

326 1841 445 1881 tentiis,
463 1840 610 1873 censuris
635 1846 666 1873 et
690 1840 815 1883 poenis
834 1851 850 1873 a
869 1840 937 1873 iure
953 1842 1003 1873 vel
1025 1841 1063 1873 ab

325 1893 470 1932 homine,
490 1893 601 1936 quavis
619 1893 789 1926 occasione
806 1894 856 1925 vel
870 1895 967 1926 causa
980 1893 1061 1933 latis,

326 1947 351 1978 si
382 1946 500 1989 quibus
536 1945 785 1989 quomodolibet
816 1945 963 1977 innodati
998 1946 1063 1978 exi-

325 2004 422 2038 stunt,
440 1999 478 2031 ad
498 1997 645 2031 effectum
660 1997 880 2041 praesentium
900 1998 1064 2031 dumtaxat

326 2051 600 2095 consequendum,
623 2051 738 2084 harum
757 2050 839 2084 serIe
861 2051 1063 2084 absolventes

129 343 141 373 3

324 2157 421 2190 nibus
447 2167 559 2190 eorum
585 2157 717 2190 nornine
749 2156 844 2189 nobis
874 2167 972 2200 super
1000 2157 1062 2189 hoc

326 2211 496 2244 humiliter
532 2210 694 2254 porrectis
729 2209 898 2249 inclinati,
932 2210 1062 2243 decreta

325 2263 529 2308 praeinserta
553 2274 571 2296 a
595 2263 782 2295 memoratis
815 2262 956 2306 capitulo
988 2274 1062 2306 pro-

324 2316 457 2350 vinciali
490 2321 522 2349 et
554 2315 727 2358 Fulgentio
769 2316 878 2358 priore
918 2317 1061 2358 generali

326 2369 421 2409 edita,
438 2375 474 2402 ut
486 2369 677 2412 praefertur,
692 2378 764 2401 eum
783 2368 933 2401 omnibus
950 2372 979 2402 et
997 2369 1062 2401 sin—

326 2423 409 2466 gulis
427 2422 460 2455 in
485 2421 532 2455 eis
557 2420 734 2465 respective
760 2421 933 2461 contentis,
952 2428 1062 2455 aucto-

325 2477 421 2509 ritate
446 2474 647 2519 apostolica,
679 2479 792 2507 tenore
818 2474 1038 2517 praesentium
1054 2503 1061 2514 ,

327 2527 555 2562 confirmamus
590 2532 621 2560 et
659 2527 900 2570 approbamus,
930 2527 1061 2571 illisque

326 2579 520 2614 inviolabilis
551 2579 748 2623 apostolicae
773 2579 933 2613 firmitatis
964 2581 1062 2613 robur

325 2632 506 2671 adiicimus.
524 2642 561 2666 ac
584 2642 698 2666 omnes
715 2638 745 2666 et
762 2633 907 2667 sine-ulos
933 2632 1011 2666 iuris
1031 2639 1062 2666 et

896 254 1103 278 lmotztssnffus

1737 243 1764 275 41

1130 255 1172 276 xn
1197 254 1243 277 rr.
1767 243 1799 275 ,⁵7

1107 301 1178 333 sacti
1204 301 1359 340 desectus,
1377 300 1402 332 si
1424 301 1477 343 qui
1496 301 1637 343 desuper
1661 299 1841 343 quomodo-

1105 354 1182 387 libet
1201 353 1444 393 intervenerint,
1459 354 1662 396 supplemus.

1146 408 1160 450 ἓ
1185 406 1218 440 3.
1244 407 1464 440 Decernentes
1495 406 1625 441 easdem
1649 412 1841 450 praesentes

1103 460 1228 493 litteras
1252 470 1384 503 semper
1407 459 1529 500 firmas,
1545 459 1668 494 validas
1685 465 1716 493 et
1736 460 1842 493 effica-

1103 524 1156 546 ces
1173 513 1312 546 existere
1338 517 1370 545 et
1393 512 1461 545 sore
1476 539 1483 553 ‚
1508 522 1653 556 suosque
1677 512 1842 555 plenarios

1103 571 1136 598 et
1161 565 1308 608 integros
1333 564 1465 598 effectus
1489 564 1599 598 sortiri
1625 569 1658 598 et
1679 565 1842 604 obtinere,

1103 629 1140 652 ac
1163 618 1237 658 illis,
1255 619 1295 651 ad
1316 629 1399 662 quos
1418 622 1544 661 spectat
1561 622 1592 650 et
1609 628 1668 661 pro
1695 622 1841 661 tempore

1103 673 1273 716 spectabit,
1292 672 1326 705 in
1351 672 1501 705 omnibus
1526 677 1557 705 et
1573 682 1632 715 per
1648 672 1757 705 omnia
1774 673 1842 715 ple-

1105 726 1234 759 nissime
1260 725 1439 768 suffragari,
1458 730 1490 759 et
1507 725 1546 759 ab
1571 726 1635 759 illis
1659 726 1841 769 respective

1103 779 1335 813 inviolabiliter
1359 780 1545 819 observari,
1564 780 1677 823 sicque
1695 780 1728 812 in
1752 790 1842 822 prae-

1103 833 1207 866 missis
1236 843 1295 877 per
1332 844 1559 877 quoscumque
1591 833 1718 866 iudices
1754 833 1842 866 ordi-

1103 887 1214 920 narios
1244 892 1277 920 et
1319 889 1509 930 delegatos,
1536 887 1634 920 etiam
1667 897 1838 919 causarum

1103 941 1213 984 palatii
1239 940 1408 974 adestolici
1432 941 1608 981 auditores,
1641 940 1777 973 iudicari
1810 945 1840 973 et

1104 994 1232 1027 deliniri
1257 995 1396 1035 debere,
1422 1004 1459 1027 ac
1483 994 1609 1027 irritum
1634 999 1665 1027 et
1690 994 1785 1026 inane
1814 993 1839 1026 si

1104 1058 1197 1081 secus
1222 1058 1322 1092 super
1347 1048 1398 1080 liis
1415 1058 1433 1080 a
1457 1058 1629 1090 quoquam,
1654 1047 1764 1090 quavis
1785 1057 1840 1080 au—

1104 1100 1263 1141 ctoritate,
1285 1100 1428 1134 scienter
1453 1101 1502 1134 vel
1527 1100 1735 1142 ignoranter,
1763 1109 1840 1132 con-

1105 1153 1214 1196 tigerit
1238 1154 1401 1186 attentari.

1149 1207 1209 1250 gai.
1230 1206 1301 1240 Non
1322 1207 1526 1240 obstantibus
1547 1207 1737 1250 praemissis
1769 1209 1925 1255 con-3022·

1930 1216 1937 1227 r

1902 1252 1912 1261 δ
1929 1239 1933 1255 t

1105 1260 1324 1293 stitutionibus
1355 1266 1387 1293 et
1418 1260 1676 1293 ordiimtionilms
1709 1265 1840 1303 aposto-

1106 1313 1195 1353 licis,
1225 1323 1365 1353 necnon,
1389 1319 1548 1356 qnatenus
1573 1324 1655 1356 opus
1681 1313 1738 1353 sit,
1764 1324 1840 1355 pro-

1106 1366 1229 1399 vinciae
1254 1371 1285 1399 ct
1308 1366 1436 1399 Ordinis
1459 1366 1718 1409 praedictorum,
1743 1367 1840 1399 etiam

1105 1419 1296 1459 iuramento,
1313 1420 1559 1452 confirmatione
1583 1421 1775 1463 apostolica,
1792 1421 1842 1453 vel

1105 1473 1215 1516 quavis
1240 1472 1389 1506 firmitate
1421 1473 1484 1505 alia
1510 1473 1681 1511 roboratis,
1715 1473 1844 1505 statutis

1104 1531 1136 1558 et.
1158 1525 1472 1565 consuetudinibus,
1498 1525 1676 1568 privilegiis
1701 1536 1842 1568 quoque,

1103 1578 1238 1612 indultis
1256 1583 1288 1611 et
1307 1578 1423 1611 litteris
1444 1578 1634 1622 apostolicis
1656 1580 1688 1611 in
1718 1583 1844 1611 contra-

1105 1631 1186 1663 rium
1206 1631 1462 1674 praemissorum
1488 1631 1736 1674 quomodolibet
1766 1641 1844 1664 con-

1104 1684 1216 1723 cessis,
1239 1683 1436 1717 consirmatis
1467 1689 1500 1716 ct
1523 1683 1700 1724 innovatis;
1727 1683 1843 1726 quibus

1105 1737 1255 1771 omnibus
1296 1742 1328 1770 et
1359 1737 1512 1780 singulis,
1543 1737 1675 1770 illorum
1714 1742 1844 1770 tenores

1104 1790 1329 1834 praesentibus
1364 1801 1424 1833 pro
1455 1791 1553 1834 plene
1578 1795 1610 1823 et
1644 1790 1845 1823 sufficienter

1105 1844 1268 1887 expressis
1293 1854 1330 1876 ac
1354 1844 1394 1876 ad
1410 1844 1544 1876 verbum
1569 1843 1701 1876 insertis
1721 1843 1844 1876 liaben-

1107 1901 1163 1936 tes,
1197 1896 1263 1929 illis
1295 1895 1374 1929 alias
1399 1896 1432 1928 in
1468 1905 1525 1928 sno
1549 1896 1667 1929 robore
1692 1906 1844 1938 perman-

1104 1949 1200 1989 suris,
1232 1950 1271 1982 ad
1302 1949 1556 1992 praemissorum
1592 1948 1756 1989 effectum,
1781 1949 1843 1982 hac

1083 2002 1172 2035 ,vice
1204 2002 1381 2041 dumtaxat,
1409 2001 1596 2044 specialiter
1626 2006 1658 2034 et
1689 2011 1843 2045 expresse

1082 2055 1319 2097 4(191111311111115;
1353 2054 1537 2097 ceterisque
1569 2054 1741 2089 contrariis
1773 2055 1844 2098 qni-

326 2111 358 2138 et
373 2105 537 2138 absolutos
558 2104 625 2137 sore
650 2109 835 2144 censentes,
852 2104 1062 2147 supplicatio·
1082 2111 1084 2144 j

1103 2109 1313 2150 buscumque.

1148 2161 1260 2193 Datum
1285 2161 1426 2200 Romae,
1444 2160 1528 2204 apud
1546 2160 1577 2193 S.
1601 2161 1728 2194 Mariam
1745 2162 1842 2195 Maio-

1104 2225 1179 2252 rem,
1196 2215 1254 2246 sub
1271 2215 1391 2246 annulo
1409 2213 1588 2254 Piscatoris,
1607 2214 1658 2246 die
1677 2225 1698 2248 11
1720 2215 1843 2249 februa·

1103 2268 1141 2300 rii
1160 2277 1300 2306 nncxcu,
1320 2266 1524 2310 pontificatus
1544 2267 1648 2299 nostri
1671 2278 1754 2300 anno
1773 2278 1795 2302 1.

1138 2329 1197 2356 Dat.
1214 2329 1258 2357 die
1273 2328 1289 2356 ⁶2
1308 2328 1439 2356 februarii
1457 2328 1535 2363 1692,
1551 2328 1648 2363 pontif.
1675 2337 1745 2356 anno
1761 2335 1781 2359 εὖ

1416 2455 1521 2488 XVIII.

1103 2527 1315 2560 Pm-miuitm·
1332 2525 1510 2558 moderatio
1522 2527 1709 2569 partientem
1725 2528 1840 2562 constan,

1149 2582 1307 2612 [alionum
1345 2579 1479 2613 Ordinis
1508 2579 1564 2613 SS.
1596 2580 1769 2613 Trinitatis
1792 2590 1840 2612 re-

1148 2633 1345 2676 demptionis
1384 2633 1585 2676 captivorum
1624 2631 1839 2668 Πῖεεαῖσεάίοι

1847 252 1895 277 λη.
1917 249 1946 278 C.
1968 250 2031 279 192

1878 418 1926 438 (ἱΙ1-11
1932 418 1995 440 ailae.

1940 1209 2032 1229 arirrum

1939 1242 1966 1257 io,
