<?xml version="1.0" encoding="UTF-8"?>
<!DOCTYPE html PUBLIC "-//W3C//DTD XHTML 1.0 Transitional//EN"
    "http://www.w3.org/TR/xhtml1/DTD/xhtml1-transitional.dtd">
<html xmlns="http://www.w3.org/1999/xhtml" xml:lang="en" lang="en">
 <head>
  <title>
</title>
<meta http-equiv="Content-Type" content="text/html;charset=utf-8" />
  <meta name='ocr-system' content='tesseract 3.04.00' />
  <meta name='ocr-capabilities' content='ocr_page ocr_carea ocr_par ocr_line ocrx_word'/>
</head>
<body>
  <div class='ocr_page' id='page_1' title='image "./bullarumdiplomat20cath_0326.png"; bbox 0 0 2254 3225; ppageno 0'>
   <div class='ocr_carea' id='block_1_1' title="bbox 229 193 521 229">
    <p class='ocr_par' dir='ltr' id='par_1_1' title="bbox 229 193 521 229">
     <span class='ocr_line' id='line_1_1' title="bbox 229 193 521 229; baseline -0.003 -2"><span class='ocrx_word' id='word_1_1' title='bbox 229 203 277 229; x_wconf 68' lang='lat' dir='ltr'>An.</span> <span class='ocrx_word' id='word_1_2' title='bbox 293 202 321 228; x_wconf 77' lang='lat' dir='ltr'>c.</span> <span class='ocrx_word' id='word_1_3' title='bbox 346 201 406 228; x_wconf 71' lang='lat' dir='ltr'>troi</span> <span class='ocrx_word' id='word_1_4' title='bbox 456 193 521 227; x_wconf 62' lang='lat'>⁶274</span> 
     </span>
    </p>
   </div>
   <div class='ocr_carea' id='block_1_2' title="bbox 258 1155 387 1203">
    <p class='ocr_par' dir='ltr' id='par_1_2' title="bbox 258 1155 387 1203">
     <span class='ocr_line' id='line_1_2' title="bbox 258 1155 387 1176; baseline 0 -1"><span class='ocrx_word' id='word_1_5' title='bbox 258 1155 326 1176; x_wconf 58' lang='lat' dir='ltr'>cipri-r</span> <span class='ocrx_word' id='word_1_6' title='bbox 344 1155 387 1176; x_wconf 81' lang='lat' dir='ltr'>xn.</span> 
     </span>
     <span class='ocr_line' id='line_1_3' title="bbox 258 1183 387 1203; baseline -0.008 0"><span class='ocrx_word' id='word_1_7' title='bbox 258 1183 287 1203; x_wconf 75' lang='lat' dir='ltr'>De</span> <span class='ocrx_word' id='word_1_8' title='bbox 305 1188 387 1203; x_wconf 65' lang='lat' dir='ltr'>rasura.</span> 
     </span>
    </p>
   </div>
   <div class='ocr_carea' id='block_1_3' title="bbox 259 2518 396 2566">
    <p class='ocr_par' dir='ltr' id='par_1_3' title="bbox 259 2518 396 2566">
     <span class='ocr_line' id='line_1_4' title="bbox 262 2518 391 2539; baseline 0 -1"><span class='ocrx_word' id='word_1_9' title='bbox 262 2520 330 2539; x_wconf 68' lang='lat' dir='ltr'>«jn-ur</span> <span class='ocrx_word' id='word_1_10' title='bbox 342 2518 391 2539; x_wconf 70' lang='lat' dir='ltr'>xlii.</span> 
     </span>
     <span class='ocr_line' id='line_1_5' title="bbox 259 2547 396 2566; baseline 0 0"><span class='ocrx_word' id='word_1_11' title='bbox 259 2547 287 2566; x_wconf 66' lang='lat' dir='ltr'>De</span> <span class='ocrx_word' id='word_1_12' title='bbox 303 2549 396 2566; x_wconf 72' lang='lat' dir='ltr'>murinis.</span> 
     </span>
    </p>
   </div>
   <div class='ocr_carea' id='block_1_4' title="bbox 420 204 1179 2610">
    <p class='ocr_par' dir='ltr' id='par_1_4' title="bbox 999 204 1174 228">
     <span class='ocr_line' id='line_1_6' title="bbox 999 204 1174 228; baseline -0.006 0"><span class='ocrx_word' id='word_1_13' title='bbox 999 204 1174 228; x_wconf 46' lang='lat' dir='ltr'>arrianum</span> 
     </span>
    </p>

    <p class='ocr_par' dir='ltr' id='par_1_5' title="bbox 420 251 1179 1136">
     <span class='ocr_line' id='line_1_7' title="bbox 464 251 1154 295; baseline 0 -11"><span class='ocrx_word' id='word_1_14' title='bbox 464 262 511 284; x_wconf 91' lang='grc'>111.</span> <span class='ocrx_word' id='word_1_15' title='bbox 539 251 648 290; x_wconf 77' lang='lat' dir='ltr'>Nemo,</span> <span class='ocrx_word' id='word_1_16' title='bbox 682 256 816 295; x_wconf 72' lang='lat' dir='ltr'>excepto</span> <span class='ocrx_word' id='word_1_17' title='bbox 841 251 994 295; x_wconf 72' lang='lat' dir='ltr'>magistro</span> <span class='ocrx_word' id='word_1_18' title='bbox 1019 252 1154 291; x_wconf 80' lang='lat' dir='ltr'>Ordinis,</span> 
     </span>
     <span class='ocr_line' id='line_1_8' title="bbox 421 304 1156 348; baseline 0.001 -12"><span class='ocrx_word' id='word_1_19' title='bbox 421 304 540 337; x_wconf 84' lang='lat' dir='ltr'>habeat</span> <span class='ocrx_word' id='word_1_20' title='bbox 564 304 736 348; x_wconf 82' lang='lat' dir='ltr'>specialem</span> <span class='ocrx_word' id='word_1_21' title='bbox 764 307 868 338; x_wconf 87' lang='lat' dir='ltr'>locum</span> <span class='ocrx_word' id='word_1_22' title='bbox 893 305 948 337; x_wconf 88' lang='lat' dir='ltr'>ubi</span> <span class='ocrx_word' id='word_1_23' title='bbox 979 306 1081 337; x_wconf 82' lang='lat' dir='ltr'>iaceat</span> <span class='ocrx_word' id='word_1_24' title='bbox 1106 315 1156 337; x_wconf 81' lang='lat' dir='ltr'>se—</span> 
     </span>
     <span class='ocr_line' id='line_1_9' title="bbox 422 358 1157 400; baseline 0 -11"><span class='ocrx_word' id='word_1_25' title='bbox 422 362 571 400; x_wconf 86' lang='lat' dir='ltr'>paratum</span> <span class='ocrx_word' id='word_1_26' title='bbox 597 368 613 390; x_wconf 90' lang='lat' dir='ltr'>a</span> <span class='ocrx_word' id='word_1_27' title='bbox 638 358 764 391; x_wconf 80' lang='lat' dir='ltr'>cellulis</span> <span class='ocrx_word' id='word_1_28' title='bbox 790 358 981 394; x_wconf 80' lang='lat' dir='ltr'>dormitorii,</span> <span class='ocrx_word' id='word_1_29' title='bbox 1000 358 1061 390; x_wconf 90' lang='lat' dir='ltr'>nisi</span> <span class='ocrx_word' id='word_1_30' title='bbox 1087 367 1157 400; x_wconf 86' lang='lat' dir='ltr'>pro-</span> 
     </span>
     <span class='ocr_line' id='line_1_10' title="bbox 421 411 1156 452; baseline -0.001 -10"><span class='ocrx_word' id='word_1_31' title='bbox 421 415 493 452; x_wconf 85' lang='lat' dir='ltr'>pter</span> <span class='ocrx_word' id='word_1_32' title='bbox 528 420 634 443; x_wconf 87' lang='lat' dir='ltr'>rerum</span> <span class='ocrx_word' id='word_1_33' title='bbox 668 411 853 449; x_wconf 80' lang='lat' dir='ltr'>custodiam,</span> <span class='ocrx_word' id='word_1_34' title='bbox 892 416 926 442; x_wconf 88' lang='lat' dir='ltr'>ut</span> <span class='ocrx_word' id='word_1_35' title='bbox 962 415 1037 442; x_wconf 85' lang='lat' dir='ltr'>sunt</span> <span class='ocrx_word' id='word_1_36' title='bbox 1071 419 1156 442; x_wconf 88' lang='lat' dir='ltr'>com-</span> 
     </span>
     <span class='ocr_line' id='line_1_11' title="bbox 420 462 1156 505; baseline -0.003 -10"><span class='ocrx_word' id='word_1_37' title='bbox 420 463 628 495; x_wconf 87' lang='lat' dir='ltr'>mendatores</span> <span class='ocrx_word' id='word_1_38' title='bbox 662 469 693 495; x_wconf 88' lang='lat' dir='ltr'>et</span> <span class='ocrx_word' id='word_1_39' title='bbox 727 463 890 501; x_wconf 75' lang='lat' dir='ltr'>sacristae,</span> <span class='ocrx_word' id='word_1_40' title='bbox 922 462 1036 505; x_wconf 85' lang='lat' dir='ltr'>quibus</span> <span class='ocrx_word' id='word_1_41' title='bbox 1068 467 1156 494; x_wconf 75' lang='lat' dir='ltr'>extra</span> 
     </span>
     <span class='ocr_line' id='line_1_12' title="bbox 422 514 1157 557; baseline -0.003 -9"><span class='ocrx_word' id='word_1_42' title='bbox 422 516 614 548; x_wconf 89' lang='lat' dir='ltr'>dormitoria</span> <span class='ocrx_word' id='word_1_43' title='bbox 646 520 823 548; x_wconf 81' lang='lat' dir='ltr'>conventus</span> <span class='ocrx_word' id='word_1_44' title='bbox 856 525 1030 557; x_wconf 83' lang='lat' dir='ltr'>eorumque</span> <span class='ocrx_word' id='word_1_45' title='bbox 1063 514 1157 546; x_wconf 86' lang='lat' dir='ltr'>cella-</span> 
     </span>
     <span class='ocr_line' id='line_1_13' title="bbox 421 567 1154 610; baseline -0.004 -10"><span class='ocrx_word' id='word_1_46' title='bbox 421 579 491 600; x_wconf 91' lang='lat' dir='ltr'>rum</span> <span class='ocrx_word' id='word_1_47' title='bbox 516 568 646 601; x_wconf 88' lang='lat' dir='ltr'>ordines</span> <span class='ocrx_word' id='word_1_48' title='bbox 664 568 695 600; x_wconf 91' lang='lat' dir='ltr'>in</span> <span class='ocrx_word' id='word_1_49' title='bbox 715 568 778 600; x_wconf 81' lang='lat' dir='ltr'>alia</span> <span class='ocrx_word' id='word_1_50' title='bbox 796 567 952 610; x_wconf 78' lang='lat' dir='ltr'>peculiari</span> <span class='ocrx_word' id='word_1_51' title='bbox 971 577 1009 599; x_wconf 89' lang='lat' dir='ltr'>eo</span> <span class='ocrx_word' id='word_1_52' title='bbox 1033 571 1154 599; x_wconf 87' lang='lat' dir='ltr'>tantum</span> 
     </span>
     <span class='ocr_line' id='line_1_14' title="bbox 422 618 1155 664; baseline -0.001 -13"><span class='ocrx_word' id='word_1_53' title='bbox 422 620 486 653; x_wconf 84' lang='lat' dir='ltr'>fine</span> <span class='ocrx_word' id='word_1_54' title='bbox 512 626 701 664; x_wconf 81' lang='lat' dir='ltr'>pernoctare</span> <span class='ocrx_word' id='word_1_55' title='bbox 723 619 941 652; x_wconf 83' lang='lat' dir='ltr'>concedimus.</span> <span class='ocrx_word' id='word_1_56' title='bbox 965 618 1155 651; x_wconf 81' lang='lat' dir='ltr'>Huiusmodi</span> 
     </span>
     <span class='ocr_line' id='line_1_15' title="bbox 422 671 1155 705; baseline -0.004 0"><span class='ocrx_word' id='word_1_57' title='bbox 422 683 500 705; x_wconf 86' lang='lat' dir='ltr'>vero</span> <span class='ocrx_word' id='word_1_58' title='bbox 525 673 677 705; x_wconf 67' lang='lat' dir='ltr'>custodes</span> <span class='ocrx_word' id='word_1_59' title='bbox 702 682 807 704; x_wconf 82' lang='lat' dir='ltr'>secum</span> <span class='ocrx_word' id='word_1_60' title='bbox 835 671 976 704; x_wconf 90' lang='lat' dir='ltr'>habeant</span> <span class='ocrx_word' id='word_1_61' title='bbox 1001 672 1155 704; x_wconf 89' lang='lat' dir='ltr'>honestos</span> 
     </span>
     <span class='ocr_line' id='line_1_16' title="bbox 424 723 1179 780; baseline -0.001 -23"><span class='ocrx_word' id='word_1_62' title='bbox 424 726 539 758; x_wconf 77' lang='lat' dir='ltr'>fratres</span> <span class='ocrx_word' id='word_1_63' title='bbox 555 725 592 757; x_wconf 88' lang='lat' dir='ltr'>ad</span> <span class='ocrx_word' id='word_1_64' title='bbox 610 724 820 757; x_wconf 86' lang='lat' dir='ltr'>custodienda</span> <span class='ocrx_word' id='word_1_65' title='bbox 840 723 1022 767; x_wconf 87' lang='lat' dir='ltr'>praedicta;</span> <span class='ocrx_word' id='word_1_66' title='bbox 1046 724 1179 780; x_wconf 50' lang='lat' dir='ltr'>hospi-J</span> 
     </span>
     <span class='ocr_line' id='line_1_17' title="bbox 424 776 1157 811; baseline -0.004 -1"><span class='ocrx_word' id='word_1_67' title='bbox 424 777 558 811; x_wconf 76' lang='lat' dir='ltr'>talibus*</span> <span class='ocrx_word' id='word_1_68' title='bbox 578 782 683 809; x_wconf 77' lang='lat' dir='ltr'>autem</span> <span class='ocrx_word' id='word_1_69' title='bbox 707 776 886 809; x_wconf 80' lang='lat' dir='ltr'>secundum</span> <span class='ocrx_word' id='word_1_70' title='bbox 908 776 1060 809; x_wconf 80' lang='lat' dir='ltr'>iudicium</span> <span class='ocrx_word' id='word_1_71' title='bbox 1075 787 1157 808; x_wconf 86' lang='lat' dir='ltr'>com-</span> 
     </span>
     <span class='ocr_line' id='line_1_18' title="bbox 423 828 1156 871; baseline -0.004 -8"><span class='ocrx_word' id='word_1_72' title='bbox 423 830 620 863; x_wconf 83' lang='lat' dir='ltr'>mendatoris</span> <span class='ocrx_word' id='word_1_73' title='bbox 652 828 868 871; x_wconf 74' lang='lat' dir='ltr'>provideatur.</span> <span class='ocrx_word' id='word_1_74' title='bbox 905 829 1070 861; x_wconf 76' lang='lat' dir='ltr'>Praesenti</span> <span class='ocrx_word' id='word_1_75' title='bbox 1103 831 1123 860; x_wconf 75' lang='lat' dir='ltr'>d¹</span> <span class='ocrx_word' id='word_1_76' title='bbox 1150 849 1156 851; x_wconf 98' lang='lat'><em>-</em></span> 
     </span>
     <span class='ocr_line' id='line_1_19' title="bbox 426 881 1156 926; baseline -0.004 -11"><span class='ocrx_word' id='word_1_77' title='bbox 426 883 523 926; x_wconf 87' lang='lat' dir='ltr'>nique</span> <span class='ocrx_word' id='word_1_78' title='bbox 542 881 772 914; x_wconf 83' lang='lat' dir='ltr'>constitutione</span> <span class='ocrx_word' id='word_1_79' title='bbox 784 881 919 913; x_wconf 80' lang='lat' dir='ltr'>tirmiter</span> <span class='ocrx_word' id='word_1_80' title='bbox 935 882 1156 924; x_wconf 72' lang='lat' dir='ltr'>prohibemus,</span> 
     </span>
     <span class='ocr_line' id='line_1_20' title="bbox 425 933 1158 977; baseline -0.001 -10"><span class='ocrx_word' id='word_1_81' title='bbox 425 936 484 968; x_wconf 90' lang='lat' dir='ltr'>sub</span> <span class='ocrx_word' id='word_1_82' title='bbox 510 937 615 977; x_wconf 78' lang='lat' dir='ltr'>poena</span> <span class='ocrx_word' id='word_1_83' title='bbox 640 933 794 976; x_wconf 71' lang='lat' dir='ltr'>gravioris</span> <span class='ocrx_word' id='word_1_84' title='bbox 819 934 932 976; x_wconf 84' lang='lat' dir='ltr'>culpae</span> <span class='ocrx_word' id='word_1_85' title='bbox 953 933 1085 967; x_wconf 91' lang='lat' dir='ltr'>minime</span> <span class='ocrx_word' id='word_1_86' title='bbox 1110 944 1158 966; x_wconf 88' lang='lat' dir='ltr'>re-</span> 
     </span>
     <span class='ocr_line' id='line_1_21' title="bbox 424 987 1158 1030; baseline -0.001 -10"><span class='ocrx_word' id='word_1_87' title='bbox 424 988 590 1026; x_wconf 77' lang='lat' dir='ltr'>laxandae,</span> <span class='ocrx_word' id='word_1_88' title='bbox 610 997 648 1019; x_wconf 85' lang='lat' dir='ltr'>ne</span> <span class='ocrx_word' id='word_1_89' title='bbox 676 987 774 1019; x_wconf 83' lang='lat' dir='ltr'>frater</span> <span class='ocrx_word' id='word_1_90' title='bbox 792 987 921 1030; x_wconf 84' lang='lat' dir='ltr'>aliquis,</span> <span class='ocrx_word' id='word_1_91' title='bbox 939 987 993 1019; x_wconf 90' lang='lat' dir='ltr'>ubi</span> <span class='ocrx_word' id='word_1_92' title='bbox 1019 997 1158 1020; x_wconf 84' lang='lat' dir='ltr'>conven-</span> 
     </span>
     <span class='ocr_line' id='line_1_22' title="bbox 425 1039 1157 1083; baseline 0 -10"><span class='ocrx_word' id='word_1_93' title='bbox 425 1046 491 1073; x_wconf 88' lang='lat' dir='ltr'>tum</span> <span class='ocrx_word' id='word_1_94' title='bbox 517 1039 732 1078; x_wconf 86' lang='lat' dir='ltr'>habuerimus,</span> <span class='ocrx_word' id='word_1_95' title='bbox 752 1045 840 1072; x_wconf 54' lang='lat' dir='ltr'>extra</span> <span class='ocrx_word' id='word_1_96' title='bbox 856 1039 946 1072; x_wconf 88' lang='lat' dir='ltr'>illum</span> <span class='ocrx_word' id='word_1_97' title='bbox 964 1045 1157 1083; x_wconf 85' lang='lat' dir='ltr'>pernoctare</span> 
     </span>
     <span class='ocr_line' id='line_1_23' title="bbox 426 1092 1032 1136; baseline -0.005 -9"><span class='ocrx_word' id='word_1_98' title='bbox 426 1095 542 1127; x_wconf 82' lang='lat' dir='ltr'>audeat</span> <span class='ocrx_word' id='word_1_99' title='bbox 567 1092 678 1136; x_wconf 83' lang='lat' dir='ltr'>quavis</span> <span class='ocrx_word' id='word_1_100' title='bbox 704 1093 828 1125; x_wconf 87' lang='lat' dir='ltr'>ratione</span> <span class='ocrx_word' id='word_1_101' title='bbox 853 1094 901 1125; x_wconf 92' lang='lat' dir='ltr'>vel</span> <span class='ocrx_word' id='word_1_102' title='bbox 926 1095 1032 1125; x_wconf 76' lang='lat' dir='ltr'>causa.</span> 
     </span>
    </p>

    <p class='ocr_par' dir='ltr' id='par_1_6' title="bbox 425 1146 1162 1874">
     <span class='ocr_line' id='line_1_24' title="bbox 469 1146 1158 1188; baseline -0.003 -8"><span class='ocrx_word' id='word_1_103' title='bbox 469 1158 490 1180; x_wconf 87' lang='grc'>1.</span> <span class='ocrx_word' id='word_1_104' title='bbox 517 1146 644 1179; x_wconf 77' lang='lat' dir='ltr'>Fratres</span> <span class='ocrx_word' id='word_1_105' title='bbox 669 1155 812 1178; x_wconf 85' lang='lat' dir='ltr'>rasuram</span> <span class='ocrx_word' id='word_1_106' title='bbox 838 1151 868 1177; x_wconf 82' lang='lat' dir='ltr'>et</span> <span class='ocrx_word' id='word_1_107' title='bbox 890 1150 1052 1178; x_wconf 72' lang='lat' dir='ltr'>tonsuram</span> <span class='ocrx_word' id='word_1_108' title='bbox 1078 1146 1158 1188; x_wconf 86' lang='lat' dir='ltr'>capi-</span> 
     </span>
     <span class='ocr_line' id='line_1_25' title="bbox 427 1198 1158 1238; baseline -0.004 -6"><span class='ocrx_word' id='word_1_109' title='bbox 427 1200 465 1232; x_wconf 92' lang='lat' dir='ltr'>tis</span> <span class='ocrx_word' id='word_1_110' title='bbox 490 1199 520 1231; x_wconf 93' lang='lat' dir='ltr'>in</span> <span class='ocrx_word' id='word_1_111' title='bbox 546 1199 677 1238; x_wconf 82' lang='lat' dir='ltr'>eudine,</span> <span class='ocrx_word' id='word_1_112' title='bbox 697 1208 761 1231; x_wconf 90' lang='lat' dir='ltr'>non</span> <span class='ocrx_word' id='word_1_113' title='bbox 782 1198 931 1237; x_wconf 89' lang='lat' dir='ltr'>nitorem,</span> <span class='ocrx_word' id='word_1_114' title='bbox 950 1203 1003 1230; x_wconf 89' lang='lat' dir='ltr'>aut</span> <span class='ocrx_word' id='word_1_115' title='bbox 1027 1198 1158 1237; x_wconf 83' lang='lat' dir='ltr'>cultum,</span> 
     </span>
     <span class='ocr_line' id='line_1_26' title="bbox 427 1250 1158 1295; baseline -0.001 -11"><span class='ocrx_word' id='word_1_116' title='bbox 427 1252 502 1295; x_wconf 88' lang='lat' dir='ltr'>quin</span> <span class='ocrx_word' id='word_1_117' title='bbox 529 1251 637 1295; x_wconf 88' lang='lat' dir='ltr'>potius</span> <span class='ocrx_word' id='word_1_118' title='bbox 662 1251 876 1284; x_wconf 85' lang='lat' dir='ltr'>abiectionem</span> <span class='ocrx_word' id='word_1_119' title='bbox 896 1256 928 1282; x_wconf 86' lang='lat' dir='ltr'>et</span> <span class='ocrx_word' id='word_1_120' title='bbox 945 1251 1035 1293; x_wconf 79' lang='lat' dir='ltr'>quasi</span> <span class='ocrx_word' id='word_1_121' title='bbox 1062 1250 1158 1283; x_wconf 87' lang='lat' dir='ltr'>decus</span> 
     </span>
     <span class='ocr_line' id='line_1_27' title="bbox 425 1303 1159 1348; baseline -0.003 -11"><span class='ocrx_word' id='word_1_122' title='bbox 425 1310 588 1348; x_wconf 88' lang='lat' dir='ltr'>reputent.</span> <span class='ocrx_word' id='word_1_123' title='bbox 617 1303 698 1336; x_wconf 86' lang='lat' dir='ltr'>Hinc</span> <span class='ocrx_word' id='word_1_124' title='bbox 732 1314 810 1346; x_wconf 72' lang='lat' dir='ltr'>ergo</span> <span class='ocrx_word' id='word_1_125' title='bbox 840 1303 999 1335; x_wconf 85' lang='lat' dir='ltr'>universis</span> <span class='ocrx_word' id='word_1_126' title='bbox 1030 1303 1159 1346; x_wconf 84' lang='lat' dir='ltr'>expedit</span> 
     </span>
     <span class='ocr_line' id='line_1_28' title="bbox 425 1356 1157 1390; baseline -0.003 0"><span class='ocrx_word' id='word_1_127' title='bbox 425 1364 461 1390; x_wconf 88' lang='lat' dir='ltr'>ut</span> <span class='ocrx_word' id='word_1_128' title='bbox 484 1367 552 1390; x_wconf 87' lang='lat' dir='ltr'>eam</span> <span class='ocrx_word' id='word_1_129' title='bbox 577 1357 637 1388; x_wconf 89' lang='lat' dir='ltr'>sibi</span> <span class='ocrx_word' id='word_1_130' title='bbox 662 1357 808 1389; x_wconf 79' lang='lat' dir='ltr'>modeste</span> <span class='ocrx_word' id='word_1_131' title='bbox 833 1356 1011 1388; x_wconf 82' lang='lat' dir='ltr'>adhibeant</span> <span class='ocrx_word' id='word_1_132' title='bbox 1035 1366 1099 1388; x_wconf 93' lang='lat' dir='ltr'>non</span> <span class='ocrx_word' id='word_1_133' title='bbox 1120 1356 1157 1388; x_wconf 92' lang='lat' dir='ltr'>ad</span> 
     </span>
     <span class='ocr_line' id='line_1_29' title="bbox 426 1409 1159 1454; baseline -0.004 -11"><span class='ocrx_word' id='word_1_134' title='bbox 426 1411 580 1454; x_wconf 83' lang='lat' dir='ltr'>placitum</span> <span class='ocrx_word' id='word_1_135' title='bbox 606 1411 703 1448; x_wconf 86' lang='lat' dir='ltr'>oculi,</span> <span class='ocrx_word' id='word_1_136' title='bbox 732 1410 788 1442; x_wconf 87' lang='lat' dir='ltr'>sed</span> <span class='ocrx_word' id='word_1_137' title='bbox 821 1409 860 1442; x_wconf 88' lang='lat' dir='ltr'>ad</span> <span class='ocrx_word' id='word_1_138' title='bbox 890 1413 1094 1451; x_wconf 79' lang='lat' dir='ltr'>contemptus</span> <span class='ocrx_word' id='word_1_139' title='bbox 1128 1414 1159 1441; x_wconf 90' lang='lat' dir='ltr'>et</span> 
     </span>
     <span class='ocr_line' id='line_1_30' title="bbox 428 1461 1160 1504; baseline -0.004 -9"><span class='ocrx_word' id='word_1_140' title='bbox 428 1462 618 1496; x_wconf 87' lang='lat' dir='ltr'>humilitatis</span> <span class='ocrx_word' id='word_1_141' title='bbox 644 1462 823 1494; x_wconf 82' lang='lat' dir='ltr'>arbitrium.</span> <span class='ocrx_word' id='word_1_142' title='bbox 852 1461 973 1493; x_wconf 83' lang='lat' dir='ltr'>Rasura</span> <span class='ocrx_word' id='word_1_143' title='bbox 996 1461 1103 1504; x_wconf 87' lang='lat' dir='ltr'>itaque</span> <span class='ocrx_word' id='word_1_144' title='bbox 1121 1461 1160 1493; x_wconf 88' lang='lat' dir='ltr'>sit</span> 
     </span>
     <span class='ocr_line' id='line_1_31' title="bbox 428 1513 1159 1557; baseline -0.003 -10"><span class='ocrx_word' id='word_1_145' title='bbox 428 1515 568 1557; x_wconf 81' lang='lat' dir='ltr'>desuper</span> <span class='ocrx_word' id='word_1_146' title='bbox 592 1524 657 1546; x_wconf 87' lang='lat' dir='ltr'>non</span> <span class='ocrx_word' id='word_1_147' title='bbox 682 1514 818 1551; x_wconf 78' lang='lat' dir='ltr'>modica,</span> <span class='ocrx_word' id='word_1_148' title='bbox 836 1523 942 1556; x_wconf 85' lang='lat' dir='ltr'>neque</span> <span class='ocrx_word' id='word_1_149' title='bbox 960 1513 991 1545; x_wconf 91' lang='lat' dir='ltr'>in</span> <span class='ocrx_word' id='word_1_150' title='bbox 1010 1513 1159 1545; x_wconf 89' lang='lat' dir='ltr'>omnibus</span> 
     </span>
     <span class='ocr_line' id='line_1_32' title="bbox 427 1566 1161 1610; baseline -0.004 -10"><span class='ocrx_word' id='word_1_151' title='bbox 427 1578 548 1600; x_wconf 82' lang='lat' dir='ltr'>corona</span> <span class='ocrx_word' id='word_1_152' title='bbox 572 1567 726 1610; x_wconf 78' lang='lat' dir='ltr'>aequalis,</span> <span class='ocrx_word' id='word_1_153' title='bbox 752 1567 829 1606; x_wconf 89' lang='lat' dir='ltr'>sed,</span> <span class='ocrx_word' id='word_1_154' title='bbox 856 1566 943 1598; x_wconf 79' lang='lat' dir='ltr'>iuxta</span> <span class='ocrx_word' id='word_1_155' title='bbox 967 1566 1161 1608; x_wconf 84' lang='lat' dir='ltr'>magnitudi-</span> 
     </span>
     <span class='ocr_line' id='line_1_33' title="bbox 427 1618 1162 1662; baseline -0.004 -10"><span class='ocrx_word' id='word_1_156' title='bbox 427 1629 500 1652; x_wconf 86' lang='lat' dir='ltr'>nem</span> <span class='ocrx_word' id='word_1_157' title='bbox 526 1619 650 1662; x_wconf 77' lang='lat' dir='ltr'>capitis,</span> <span class='ocrx_word' id='word_1_158' title='bbox 676 1619 721 1651; x_wconf 83' lang='lat' dir='ltr'>sic</span> <span class='ocrx_word' id='word_1_159' title='bbox 746 1629 816 1651; x_wconf 84' lang='lat' dir='ltr'>rasa</span> <span class='ocrx_word' id='word_1_160' title='bbox 841 1629 899 1661; x_wconf 88' lang='lat' dir='ltr'>per</span> <span class='ocrx_word' id='word_1_161' title='bbox 927 1618 1106 1658; x_wconf 85' lang='lat' dir='ltr'>circuitum,</span> <span class='ocrx_word' id='word_1_162' title='bbox 1128 1623 1162 1650; x_wconf 87' lang='lat' dir='ltr'>ut</span> 
     </span>
     <span class='ocr_line' id='line_1_34' title="bbox 426 1671 1160 1715; baseline -0.001 -11"><span class='ocrx_word' id='word_1_163' title='bbox 426 1672 511 1704; x_wconf 89' lang='lat' dir='ltr'>inter</span> <span class='ocrx_word' id='word_1_164' title='bbox 527 1672 628 1715; x_wconf 85' lang='lat' dir='ltr'>ipsam</span> <span class='ocrx_word' id='word_1_165' title='bbox 645 1672 836 1714; x_wconf 87' lang='lat' dir='ltr'>auriumque</span> <span class='ocrx_word' id='word_1_166' title='bbox 860 1671 1074 1703; x_wconf 84' lang='lat' dir='ltr'>summitatem</span> <span class='ocrx_word' id='word_1_167' title='bbox 1096 1676 1160 1703; x_wconf 85' lang='lat' dir='ltr'>tres</span> 
     </span>
     <span class='ocr_line' id='line_1_35' title="bbox 427 1723 1159 1767; baseline 0 -11"><span class='ocrx_word' id='word_1_168' title='bbox 427 1730 550 1757; x_wconf 87' lang='lat' dir='ltr'>tantum</span> <span class='ocrx_word' id='word_1_169' title='bbox 577 1725 694 1766; x_wconf 76' lang='lat' dir='ltr'>digitos</span> <span class='ocrx_word' id='word_1_170' title='bbox 721 1724 829 1767; x_wconf 77' lang='lat' dir='ltr'>capilli</span> <span class='ocrx_word' id='word_1_171' title='bbox 857 1724 1011 1756; x_wconf 79' lang='lat' dir='ltr'>defluant.</span> <span class='ocrx_word' id='word_1_172' title='bbox 1039 1723 1159 1756; x_wconf 88' lang='lat' dir='ltr'>Barbae</span> 
     </span>
     <span class='ocr_line' id='line_1_36' title="bbox 428 1776 1158 1812; baseline -0.003 -2"><span class='ocrx_word' id='word_1_173' title='bbox 428 1778 523 1811; x_wconf 89' lang='lat' dir='ltr'>etiam</span> <span class='ocrx_word' id='word_1_174' title='bbox 559 1777 603 1809; x_wconf 86' lang='lat' dir='ltr'>ita</span> <span class='ocrx_word' id='word_1_175' title='bbox 636 1777 853 1812; x_wconf 83' lang='lat' dir='ltr'>abradantur.</span> <span class='ocrx_word' id='word_1_176' title='bbox 890 1782 924 1809; x_wconf 90' lang='lat' dir='ltr'>ut</span> <span class='ocrx_word' id='word_1_177' title='bbox 954 1776 1036 1809; x_wconf 85' lang='lat' dir='ltr'>nihil</span> <span class='ocrx_word' id='word_1_178' title='bbox 1068 1776 1158 1809; x_wconf 85' lang='lat' dir='ltr'>faciei</span> 
     </span>
     <span class='ocr_line' id='line_1_37' title="bbox 427 1831 889 1874; baseline -0.002 -11"><span class='ocrx_word' id='word_1_179' title='bbox 427 1841 534 1874; x_wconf 86' lang='lat' dir='ltr'>neque</span> <span class='ocrx_word' id='word_1_180' title='bbox 560 1836 670 1863; x_wconf 88' lang='lat' dir='ltr'>mento</span> <span class='ocrx_word' id='word_1_181' title='bbox 695 1831 889 1873; x_wconf 79' lang='lat' dir='ltr'>promineat.</span> 
     </span>
    </p>

    <p class='ocr_par' dir='ltr' id='par_1_7' title="bbox 428 1882 1162 2451">
     <span class='ocr_line' id='line_1_38' title="bbox 472 1882 1159 1925; baseline -0.003 -9"><span class='ocrx_word' id='word_1_182' title='bbox 472 1893 507 1916; x_wconf 89' lang='lat'>11.</span> <span class='ocrx_word' id='word_1_183' title='bbox 529 1883 550 1914; x_wconf 84' lang='grc' dir='ltr'>Α</span> <span class='ocrx_word' id='word_1_184' title='bbox 567 1883 690 1915; x_wconf 85' lang='lat' dir='ltr'>Pascha</span> <span class='ocrx_word' id='word_1_185' title='bbox 707 1892 808 1925; x_wconf 85' lang='lat' dir='ltr'>usque</span> <span class='ocrx_word' id='word_1_186' title='bbox 826 1883 864 1916; x_wconf 90' lang='lat' dir='ltr'>ad</span> <span class='ocrx_word' id='word_1_187' title='bbox 884 1884 997 1915; x_wconf 76' lang='lat' dir='ltr'>festum</span> <span class='ocrx_word' id='word_1_188' title='bbox 1012 1882 1159 1914; x_wconf 82' lang='lat' dir='ltr'>Omnium</span> 
     </span>
     <span class='ocr_line' id='line_1_39' title="bbox 428 1935 1162 1977; baseline -0.001 -9"><span class='ocrx_word' id='word_1_189' title='bbox 428 1935 619 1968; x_wconf 86' lang='lat' dir='ltr'>Sanctorum</span> <span class='ocrx_word' id='word_1_190' title='bbox 645 1935 804 1968; x_wconf 84' lang='lat' dir='ltr'>habeatur</span> <span class='ocrx_word' id='word_1_191' title='bbox 828 1945 938 1967; x_wconf 83' lang='lat' dir='ltr'>rasura</span> <span class='ocrx_word' id='word_1_192' title='bbox 963 1935 1162 1977; x_wconf 82' lang='lat' dir='ltr'>quintadeci-</span> 
     </span>
     <span class='ocr_line' id='line_1_40' title="bbox 428 1988 1162 2031; baseline 0.001 -11"><span class='ocrx_word' id='word_1_193' title='bbox 428 1990 478 2020; x_wconf 79' lang='lat' dir='ltr'>ma</span> <span class='ocrx_word' id='word_1_194' title='bbox 503 1998 629 2031; x_wconf 85' lang='lat' dir='ltr'>quaque</span> <span class='ocrx_word' id='word_1_195' title='bbox 655 1988 726 2028; x_wconf 86' lang='lat' dir='ltr'>die;</span> <span class='ocrx_word' id='word_1_196' title='bbox 753 1988 816 2021; x_wconf 90' lang='lat' dir='ltr'>alio</span> <span class='ocrx_word' id='word_1_197' title='bbox 841 1998 916 2020; x_wconf 88' lang='lat' dir='ltr'>vero</span> <span class='ocrx_word' id='word_1_198' title='bbox 942 1993 1087 2030; x_wconf 81' lang='lat' dir='ltr'>tempore</span> <span class='ocrx_word' id='word_1_199' title='bbox 1112 1998 1162 2021; x_wconf 87' lang='lat' dir='ltr'>se-</span> 
     </span>
     <span class='ocr_line' id='line_1_41' title="bbox 429 2040 1162 2079; baseline 0 -6"><span class='ocrx_word' id='word_1_200' title='bbox 429 2042 493 2073; x_wconf 91' lang='lat' dir='ltr'>mel</span> <span class='ocrx_word' id='word_1_201' title='bbox 519 2040 621 2073; x_wconf 83' lang='lat' dir='ltr'>tribus</span> <span class='ocrx_word' id='word_1_202' title='bbox 647 2041 879 2079; x_wconf 76' lang='lat' dir='ltr'>hebdomadis3</span> <span class='ocrx_word' id='word_1_203' title='bbox 906 2046 960 2073; x_wconf 86' lang='lat' dir='ltr'>aut</span> <span class='ocrx_word' id='word_1_204' title='bbox 983 2041 1070 2073; x_wconf 76' lang='lat' dir='ltr'>iuxta</span> <span class='ocrx_word' id='word_1_205' title='bbox 1087 2051 1162 2073; x_wconf 91' lang='lat' dir='ltr'>con-</span> 
     </span>
     <span class='ocr_line' id='line_1_42' title="bbox 428 2094 1161 2137; baseline 0.001 -12"><span class='ocrx_word' id='word_1_206' title='bbox 428 2094 614 2126; x_wconf 83' lang='lat' dir='ltr'>suetudines</span> <span class='ocrx_word' id='word_1_207' title='bbox 639 2094 895 2137; x_wconf 82' lang='lat' dir='ltr'>provinciarum,</span> <span class='ocrx_word' id='word_1_208' title='bbox 922 2094 965 2126; x_wconf 84' lang='lat' dir='ltr'>ita</span> <span class='ocrx_word' id='word_1_209' title='bbox 991 2099 1096 2127; x_wconf 87' lang='lat' dir='ltr'>tamen</span> <span class='ocrx_word' id='word_1_210' title='bbox 1127 2100 1161 2126; x_wconf 91' lang='lat' dir='ltr'>ut</span> 
     </span>
     <span class='ocr_line' id='line_1_43' title="bbox 430 2146 1162 2189; baseline 0 -11"><span class='ocrx_word' id='word_1_211' title='bbox 430 2151 565 2188; x_wconf 89' lang='lat' dir='ltr'>propter</span> <span class='ocrx_word' id='word_1_212' title='bbox 591 2147 670 2179; x_wconf 77' lang='lat' dir='ltr'>festa</span> <span class='ocrx_word' id='word_1_213' title='bbox 694 2147 854 2179; x_wconf 85' lang='lat' dir='ltr'>solemnia</span> <span class='ocrx_word' id='word_1_214' title='bbox 879 2156 937 2189; x_wconf 87' lang='lat' dir='ltr'>per</span> <span class='ocrx_word' id='word_1_215' title='bbox 953 2146 1021 2179; x_wconf 85' lang='lat' dir='ltr'>dies</span> <span class='ocrx_word' id='word_1_216' title='bbox 1038 2146 1162 2189; x_wconf 82' lang='lat' dir='ltr'>aliquot</span> 
     </span>
     <span class='ocr_line' id='line_1_44' title="bbox 430 2198 1160 2241; baseline 0 -10"><span class='ocrx_word' id='word_1_217' title='bbox 430 2209 500 2231; x_wconf 90' lang='lat' dir='ltr'>eam</span> <span class='ocrx_word' id='word_1_218' title='bbox 525 2198 645 2230; x_wconf 78' lang='lat' dir='ltr'>ditl&#39;erri</span> <span class='ocrx_word' id='word_1_219' title='bbox 676 2199 725 2231; x_wconf 92' lang='lat' dir='ltr'>vel</span> <span class='ocrx_word' id='word_1_220' title='bbox 760 2198 939 2241; x_wconf 85' lang='lat' dir='ltr'>praeveniri</span> <span class='ocrx_word' id='word_1_221' title='bbox 973 2198 1078 2231; x_wconf 88' lang='lat' dir='ltr'>liceat.</span> <span class='ocrx_word' id='word_1_222' title='bbox 1114 2200 1160 2231; x_wconf 85' lang='lat' dir='ltr'>Ad</span> 
     </span>
     <span class='ocr_line' id='line_1_45' title="bbox 430 2251 1162 2294; baseline -0.001 -10"><span class='ocrx_word' id='word_1_223' title='bbox 430 2251 517 2284; x_wconf 89' lang='lat' dir='ltr'>illam</span> <span class='ocrx_word' id='word_1_224' title='bbox 535 2256 640 2284; x_wconf 87' lang='lat' dir='ltr'>autem</span> <span class='ocrx_word' id='word_1_225' title='bbox 661 2252 703 2283; x_wconf 90' lang='lat' dir='ltr'>ita</span> <span class='ocrx_word' id='word_1_226' title='bbox 728 2261 839 2284; x_wconf 89' lang='lat' dir='ltr'>omnes</span> <span class='ocrx_word' id='word_1_227' title='bbox 858 2252 971 2283; x_wconf 78' lang='lat' dir='ltr'>t&#39;ratres</span> <span class='ocrx_word' id='word_1_228' title='bbox 995 2251 1162 2294; x_wconf 84' lang='lat' dir='ltr'>indispen-</span> 
     </span>
     <span class='ocr_line' id='line_1_46' title="bbox 429 2303 1161 2343; baseline 0.001 -7"><span class='ocrx_word' id='word_1_229' title='bbox 429 2304 576 2336; x_wconf 84' lang='lat' dir='ltr'>sabilit.er</span> <span class='ocrx_word' id='word_1_230' title='bbox 600 2314 656 2336; x_wconf 91' lang='lat' dir='ltr'>suo</span> <span class='ocrx_word' id='word_1_231' title='bbox 678 2304 792 2335; x_wconf 83' lang='lat' dir='ltr'>ordine</span> <span class='ocrx_word' id='word_1_232' title='bbox 811 2303 980 2343; x_wconf 81' lang='lat' dir='ltr'>accedant,</span> <span class='ocrx_word' id='word_1_233' title='bbox 1006 2309 1041 2335; x_wconf 90' lang='lat' dir='ltr'>ut</span> <span class='ocrx_word' id='word_1_234' title='bbox 1065 2314 1161 2337; x_wconf 90' lang='lat' dir='ltr'>nemo</span> 
     </span>
     <span class='ocr_line' id='line_1_47' title="bbox 432 2356 1162 2395; baseline 0.001 -6"><span class='ocrx_word' id='word_1_235' title='bbox 432 2362 595 2389; x_wconf 87' lang='lat' dir='ltr'>tonsorem</span> <span class='ocrx_word' id='word_1_236' title='bbox 613 2367 629 2388; x_wconf 83' lang='lat' dir='ltr'>a</span> <span class='ocrx_word' id='word_1_237' title='bbox 647 2356 810 2388; x_wconf 80' lang='lat' dir='ltr'>communi</span> <span class='ocrx_word' id='word_1_238' title='bbox 833 2358 953 2395; x_wconf 78' lang='lat' dir='ltr'>rasura,</span> <span class='ocrx_word' id='word_1_239' title='bbox 971 2361 1006 2387; x_wconf 91' lang='lat' dir='ltr'>ut</span> <span class='ocrx_word' id='word_1_240' title='bbox 1030 2356 1062 2388; x_wconf 92' lang='lat' dir='ltr'>in</span> <span class='ocrx_word' id='word_1_241' title='bbox 1080 2357 1162 2390; x_wconf 79' lang='lat' dir='ltr'>cella</span> 
     </span>
     <span class='ocr_line' id='line_1_48' title="bbox 429 2409 920 2451; baseline 0 -10"><span class='ocrx_word' id='word_1_242' title='bbox 429 2410 574 2446; x_wconf 76' lang='lat' dir='ltr'>radatur,</span> <span class='ocrx_word' id='word_1_243' title='bbox 602 2409 783 2441; x_wconf 84' lang='lat' dir='ltr'>distrahere</span> <span class='ocrx_word' id='word_1_244' title='bbox 808 2409 920 2451; x_wconf 87' lang='lat' dir='ltr'>possit.</span> 
     </span>
    </p>

    <p class='ocr_par' dir='ltr' id='par_1_8' title="bbox 430 2461 1161 2556">
     <span class='ocr_line' id='line_1_49' title="bbox 474 2461 1161 2503; baseline 0 -8"><span class='ocrx_word' id='word_1_245' title='bbox 474 2473 496 2496; x_wconf 87' lang='lat'>1.</span> <span class='ocrx_word' id='word_1_246' title='bbox 528 2461 621 2495; x_wconf 88' lang='lat' dir='ltr'>Nulla</span> <span class='ocrx_word' id='word_1_247' title='bbox 657 2471 731 2494; x_wconf 88' lang='lat' dir='ltr'>sane</span> <span class='ocrx_word' id='word_1_248' title='bbox 765 2462 927 2494; x_wconf 83' lang='lat' dir='ltr'>salubrior</span> <span class='ocrx_word' id='word_1_249' title='bbox 957 2462 1161 2503; x_wconf 76' lang='lat' dir='ltr'>regularibus</span> 
     </span>
     <span class='ocr_line' id='line_1_50' title="bbox 430 2514 1161 2556; baseline 0.001 -9"><span class='ocrx_word' id='word_1_250' title='bbox 430 2514 613 2556; x_wconf 72' lang='lat' dir='ltr'>disciplina,</span> <span class='ocrx_word' id='word_1_251' title='bbox 631 2524 724 2556; x_wconf 80' lang='lat' dir='ltr'>quam</span> <span class='ocrx_word' id='word_1_252' title='bbox 742 2524 853 2546; x_wconf 87' lang='lat' dir='ltr'>manus</span> <span class='ocrx_word' id='word_1_253' title='bbox 871 2514 1011 2553; x_wconf 84' lang='lat' dir='ltr'>Domini,</span> <span class='ocrx_word' id='word_1_254' title='bbox 1029 2524 1102 2546; x_wconf 85' lang='lat' dir='ltr'>curn</span> <span class='ocrx_word' id='word_1_255' title='bbox 1122 2516 1161 2548; x_wconf 90' lang='lat' dir='ltr'>ab</span> 
     </span>
    </p>

    <p class='ocr_par' dir='ltr' id='par_1_9' title="bbox 465 2573 903 2610">
     <span class='ocr_line' id='line_1_51' title="bbox 465 2573 903 2610; baseline 0.002 -9"><span class='ocrx_word' id='word_1_256' title='bbox 465 2576 476 2601; x_wconf 81' lang='lat'>1</span> <span class='ocrx_word' id='word_1_257' title='bbox 500 2573 599 2601; x_wconf 81' lang='lat' dir='ltr'>Forsan</span> <span class='ocrx_word' id='word_1_258' title='bbox 620 2574 778 2609; x_wconf 72' lang='lat' dir='ltr'>hospitibus</span> <span class='ocrx_word' id='word_1_259' title='bbox 797 2575 833 2609; x_wconf 66' lang='lat' dir='ltr'>(R,</span> <span class='ocrx_word' id='word_1_260' title='bbox 855 2574 903 2610; x_wconf 70' lang='lat' dir='ltr'>T.)-</span> 
     </span>
    </p>
   </div>
   <div class='ocr_carea' id='block_1_5' title="bbox 1176 252 1181 1176">
    <p class='ocr_par' dir='ltr' id='par_1_10' title="bbox 1176 252 1181 1176">
     <span class='ocr_line' id='line_1_52' title="bbox 1176 252 1181 1176; baseline 0 0"><span class='ocrx_word' id='word_1_261' title='bbox 1176 252 1181 1176; x_wconf 95' lang='lat' dir='ltr'> </span> 
     </span>
    </p>
   </div>
   <div class='ocr_carea' id='block_1_6' title="bbox 1179 1350 1184 1984">
    <p class='ocr_par' dir='ltr' id='par_1_11' title="bbox 1179 1350 1184 1984">
     <span class='ocr_line' id='line_1_53' title="bbox 1179 1350 1184 1984; baseline 0 0"><span class='ocrx_word' id='word_1_262' title='bbox 1179 1350 1184 1984; x_wconf 95' lang='lat' dir='ltr'> </span> 
     </span>
    </p>
   </div>
   <div class='ocr_carea' id='block_1_7' title="bbox 1202 204 1353 227">
    <p class='ocr_par' dir='ltr' id='par_1_12' title="bbox 1202 204 1353 227">
     <span class='ocr_line' id='line_1_54' title="bbox 1202 204 1353 227; baseline 0 -1"><span class='ocrx_word' id='word_1_263' title='bbox 1202 204 1353 227; x_wconf 53' lang='lat' dir='ltr'>noum-rit</span> 
     </span>
    </p>
   </div>
   <div class='ocr_carea' id='block_1_8' title="bbox 1197 251 1940 2612">
    <p class='ocr_par' dir='ltr' id='par_1_13' title="bbox 1197 251 1939 1453">
     <span class='ocr_line' id='line_1_55' title="bbox 1198 251 1934 295; baseline 0.003 -12"><span class='ocrx_word' id='word_1_264' title='bbox 1198 252 1269 294; x_wconf 76' lang='lat' dir='ltr'>ipso</span> <span class='ocrx_word' id='word_1_265' title='bbox 1296 251 1457 293; x_wconf 80' lang='lat' dir='ltr'>tangimur</span> <span class='ocrx_word' id='word_1_266' title='bbox 1482 255 1513 284; x_wconf 88' lang='lat' dir='ltr'>et</span> <span class='ocrx_word' id='word_1_267' title='bbox 1536 251 1745 295; x_wconf 78' lang='lat' dir='ltr'>corripimur.</span> <span class='ocrx_word' id='word_1_268' title='bbox 1767 252 1853 285; x_wconf 81' lang='lat' dir='ltr'>Hace</span> <span class='ocrx_word' id='word_1_269' title='bbox 1877 262 1934 285; x_wconf 83' lang='lat' dir='ltr'>au-</span> 
     </span>
     <span class='ocr_line' id='line_1_56' title="bbox 1198 303 1939 348; baseline 0.003 -12"><span class='ocrx_word' id='word_1_270' title='bbox 1198 308 1283 343; x_wconf 79' lang='lat' dir='ltr'>tem,</span> <span class='ocrx_word' id='word_1_271' title='bbox 1309 303 1385 336; x_wconf 87' lang='lat' dir='ltr'>licet</span> <span class='ocrx_word' id='word_1_272' title='bbox 1409 304 1448 336; x_wconf 93' lang='lat' dir='ltr'>de</span> <span class='ocrx_word' id='word_1_273' title='bbox 1484 304 1534 336; x_wconf 89' lang='lat' dir='ltr'>his</span> <span class='ocrx_word' id='word_1_274' title='bbox 1572 314 1637 337; x_wconf 89' lang='lat' dir='ltr'>non</span> <span class='ocrx_word' id='word_1_275' title='bbox 1673 304 1714 336; x_wconf 85' lang='lat' dir='ltr'>sit</span> <span class='ocrx_word' id='word_1_276' title='bbox 1739 315 1820 348; x_wconf 87' lang='lat' dir='ltr'>quae</span> <span class='ocrx_word' id='word_1_277' title='bbox 1846 306 1939 338; x_wconf 85' lang='lat' dir='ltr'>ultro</span> 
     </span>
     <span class='ocr_line' id='line_1_57' title="bbox 1198 356 1931 400; baseline 0.003 -12"><span class='ocrx_word' id='word_1_278' title='bbox 1198 356 1363 398; x_wconf 81' lang='lat' dir='ltr'>eliguntur</span> <span class='ocrx_word' id='word_1_279' title='bbox 1387 361 1440 389; x_wconf 91' lang='lat' dir='ltr'>aut</span> <span class='ocrx_word' id='word_1_280' title='bbox 1470 356 1717 400; x_wconf 88' lang='lat' dir='ltr'>praecipiuntur</span> <span class='ocrx_word' id='word_1_281' title='bbox 1741 358 1780 390; x_wconf 89' lang='lat' dir='ltr'>ab</span> <span class='ocrx_word' id='word_1_282' title='bbox 1804 357 1931 397; x_wconf 86' lang='lat' dir='ltr'>Ordine,</span> 
     </span>
     <span class='ocr_line' id='line_1_58' title="bbox 1197 408 1933 452; baseline 0.003 -11"><span class='ocrx_word' id='word_1_283' title='bbox 1197 408 1337 441; x_wconf 83' lang='lat' dir='ltr'>libenter</span> <span class='ocrx_word' id='word_1_284' title='bbox 1372 414 1477 442; x_wconf 88' lang='lat' dir='ltr'>tamen</span> <span class='ocrx_word' id='word_1_285' title='bbox 1513 409 1694 452; x_wconf 83' lang='lat' dir='ltr'>excipiatur</span> <span class='ocrx_word' id='word_1_286' title='bbox 1727 420 1744 442; x_wconf 85' lang='lat' dir='ltr'>a</span> <span class='ocrx_word' id='word_1_287' title='bbox 1769 410 1933 450; x_wconf 80' lang='lat' dir='ltr'>fratribus,</span> 
     </span>
     <span class='ocr_line' id='line_1_59' title="bbox 1198 461 1933 506; baseline 0.004 -13"><span class='ocrx_word' id='word_1_288' title='bbox 1198 466 1241 499; x_wconf 78' lang='lat' dir='ltr'>ut,</span> <span class='ocrx_word' id='word_1_289' title='bbox 1255 461 1485 504; x_wconf 81' lang='lat' dir='ltr'>castigationes</span> <span class='ocrx_word' id='word_1_290' title='bbox 1511 462 1699 495; x_wconf 91' lang='lat' dir='ltr'>huiusmodi</span> <span class='ocrx_word' id='word_1_291' title='bbox 1725 463 1758 495; x_wconf 89' lang='lat' dir='ltr'>in</span> <span class='ocrx_word' id='word_1_292' title='bbox 1776 463 1862 496; x_wconf 89' lang='lat' dir='ltr'>omni</span> <span class='ocrx_word' id='word_1_293' title='bbox 1881 474 1933 506; x_wconf 78' lang='lat' dir='ltr'>pa-</span> 
     </span>
     <span class='ocr_line' id='line_1_60' title="bbox 1199 514 1933 557; baseline 0.003 -11"><span class='ocrx_word' id='word_1_294' title='bbox 1199 514 1311 546; x_wconf 76' lang='lat' dir='ltr'>tientia</span> <span class='ocrx_word' id='word_1_295' title='bbox 1328 519 1359 547; x_wconf 88' lang='lat' dir='ltr'>et</span> <span class='ocrx_word' id='word_1_296' title='bbox 1375 514 1623 557; x_wconf 79' lang='lat' dir='ltr'>longanimitate</span> <span class='ocrx_word' id='word_1_297' title='bbox 1643 514 1852 556; x_wconf 77' lang='lat' dir='ltr'>sustinentes,</span> <span class='ocrx_word' id='word_1_298' title='bbox 1870 516 1933 548; x_wconf 78' lang='lat' dir='ltr'>rru-</span> 
     </span>
     <span class='ocr_line' id='line_1_61' title="bbox 1198 567 1934 611; baseline 0.003 -13"><span class='ocrx_word' id='word_1_299' title='bbox 1198 572 1285 599; x_wconf 82' lang='lat' dir='ltr'>etum</span> <span class='ocrx_word' id='word_1_300' title='bbox 1319 567 1394 600; x_wconf 92' lang='lat' dir='ltr'>inde</span> <span class='ocrx_word' id='word_1_301' title='bbox 1429 577 1500 599; x_wconf 89' lang='lat' dir='ltr'>cum</span> <span class='ocrx_word' id='word_1_302' title='bbox 1538 567 1658 609; x_wconf 83' lang='lat' dir='ltr'>gaudio</span> <span class='ocrx_word' id='word_1_303' title='bbox 1697 573 1866 611; x_wconf 84' lang='lat' dir='ltr'>reportent</span> <span class='ocrx_word' id='word_1_304' title='bbox 1901 574 1934 602; x_wconf 82' lang='lat' dir='ltr'>et</span> 
     </span>
     <span class='ocr_line' id='line_1_62' title="bbox 1198 620 1933 663; baseline 0.003 -11"><span class='ocrx_word' id='word_1_305' title='bbox 1198 620 1397 663; x_wconf 77' lang='lat' dir='ltr'>possideant.</span> <span class='ocrx_word' id='word_1_306' title='bbox 1436 620 1592 652; x_wconf 83' lang='lat' dir='ltr'>Praelatis</span> <span class='ocrx_word' id='word_1_307' title='bbox 1620 630 1697 653; x_wconf 87' lang='lat' dir='ltr'>vero</span> <span class='ocrx_word' id='word_1_308' title='bbox 1722 625 1797 654; x_wconf 88' lang='lat' dir='ltr'>ante</span> <span class='ocrx_word' id='word_1_309' title='bbox 1824 622 1933 654; x_wconf 89' lang='lat' dir='ltr'>omnia</span> 
     </span>
     <span class='ocr_line' id='line_1_63' title="bbox 1198 671 1934 715; baseline 0.005 -12"><span class='ocrx_word' id='word_1_310' title='bbox 1198 671 1345 705; x_wconf 85' lang='lat' dir='ltr'>districte</span> <span class='ocrx_word' id='word_1_311' title='bbox 1380 671 1599 715; x_wconf 85' lang='lat' dir='ltr'>praecipimus</span> <span class='ocrx_word' id='word_1_312' title='bbox 1634 677 1670 704; x_wconf 90' lang='lat' dir='ltr'>ut</span> <span class='ocrx_word' id='word_1_313' title='bbox 1700 672 1837 706; x_wconf 81' lang='lat' dir='ltr'>infirmis</span> <span class='ocrx_word' id='word_1_314' title='bbox 1870 674 1934 707; x_wconf 83' lang='lat' dir='ltr'>sra-</span> 
     </span>
     <span class='ocr_line' id='line_1_64' title="bbox 1200 726 1934 769; baseline 0.005 -12"><span class='ocrx_word' id='word_1_315' title='bbox 1200 726 1300 758; x_wconf 90' lang='lat' dir='ltr'>tribus</span> <span class='ocrx_word' id='word_1_316' title='bbox 1325 728 1508 769; x_wconf 73' lang='lat' dir='ltr'>opportuna</span> <span class='ocrx_word' id='word_1_317' title='bbox 1532 736 1569 761; x_wconf 85' lang='lat' dir='ltr'>ac</span> <span class='ocrx_word' id='word_1_318' title='bbox 1594 726 1703 759; x_wconf 75' lang='lat' dir='ltr'>debita</span> <span class='ocrx_word' id='word_1_319' title='bbox 1719 734 1934 761; x_wconf 82' lang='lat' dir='ltr'>sacramento-</span> 
     </span>
     <span class='ocr_line' id='line_1_65' title="bbox 1199 778 1933 821; baseline 0.005 -11"><span class='ocrx_word' id='word_1_320' title='bbox 1199 788 1269 810; x_wconf 90' lang='lat' dir='ltr'>rum</span> <span class='ocrx_word' id='word_1_321' title='bbox 1284 778 1459 811; x_wconf 80' lang='lat' dir='ltr'>collatione</span> <span class='ocrx_word' id='word_1_322' title='bbox 1475 779 1680 821; x_wconf 84' lang='lat' dir='ltr'>provideant,</span> <span class='ocrx_word' id='word_1_323' title='bbox 1693 789 1817 813; x_wconf 89' lang='lat' dir='ltr'>summo</span> <span class='ocrx_word' id='word_1_324' title='bbox 1828 781 1933 814; x_wconf 89' lang='lat' dir='ltr'>studio</span> 
     </span>
     <span class='ocr_line' id='line_1_66' title="bbox 1199 831 1933 875; baseline 0.004 -11"><span class='ocrx_word' id='word_1_325' title='bbox 1199 832 1363 874; x_wconf 77' lang='lat' dir='ltr'>operaque</span> <span class='ocrx_word' id='word_1_326' title='bbox 1385 831 1537 870; x_wconf 84' lang='lat' dir='ltr'>nitentes,</span> <span class='ocrx_word' id='word_1_327' title='bbox 1554 836 1599 870; x_wconf 80' lang='lat' dir='ltr'>ut,</span> <span class='ocrx_word' id='word_1_328' title='bbox 1619 841 1713 874; x_wconf 86' lang='lat' dir='ltr'>quam</span> <span class='ocrx_word' id='word_1_329' title='bbox 1739 833 1880 875; x_wconf 86' lang='lat' dir='ltr'>primum</span> <span class='ocrx_word' id='word_1_330' title='bbox 1900 833 1933 868; x_wconf 88' lang='lat' dir='ltr'>in</span> 
     </span>
     <span class='ocr_line' id='line_1_67' title="bbox 1199 883 1932 925; baseline 0.003 -9"><span class='ocrx_word' id='word_1_331' title='bbox 1199 883 1389 925; x_wconf 79' lang='lat' dir='ltr'>languorem</span> <span class='ocrx_word' id='word_1_332' title='bbox 1414 883 1600 923; x_wconf 87' lang='lat' dir='ltr'>inciderint,</span> <span class='ocrx_word' id='word_1_333' title='bbox 1634 884 1685 917; x_wconf 87' lang='lat' dir='ltr'>vel</span> <span class='ocrx_word' id='word_1_334' title='bbox 1721 884 1806 917; x_wconf 85' lang='lat' dir='ltr'>intra</span> <span class='ocrx_word' id='word_1_335' title='bbox 1839 885 1932 918; x_wconf 86' lang='lat' dir='ltr'>unius</span> 
     </span>
     <span class='ocr_line' id='line_1_68' title="bbox 1199 935 1933 980; baseline 0.001 -11"><span class='ocrx_word' id='word_1_336' title='bbox 1199 936 1237 969; x_wconf 88' lang='lat' dir='ltr'>ad</span> <span class='ocrx_word' id='word_1_337' title='bbox 1263 946 1434 976; x_wconf 87' lang='lat' dir='ltr'>summum,</span> <span class='ocrx_word' id='word_1_338' title='bbox 1460 935 1525 968; x_wconf 87' lang='lat' dir='ltr'>sive</span> <span class='ocrx_word' id='word_1_339' title='bbox 1546 936 1684 979; x_wconf 89' lang='lat' dir='ltr'>duplicis</span> <span class='ocrx_word' id='word_1_340' title='bbox 1704 936 1767 969; x_wconf 90' lang='lat' dir='ltr'>diei</span> <span class='ocrx_word' id='word_1_341' title='bbox 1784 937 1933 980; x_wconf 86' lang='lat' dir='ltr'>spatium,</span> 
     </span>
     <span class='ocr_line' id='line_1_69' title="bbox 1199 988 1933 1031; baseline 0.003 -10"><span class='ocrx_word' id='word_1_342' title='bbox 1199 988 1419 1031; x_wconf 86' lang='lat' dir='ltr'>poenitentiae</span> <span class='ocrx_word' id='word_1_343' title='bbox 1452 988 1658 1031; x_wconf 88' lang='lat' dir='ltr'>susceptione</span> <span class='ocrx_word' id='word_1_344' title='bbox 1690 988 1730 1021; x_wconf 91' lang='lat' dir='ltr'>ad</span> <span class='ocrx_word' id='word_1_345' title='bbox 1759 990 1933 1023; x_wconf 86' lang='lat' dir='ltr'>secundam</span> 
     </span>
     <span class='ocr_line' id='line_1_70' title="bbox 1199 1041 1934 1084; baseline 0.004 -12"><span class='ocrx_word' id='word_1_346' title='bbox 1199 1046 1275 1083; x_wconf 87' lang='lat' dir='ltr'>post</span> <span class='ocrx_word' id='word_1_347' title='bbox 1298 1041 1499 1083; x_wconf 74' lang='lat' dir='ltr'>naufragium</span> <span class='ocrx_word' id='word_1_348' title='bbox 1518 1041 1655 1073; x_wconf 87' lang='lat' dir='ltr'>tabulam</span> <span class='ocrx_word' id='word_1_349' title='bbox 1673 1041 1864 1084; x_wconf 77' lang='lat' dir='ltr'>confugiant</span> <span class='ocrx_word' id='word_1_350' title='bbox 1878 1054 1886 1082; x_wconf 90' lang='lat'>;</span> <span class='ocrx_word' id='word_1_351' title='bbox 1900 1043 1934 1075; x_wconf 91' lang='lat' dir='ltr'>in</span> 
     </span>
     <span class='ocr_line' id='line_1_71' title="bbox 1200 1091 1934 1136; baseline 0.001 -10"><span class='ocrx_word' id='word_1_352' title='bbox 1200 1094 1286 1136; x_wconf 81' lang='lat' dir='ltr'>gravi</span> <span class='ocrx_word' id='word_1_353' title='bbox 1312 1093 1429 1127; x_wconf 87' lang='lat' dir='ltr'>deinde</span> <span class='ocrx_word' id='word_1_354' title='bbox 1444 1093 1528 1126; x_wconf 86' lang='lat' dir='ltr'>vitae</span> <span class='ocrx_word' id='word_1_355' title='bbox 1553 1093 1741 1127; x_wconf 85' lang='lat' dir='ltr'>discrimine</span> <span class='ocrx_word' id='word_1_356' title='bbox 1758 1091 1934 1134; x_wconf 84' lang='lat' dir='ltr'>constituti,</span> 
     </span>
     <span class='ocr_line' id='line_1_72' title="bbox 1200 1145 1935 1189; baseline 0.003 -12"><span class='ocrx_word' id='word_1_357' title='bbox 1200 1146 1346 1179; x_wconf 86' lang='lat' dir='ltr'>adhibito</span> <span class='ocrx_word' id='word_1_358' title='bbox 1373 1146 1416 1188; x_wconf 87' lang='lat' dir='ltr'>(si</span> <span class='ocrx_word' id='word_1_359' title='bbox 1442 1156 1508 1178; x_wconf 90' lang='lat' dir='ltr'>non</span> <span class='ocrx_word' id='word_1_360' title='bbox 1533 1145 1575 1178; x_wconf 84' lang='lat' dir='ltr'>sit</span> <span class='ocrx_word' id='word_1_361' title='bbox 1599 1155 1708 1178; x_wconf 88' lang='lat' dir='ltr'>morae</span> <span class='ocrx_word' id='word_1_362' title='bbox 1731 1146 1935 1189; x_wconf 90' lang='lat' dir='ltr'>periculum)</span> 
     </span>
     <span class='ocr_line' id='line_1_73' title="bbox 1200 1198 1936 1237; baseline 0 -5"><span class='ocrx_word' id='word_1_363' title='bbox 1200 1199 1316 1232; x_wconf 87' lang='lat' dir='ltr'>medici</span> <span class='ocrx_word' id='word_1_364' title='bbox 1342 1198 1491 1237; x_wconf 87' lang='lat' dir='ltr'>consilio,</span> <span class='ocrx_word' id='word_1_365' title='bbox 1512 1208 1636 1231; x_wconf 87' lang='lat' dir='ltr'>sacram</span> <span class='ocrx_word' id='word_1_366' title='bbox 1654 1198 1764 1231; x_wconf 66' lang='lat' dir='ltr'>viatici</span> <span class='ocrx_word' id='word_1_367' title='bbox 1789 1199 1936 1232; x_wconf 80' lang='lat' dir='ltr'>refectio-</span> 
     </span>
     <span class='ocr_line' id='line_1_74' title="bbox 1201 1250 1936 1294; baseline 0.001 -10"><span class='ocrx_word' id='word_1_368' title='bbox 1201 1262 1274 1284; x_wconf 84' lang='lat' dir='ltr'>nem</span> <span class='ocrx_word' id='word_1_369' title='bbox 1308 1251 1515 1294; x_wconf 87' lang='lat' dir='ltr'>percipiant;</span> <span class='ocrx_word' id='word_1_370' title='bbox 1549 1261 1585 1284; x_wconf 87' lang='lat' dir='ltr'>ac</span> <span class='ocrx_word' id='word_1_371' title='bbox 1617 1251 1758 1294; x_wconf 87' lang='lat' dir='ltr'>denique</span> <span class='ocrx_word' id='word_1_372' title='bbox 1792 1250 1936 1285; x_wconf 82' lang='lat' dir='ltr'>instante</span> 
     </span>
     <span class='ocr_line' id='line_1_75' title="bbox 1200 1303 1937 1346; baseline 0.001 -10"><span class='ocrx_word' id='word_1_373' title='bbox 1200 1305 1312 1336; x_wconf 86' lang='lat' dir='ltr'>mortis</span> <span class='ocrx_word' id='word_1_374' title='bbox 1337 1304 1481 1343; x_wconf 82' lang='lat' dir='ltr'>articulo,</span> <span class='ocrx_word' id='word_1_375' title='bbox 1495 1303 1681 1346; x_wconf 84' lang='lat' dir='ltr'>priusquam</span> <span class='ocrx_word' id='word_1_376' title='bbox 1705 1303 1855 1337; x_wconf 88' lang='lat' dir='ltr'>sensibus</span> <span class='ocrx_word' id='word_1_377' title='bbox 1880 1304 1937 1337; x_wconf 90' lang='lat' dir='ltr'>de-</span> 
     </span>
     <span class='ocr_line' id='line_1_76' title="bbox 1201 1355 1934 1395; baseline 0.001 -7"><span class='ocrx_word' id='word_1_378' title='bbox 1201 1357 1384 1395; x_wconf 82' lang='lat' dir='ltr'>stituantur,</span> <span class='ocrx_word' id='word_1_379' title='bbox 1399 1356 1566 1388; x_wconf 79' lang='lat' dir='ltr'>salutifero</span> <span class='ocrx_word' id='word_1_380' title='bbox 1580 1355 1749 1389; x_wconf 81' lang='lat' dir='ltr'>Extremae</span> <span class='ocrx_word' id='word_1_381' title='bbox 1769 1356 1934 1389; x_wconf 87' lang='lat' dir='ltr'>Unctionis</span> 
     </span>
     <span class='ocr_line' id='line_1_77' title="bbox 1201 1409 1744 1453; baseline -0.004 -10"><span class='ocrx_word' id='word_1_382' title='bbox 1201 1410 1365 1453; x_wconf 87' lang='lat' dir='ltr'>praesidio</span> <span class='ocrx_word' id='word_1_383' title='bbox 1390 1409 1509 1441; x_wconf 89' lang='lat' dir='ltr'>muniri</span> <span class='ocrx_word' id='word_1_384' title='bbox 1536 1409 1744 1442; x_wconf 87' lang='lat' dir='ltr'>contendant.</span> 
     </span>
    </p>

    <p class='ocr_par' dir='ltr' id='par_1_14' title="bbox 1202 1461 1939 2136">
     <span class='ocr_line' id='line_1_78' title="bbox 1246 1461 1938 1495; baseline 0 0"><span class='ocrx_word' id='word_1_385' title='bbox 1246 1471 1280 1495; x_wconf 89' lang='lat'>11.</span> <span class='ocrx_word' id='word_1_386' title='bbox 1308 1461 1437 1494; x_wconf 84' lang='lat' dir='ltr'>Cunctis</span> <span class='ocrx_word' id='word_1_387' title='bbox 1462 1461 1616 1493; x_wconf 82' lang='lat' dir='ltr'>fratribus</span> <span class='ocrx_word' id='word_1_388' title='bbox 1640 1461 1672 1493; x_wconf 93' lang='lat' dir='ltr'>in</span> <span class='ocrx_word' id='word_1_389' title='bbox 1689 1461 1826 1494; x_wconf 87' lang='lat' dir='ltr'>Domino</span> <span class='ocrx_word' id='word_1_390' title='bbox 1851 1471 1938 1495; x_wconf 85' lang='lat' dir='ltr'>eom-</span> 
     </span>
     <span class='ocr_line' id='line_1_79' title="bbox 1202 1513 1939 1547; baseline 0 0"><span class='ocrx_word' id='word_1_391' title='bbox 1202 1515 1391 1547; x_wconf 88' lang='lat' dir='ltr'>mendamus</span> <span class='ocrx_word' id='word_1_392' title='bbox 1436 1519 1470 1545; x_wconf 90' lang='lat' dir='ltr'>ut</span> <span class='ocrx_word' id='word_1_393' title='bbox 1505 1513 1614 1546; x_wconf 88' lang='lat' dir='ltr'>debita</span> <span class='ocrx_word' id='word_1_394' title='bbox 1652 1513 1788 1546; x_wconf 79' lang='lat' dir='ltr'>infirmis</span> <span class='ocrx_word' id='word_1_395' title='bbox 1833 1514 1939 1547; x_wconf 82' lang='lat' dir='ltr'>officia</span> 
     </span>
     <span class='ocr_line' id='line_1_80' title="bbox 1202 1566 1938 1605; baseline 0 -5"><span class='ocrx_word' id='word_1_396' title='bbox 1202 1568 1369 1600; x_wconf 83' lang='lat' dir='ltr'>eharitatis</span> <span class='ocrx_word' id='word_1_397' title='bbox 1407 1567 1591 1605; x_wconf 81' lang='lat' dir='ltr'>exhibeant,</span> <span class='ocrx_word' id='word_1_398' title='bbox 1618 1572 1651 1599; x_wconf 86' lang='lat' dir='ltr'>et</span> <span class='ocrx_word' id='word_1_399' title='bbox 1684 1566 1822 1600; x_wconf 79' lang='lat' dir='ltr'>maxime</span> <span class='ocrx_word' id='word_1_400' title='bbox 1852 1577 1938 1600; x_wconf 84' lang='lat' dir='ltr'>com-</span> 
     </span>
     <span class='ocr_line' id='line_1_81' title="bbox 1203 1619 1938 1662; baseline 0 -10"><span class='ocrx_word' id='word_1_401' title='bbox 1203 1620 1420 1658; x_wconf 78' lang='lat' dir='ltr'>mendatorcs‚</span> <span class='ocrx_word' id='word_1_402' title='bbox 1448 1619 1566 1662; x_wconf 82' lang='lat' dir='ltr'>quibus</span> <span class='ocrx_word' id='word_1_403' title='bbox 1601 1619 1645 1652; x_wconf 89' lang='lat' dir='ltr'>ita</span> <span class='ocrx_word' id='word_1_404' title='bbox 1680 1619 1866 1662; x_wconf 86' lang='lat' dir='ltr'>specialiter</span> <span class='ocrx_word' id='word_1_405' title='bbox 1890 1620 1938 1652; x_wconf 86' lang='lat' dir='ltr'>in-</span> 
     </span>
     <span class='ocr_line' id='line_1_82' title="bbox 1203 1672 1939 1712; baseline 0 -7"><span class='ocrx_word' id='word_1_406' title='bbox 1203 1672 1324 1705; x_wconf 86' lang='lat' dir='ltr'>cumbit</span> <span class='ocrx_word' id='word_1_407' title='bbox 1348 1672 1493 1705; x_wconf 76' lang='lat' dir='ltr'>infirmos</span> <span class='ocrx_word' id='word_1_408' title='bbox 1516 1682 1679 1712; x_wconf 68' lang='lat' dir='ltr'>recreare,</span> <span class='ocrx_word' id='word_1_409' title='bbox 1696 1677 1732 1704; x_wconf 89' lang='lat' dir='ltr'>ut</span> <span class='ocrx_word' id='word_1_410' title='bbox 1748 1672 1841 1705; x_wconf 87' lang='lat' dir='ltr'>citius</span> <span class='ocrx_word' id='word_1_411' title='bbox 1865 1683 1939 1705; x_wconf 86' lang='lat' dir='ltr'>con-</span> 
     </span>
     <span class='ocr_line' id='line_1_83' title="bbox 1202 1724 1937 1768; baseline 0 -10"><span class='ocrx_word' id='word_1_412' title='bbox 1202 1727 1365 1758; x_wconf 88' lang='lat' dir='ltr'>valescant</span> <span class='ocrx_word' id='word_1_413' title='bbox 1401 1725 1488 1757; x_wconf 69' lang='lat' dir='ltr'>iuxta</span> <span class='ocrx_word' id='word_1_414' title='bbox 1523 1725 1667 1767; x_wconf 79' lang='lat' dir='ltr'>regulam</span> <span class='ocrx_word' id='word_1_415' title='bbox 1702 1724 1802 1758; x_wconf 88' lang='lat' dir='ltr'>sancti</span> <span class='ocrx_word' id='word_1_416' title='bbox 1838 1726 1937 1768; x_wconf 84' lang='lat' dir='ltr'>patris</span> 
     </span>
     <span class='ocr_line' id='line_1_84' title="bbox 1203 1777 1938 1821; baseline -0.001 -9"><span class='ocrx_word' id='word_1_417' title='bbox 1203 1779 1303 1812; x_wconf 87' lang='lat' dir='ltr'>nostri</span> <span class='ocrx_word' id='word_1_418' title='bbox 1330 1777 1520 1820; x_wconf 81' lang='lat' dir='ltr'>Augustini;</span> <span class='ocrx_word' id='word_1_419' title='bbox 1539 1778 1634 1817; x_wconf 89' lang='lat' dir='ltr'>unde,</span> <span class='ocrx_word' id='word_1_420' title='bbox 1657 1779 1717 1811; x_wconf 91' lang='lat' dir='ltr'>sub</span> <span class='ocrx_word' id='word_1_421' title='bbox 1742 1781 1848 1821; x_wconf 82' lang='lat' dir='ltr'>poena</span> <span class='ocrx_word' id='word_1_422' title='bbox 1872 1779 1938 1821; x_wconf 88' lang='lat' dir='ltr'>pri-</span> 
     </span>
     <span class='ocr_line' id='line_1_85' title="bbox 1205 1831 1939 1875; baseline 0 -11"><span class='ocrx_word' id='word_1_423' title='bbox 1205 1831 1339 1864; x_wconf 88' lang='lat' dir='ltr'>vationis</span> <span class='ocrx_word' id='word_1_424' title='bbox 1364 1831 1460 1863; x_wconf 82' lang='lat' dir='ltr'>officii</span> <span class='ocrx_word' id='word_1_425' title='bbox 1484 1831 1637 1874; x_wconf 86' lang='lat' dir='ltr'>vocisque</span> <span class='ocrx_word' id='word_1_426' title='bbox 1667 1831 1789 1865; x_wconf 85' lang='lat' dir='ltr'>activae</span> <span class='ocrx_word' id='word_1_427' title='bbox 1814 1837 1846 1864; x_wconf 86' lang='lat' dir='ltr'>et</span> <span class='ocrx_word' id='word_1_428' title='bbox 1870 1842 1939 1875; x_wconf 85' lang='lat' dir='ltr'>pas-</span> 
     </span>
     <span class='ocr_line' id='line_1_86' title="bbox 1203 1883 1939 1927; baseline 0 -11"><span class='ocrx_word' id='word_1_429' title='bbox 1203 1885 1300 1923; x_wconf 87' lang='lat' dir='ltr'>sivae,</span> <span class='ocrx_word' id='word_1_430' title='bbox 1319 1884 1440 1917; x_wconf 89' lang='lat' dir='ltr'>eisdem</span> <span class='ocrx_word' id='word_1_431' title='bbox 1459 1883 1690 1927; x_wconf 85' lang='lat' dir='ltr'>praecipimus,</span> <span class='ocrx_word' id='word_1_432' title='bbox 1709 1894 1749 1917; x_wconf 90' lang='lat' dir='ltr'>ne</span> <span class='ocrx_word' id='word_1_433' title='bbox 1771 1883 1885 1927; x_wconf 85' lang='lat' dir='ltr'>quovis</span> <span class='ocrx_word' id='word_1_434' title='bbox 1903 1885 1939 1916; x_wconf 92' lang='lat' dir='ltr'>ti-</span> 
     </span>
     <span class='ocr_line' id='line_1_87' title="bbox 1204 1935 1938 1978; baseline 0.003 -11"><span class='ocrx_word' id='word_1_435' title='bbox 1204 1937 1271 1969; x_wconf 89' lang='lat' dir='ltr'>tulo</span> <span class='ocrx_word' id='word_1_436' title='bbox 1302 1936 1352 1968; x_wconf 87' lang='lat' dir='ltr'>vel</span> <span class='ocrx_word' id='word_1_437' title='bbox 1388 1940 1555 1978; x_wconf 82' lang='lat' dir='ltr'>praetextu</span> <span class='ocrx_word' id='word_1_438' title='bbox 1583 1935 1765 1968; x_wconf 87' lang='lat' dir='ltr'>necessaria</span> <span class='ocrx_word' id='word_1_439' title='bbox 1799 1941 1862 1969; x_wconf 88' lang='lat' dir='ltr'>tam</span> <span class='ocrx_word' id='word_1_440' title='bbox 1899 1937 1938 1969; x_wconf 84' lang='lat' dir='ltr'>ad</span> 
     </span>
     <span class='ocr_line' id='line_1_88' title="bbox 1202 1988 1937 2031; baseline 0 -11"><span class='ocrx_word' id='word_1_441' title='bbox 1202 1988 1318 2020; x_wconf 88' lang='lat' dir='ltr'>victum</span> <span class='ocrx_word' id='word_1_442' title='bbox 1343 1998 1438 2030; x_wconf 83' lang='lat' dir='ltr'>quam</span> <span class='ocrx_word' id='word_1_443' title='bbox 1463 1988 1736 2020; x_wconf 85' lang='lat' dir='ltr'>medicamentum</span> <span class='ocrx_word' id='word_1_444' title='bbox 1764 1993 1862 2031; x_wconf 85' lang='lat' dir='ltr'>atque</span> <span class='ocrx_word' id='word_1_445' title='bbox 1881 1988 1937 2021; x_wconf 89' lang='lat' dir='ltr'>ho-</span> 
     </span>
     <span class='ocr_line' id='line_1_89' title="bbox 1203 2039 1938 2073; baseline 0.001 -1"><span class='ocrx_word' id='word_1_446' title='bbox 1203 2046 1330 2073; x_wconf 89' lang='lat' dir='ltr'>nestum</span> <span class='ocrx_word' id='word_1_447' title='bbox 1354 2039 1450 2072; x_wconf 87' lang='lat' dir='ltr'>etiam</span> <span class='ocrx_word' id='word_1_448' title='bbox 1476 2040 1630 2073; x_wconf 84' lang='lat' dir='ltr'>lectulum</span> <span class='ocrx_word' id='word_1_449' title='bbox 1667 2040 1816 2073; x_wconf 81' lang='lat' dir='ltr'>fratribus</span> <span class='ocrx_word' id='word_1_450' title='bbox 1841 2040 1938 2073; x_wconf 88' lang='lat' dir='ltr'>dene-</span> 
     </span>
     <span class='ocr_line' id='line_1_90' title="bbox 1204 2093 1456 2136; baseline -0.004 -11"><span class='ocrx_word' id='word_1_451' title='bbox 1204 2103 1279 2136; x_wconf 80' lang='lat' dir='ltr'>gare</span> <span class='ocrx_word' id='word_1_452' title='bbox 1305 2093 1456 2125; x_wconf 85' lang='lat' dir='ltr'>audeant.</span> 
     </span>
    </p>

    <p class='ocr_par' dir='ltr' id='par_1_15' title="bbox 1202 2145 1940 2612">
     <span class='ocr_line' id='line_1_91' title="bbox 1247 2145 1939 2180; baseline 0.003 -2"><span class='ocrx_word' id='word_1_453' title='bbox 1247 2155 1295 2178; x_wconf 86' lang='lat'>111.</span> <span class='ocrx_word' id='word_1_454' title='bbox 1322 2145 1355 2178; x_wconf 91' lang='lat' dir='ltr'>In</span> <span class='ocrx_word' id='word_1_455' title='bbox 1383 2145 1532 2177; x_wconf 83' lang='lat' dir='ltr'>domibus</span> <span class='ocrx_word' id='word_1_456' title='bbox 1558 2145 1676 2178; x_wconf 88' lang='lat' dir='ltr'>nostris</span> <span class='ocrx_word' id='word_1_457' title='bbox 1701 2145 1740 2178; x_wconf 91' lang='lat' dir='ltr'>sit</span> <span class='ocrx_word' id='word_1_458' title='bbox 1764 2145 1939 2180; x_wconf 75' lang='lat' dir='ltr'>infirmaria</span> 
     </span>
     <span class='ocr_line' id='line_1_92' title="bbox 1202 2197 1937 2240; baseline 0.001 -10"><span class='ocrx_word' id='word_1_459' title='bbox 1202 2199 1252 2231; x_wconf 90' lang='lat' dir='ltr'>vel</span> <span class='ocrx_word' id='word_1_460' title='bbox 1278 2199 1366 2231; x_wconf 86' lang='lat' dir='ltr'>locus</span> <span class='ocrx_word' id='word_1_461' title='bbox 1388 2197 1573 2240; x_wconf 81' lang='lat' dir='ltr'>specialiter</span> <span class='ocrx_word' id='word_1_462' title='bbox 1597 2198 1779 2240; x_wconf 87' lang='lat' dir='ltr'>deputatus,</span> <span class='ocrx_word' id='word_1_463' title='bbox 1810 2198 1864 2231; x_wconf 89' lang='lat' dir='ltr'>ubi</span> <span class='ocrx_word' id='word_1_464' title='bbox 1891 2199 1937 2232; x_wconf 90' lang='lat' dir='ltr'>ia-</span> 
     </span>
     <span class='ocr_line' id='line_1_93' title="bbox 1203 2250 1936 2292; baseline 0 -8"><span class='ocrx_word' id='word_1_465' title='bbox 1203 2256 1297 2284; x_wconf 85' lang='lat' dir='ltr'>ceant</span> <span class='ocrx_word' id='word_1_466' title='bbox 1322 2256 1353 2283; x_wconf 90' lang='lat' dir='ltr'>et</span> <span class='ocrx_word' id='word_1_467' title='bbox 1378 2250 1551 2283; x_wconf 88' lang='lat' dir='ltr'>comedant</span> <span class='ocrx_word' id='word_1_468' title='bbox 1582 2251 1696 2283; x_wconf 81' lang='lat' dir='ltr'>fratres</span> <span class='ocrx_word' id='word_1_469' title='bbox 1732 2257 1936 2292; x_wconf 83' lang='lat' dir='ltr'>aegrotantes</span> 
     </span>
     <span class='ocr_line' id='line_1_94' title="bbox 1203 2303 1939 2346; baseline 0.001 -9"><span class='ocrx_word' id='word_1_470' title='bbox 1203 2309 1234 2337; x_wconf 86' lang='lat' dir='ltr'>et</span> <span class='ocrx_word' id='word_1_471' title='bbox 1258 2304 1401 2343; x_wconf 88' lang='lat' dir='ltr'>debiles·‚</span> <span class='ocrx_word' id='word_1_472' title='bbox 1429 2304 1505 2336; x_wconf 86' lang='lat' dir='ltr'>huic</span> <span class='ocrx_word' id='word_1_473' title='bbox 1536 2308 1643 2336; x_wconf 86' lang='lat' dir='ltr'>autem</span> <span class='ocrx_word' id='word_1_474' title='bbox 1675 2303 1807 2346; x_wconf 73' lang='lat' dir='ltr'>praefici</span> <span class='ocrx_word' id='word_1_475' title='bbox 1841 2304 1939 2338; x_wconf 90' lang='lat' dir='ltr'>debet</span> 
     </span>
     <span class='ocr_line' id='line_1_95' title="bbox 1202 2355 1940 2400; baseline 0.003 -13"><span class='ocrx_word' id='word_1_476' title='bbox 1202 2367 1285 2389; x_wconf 88' lang='lat' dir='ltr'>unus</span> <span class='ocrx_word' id='word_1_477' title='bbox 1310 2356 1409 2388; x_wconf 78' lang='lat' dir='ltr'>frater</span> <span class='ocrx_word' id='word_1_478' title='bbox 1432 2356 1602 2399; x_wconf 82' lang='lat' dir='ltr'>presbyter</span> <span class='ocrx_word' id='word_1_479' title='bbox 1625 2355 1781 2390; x_wconf 85' lang='lat' dir='ltr'>charitate</span> <span class='ocrx_word' id='word_1_480' title='bbox 1814 2361 1845 2390; x_wconf 89' lang='lat' dir='ltr'>et</span> <span class='ocrx_word' id='word_1_481' title='bbox 1869 2367 1940 2400; x_wconf 90' lang='lat' dir='ltr'>pru·</span> 
     </span>
     <span class='ocr_line' id='line_1_96' title="bbox 1204 2408 1939 2451; baseline 0.001 -10"><span class='ocrx_word' id='word_1_482' title='bbox 1204 2409 1313 2442; x_wconf 70' lang='lat' dir='ltr'>dentia</span> <span class='ocrx_word' id='word_1_483' title='bbox 1349 2408 1514 2448; x_wconf 87' lang='lat' dir='ltr'>sollicitus,</span> <span class='ocrx_word' id='word_1_484' title='bbox 1549 2418 1644 2451; x_wconf 88' lang='lat' dir='ltr'>quem</span> <span class='ocrx_word' id='word_1_485' title='bbox 1679 2408 1871 2442; x_wconf 88' lang='lat' dir='ltr'>obedienter</span> <span class='ocrx_word' id='word_1_486' title='bbox 1904 2409 1939 2442; x_wconf 89' lang='lat' dir='ltr'>in</span> 
     </span>
     <span class='ocr_line' id='line_1_97' title="bbox 1204 2460 1940 2494; baseline 0.001 -1"><span class='ocrx_word' id='word_1_487' title='bbox 1204 2461 1353 2494; x_wconf 91' lang='lat' dir='ltr'>omnibus</span> <span class='ocrx_word' id='word_1_488' title='bbox 1377 2461 1505 2493; x_wconf 86' lang='lat' dir='ltr'>adiuvet</span> <span class='ocrx_word' id='word_1_489' title='bbox 1529 2460 1610 2493; x_wconf 82' lang='lat' dir='ltr'>alius</span> <span class='ocrx_word' id='word_1_490' title='bbox 1635 2461 1733 2494; x_wconf 83' lang='lat' dir='ltr'>frater</span> <span class='ocrx_word' id='word_1_491' title='bbox 1756 2461 1855 2494; x_wconf 85' lang='lat' dir='ltr'>laicus</span> <span class='ocrx_word' id='word_1_492' title='bbox 1887 2466 1940 2494; x_wconf 89' lang='lat' dir='ltr'>aut</span> 
     </span>
     <span class='ocr_line' id='line_1_98' title="bbox 1204 2513 1937 2554; baseline 0 -7"><span class='ocrx_word' id='word_1_493' title='bbox 1204 2515 1362 2547; x_wconf 84' lang='lat' dir='ltr'>clericus:</span> <span class='ocrx_word' id='word_1_494' title='bbox 1389 2514 1414 2546; x_wconf 91' lang='lat' dir='ltr'>si</span> <span class='ocrx_word' id='word_1_495' title='bbox 1440 2524 1516 2547; x_wconf 88' lang='lat' dir='ltr'>vero</span> <span class='ocrx_word' id='word_1_496' title='bbox 1541 2513 1719 2547; x_wconf 77' lang='lat' dir='ltr'>infirmaria</span> <span class='ocrx_word' id='word_1_497' title='bbox 1743 2524 1806 2547; x_wconf 90' lang='lat' dir='ltr'>non</span> <span class='ocrx_word' id='word_1_498' title='bbox 1832 2515 1937 2554; x_wconf 82' lang='lat' dir='ltr'>suerit,</span> 
     </span>
     <span class='ocr_line' id='line_1_99' title="bbox 1204 2567 1939 2612; baseline 0.001 -12"><span class='ocrx_word' id='word_1_499' title='bbox 1204 2572 1300 2611; x_wconf 83' lang='lat' dir='ltr'>atque</span> <span class='ocrx_word' id='word_1_500' title='bbox 1325 2567 1471 2600; x_wconf 78' lang='lat' dir='ltr'>infirmus</span> <span class='ocrx_word' id='word_1_501' title='bbox 1492 2567 1524 2599; x_wconf 92' lang='lat' dir='ltr'>in</span> <span class='ocrx_word' id='word_1_502' title='bbox 1541 2567 1683 2612; x_wconf 89' lang='lat' dir='ltr'>propriis</span> <span class='ocrx_word' id='word_1_503' title='bbox 1701 2567 1792 2601; x_wconf 85' lang='lat' dir='ltr'>cellis</span> <span class='ocrx_word' id='word_1_504' title='bbox 1809 2567 1939 2601; x_wconf 82' lang='lat' dir='ltr'>decum-</span> 
     </span>
    </p>
   </div>
   <div class='ocr_carea' id='block_1_9' title="bbox 1945 205 2121 233">
    <p class='ocr_par' dir='ltr' id='par_1_16' title="bbox 1945 205 2121 233">
     <span class='ocr_line' id='line_1_100' title="bbox 1945 205 2121 233; baseline 0.017 -3"><span class='ocrx_word' id='word_1_505' title='bbox 1945 205 1992 231; x_wconf 76' lang='grc' dir='ltr'>Αη.</span> <span class='ocrx_word' id='word_1_506' title='bbox 2009 205 2036 232; x_wconf 91' lang='lat' dir='ltr'>C.</span> <span class='ocrx_word' id='word_1_507' title='bbox 2058 206 2121 233; x_wconf 72' lang='lat' dir='ltr'>ism</span> 
     </span>
    </p>
   </div>
   <div class='ocr_carea' id='block_1_10' title="bbox 2247 1899 2254 2221">
    <p class='ocr_par' dir='ltr' id='par_1_17' title="bbox 2247 1899 2254 2221">
     <span class='ocr_line' id='line_1_101' title="bbox 2247 1899 2254 2221; textangle 90"><span class='ocrx_word' id='word_1_508' title='bbox 2247 1899 2254 2221; x_wconf 46' lang='lat' dir='ltr'>m—..fswn</span> 
     </span>
    </p>
   </div>
  </div>
 </body>
</html>
