2227 3225
162 215 215 241 An.
236 214 262 240 C.
285 213 349 241 1692

174 746 275 767 Raditum
284 753 343 773 praa-

160 774 200 793 siili
212 778 231 792 et
243 777 255 792 ti
264 775 341 793 ibunaii

162 805 240 819 natum
255 801 279 819 ta<
289 801 342 820 ultas

162 832 181 845 m
204 827 272 851 platea
290 828 342 852 Aga-

933 209 1140 232 tNNoctzs‘rtt‘S
1166 209 1209 231 xtt
1235 209 1282 231 PP-

353 260 573 304 praefatorum
599 259 744 301 consilio,
760 264 790 291 et
807 258 1029 291 baroncellum
1051 256 1090 289 ad

353 314 422 346 eius
446 313 573 345 libitum
599 313 772 356 deputandi
800 317 831 344 et
855 310 1022 344 amovendi
1050 311 1091 344 sa-

354 366 508 398 cultatem
540 366 763 405 concedimus,
791 366 950 397 reservata
985 369 1090 396 tamen

351 419 528 451 venerabili
553 418 641 452 fratri
660 424 770 452 nostro
794 418 917 451 Palutio
936 417 1090 460 episeopo

353 471 562 505 Praenestino
588 471 790 517 eiusdemS.
818 471 853 502 u.
880 470 913 502 E.
936 469 1089 502 cardinali

353 523 391 557 de
416 525 548 558 Alteriis
574 529 760 568 nuncupato
794 524 898 557 dictae
923 524 954 555 S.
983 523 1019 554 n.
1055 522 1087 554 1⁴1.

353 578 533 611 camerario
558 578 740 621 praedictos
764 582 1007 620 procuratorem
1042 575 1092 607 fis-

353 631 467 671 calem,
488 631 752 664 ratiocinatorem
778 635 809 663 ct
833 628 1089 668 mandatarium,

355 684 458 717 donec
483 684 620 724 vixerit,
647 685 824 728 deputandi
851 689 880 717 et
906 683 1088 716 amovendi.

397 735 411 780 ξ)
436 737 488 771 12.
516 739 562 772 Ad
589 739 677 777 haee,
695 748 806 771 omnes
834 742 865 771 et
889 737 1031 779 singulas
1049 736 1091 768 iu-

355 790 572 831 risdictiones,
601 792 775 830 facultates,
802 801 893 823 curas
918 796 946 822 et
973 790 1091 821 emolu-

352 848 461 875 menta
493 854 712 886 quaecumque
749 853 805 886 pro
844 848 988 886 tempore
1027 841 1091 873 exi-

353 895 512 929 stentibus
544 897 687 930 eiusdem
713 897 744 929 S.
773 897 808 929 R.
837 896 871 928 E.
906 895 1091 928 camerariis

353 948 384 981 in
410 949 518 992 platea
533 949 651 992 Agonis
671 955 890 992 competentes
911 954 940 981 et
960 957 1091 990 compe-

354 1002 463 1042 tentia,
490 1013 544 1035 seu
571 1001 609 1036 ab
636 1003 699 1036 illis
729 1003 873 1035 exerceri
906 1008 936 1035 et
966 1001 1090 1044 percipi

353 1054 507 1088 hactenus
520 1061 692 1089 consuetas
715 1060 747 1088 et
765 1060 931 1095 consueta,
954 1065 988 1087 ex
1006 1064 1090 1086 nunc

352 1112 449 1151 prout
475 1118 513 1141 ex
539 1113 625 1149 tunc,
651 1113 788 1151 sequuto
814 1108 906 1141 obitu
919 1105 1101 1140 memorati⁷

353 1159 467 1193 Palutii
494 1161 638 1204 episcopi
662 1161 835 1195 cardinalis
860 1166 892 1194 et
912 1161 1089 1200 camerarii,

1134 256 1275 298 plateis,
1310 256 1369 288 viis
1402 260 1432 289 et
1465 257 1545 289 locis
1575 257 1669 289 Urbis
1701 259 1866 301 praefatae

1134 309 1367 351 quoquomodo
1403 318 1573 341 concessas
1605 310 1653 342 vel
1684 316 1868 353 competen-

1135 366 1203 402 tes,
1236 372 1363 394 necnon
1399 362 1620 395 emolumenta
1652 363 1704 404 (de
1730 374 1866 405 (piorum

1133 414 1418 458 percipiendorum
1462 414 1567 447 valido
1609 419 1641 447 et
1677 416 1866 448 subsistenti

1135 466 1203 499 iure
1227 494 1234 507 ,
1270 468 1356 510 quod
1400 468 1479 500 tam¹
1513 472 1663 510 respectu
1705 468 1865 507 aliorum,

1134 530 1226 562 quam
1253 521 1462 553 ecclesiarum
1489 526 1519 553 ct
1545 522 1685 553 locorum
1722 521 1867 563 piorum,

1133 583 1170 604 ex
1197 574 1289 607 titulo
1315 585 1387 607 vere
1414 579 1443 605 et
1464 574 1709 617 1⁷·roportionate
1727 584 1867 607 oneroso

1134 631 1162 658 et
1189 627 1427 670 correspeetivo
1453 637 1523 659 esse
1550 626 1685 667 debeat,
1725 627 1868 670 legitime

1133 690 1197 712 non
1224 680 1419 723 constiterit)
1441 680 1682 723 supprimimus,
1703 680 1868 715 abolemus

1134 737 1164 764 ct
1188 733 1390 774 abrogamus,
1413 743 1447 765 ac
1473 735 1511 765 ab
1537 733 1659 766 eisdem
1682 744 1736 766 seu
1756 744 1868 767 eorum

1133 785 1245 818 officiis
1263 787 1312 818 vel
1335 786 1521 818 muneribus
1547 798 1732 830 separamus
1753 792 1783 819 et
1805 788 1869 821 dis-

1134 838 1370 878 membranius,
1398 839 1533 882 illasque
1561 846 1591 872 et
1616 840 1682 880 illa,
1715 841 1812 874 modo
1838 847 1869 874 et

1134 891 1235 923 forma
1256 892 1454 934 praemissis,
1476 904 1511 925 ex
1532 903 1616 925 nunc
1636 894 1788 926 tribunali
1807 895 1870 927 via-

1133 954 1202 976 rum
1221 945 1280 976 sub
1302 947 1386 983 mira,
1405 945 1563 987 regimine
1590 950 1620 978 et
1648 946 1868 981 iurisdictione

1133 1007 1190 1040 pro
1215 1002 1360 1041 tempore
1387 999 1554 1031 existentis
1572 1000 1728 1042 praesidis
1746 1001 1868 1033 viarum

1133 1050 1319 1083 huiusmodi
1346 1052 1557 1093 restituimus,
1577 1063 1634 1085 seu
1656 1054 1798 1093 unimus,
1815 1064 1870 1086 an-

1132 1104 1306 1145 nectimus,
1323 1105 1574 1148 incorporamus,
1590 1111 1633 1146 et,
1660 1112 1820 1150 quatenus
1837 1117 1869 1140 o·

1133 1166 1191 1198 pus
1216 1157 1267 1197 sit,
1291 1157 1329 1189 de
1354 1168 1437 1190 novo
1463 1159 1682 1191 concedimus.

1765 200 1829 231 [183
1876 210 1925 235 An.
1947 210 1975 236 c.
1996 211 2059 237 τωρ

352 1213 403 1246 cui
428 1213 572 1257 pariter,
600 1214 703 1247 donec
727 1214 863 1254 vixerit,
890 1214 1013 1246 nultum
1041 1213 1112 1251 ins;
1176 1210 1190 1252 ἓ
1215 1209 1267 1242 14.
1297 1209 1477 1250 Praeterea,
1493 1211 1700 1244 inhaerentes
1721 1209 1798 1245 alias
1824 1212 1868 1245 sa·
1893 1247 1904 1259 ζ,
1928 1248 1931 1249 ⁷
1960 1226 1980 1238 ›2‹
2026 1228 2030 1240 ι

352 1266 540 1300 huiusmodi
566 1267 707 1300 adimere
733 1268 878 1300 volumus
896 1272 927 1300 et
952 1268 1091 1300 declara-
1109 1256 1112 1270 ⁹
1132 1262 1190 1295 elis
1215 1263 1445 1306 chirographis
1471 1268 1499 1296 et
1527 1265 1786 1298 ordinationibus
1811 1253 1938 1320 tri-fait}
1988 1254 2029 1293 1¹'n''

351 1329 432 1359 mus,
457 1320 496 1353 ab
522 1320 638 1353 eodem
663 1319 890 1352 camerariatus
912 1320 1019 1352 officio
1039 1329 1091 1361 pe-
1109 1355 1114 1367 *
1887 1307 1925 1319 ¹¹*

188 2011 238 2033 {tem
249 2012 304 2032 attae
316 2012 344 2031 ta-

162 2040 251 2059 cuttatas
296 2039 344 2059 aliis

162 2070 284 2087 concessae.

1131 1315 1259 1348 bunalis
1278 1322 1308 1348 et
1329 1316 1534 1358 magistratus
1552 1318 1751 1357 huiusmodi,
1771 1326 1960 1361 quae-bunun*
1987 1307 2045 1346 ω’ἰύιι

352 1371 439 1404 nitus
458 1376 489 1404 et.
510 1372 643 1404 omnino
665 1372 932 1405 dismembramus
951 1377 981 1404 et
999 1381 1090 1414 sepa-
1109 1369 1114 1402 i

352 1435 483 1463 ramus,
507 1424 643 1468 illasque
678 1430 709 1457 et
738 1425 891 1458 tribunali
928 1430 959 1457 et
991 1424 1091 1467 magi-

351 1477 462 1510 stratui
486 1477 609 1510 viarum
634 1478 692 1510 sub
728 1479 823 1517 cura,
862 1477 1021 1520 regimine
1060 1483 1111 1513 et>

353 1529 574 1563 iurisdictione
589 1530 688 1563 solius
707 1540 764 1572 pro
787 1534 933 1573 tempore
952 1530 1090 1562 existen-

353 1582 392 1616 tis
415 1582 576 1627 praesidis
602 1583 737 1623 viarum,
766 1583 804 1616 ad
830 1583 950 1616 limites
976 1588 1006 1615 et
1026 1583 1090 1615 sor-

352 1645 436 1669 mam
459 1636 689 1679 praesentium,
722 1636 845 1679 absque
870 1637 934 1669 ulla
955 1646 1090 1680 prorsus

353 1688 439 1721 inter
463 1688 579 1721 dictam
596 1688 718 1731 Agonis
743 1694 774 1721 et
795 1689 873 1721 alias
891 1689 1015 1732 plateas
1033 1688 1090 1722 Ur-

353 1741 402 1774 bis
427 1740 608 1775 differentia
637 1752 694 1775 seu
713 1741 929 1781 distinctione,
949 1741 1091 1774 restitui-

354 1805 435 1835 mus,
460 1805 517 1828 seu
542 1795 680 1835 unimus,
706 1796 907 1828 annectimus
929 1800 961 1828 ct
985 1795 1090 1828 incor-

353 1858 522 1892 poramus,
548 1847 602 1881 ac¹
628 1848 802 1887 restitutas,
822 1858 878 1881 seu
896 1848 1015 1888 unitas,
1034 1859 1091 1881 an·
1108 1842 1112 1870 ¹

355 1911 451 1934 nexas
476 1906 508 1934 et
530 1900 753 1945 incorporatas
785 1910 855 1934 esse.
889 1901 1034 1934 volumus
1059 1905 1091 1935 et

355 1954 558 1986 mandamus.

398 2007 413 2051 ἓ
437 2006 490 2040 13.
517 2006 559 2039 Ex
585 2015 669 2038 nunc
694 2010 799 2039 autem
830 2015 942 2039 omnes
974 2011 1005 2039 et
1029 2007 1092 2039 sin-

355 2060 444 2102 gulas
469 2058 722 2099 iurisdictiones,
748 2059 924 2099 facultates,
951 2069 1043 2091 curas
1061 2064 1092 2092 ct

355 2112 651 2145 administrationes
686 2112 869 2145 huiusmodi
899 2112 1090 2156 cuicumque

354 2175 525 2208 personae,
545 2165 640 2198 etiam
664 2165 828 2208 praefatae
853 2164 884 2197 S.
909 2164 944 2196 [ἰ.
965 2164 999 2197 E.
1023 2175 1092 2197 car-

355 2218 466 2258 dinali,
493 2217 589 2251 etiam
613 2218 758 2251 eiusdem
779 2218 810 2251 S.
830 2217 866 2250 R.
888 2218 921 2250 E.
943 2217 1090 2250 vicecan-

354 2271 496 2312 cellario‚
523 2270 682 2314 collegiis,
708 2270 876 2314 capitulis,
904 2270 984 2303 locis
1010 2271 1090 2313 piis,

353 2324 494 2358 basilicis
518 2330 550 2357 et
573 2324 718 2357 eeclesiis
744 2323 838 2356 etiam
868 2323 1091 2366 patriarchali-

352 2378 426 2418 bus,
454 2382 486 2410 et
510 2377 768 2421 quibuscumque
794 2376 905 2420 quavis
930 2376 1089 2419 dignitate

353 2431 404 2464 vel
429 2430 686 2474 praeeminentia
713 2435 775 2462 tam
802 2429 960 2462 saeculari
995 2440 1088 2473 quam

355 2483 572 2516 ecclesiastica
597 2482 816 2525 fungentibus,
835 2482 928 2514 etiam
955 2481 1089 2525 speciali

356 2541 388 2569 et
422 2535 586 2568 individua
621 2535 784 2568 mentione
825 2534 956 2577 dignis,
992 2544 1090 2577 super

392 2597 403 2624 1
426 2595 563 2624 Coniunct.
585 2604 618 2623 ac
638 2604 684 2624 nos
705 2595 828 2623 addimus
846 2598 882 2630 (n.
899 2594 946 2630 r).

1131 1378 1268 1411 cumque
1302 1369 1472 1412 privilegia
1505 1376 1536 1402 et
1567 1371 1809 1413 exemptiones,
1837 1376 1869 1403 et

1132 1421 1259 1464 quasvis
1287 1422 1409 1454 litteras
1447 1428 1594 1465 patentes
1631 1423 1751 1456 ibidem
1784 1434 1871 1456 revo-

1132 1479 1216 1507 catas
1241 1479 1273 1508 et
1296 1475 1524 1518 praesentibus
1549 1476 1776 1515 adversantes,
1804 1477 1871 1508 nul-

1131 1528 1256 1560 latcnus
1280 1527 1445 1570 suffragari
1465 1529 1678 1568 declaramus,
1699 1529 1817 1572 illaque
1839 1535 1871 1561 et

1131 1578 1204 1613 illas
1230 1580 1347 1613 iterum
1373 1590 1570 1621 revocamus,
1590 1592 1751 1614 cassamus
1772 1587 1802 1614 et
1819 1592 1869 1613 an-

1131 1634 1301 1673 nullamus,
1327 1635 1471 1666 volentes
1489 1639 1519 1666 et
1541 1635 1739 1674 mandanteS,
1755 1644 1867 1667 omnes

1132 1690 1164 1719 et
1188 1686 1355 1729 singulos,
1386 1687 1514 1719 nemine
1542 1697 1676 1729 prorsus
1709 1692 1843 1730 excepto
1859 1714 1866 1727 ,

1131 1739 1163 1770 in
1188 1739 1310 1772 eisdem
1336 1740 1562 1782 chirographis
1586 1740 1786 1782 specificatos
1812 1751 1868 1773 seu

1132 1792 1394 1834 comprehensos,
1422 1792 1517 1824 etiam
1538 1792 1648 1835 palatii
1667 1793 1771 1825 nostri
1792 1803 1870 1836 apo-

1131 1844 1236 1877 stolici
1263 1849 1293 1877 et
1318 1845 1553 1887 cuiuscumque
1578 1844 1693 1878 iudicis
1718 1850 1749 1878 et
1773 1845 1870 1878 tribu-

1132 1897 1225 1938 nalis,
1252 1897 1379 1931 tametsi
1405 1897 1537 1940 speciali
1559 1903 1591 1930 et
1611 1897 1775 1930 individua
1792 1900 1869 1931 nota

1133 1951 1319 1993 dignorum,
1350 1960 1478 1983 necnon
1505 1951 1606 1983 dictae
1632 1951 1662 1984 S.
1688 1950 1726 1983 R.
1754 1951 1776 1984 Ε
1801 1962 1869 1985 car-

1133 2003 1299 2044 dinalium,
1316 2003 1533 2044 basilicarum,
1553 2003 1718 2044 Ordinum,
1737 2014 1870 2047 congre-

1133 2057 1296 2099 gationum
1322 2062 1352 2090 et
1377 2056 1579 2096 societatum,
1597 2057 1692 2090 etiam
1712 2057 1792 2097 lesu,
1811 2057 1869 2090 mi-

1134 2111 1252 2143 nistros
1271 2115 1303 2143 et
1328 2109 1482 2142 officiales
1500 2119 1736 2154 quoscumque,
1755 2116 1786 2142 et
1803 2111 1869 2153 qui-

1132 2163 1240 2195 busvis
1277 2162 1391 2195 litteris
1424 2162 1609 2204 patentibus
1639 2163 1797 2203 munitos,
1832 2174 1867 2196 ae

1133 2216 1325 2259 neophytos,
1344 2220 1374 2249 et
1391 2215 1510 2248 milites
1534 2215 1630 2248 etiam
1658 2216 1867 2249 auxiliatores

1133 2269 1222 2302 Areis
1247 2268 1278 2302 S.
1296 2268 1419 2311 Angeli,
1446 2273 1478 2300 et
1502 2268 1727 2302 alabarderios
1745 2279 1868 2301 nuncu-

1132 2327 1221 2365 patos
1257 2320 1484 2364 gubernatoris
1516 2321 1620 2361 Urbis,
1647 2331 1867 2364 quoscumque

1133 2381 1164 2408 et
1189 2379 1419 2418 quotcumque,
1434 2373 1529 2407 etiam
1549 2374 1580 2406 in
1607 2374 1725 2407 minori
1752 2380 1783 2407 et
1799 2385 1868 2406 mo-

1133 2427 1202 2460 dico
1226 2437 1281 2460 seu
1296 2426 1430 2460 minimo
1447 2436 1595 2467 numero,
1615 2427 1652 2459 ad
1670 2427 1867 2460 solutionem

1132 2486 1164 2512 et
1188 2479 1463 2512 contributionem
1488 2489 1761 2522 quarumcumque
1784 2485 1869 2512 taxa-

1132 2544 1200 2565 rum
1237 2538 1268 2566 et
1299 2532 1543 2576 impositionum
1582 2542 1684 2574 aeque
1718 2542 1753 2564 ac
1787 2532 1867 2563 alios

1166 2594 1179 2621 1
1203 2593 1362 2621 Panic-ulam
1384 2597 1442 2621 lem
1464 2601 1511 2620 nos
1531 2593 1652 2619 addimus
1671 2599 1707 2627 (NR.
1729 2596 1776 2625 τ.).
