2254 3225
188 193 238 220 An.
257 192 284 219 c.
309 192 374 218 1693
420 183 483 215 sse>

213 361 369 381 Contrariorum

186 388 303 413 ilrrngnlw,

959 193 1008 215 131'1
1020 192 1136 217 LARWM
1161 192 1315 216 ROMANI'M

380 240 491 283 quavis
506 240 860 280 auctoritate,scienter
885 242 933 273 vel
966 241 1116 283 ignoran-
1156 241 1326 274 sufficienti
1351 240 1559 282 derogatione
1593 241 1631 273 de
1661 240 1725 273 illis
1761 250 1891 272 eorum-

381 299 437 332 ter,
463 293 634 335 contigerit
659 293 821 326 attentari.

423 346 438 389 ἓ
464 346 494 379 7.
520 346 590 379 Non
616 347 820 379 obstantibus
844 347 1046 389 praemissis,
1068 357 1115 386 ae,

381 404 538 442 quatenus
555 410 636 442 opus
650 399 701 439 sit,
714 399 834 432 nostris
849 404 879 432 et
897 399 1114 432 Cancellariae

382 452 587 496 Apostolieae
617 452 763 495 regulis,
797 456 828 484 et
858 452 1026 494 signanter
1060 452 1116 484 illa

382 506 469 549 quod
494 505 675 538 cardinales
704 506 735 537 in
769 505 1055 537 constitutionibus
1087 508 1117 537 ct

381 558 501 600 regulis
525 568 587 601 per
610 568 670 590 nos
703 557 838 589 edendis
872 567 937 589 non
970 567 1118 599 compre-

382 610 577 649 hendantur,
602 609 665 642 nisi
689 609 764 642 illae
798 609 985 642 eorumdem
1016 609 1118 641 cardi-

382 663 502 695 nalium
533 663 673 695 savorem
705 666 912 701 concernunt,
947 663 997 694 vel
1029 661 1117 704 ipsae

382 715 528 748 edendae
554 714 804 747 constitutiones
830 714 869 747 de
898 714 1030 747 illorum
1062 724 1118 746 scu

381 768 512 801 maioris
547 768 646 811 partis
688 777 803 800 eorum
835 767 975 800 consilio
1012 767 1117 800 editae

381 822 511 861 suerint,
536 832 572 854 ac
597 822 693 854 etiam
719 821 758 854 de
784 821 852 854 iure
878 820 1026 864 quaesito
1052 831 1118 854 non

381 875 538 915 tollendo,
562 874 693 918 illisque
719 874 880 914 omnibus,
913 885 994 917 quae
1019 885 1115 918 prae-

380 928 434 961 fati
458 928 608 961 Urbanus
634 932 666 960 et
682 927 829 960 Clemens
846 927 1117 970 praedecessores

381 982 413 1014 in
456 980 642 1014 memoratis
676 980 905 1014 constitutione
942 985 974 1012 et
1004 981 1118 1013 cedula

380 1034 612 1078 motusproprii
638 1033 818 1077 respective
843 1034 1017 1066 volucrunt
1050 1044 1117 1067 non

381 1088 520 1125 obstare,
546 1096 674 1119 necnon
713 1086 909 1118 recolendae
942 1086 1116 1118 memoriae

380 1139 425 1172 Pii
452 1139 554 1182 Papae
575 1139 619 1178 lv,
638 1138 759 1182 pariter
777 1138 1044 1181 praedecessoris
1063 1149 1118 1173 no-

379 1192 449 1232 stri,
476 1192 515 1224 de
541 1190 668 1233 gratiis,
696 1191 933 1234 qualecumque
959 1191 1115 1224 interesse

379 1245 531 1279 Gamerae
549 1244 737 1287 praedictae
759 1244 1046 1284 concernentibus,
1065 1242 1115 1276 in¹

379 1299 490 1331 eadem
508 1298 649 1338 Camere,
669 1296 806 1340 eiusque
824 1296 926 1336 libris,
945 1297 1029 1329 intra
1054 1307 1115 1330 cer-

380 1357 445 1384 tum
471 1351 551 1384 inibi
582 1361 766 1394 espressum
791 1355 935 1393 tempus,
960 1361 1116 1393 praesen-

379 1404 498 1443 tandis,
524 1402 728 1435 insinuandis
746 1408 777 1435 et
793 1403 1017 1445 registrandis,
1036 1402 1116 1435 itaut

379 1456 509 1489 easdem
535 1460 724 1499 praesentes
744 1455 869 1488 litteras
885 1455 1002 1488 ibidem
1023 1466 1116 1498 prae-

378 1509 512 1549 sentari,
538 1507 719 1549 insinuari,
747 1513 802 1540 aut
832 1508 1001 1550 registrari
1035 1518 1117 1540 nun-

379 1573 475 1605 quam
499 1572 631 1595 neeesse
664 1561 712 1602 sit,
744 1561 881 1604 aliisque
913 1561 1116 1594 constitutio-

379 1616 472 1648 nibus
499 1620 530 1647 et
554 1615 814 1648 ordinationibus
846 1615 1055 1657 apostolicis,
1085 1619 1117 1647 et

379 1669 483 1701 dictae
508 1668 661 1701 Camerae
683 1668 821 1710 aliisque
847 1667 1046 1710 quibuslibet
1066 1667 1117 1701 de-

379 1721 483 1761 cretis,
510 1720 650 1761 statutis,
678 1721 798 1761 usibus,
826 1721 915 1764 stylis
938 1725 968 1753 et
985 1730 1116 1752 consue-

379 1774 554 1814 tudinibus,
566 1774 660 1807 etiam
672 1773 863 1814 iuramento,
872 1773 1115 1806 confirmatione

378 1827 570 1871 apostolica,
596 1827 645 1859 vel
671 1826 782 1869 quavis
807 1826 870 1858 alia
890 1825 1041 1858 firmitate
1066 1836 1117 1859 ro—

377 1880 512 1921 boratis,
538 1879 716 1923 privilegiis
746 1889 898 1922 quoque,
924 1879 1059 1911 indultis
1086 1884 1117 1912 et

378 1933 494 1968 litteris
526 1932 711 1976 apostolicis
745 1932 1025 1975 quibuscumque,
1054 1933 1115 1965 sub

380 1986 557 2030 quibusvis,
585 1990 616 2018 et
641 1995 712 2017 cum
739 1985 995 2028 quibuscumspie
1022 1985 1115 2018 etiam

380 2039 659 2082 derogatoriarum
695 2038 911 2080 derogatoriis
932 2065 939 2079 ,
979 2038 1115 2082 aliisque

380 2092 636 2132 efficacioribus,
663 2090 893 2124 efficacissimis
920 2096 951 2124 et
976 2091 1115 2125 insolitis

379 2146 544 2186 clausulis,
571 2155 607 2178 ac
631 2145 831 2178 irritantibus
853 2151 884 2179 et
909 2146 980 2179 aliis
1009 2147 1116 2180 decre-

380 2200 433 2240 tis,
461 2198 557 2232 etiam
582 2203 684 2239 motu,
712 2199 845 2231 scientia
880 2204 908 2232 et
948 2200 1115 2242 potestatis

379 2251 585 2296 plenitudine
599 2251 767 2291 similibus,
787 2256 818 2284 et
836 2253 1114 2294 consistorialiter,

380 2314 416 2337 ac
448 2304 528 2336 alias
563 2303 831 2346 quomodolibet,
857 2304 890 2336 in
916 2305 1116 2338 contrarium

380 2357 634 2402 praemissorum
658 2357 832 2397 concessis,
859 2358 966 2398 editis,
1000 2359 1118 2391 contir-

380 2410 474 2444 matis
499 2414 531 2442 et
554 2408 754 2452 approbatis,
779 2420 814 2441 ac
833 2410 956 2452 pluries
974 2416 1005 2443 et
1022 2422 1117 2454 (pian-

1158 304 1219 336 que
1246 294 1323 326 totis
1350 294 1517 326 tenoribus
1542 293 1703 336 specialis,
1729 291 1890 335 specifica,

1157 357 1308 389 expressa
1333 352 1363 379 et
1387 346 1564 385 individua,
1588 356 1624 378 ac
1649 347 1687 378 de
1719 345 1817 377 verbo
1852 345 1891 377 ad

1157 399 1299 438 verbum,
1326 409 1389 432 non
1423 404 1528 431 autem
1560 408 1618 441 per
1652 399 1810 430 clausulas
1844 408 1894 440 ge-

1158 453 1284 484 nerales
1309 452 1395 484 idem
1420 451 1654 494 importantes‚
1681 451 1804 484 mentio
1837 461 1891 483 seu

1159 504 1323 546 quaelibet
1347 504 1410 537 alia
1445 504 1610 546 expressio
1647 503 1813 544 habenda,
1839 509 1894 537 aut

1159 556 1266 599 aliqua
1290 556 1351 588 alia
1375 556 1535 599 exquisita
1560 556 1662 589 forma
1687 557 1726 589 ad
1751 557 1814 589 hoc
1830 567 1896 589 ser-

1159 609 1263 641 vanda
1289 609 1382 649 soret,
1408 609 1538 642 illorum
1560 609 1706 642 omnium
1732 615 1763 642 et
1787 610 1895 652 singu-

1160 663 1263 694 lorum
1289 667 1428 701 tenores,
1454 662 1586 702 formas,
1611 673 1722 696 causas
1748 669 1779 696 et
1803 674 1895 696 occa-

1160 713 1266 746 siones
1291 714 1520 757 praesentibus
1542 725 1602 758 pro
1627 716 1724 758 plene
1754 720 1786 748 et
1806 715 1895 748 susti-

1160 767 1284 800 cienter
1300 778 1335 800 ac
1353 768 1556 801 exactissime
1570 769 1741 812 expressis,
1755 768 1896 810 insertis,

1160 820 1293 853 servatis
1315 826 1345 853 ct
1369 820 1564 864 specificatis
1585 822 1764 865 respective
1776 822 1895 855 haben-

1161 878 1219 913 tes,
1238 873 1302 906 illis
1327 873 1405 906 alias
1423 874 1456 906 in
1481 884 1540 907 suo
1566 875 1686 907 robore
1707 885 1895 918 permansu-

1161 926 1216 966 ris,
1240 926 1277 959 ad
1304 926 1558 969 praemissorum
1583 927 1744 968 effectum,
1771 927 1895 971 specia-

1160 979 1234 1012 liter
1259 984 1291 1012 et
1315 989 1464 1022 expresse
1490 990 1526 1012 ae
1549 980 1739 1023 plenissime
1769 986 1800 1013 et
1831 991 1896 1013 am-

1159 1031 1304 1074 plissime
1326 1031 1521 1075 derogamus
1547 1037 1578 1065 et
1604 1033 1796 1075 derogatum
1822 1043 1893 1066 esse

1160 1086 1306 1118 volumus
1332 1091 1364 1118 et
1387 1086 1600 1126 mandamus,
1620 1087 1804 1130 ceterisque
1820 1096 1896 1119 eon-

1160 1138 1266 1171 trariis
1291 1138 1562 1182 quibuscumque.

1202 1191 1272 1235 38.
1303 1191 1457 1224 Volumus
1492 1197 1598 1224 autem
1632 1196 1668 1224 ut
1707 1193 1893 1225 earumdem

1158 1245 1379 1288 praesentium
1399 1245 1581 1278 litterarum
1600 1245 1820 1288 transumptis,
1839 1256 1895 1279 seu

1158 1298 1323 1341 exemplis,
1342 1298 1438 1331 etiam
1456 1297 1636 1340 impressis,
1649 1308 1745 1330 manu
1760 1298 1896 1331 alicuius

1158 1350 1276 1383 notarii
1295 1350 1418 1393 publici
1437 1350 1639 1393 subscriptis,
1653 1356 1684 1383 ct
1700 1350 1809 1393 sigillo
1827 1362 1897 1394 per-

1157 1413 1254 1436 sonae
1283 1402 1314 1435 in
1345 1402 1564 1435 ecclesiastica
1589 1403 1746 1445 dignitate
1773 1403 1897 1436 eonsti-

1158 1460 1244 1488 tutae
1266 1456 1418 1495 munitis,
1441 1456 1554 1488 eadem
1586 1465 1722 1498 prorsus
1752 1455 1832 1489 tides
1864 1456 1895 1488 in

1158 1508 1278 1541 iudicio
1311 1513 1342 1541 et
1371 1513 1457 1541 extra
1496 1508 1574 1541 illud
1608 1508 1781 1545 habeatur,
1812 1519 1895 1551 quae

1159 1562 1335 1594 haberetur
1358 1561 1583 1604 praesentibus
1617 1561 1641 1593 si
1669 1561 1775 1595 forent
1807 1562 1897 1595 exhi-

1158 1615 1245 1647 bitae
1264 1616 1313 1648 vel
1336 1620 1497 1647 ostensae.

1202 1667 1216 1710 ξ
1247 1666 1279 1700 9.
1314 1666 1398 1699 Nulli
1438 1677 1516 1709 ergo
1554 1667 1688 1700 omnino
1725 1668 1894 1701 hominum

1158 1721 1251 1753 liceat
1276 1720 1428 1763 paginam
1462 1720 1546 1752 lianc
1577 1725 1761 1753 nostrarum
1787 1722 1897 1754 mode-

1159 1773 1320 1806 rationum
1336 1799 1343 1813 ,
1377 1773 1601 1806 reductionum
1618 1800 1625 1813 ,
1658 1774 1874 1807 revocationiS
1889 1802 1896 1815 ,

1160 1826 1358 1866 cassationis,
1385 1826 1618 1867 mandatorum,
1640 1826 1760 1867 statuti,
1786 1828 1898 1860 decre-

1160 1884 1287 1919 torum,
1320 1878 1556 1918 ordinationis,
1588 1878 1868 1913 confirmationum
1886 1907 1894 1921 ,

1159 1933 1441 1977 approbationum‚
1467 1933 1679 1973 voluntatum,
1706 1934 1899 1976 prohibitio-

1159 1987 1218 2027 nis,
1245 1986 1432 2026 sanctionis,
1460 1986 1678 2019 innovationis
1704 1992 1735 2019 et
1760 1987 1898 2030 deroga-

1159 2040 1256 2073 tionis
1281 2040 1467 2081 insringere,
1489 2040 1538 2073 vel
1564 2040 1593 2072 ei
1618 2050 1698 2073 ausu
1724 2040 1896 2074 temerario

1159 2093 1340 2132 contraire,
1368 2093 1393 2125 si
1420 2092 1491 2136 quis
1514 2097 1620 2125 autem
1646 2092 1709 2125 hoc
1733 2098 1896 2126 attentare

1158 2146 1432 2190 praesumpserit,
1461 2145 1720 2187 indignationem
1745 2146 1897 2189 omnipo-

1159 2199 1255 2233 tentis
1288 2199 1344 2232 Dei
1371 2203 1402 2232 et
1426 2199 1592 2231 beatorum
1622 2198 1706 2231 Petri
1739 2203 1771 2231 et
1804 2198 1894 2231 Pauli

1158 2254 1381 2297 apostolorum
1396 2251 1465 2284 eius
1481 2261 1514 2284 se
1532 2251 1659 2284 noverit
1675 2251 1893 2285 incursurum.

1202 2306 1316 2339 Datum
1341 2305 1475 2344 Romae,
1500 2305 1586 2348 apud
1615 2304 1646 2337 S.
1670 2304 1802 2337 Mariam
1834 2304 1893 2337 Ma-

1159 2360 1282 2399 iorem,
1315 2369 1399 2391 anno
1441 2357 1674 2390 Incarnationis
1711 2357 1894 2391 dominicae

1159 2422 1311 2452 uncxcm,
1337 2411 1443 2445 idibus
1469 2410 1622 2451 octobris,
1648 2410 1764 2454 pontif.
1792 2410 1894 2444 nostri

381 2464 558 2506 tiscumque
585 2461 708 2494 vicibus
738 2462 916 2503 innovatis;
938 2464 1054 2506 quibus
1084 2476 1117 2498 o·
1160 2477 1244 2499 anno
1272 2476 1320 2499 111.

379 2517 511 2550 mnibus
533 2520 565 2548 et
588 2515 738 2557 singulis,
759 2515 884 2548 etiamsi
907 2527 966 2559 pro
985 2517 1115 2550 illorum

417 2581 429 2607 1
451 2577 601 2616 Praeposit.
618 2578 651 2606 in
671 2585 720 2605 nos
735 2577 857 2606 addimus
876 2579 914 2614 (a.
930 2580 979 2615 T.)-

1197 2528 1253 2555 Dat.
1275 2528 1317 2555 die
1340 2527 1370 2554 15
1390 2525 1510 2553 octobris
1533 2525 1610 2558 1693,
1631 2525 1724 2560 pontif.
1746 2533 1815 2553 anno
1836 2531 1873 2553 ιιι.

1900 192 1949 218 An.
1965 190 1994 218 C.
2016 191 2083 217 1653

1957 1203 2018 1224 Fatus
2034 1206 2089 1225 tran·

1903 1234 2040 1257 sumpturum.

1932 1677 2019 1698 Sanctio
2037 1683 2090 1704 poe-

1905 1712 1929 1725 na
1935 1706 1967 1725 lu.
