2227 3225
107 232 157 257 An.
179 230 207 256 C.
228 230 296 258 1690

492 277 658 306 Alexander
679 277 756 310 Papa
774 276 852 309 vm,

411 324 452 350 Ad
472 326 648 356 perpetuam
668 322 712 348 rei
732 320 917 347 memoriam.

146 398 200 418 lutei·
221 397 291 423 pluras

345 385 360 427 ξ
378 385 408 417 l.
429 385 515 418 Ali-as
532 386 605 427 (per
620 384 724 417 felicis
743 381 979 416 reeordationis
994 381 1043 413 in-

107 425 247 470 {filil-²533?
264 425 290 470 3¹}
302 438 487 471 nocentium
502 438 617 480 Papam
635 437 672 469 xl
684 437 970 480 praedecessorem
985 445 1043 467 no-

107 479 405 525 isfl'fssjsti‘qiii‘fstrum
438 496 582 533 accepto,
610 489 874 533 quodnonnulli
908 488 1041 521 Romani

302 543 479 576 Pontifices
516 543 787 586 praedecessores
813 541 938 577 nostri„
967 546 1041 573 tunc

303 596 362 636 sui,
377 595 701 629 confraternitatibus
725 605 781 627 seu
815 595 1043 637 congregatio-

304 650 399 682 nibus
425 649 555 682 Ordinis
581 649 716 681 fratrum
743 649 777 680 B.
805 648 921 680 Mariae
949 647 1042 689 Virgi-

304 703 354 735 nis
369 703 410 735 de
424 702 566 735 Mercede
578 701 815 745 redemptionis
834 700 1043 744 captivorum,

304 766 362 788 seu
387 755 483 789 alicui
502 766 539 787 ex
559 755 707 788 domibus
733 755 937 797 regularibus
961 754 1043 787 eius-

306 808 380 840 dem
422 808 551 840 Ordinis
597 807 781 850 aggregatis
803 835 809 847 ‚
850 808 1043 849 illarumque

305 862 522 895 confratribus
558 868 591 895 et
621 861 864 901 consororibus,
891 860 1044 893 christifi-

305 915 425 947 delium
451 915 510 947 sub
537 915 618 948 duro
644 915 856 948 barbarorum
883 915 958 956 iugo
977 915 1044 946 lan-

306 968 472 1010 guentium
487 968 629 1000 libertati
644 968 756 1000 sedulo
771 968 1044 1006 incumbentibus.

306 1021 516 1064 quamplures
541 1021 760 1063 indulgentias
786 1026 818 1053 et
837 1026 1043 1063 peccatorum

307 1073 518 1106 remissiones
563 1084 598 1105 ac
638 1073 915 1116 poenitentiarum
958 1075 1042 1107 rela—

307 1127 465 1165 xationes,
490 1137 555 1159 non
582 1131 687 1159 tamen
707 1126 937 1168 infrascriptas,
954 1126 1046 1158 mise-

308 1179 481 1212 ricorditer
497 1179 529 1211 in
547 1179 683 1211 Domino
701 1180 942 1221 concesserant)
961 1179 1045 1211 idem

309 1231 516 1264 Innocentius
541 1232 786 1274 praedecessor,
814 1232 944 1264 eosdem
971 1242 1047 1264 con-

310 1285 424 1316 fratres
449 1290 479 1316 et
495 1294 689 1317 consorores
706 1284 744 1316 ad
767 1285 893 1327 pietatis
915 1290 945 1317 et
965 1285 1047 1317 chri-

309 1337 433 1370 stianae
461 1336 626 1369 charitatis
643 1363 650 1376 ,
678 1347 756 1379 erga
789 1338 863 1370 illos
888 1338 941 1380 qui
968 1338 1047 1370 dura

310 1390 498 1422 immanium
532 1389 700 1422 christiani
733 1390 875 1422 nominis
908 1391 1046 1423 hostium

309 1442 462 1475 servitute
489 1443 728 1485 opprimuntur,
747 1443 927 1476 exercenda
948 1454 1047 1486 opera

310 1495 500 1528 uberiorum
534 1495 645 1538 eisque
681 1496 838 1528 hactenus
873 1506 939 1528 non
973 1506 1048 1528 con-

311 1559 474 1581 cessarum
505 1548 722 1592 spiritualium
755 1549 931 1591 gratiarum
966 1550 1048 1582 elar-

311 1601 433 1644 gitione
468 1601 602 1634 incitare
635 1603 785 1645 cupiens,
821 1602 860 1634 de
901 1601 1049 1645 omnipo-

312 1654 410 1687 tentis
447 1654 501 1687 Dei
544 1654 769 1687 misericordia
808 1661 840 1687 et
880 1654 1048 1688 beatorum

310 1707 395 1740 Petri
421 1713 452 1741 et
484 1707 573 1741 Pauli
598 1708 823 1751 apostolorum
848 1708 916 1741 eius
941 1713 1049 1741 aueto-

309 1761 404 1793 ritate
430 1760 577 1799 confisus,
605 1761 899 1804 supplicationibus
918 1772 1047 1805 quoque

310 1814 421 1846 dilecti
446 1813 502 1846 filii
527 1814 769 1847 Bartholomaei
789 1814 827 1846 de
846 1814 975 1853 Ribero,
995 1814 1049 1847 Or-

311 1867 395 1900 dinis
419 1867 554 1910 praefati
580 1867 688 1899 vicarii
707 1872 738 1899 et
754 1867 979 1910 procuratoris
999 1878 1049 1910 ge-

311 1920 444 1961 neralis,
472 1920 534 1953 sibi
560 1930 658 1963 super
694 1921 757 1953 hoc
783 1920 950 1953 humiliter
974 1931 1050 1963 por-

311 1973 427 2014 rectis,
454 1973 645 2013 inclinatus,
672 1973 822 2006 omnibus
848 1981 879 2006 et
911 1973 1048 2015 singulis

311 2026 471 2059 dictarum
503 2026 805 2059 confraternitatum
830 2026 984 2059 canonice
1011 2036 1050 2058 eo

311 2089 413 2122 usque
437 2085 617 2112 erectarum
643 2085 674 2112 et
698 2079 731 2112 in
756 2080 897 2112 futurum
923 2079 1050 2122 erigen-

312 2133 426 2165 darum
453 2132 604 2176 personis
630 2132 801 2176 utriusque
837 2143 939 2172 sexus,
965 2143 1049 2176 quae

311 2186 454 2229 aliquam
490 2196 526 2218 ex
553 2186 700 2219 ecclesiis
726 2186 802 2218 dicti
827 2185 972 2226 Ordinis,
997 2191 1050 2218 aut

312 2249 445 2271 suarum
470 2238 651 2281 respective
670 2239 971 2271 confraternitatum
999 2249 1050 2271 ec-

312 2291 443 2332 clesias,
469 2302 525 2324 seu
554 2291 705 2330 oratoria,
732 2291 764 2324 in
798 2291 913 2324 diebus
939 2292 1051 2324 statio-

312 2354 388 2377 num
421 2345 631 2378 ecclesiarum
657 2345 761 2377 almae
788 2344 882 2377 Urbis
908 2350 1050 2384 nostrae,

314 2403 390 2431 tunc
421 2409 517 2437 suae,
557 2403 655 2441 prout.
690 2398 722 2430 in
759 2398 880 2430 missali
916 2408 1050 2431 romano

313 2452 547 2494 exprimuntur,
557 2453 671 2484 devote
684 2452 875 2490 visitassent,
887 2457 918 2483 et
928 2451 1050 2484 ibidem

312 2515 373 2547 pro
394 2505 645 2537 christianorum
667 2504 850 2547 principum
876 2504 1050 2536 concordia

314 2558 484 2590 haeresum
498 2558 722 2601 extirpatione‚
743 2564 773 2590 et
790 2562 919 2590 sanctae
938 2557 1048 2589 matris

892 224 1074 248 mmmmm
1102 224 1155 246 riu
1181 224 1229 246 rr.
1737 214 1774 246 Gt

1826 224 1875 248 An.
1894 223 1921 249 c.
1947 224 2012 251 tutto

1085 282 1154 304 rum
1179 272 1397 314 praefatorum
1422 271 1622 310 liberatione,
1644 282 1819 315 eorumque

1087 327 1246 368 perpetua
1279 325 1522 368 perseverantia
1558 325 1589 357 in
1623 326 1821 359 christianae

1086 378 1254 421 religionis
1303 379 1549 421 catholicaeque
1589 378 1663 411 fidei
1698 379 1807 422 profes

1087 432 1176 465 sione
1203 431 1271 475 pias
1299 433 1336 465 ad
1364 432 1463 464 Deum
1488 442 1602 474 preces
1623 431 1823 472 effudissent,

1087 492 1120 517 ut
1156 496 1269 518 omnes
1307 491 1338 518 et
1373 485 1515 527 singulas
1550 485 1768 527 indulgentias
1793 490 1824 518 et

1087 545 1294 582 peccatorum
1312 538 1520 572 remissiones
1547 549 1584 571 ac
1608 538 1825 581 poenitentia-

1088 603 1156 624 rum
1183 592 1399 625 relaxationes
1424 596 1717 634 consequerentur,
1746 602 1823 634 quas

1086 650 1278 677 consecutae
1304 643 1443 676 fuissent
1467 643 1492 675 si
1523 644 1651 676 easdem
1671 644 1824 677 ecclesias

1087 697 1180 730 L'rbis
1206 697 1243 729 ad
1270 697 1300 729 id
1327 697 1497 740 deputatas
1523 697 1554 729 in
1580 696 1694 729 diebus
1713 697 1825 730 statio-

1088 762 1163 783 num
1189 750 1376 783 huiusmodi
1403 751 1619 793 personaliter
1643 756 1674 784 et
1708 751 1824 784 devote

1087 804 1280 844 visitassent,
1296 803 1457 836 concessit
1474 809 1506 836 ct
1523 804 1670 843 indulsit,
1686 810 1717 837 et
1730 804 1823 845 alias,

1088 863 1184 900 prout
1208 857 1241 889 in
1267 857 1413 890 eiusdem
1433 856 1614 889 Innocentii
1634 857 1827 900 praedeces-

1087 911 1171 943 soris
1213 911 1355 953 desuper
1389 910 1421 942 in
1461 910 1556 942 simili
1589 910 1690 943 forma
1716 909 1825 942 Brevis

1088 964 1139 996 die
1172 974 1215 996 xu
1249 963 1404 995 februarii
1437 973 1643 997 MDCLxxxwu
1668 963 1827 1006 expeditis

1088 1016 1213 1056 litteris,
1240 1027 1320 1059 quas
1347 1016 1385 1048 ad
1411 1016 1605 1049 decennium
1631 1021 1754 1049 tantum
1777 1027 1829 1049 ra-

1089 1072 1155 1103 lere
1180 1069 1289 1109 voluit,
1317 1075 1349 1102 et
1374 1079 1509 1112 quarum
1524 1075 1656 1102 tenores
1675 1079 1828 1112 praesen-

1091 1124 1173 1155 tibus
1197 1134 1256 1166 pro
1277 1124 1373 1166 plene
1394 1128 1426 1155 et
1457 1122 1652 1155 sufficienter
1671 1132 1827 1165 expresso

1089 1188 1123 1209 ac
1150 1178 1189 1209 de
1215 1177 1312 1209 verbo
1338 1176 1378 1209 ad
1404 1176 1535 1208 verbum
1562 1175 1685 1208 inserto
1712 1175 1826 1208 haberi

1089 1231 1246 1267 volumus,
1265 1229 1394 1272 plenius
1412 1229 1610 1261 continetur.

1135 1282 1196 1325 ἕρ.
1223 1282 1312 1314 Nune
1337 1286 1445 1314 autern
1464 1291 1535 1321 nos,
1563 1281 1601 1313 ad
1627 1281 1934 1336 perampliusqluuue
1954 1294 2022 1310 emn-

1091 1336 1272 1378 augendam
1289 1335 1478 1368 eorumdem
1494 1335 1694 1368 confratrum
1709 1340 1740 1368 et
1757 1333 1842 1368 cons
1874 1330 1879 1337 ⁸

1091 1398 1242 1420 sororum
1268 1387 1464 1429 religionem
1490 1392 1520 1420 et
1545 1387 1725 1419 animarum
1746 1388 1833 1420 salu-

1092 1446 1156 1473 tem
1183 1440 1378 1473 caelestibus
1403 1441 1568 1473 Ecclesiae
1595 1441 1754 1474 thesauris
1779 1441 1832 1484 pia

1092 1494 1388 1533 charitateintenti,
1403 1505 1437 1526 ac
1455 1494 1587 1537 aliquod
1605 1499 1757 1537 paternae
1778 1504 1832 1526 no-

1091 1553 1175 1580 strae
1191 1557 1266 1589 erga
1279 1546 1432 1580 Ordinem
1450 1547 1642 1589 praefatum,
1656 1547 1746 1580 cuius
1761 1557 1831 1586 nos,

1092 1602 1164 1633 dum
1191 1601 1408 1633 cardinalatus
1435 1600 1561 1633 honore
1588 1600 1828 1643 fungebamur,

1091 1659 1291 1697 protectores
1317 1653 1499 1696 apostolica
1515 1653 1705 1686 auctoritate
1732 1653 1831 1696 depu-

1093 1707 1147 1740 tati
1167 1717 1303 1746 eramus,
1318 1706 1567 1739 benevolentiae
1581 1712 1830 1740 monumentum

1091 1766 1199 1793 extare
1225 1760 1405 1803 cupientes
1431 1759 1722 1802 supplicationibus
1749 1759 1833 1791 cius-
1881 1781 1885 1783 >

1092 1814 1164 1846 dem
1188 1813 1430 1846 Bartholomaei
1451 1811 1560 1845 vicarii
1582 1818 1613 1844 et
1638 1817 1832 1855 procurato-

1092 1867 1136 1899 ris
1165 1866 1327 1909 generalis
1361 1866 1493 1898 nomine
1527 1865 1622 1898 nobis
1647 1875 1743 1908 super
1769 1865 1832 1898 hoc

1093 1920 1263 1953 humiliter
1299 1918 1460 1962 porrectis
1495 1917 1661 1957 inclinati,
1702 1928 1831 1950 conces-

1093 1974 1219 2006 sionem
1253 1972 1535 2014 indulgentiarum
1567 1977 1830 2014 etpe··cat01·um

1093 2025 1332 2064 remissionem,
1352 2035 1388 2056 ac
1405 2023 1682 2067 poenitentiarum
1709 2025 1829 2056 relaxa-

1095 2079 1214 2111 tionem
1233 2077 1451 2110 confratribus
1479 2082 1510 2109 et
1531 2077 1762 2110 consororibus
1780 2086 1830 2108 su·

1094 2132 1247 2175 pradictis
1264 2130 1441 2174 praemissa
1457 2129 1702 2173 peragentibus,
1723 2141 1739 2162 a
1764 2140 1830 2162 me-

1093 2191 1217 2219 morato
1234 2183 1424 2217 Innocentio
1442 2183 1695 2226 praedecessore
1716 2183 1756 2216 ad
1774 2183 1830 2215 de-

1093 2238 1246 2272 cennium
1272 2237 1387 2270 factam
1416 2242 1451 2269 ut
1479 2236 1677 2279 praefertur,
1703 2236 1735 2268 in
1760 2246 1831 2278 per-

1093 2298 1245 2335 petuum,
1281 2292 1405 2323 servata
1437 2289 1603 2332 ceteroqui
1640 2289 1828 2330 earumdem

1093 2343 1271 2377 iunocentii
1290 2341 1553 2386 praedecessoris
1571 2341 1751 2374 litterarum
1768 2341 1830 2374 for-

1093 2400 1143 2429 ma
1168 2402 1199 2429 et
1224 2396 1459 2439 dispositione,
1487 2394 1679 2427 auctoritate
1704 2399 1831 2437 aposto-

1093 2451 1162 2489 lica,
1183 2456 1297 2482 tenere
1318 2448 1551 2492 praesentium,
1572 2447 1773 2480 extendimus
1798 2452 1830 2479 ct

1093 2503 1296 2546 ampliamus.

1137 2557 1151 2599 g
1177 2556 1205 2589 3.
1226 2556 1295 2588 Non
1315 2555 1521 2588 obstantibus
1539 2553 1736 2597 praemissis,
1754 2563 1829 2585 nec·
1890 2558 2021 2580 metantium

1838 2591 1855 2605 rt
1864 2589 1934 2606 *nvllo-

313 2611 473 2645 Ecclesiae
507 2611 721 2651 exaltatione,
746 2620 876 2643 necnon
909 2609 1051 2653 captivo·
1094 2620 1158 2643 non
1195 2609 1344 2642 omnibus
1391 2613 1423 2641 et
1466 2607 1602 2650 singulis
1647 2607 1711 2640 illis
1745 2616 1827 2649 quae
