2227 3225
979 193 1071 215 ixnex
1100 194 1201 216 ῑιῑιιυι
1751 187 1812 220 977

412 243 520 286 vigore
544 242 783 287 privilegiorum
819 243 849 275 in
889 244 1029 277 Romana
1061 244 1154 278 Curia
1179 245 1367 284 constituta,
1393 252 1479 278 motu
1504 246 1636 289 proprio
1661 248 1856 291 suppressit,

409 296 546 330 abolevit
571 301 600 328 et
624 295 785 338 abrogavit
812 296 894 328 idem
920 297 1122 329 Innocentius
1147 297 1224 337 XII,
1248 297 1307 330 461
1334 298 1350 330 b
1375 303 1403 330 et
1427 309 1506 342 scq.;
1533 298 1740 333 tribunalibus
1766 301 1857 334 Urbis

409 348 622 393 praescriptae
654 349 742 385 fuere
778 349 937 391 sportulae
962 359 979 381 a
1004 349 1099 381 Paulo
1124 350 1167 390 V,
1194 349 1282 383 euius
1306 350 1465 384 Pontificis
1490 352 1770 393 constitutionem,
1795 355 1856 386 una

409 411 481 434 eum
505 400 573 433 aliis
598 400 642 433 Pii
669 401 705 433 lv
731 407 759 433 et
785 401 959 434 Innocentii
980 401 1017 434 XI
1035 411 1129 445 super
1147 402 1296 445 sportulis
1321 402 1460 436 iudicum
1482 410 1511 436 et
1529 404 1734 438 tribunalium
1755 406 1856 447 Urbis,

408 452 608 487 confirmavit
633 458 662 486 et
686 453 854 487 declaravit
880 454 1079 487 Innocentius
1103 454 1165 495 XII,
1192 455 1255 488 576
1281 456 1296 489 b
1321 462 1350 489 et
1374 467 1435 500 seq.

319 506 503 540 Tribunalia
528 506 662 547 viarum,
688 508 757 540 vide
782 507 919 550 Magistri
943 507 1073 540 viorum.
1100 508 1122 540 Α
1149 507 1298 541 tribunali
1318 509 1437 542 viarum
1458 510 1670 543 emolumenta
1689 512 1855 554 quaedam,

407 559 496 604 prius
521 560 697 593 camerario
722 560 996 605 competentia,ac
1022 565 1128 604 postea
1153 560 1236 594 dicto
1262 561 1409 595 tribunali
1435 563 1530 603 unita,
1556 562 1802 605 dismembravit,
1827 571 1857 598 et

406 613 555 646 Gamerae
580 613 795 657 incorporavit
821 613 1023 648 Innocentius
1047 613 1113 656 ΧΠ,
1140 613 1202 648 832
1227 624 1256 647 α.

1077 773 1102 805 U

318 877 507 912 Universitas
538 883 702 912 tonsorum
736 878 773 911 de
806 878 896 912 I'rbe.
924 880 1022 923 Ipsius
1047 879 1207 913 decretum
1234 882 1343 913 eontra
1373 879 1551 913 venditores
1575 889 1703 913 suarum
1729 880 1854 913 tonstri-

404 941 517 965 narum
543 931 742 965 confirmavit
767 931 968 966 Innocentius
995 932 1059 972 XII,
1089 932 1188 965 5541)
1213 936 1243 964 et
1266 943 1324 976 seq.

316 984 515 1018 Universitati
540 984 633 1018 studii
659 984 815 1027 generalis
841 984 898 1016 sub
924 985 1012 1018 titulo
1038 985 1068 1017 B.
1091 984 1279 1018 Ferdinandi
1302 987 1433 1019 fratrum
1460 986 1718 1019 Praedicatorum
1750 986 1782 1019 in
1809 986 1852 1019 In-

403 1037 462 1070 diis
487 1037 740 1071 Occidentalibus
771 1037 949 1069 facultatem
982 1037 1164 1070 conserendi
1189 1037 1305 1080 gradus
1323 1037 1526 1072 scholasticos
1545 1038 1583 1070 ab
1600 1038 1784 1071 Innocentio
1812 1038 1851 1072 XI

402 1099 460 1123 nee
484 1099 546 1123 non
578 1089 744 1134 privilegia
780 1089 885 1121 omnia
920 1089 1129 1122 universitatis
1162 1090 1192 1123 S.
1221 1090 1358 1123 Tliomae
1383 1090 1514 1123 civitatis
1540 1090 1672 1124 Monilae
1704 1100 1853 1124 concessa

402 1142 498 1176 fuisse
521 1142 642 1175 duabus
664 1141 941 1175 constitutionibus
967 1142 1138 1175 innocentii
1162 1143 1198 1176 XI
1220 1142 1311 1176 docet
1331 1143 1503 1176 Alexander
1522 1144 1596 1184 vul,
1615 1144 1677 1177 147
1702 1144 1734 1183 b3
1760 1154 1852 1188 prae-

402 1196 503 1230 dictae
527 1197 558 1229 B.
585 1196 774 1230 Ferdinandi
798 1196 960 1229 decretum
986 1195 1153 1229 cardinalis
1178 1196 1366 1239 protectoris
1391 1196 1474 1229 eirea
1498 1197 1745 1240 assignationem
1770 1196 1851 1230 dotis

401 1249 503 1284 dictae
526 1249 741 1283 universitatis
767 1249 988 1282 confirmatum
1014 1249 1108 1282 fuisse
1139 1249 1200 1282 alia
1225 1250 1448 1284 constitutione
1472 1261 1489 1283 a
1513 1250 1674 1294 praedicto
1696 1251 1850 1284 Innocen-

403 1303 446 1337 tio
470 1303 522 1344 XI,
547 1304 642 1336 refert
667 1303 759 1345 idem,
788 1303 846 1335 127
873 1304 889 1335 b
914 1308 944 1335 et
969 1314 1053 1347 seq.;
1079 1302 1196 1335 eisdem
1222 1303 1252 1335 B.
1275 1303 1465 1336 Ferdinandi
1484 1309 1513 1336 et
1537 1304 1565 1337 S.
1592 1303 1677 1337 Fidei
1704 1304 1851 1337 constitu-

403 1357 504 1390 tiones
536 1361 599 1388 tres
632 1355 806 1399 praedictas
837 1356 1008 1389 Innocentii
1043 1357 1079 1389 xl
1114 1356 1228 1389 laudati
1258 1367 1316 1400 pro
1349 1357 1424 1400 ipsis
1450 1357 1568 1398 editas,
1597 1357 1796 1390 confirmavit
1821 1364 1851 1391 et

402 1409 562 1442 innovavit
586 1408 668 1441 idem
698 1409 871 1441 Alexander
898 1409 971 1449 VIII,
1000 1409 1058 1442 '151
1088 1409 1122 1448 b,
1149 1409 1180 1441 in
1205 1409 1408 1442 universitate
1432 1409 1525 1443 studii
1557 1409 1713 1452 generalis
1738 1409 1850 1443 Oscen-

402 1461 426 1494 si
452 1461 634 1494 cathedram
664 1462 841 1504 theologiae
885 1462 1054 1494 fundarunt
1086 1462 1231 1494 monachi
1257 1462 1382 1495 Ordinis
1420 1462 1635 1496 Cisteseiensis
1670 1462 1851 1505 Congreget-

401 1514 495 1547 tionis
520 1514 754 1558 Hispaniarum,
780 1526 874 1559 super
900 1516 989 1548 cuius
1015 1515 1171 1548 erectione
1191 1515 1393 1548 concordiam
1418 1525 1472 1547 seu
1498 1515 1742 1548 transactionem
1770 1515 1851 1548 inter

400 1567 500 1600 dictos
536 1568 707 1601 monachos
742 1578 777 1601 ae
810 1568 993 1612 episcopum
1028 1567 1169 1612 aliosque
1198 1567 1306 1602 initam
1339 1567 1504 1601 confirmat
1536 1568 1735 1602 Innocentius
1764 1568 1843 1609 XII,

401 1619 464 1654 926
490 1620 506 1653 b
530 1625 561 1654 et
582 1631 642 1664 seq.

1071 1780 1093 1811 V

311 1886 579 1921 Valetudinarium
605 1895 782 1930 pauperum
808 1885 1006 1919 sacerdotum
1037 1885 1074 1918 de
1100 1885 1191 1918 Urbe.
1218 1885 1320 1928 Ipsius
1345 1891 1433 1919 ortus
1455 1891 1483 1918 et
1509 1896 1695 1929 progressus
1733 1886 1850 1920 descri-

400 1939 519 1972 buntur
551 1938 589 1971 ab
615 1937 798 1971 Innocentio
820 1938 885 1978 XII,
906 1937 971 1971 884
991 1949 1026 1978 03
1057 1938 1318 1971 valetudinarium
1342 1938 1538 1982 praedictum
1560 1949 1576 1971 a
1602 1939 1731 1982 regione
1745 1940 1850 1973 Pontis

399 1991 428 2025 S.
453 1990 563 2034 Angeli
600 1990 638 2024 ad
665 1990 814 2034 palatium
848 1991 878 2022 in
916 1990 1039 2023 civitate
1063 1991 1201 2023 Leonina
1227 1996 1313 2024 motu
1348 1991 1478 2034 proprio
1511 1991 1690 2031 transtulit,
1717 1990 1780 2025 885
1807 2004 1845 2031 α;

399 2054 495 2088 super
519 2043 738 2077 valetudinarii
763 2043 903 2077 eiusdem
930 2044 1084 2087 regimine
1109 2044 1393 2087 Congregationem
1419 2044 1569 2085 instituit,
1598 2044 1662 2077 886
1686 2056 1715 2078 α.

310 2097 490 2142 Vectigalia.
516 2097 730 2130 Immunitates
748 2101 778 2130 et
796 2097 1009 2141 exemptiones
1034 2108 1050 2130 a
1076 2098 1280 2141 vectigalibus
1297 2098 1428 2142 aliisque
1445 2098 1595 2131 oneribus
1613 2098 1747 2142 publicis
1762 2104 1849 2133 motu

399 2150 530 2195 proprio
547 2150 704 2184 revocavit
721 2150 895 2184 Alexander
913 2151 994 2191 vlu,
1024 2151 1064 2184 113
1090 2151 1105 2183 b
1131 2156 1160 2184 et
1185 2162 1257 2196 seq.;
1285 2161 1409 2184 necnon
1434 2151 1635 2185 Innocentius
1656 2151 1723 2192 XII,
1752 2152 1810 2185 2⁶21
1832 2153 1848 2185 b

400 2211 430 2239 et
453 2216 531 2249 seq.;
557 2204 770 2248 exemptiones
794 2205 917 2238 easdem
943 2215 960 2237 a
985 2203 1187 2246 vectigalibus
1209 2204 1353 2247 personis
1378 2205 1596 2238 ecclesiasticis
1621 2215 1785 2238 concessas
1810 2206 1846 2237 ad

399 2259 513 2292 limites
538 2258 615 2291 iuris
640 2258 817 2292 communis
842 2258 1037 2291 reduxerunt
1071 2257 1188 2297 iidem,
1221 2257 1259 2290 15
1284 2258 1300 2290 h
1326 2263 1355 2290 et
1379 2268 1462 2301 seq.;
1488 2262 1517 2291 et
1542 2257 1605 2291 <2⁵22
1630 2258 1646 2290 b
1670 2263 1700 2291 et
1723 2269 1805 2302 seq.;
1831 2268 1847 2290 a

399 2312 600 2355 vectigalium
620 2317 724 2344 tamen
741 2311 925 2344 eorumdem
944 2311 1110 2351 solutione,
1124 2309 1227 2354 quoad
1245 2310 1360 2343 victum
1377 2310 1537 2344 dumtaxat
1562 2316 1592 2344 et
1612 2311 1767 2351 vestitum,
1787 2311 1847 2344 col-

400 2365 481 2408 legia
501 2364 570 2404 illa,
595 2363 710 2407 quibus
727 2374 743 2395 a
761 2364 909 2397 Romanis
930 2363 1134 2397 Pontificibus
1159 2363 1374 2406 exemptiones
1399 2363 1577 2407 praedictae
1603 2373 1768 2397 concessae
1785 2363 1847 2396 sue-

399 2418 471 2460 rint,
497 2420 699 2461 exeeperunt,
727 2416 819 2455 ib2·d.;
850 2417 887 2449 ab
913 2416 1030 2450 eisdem
1057 2415 1270 2459 exemptiones
1296 2416 1482 2449 Pontificum
1512 2416 1678 2460 nepotibus
1711 2421 1740 2448 et
1764 2426 1844 2449 con-

400 2469 578 2513 sanguineis
604 2479 768 2502 concessas
793 2469 998 2503 aboleverunt
1024 2469 1140 2511 iidem,
1171 2469 1206 2502 16
1232 2480 1269 2510 α,
1294 2474 1325 2502 et
1348 2469 1412 2502 0223
1436 2470 1470 2509 b;
1499 2469 1714 2513 exemptiones
1740 2473 1843 2503 tamen

399 2533 416 2556 a
441 2522 640 2566 vectigalium
666 2521 850 2556 eorumdem
876 2522 1030 2556 solutione
1054 2533 1091 2555 ecc
1110 2522 1177 2556 iure
1194 2523 1241 2555 vel
1259 2533 1357 2557 causa
1373 2533 1504 2556 onerosa
1530 2522 1704 2567 impertitas
1724 2523 1842 2556 servari

400 2575 604 2618 mandarunt,
632 2575 726 2616 ibid.;
761 2585 778 2608 a
803 2575 1006 2620 vectigalibus
1030 2576 1200 2621 praedietis
1230 2577 1349 2623 pariter
1373 2577 1589 2622 exemptiones
1615 2576 1841 2618 cardinalibus,

452 2637 531 2667 Bun.
550 2637 634 2668 Rom.
655 2654 688 2658 —
711 2637 771 2669 Vol.
792 2637 851 2667 XX.
1016 2638 1065 2668 123
