2227 3225
127 257 176 284 Αη.
190 257 220 283 C.
244 254 313 283 1700

169 583 197 604 Di·
222 581 314 603 :lintini-

128 614 229 632 stratumn-
242 612 261 629 υἱ
272 609 315 629 ‹it--

129 640 252 664 pemati-»no
277 637 303 657 bu

128 671 210 685 nvitun.

150 1964 179 1984 De
191 1965 321 1984 ειῐψυῑιιιυηο

136 1992 246 2011 buu-rrum.

904 249 1116 275 INNOCENTIUS
1142 249 1185 273 xn
1209 249 1258 273 1³1³.

324 304 410 337 tione
424 302 568 336 onmium
579 301 784 344 possibilium
799 299 1067 332 cliaritativorum

325 359 732 398 tractamentormn,prout
742 353 951 387 laudabiliter
965 362 1066 394 usque

323 420 411 442 nunc
436 408 648 452 practicatum
675 407 757 447 fuit,
790 417 862 439 cum
893 415 975 449 opus
1005 405 1068 437 lioc

323 463 365 496 sit
390 462 541 506 proprius
566 466 597 495 et
622 460 835 504 principalius
859 459 954 492 liuius
980 458 1068 491 insti-

325 516 383 549 tuti
410 526 512 559 usque
539 526 557 549 a
581 515 745 559 primaeva
776 524 834 546 sua
861 512 1065 546 fundatione.

370 580 426 603 vn.
454 569 570 602 Omnia
606 566 795 602 bona'tum
829 566 966 600 mobilia
1002 570 1067 598 tum

324 623 454 657 stabilia
478 622 704 666 provenientia
729 632 746 654 a
771 620 886 663 legatis
922 619 984 663 piis
1016 624 1069 652 aut

324 677 553 721 eleemosynis,
579 676 680 709 aliare
706 675 768 708 alisi
791 680 882 718 parte
898 700 905 714 ‚
930 672 1069 706 admini-

324 735 469 763 strentur
505 730 545 762 ab
579 729 773 763 officialibus
798 725 1069 770 Congregationis

325 784 494 817 destinatis
519 783 559 816 ab
585 784 673 816 illius
698 781 939 825 superioribus,
958 785 990 813 et
1014 779 1070 812 ad-

326 837 502 870 hibeantur
518 847 574 870 seu
593 836 800 880 applicemur
817 835 901 867 ultra
926 844 1070 867 neccssa-

325 890 406 923 riam
427 890 560 923 fratrum
586 895 618 922 et
642 888 849 922 sacerdotum
869 887 1071 921 necessario-

326 954 396 977 rum
423 942 719 976 substentationem
745 952 806 986 pro
832 940 993 974 beneficio
1021 940 1070 973 in-

327 996 507 1035 firmorum,
533 995 839 1034 convalescentium,
864 994 1070 1036 aliorumque

327 1059 507 1093 pauperum
532 1048 742 1081 attinentium
762 1048 800 1080 ad
826 1046 1020 1090 hospitalia;
1040 1051 1071 1078 ct

326 1103 352 1136 si
377 1102 523 1136 redditus
542 1108 595 1135 aut
616 1102 846 1145 eleemosynae
872 1099 1072 1144 superabun—

327 1155 443 1189 darent
473 1156 504 1188 in
537 1155 647 1199 aliquo
674 1154 841 1198 hospitali,
866 1154 1072 1198 applicentur

327 1209 360 1242 in
385 1209 579 1243 beneficium
606 1209 741 1242 aliorum
767 1218 947 1252 pauperum
973 1217 1068 1240 vere-

328 1263 511 1297 cundorum
528 1262 754 1306 indigentium,
773 1262 860 1294 iuxta
878 1262 1071 1305 prudentem

329 1316 545 1350 directionem
578 1316 684 1348 fratris
720 1315 852 1348 maioris
891 1314 1072 1358 generalis,

330 1369 467 1413 eiusque
493 1369 776 1410 consiliariorum;
801 1378 859 1402 nec
884 1369 999 1401 fratres
1018 1367 1074 1400 lia-

330 1422 408 1456 bere
433 1422 574 1466 possint,
594 1432 654 1454 nec
678 1421 896 1465 praetendant
922 1431 990 1454 rem
1015 1420 1074 1453 ali-

330 1487 430 1521 quam
456 1476 488 1509 in
514 1476 714 1519 particulari,
743 1475 801 1508 scd
828 1485 942 1508 ornnes
966 1474 1074 1507 vivant

329 1530 361 1563 in
379 1530 524 1574 perfecta
542 1529 605 1562 vita
622 1529 798 1569 communi,
816 1539 855 1562 eo
882 1528 980 1562 modo
1009 1538 1074 1571 quo

328 1582 564 1626 praescribitur
588 1581 621 1615 in
646 1581 787 1615 decretis
812 1581 986 1615 Clementis
999 1580 1074 1620 Vlll,

329 1641 362 1669 et
386 1636 588 1681 praecipitur
613 1635 644 1668 in
672 1636 766 1669 Bulla
786 1635 877 1669 Pauli
903 1635 946 1675 V,
967 1635 1074 1678 legata

330 1692 384 1735 pia
407 1701 479 1724 curn
505 1689 707 1732 obligatione
739 1688 970 1723 celebrationis
999 1688 1075 1722 mis-

330 1755 437 1778 sarum
455 1748 666 1787 acceptentur
684 1748 716 1776 et
729 1742 970 1786 adimpleantur
987 1741 1075 1775 iuxta

331 1798 467 1832 formam
499 1796 734 1840 praescriptam
761 1807 778 1829 a
804 1795 944 1829 decretis
976 1795 1075 1828 Urba-

331 1851 362 1884 ni
389 1850 454 1884 Vlll
490 1850 534 1883 De
558 1849 707 1883 celebrat.
735 1849 844 1889 miss„
871 1854 901 1882 et
936 1859 952 1881 a
984 1848 1075 1882 Bulla

331 1903 527 1938 sanctissimi
554 1902 678 1936 domini
704 1902 819 1936 nostri.

383 1967 452 1992 viu.
491 1956 555 1990 Nec
592 1955 875 1989 administratores
912 1956 1075 1989 bonorum

333 2011 544 2055 hospitalium
571 2009 722 2049 istorum,
745 2015 799 2041 aut.
824 2009 1015 2053 superiores
1041 2009 1077 2043 il·

332 2065 452 2105 lorum,
475 2069 530 2097 aut
548 2064 633 2097 ullus
653 2063 791 2106 quilibet
808 2062 1076 2105 Congregationis

332 2117 488 2162 superior
513 2116 617 2160 possit.
648 2127 685 2149 ea
718 2117 860 2149 alienare
890 2115 1012 2159 absque
1037 2116 1077 2149 li-

332 2172 439 2205 centia
463 2171 580 2204 saltem
606 2169 779 2209 Ordinarii,
812 2169 937 2202 servata
973 2169 1076 2202 forma

332 2224 412 2258 iuris
431 2229 462 2257 et
482 2233 649 2257 sacrorum
668 2232 848 2263 canonum3
870 2221 924 2266 qm
942 2221 1077 2255 Ordina-

331 2278 400 2311 rius
426 2277 458 2311 in
485 2277 649 2311 dictorum
681 2277 845 2310 bonorum
879 2275 1076 2309 alienatione

333 2331 543 2376 interponere
575 2329 698 2374 poterit
726 2340 818 2362 suam
852 2328 1077 2362 auctoritatem

334 2390 500 2428 tamquam
529 2384 698 2427 delegatus
723 2382 814 2416 Sedis
840 2382 1049 2426 Apostolicae
1068 2409 1076 2423 ‚

333 2443 440 2471 stante
472 2448 538 2472 non
577 2436 662 2470 facili
689 2436 727 2469 ad
754 2436 901 2470 eamdem
928 2446 1075 2470 recursu.

333 2489 446 2524 Nullus
470 2489 651 2534 recipiatur
676 2490 707 2522 in
726 2488 996 2532 Congrcgatione‚
1016 2488 1076 2522 nisi

1110 297 1335 340 quadraginta,
1360 296 1421 329 nisi
1449 296 1534 328 soret
1558 305 1700 338 persona
1725 293 1852 337 pietatis

1110 350 1284 393 singularis
1305 354 1359 382 aut
1383 359 1516 391 magnae
1534 348 1704 388 utilitatis,
1725 348 1850 380 nullum

1112 404 1231 436 lrabeat
1268 402 1540 445 impedimentum
1573 400 1774 440 canonicum,
1812 400 1854 432 sit

1111 457 1220 490 animo
1246 462 1277 489 et
1302 466 1440 499 corpore
1459 454 1541 488 bene
1559 454 1747 497 dispositus,
1764 459 1797 485 nt
1819 463 1852 484 se,

1112 516 1213 544 totum
1240 509 1411 553 implicare
1437 507 1538 552 possit
1563 507 1594 539 in
1621 507 1777 539 auxilium
1804 517 1855 538 cu-

1111 564 1208 597 iusvis
1234 563 1365 607 generis
1398 561 1618 595 intirmorum.
1646 560 1855 603 Recipiantur

1112 617 1235 657 novitii,
1261 621 1478 650 concurrente
1507 614 1620 647 maiori
1647 619 1737 658 parte
1766 619 1856 646 voto-

1112 681 1181 703 rum
1197 670 1422 714 professorum
1439 669 1552 702 domus
1568 667 1755 706 novitiatus,
1772 677 1854 710 quae

1112 734 1183 757 esse
1206 723 1323 756 debeat
1341 723 1457 755 don‘ms
1474 721 1507 754 S.
1531 720 1712 764 llippolvti.
1734 719 1857 753 Poterit

1113 783 1220 810 tamen
1246 777 1344 809 frater
1370 775 1476 808 maior
1493 774 1654 818 generalis
1680 785 1751 806 cum
1778 784 1856 806 una-

1112 830 1190 863 nimi
1217 840 1351 863 assensu
1384 835 1416 862 et
1453 828 1587 861 arbitrio
1613 828 1680 861 eius
1705 827 1856 861 consilia-

1113 885 1236 918 riorum
1259 883 1423 917 destinare
1448 882 1590 926 aliquam
1610 881 1705 914 aliam
1724 880 1854 914 domum

1112 948 1172 982 pro
1199 938 1271 971 loco
1297 936 1481 975 novitiatus,
1496 936 1520 968 si
1539 935 1581 969 ob
1602 935 1758 968 maiorem
1783 934 1857 967 reli-

1113 991 1219 1035 gionis
1257 990 1527 1035 propagationem
1565 989 1596 1021 id
1634 988 1856 1021 necessarium

1114 1046 1209 1079 foret.
1236 1045 1305 1078 Non
1337 1044 1464 1088 possint
1500 1043 1611 1076 novitii
1646 1042 1806 1075 removeri
1840 1052 1857 1074 a

1114 1099 1211 1134 domo
1232 1099 1409 1133 novitiatus
1428 1098 1487 1132 nisi
1507 1103 1576 1141 post
1597 1096 1855 1141 professionem·,

1114 1155 1222 1187 nullus
1247 1153 1438 1186 admittatur
1463 1152 1501 1185 ad
1524 1150 1776 1195 professionem,
1796 1149 1856 1182 nisi

1115 1206 1222 1240 denuo
1240 1211 1425 1249 acceptatus
1443 1205 1540 1237 suerit
1565 1215 1582 1237 a
1608 1203 1734 1237 dnobus
1755 1202 1860 1235 tertiis

1114 1266 1260 1294 votorum
1286 1260 1422 1292 fratrum
1439 1258 1659 1301 professorum
1686 1257 1802 1290 domus
1823 1256 1860 1289 il-

1115 1314 1178 1348 lius
1196 1313 1229 1346 in
1248 1323 1311 1357 qua
1332 1311 1520 1345 novitiatum
1535 1311 1610 1354 agit,
1626 1316 1657 1344 et
1672 1310 1860 1344 novitiatum

1115 1366 1221 1410 egerit
1245 1376 1304 1410 per
1328 1375 1449 1399 annum
1476 1364 1639 1407 integrum
1665 1369 1698 1397 et
1723 1374 1787 1397 non
1812 1363 1861 1395 in-

1117 1425 1308 1463 terruptum,
1335 1419 1422 1452 iuxta
1447 1429 1571 1451 sacrum
1597 1417 1776 1450 Concilium
1794 1416 1863 1448 Tri-

1116 1472 1300 1506 dentinum.
1316 1471 1546 1514 Unusquisque
1563 1470 1712 1504 emittere
1727 1469 1862 1503 debebit

1116 1525 1353 1569 professionem
1374 1523 1405 1556 in
1432 1523 1581 1556 manibus
1601 1522 1707 1555 fratris
1728 1522 1861 1555 maioris

1116 1577 1293 1622 generalis,
1312 1582 1366 1611 aut
1390 1576 1492 1617 illius,
1512 1576 1561 1609 cni
1588 1576 1627 1610 ab
1653 1575 1769 1610 eodem
1789 1575 1861 1609 talis

1119 1632 1238 1666 functio
1257 1640 1408 1675 expresse
1426 1630 1600 1663 commissa
1618 1630 1725 1670 fuerit,
1744 1635 1775 1663 et
1791 1639 1863 1673 pro-

1119 1684 1270 1720 fessionis
1290 1685 1391 1719 fornia
1405 1683 1467 1718 erit
1487 1694 1629 1727 sequens
1648 1694 1654 1716 :
1677 1683 1716 1717 In
1733 1684 1863 1716 nomine

1117 1739 1174 1774 SS.
1203 1738 1391 1779 Trinitatis,
1418 1737 1543 1775 Patris,
1568 1741 1596 1770 et
1613 1737 1709 1778 Filii,
1736 1741 1765 1770 et
1792 1737 1865 1781 Spi-

1116 1792 1201 1825 ritus
1217 1791 1343 1826 Sancti.
1374 1790 1441 1834 Eyo
1461 1789 1503 1823 N.
1530 1789 1570 1823 N.
1593 1790 1678 1833 facio
1698 1790 1865 1834 professio·

1117 1855 1201 1886 nem,
1229 1849 1257 1877 et
1279 1845 1436 1888 promitto
1462 1843 1525 1877 Deo
1548 1848 1578 1876 et
1604 1842 1765 1886 yloriosae
1797 1842 1865 1875 Vir-

1116 1900 1191 1943 qini
1221 1903 1249 1932 et
1274 1897 1425 1931 omnibus
1449 1896 1578 1930 Sanctis
1603 1900 1630 1929 et
1647 1900 1769 1929 vestrae
1792 1896 1864 1928 cha-

1118 1952 1222 1992 ritati,
1248 1952 1351 1994 frater
1373 1950 1415 1983 Ν.
1434 1951 1538 1993 frater
1561 1950 1670 1983 maior
1692 1949 1864 1992 petieratis,

1119 2005 1262 2049 aliisque
1277 2005 1389 2037 vestris
1405 2003 1649 2043 successoribus,
1669 2003 1862 2043 castitatem,

1118 2063 1357 2103 paupertatem,
1379 2057 1635 2101 hospitalitatem
1655 2060 1862 2102 perpetuam,

1119 2117 1148 2146 ct
1166 2112 1382 2146 obedientiam
1400 2112 1497 2144 iuoeta
1513 2110 1662 2154 requlam
1680 2110 1865 2143 sanctiAu-

1119 2166 1247 2210 qustiizi
1270 2170 1299 2199 et
1323 2165 1568 2199 constitutiones
1597 2163 1732 2198 Ordinis
1750 2162 1865 2197 Chari-

1121 2220 1197 2253 tatis
1214 2219 1246 2253 S.
1268 2218 1454 2263 Hippolyti,
1469 2229 1572 2262 usque
1588 2217 1630 2251 ad
1648 2220 1792 2250 mortem.

1165 2284 1206 2307 ix.
1233 2273 1344 2306 Vestes
1376 2272 1552 2306 exteriores
1584 2271 1719 2304 fratrum
1750 2279 1863 2304 omnes

1120 2327 1184 2360 sint
1209 2326 1248 2360 de
1273 2328 1338 2359 una
1362 2331 1395 2359 et
1418 2325 1530 2359 eadem
1555 2335 1601 2365 re,
1621 2336 1656 2358 ex
1676 2334 1785 2368 panno
1810 2333 1864 2357 co-

1121 2380 1199 2415 loris
1223 2379 1326 2424 pardi,
1353 2379 1494 2423 simplici
1521 2384 1553 2412 et
1576 2378 1644 2419 vili,
1672 2383 1704 2411 et
1726 2377 1862 2420 exiguae

1121 2444 1306 2478 expensae,
1331 2433 1364 2466 in
1403 2433 1504 2467 forma
1539 2431 1643 2476 quae¹
1670 2435 1800 2474 gestant
1823 2431 1862 2464 de

1120 2487 1311 2532 praesenti;
1340 2487 1448 2520 tunica
1473 2490 1582 2529 tangat
1606 2486 1787 2526 calcaneos,
1815 2495 1863 2517 ca-

335 2552 408 2577 cum
443 2544 576 2577 licentia
610 2542 718 2576 fratris
748 2542 879 2576 maioris
903 2542 1076 2585 generalis,
1121 2541 1246 2585 putium
1278 2540 1321 2574 sit
1349 2540 1476 2573 unitum
1509 2538 1701 2582 scapulario,
1734 2543 1766 2571 et
1799 2537 1862 2570 hoc

336 2601 368 2629 et
393 2596 513 2630 habeat
537 2597 651 2630 saltem
676 2606 779 2630 annos
811 2595 922 2629 decem
947 2601 979 2629 et
1003 2600 1077 2628 octo
1121 2595 1249 2629 brevius
1274 2594 1380 2628 tunica
1405 2603 1459 2626 sex
1486 2591 1607 2636 digitis,
1632 2591 1765 2635 pallium
1790 2590 1863 2625 brc-

335 2650 525 2694 completos‚
556 2653 585 2684 et
610 2660 674 2683 non
701 2651 875 2695 plusquam
902 2649 941 2682 ad
971 2648 1077 2682 minus

1157 2660 1168 2684 1
1193 2657 1282 2686 Potius
1303 2658 1359 2691 qud
1377 2656 1417 2683 vel
1440 2663 1524 2691 quom
1546 2657 1582 2691 (n.
1601 2656 1648 2689 T.).

1740 235 1801 270 941
1853 244 1902 271 An.
1922 243 1951 271 c.
1975 243 2044 271 ¹700

1902 2278 1930 2299 tie
1947 2278 2027 2298 habim.
