2254 3225
257 234 305 258 Αη.
326 233 352 259 C.
374 233 440 260 1695

284 294 296 313 Α
308 294 343 313 l'in
355 294 371 313 V
383 294 440 314 (silita

256 319 293 339 snit
319 321 439 349 vinsequens

256 348 387 367 cunslltutto.

282 611 364 632 Causae
375 611 438 641 huius

255 641 420 660 constitutionis.

260 2463 301 2484 Me
323 2461 420 2492 Pontifex

235 2490 309 2511 statuit
323 2491 346 2510 ut
356 2494 377 2510 in
386 2493 421 2510 m·

235 2516 308 2539 brice.

486 225 549 260 718
1023 239 1201 264 mammon
1225 239 1379 265 normann

493 284 575 316 Pius
599 284 774 329 episcopus,
794 296 902 320 servus
919 297 1082 321 servorum
1107 289 1178 329 Dei,

449 335 493 368 ad
510 340 698 380 perpetuam
717 339 765 372 rei
780 341 980 373 memoriam.
998 341 1119 374 Durum
1136 341 1183 374 ni-

449 388 510 422 mis
545 395 577 423 et
600 391 843 426 incommodum
859 394 1062 435 arbitramur,
1081 400 1142 428 etc.
1157 395 1178 428 ¹.

485 450 580 478 Datum
600 451 710 488 Rornae,
731 454 802 489 apud
821 454 846 481 S.
864 456 985 489 Petrum,
1001 464 1072 483 anuo
1091 456 1182 483 Incar-

449 495 566 522 nationis
585 496 736 524 dominicae
756 504 854 532 nianx,
876 498 999 526 kalendis
1017 499 1094 532 iunii,
1115 507 1182 535 pon-

448 540 567 567 tificatus
586 542 671 568 nostri
690 549 760 569 anno
779 550 805 569 v.

493 603 508 646 ἓ
531 602 562 635 3.
589 602 664 636 Cum
684 609 798 645 autem,
819 605 901 638 sicut
920 615 984 639 non
1011 605 1080 639 sine
1095 605 1181 648 gravi

449 655 548 688 animi
585 656 689 689 nostri
726 657 839 690 dolore
871 668 906 690 ex
944 659 1181 701 quamplurium

448 718 485 741 ac
509 709 700 751 praesertim
738 711 971 743 nonnullorum
1007 711 1178 744 venerabi-

447 761 525 794 lium
552 763 685 795 fratrum
712 764 1031 808 arcbiepiscoporum
1062 770 1094 797 et
1118 764 1183 808 cpi-

448 825 623 859 scoporum
648 817 686 849 ad
713 819 927 859 apostolatum
954 822 1099 851 nostrum
1126 818 1182 851 de-

447 868 523 901 latis
548 869 688 913 qu'erclis
713 870 913 913 accepimus,
940 872 1020 905 adeo
1046 871 1183 904 creverit

447 925 511 954 tam
544 922 731 955 salutarium
765 924 872 965 legum
906 929 1181 966 transgressorum

447 972 666 1017 impudentia,
696 979 730 1006 ut
765 985 829 1007 non
867 975 994 1015 desint,
1021 975 1087 1018 qui,
1115 976 1181 1008 sive

448 1026 610 1065 avaritiae,
626 1037 708 1070 quae
722 1032 768 1060 est
782 1027 941 1061 idolorum
960 1029 1110 1068 servitus,
1127 1029 1182 1061 im-

445 1080 550 1123 probo
576 1079 712 1120 affecta,
744 1081 808 1114 sive
836 1082 1007 1115 ambitioso
1032 1083 1182 1116 ecclesia-

445 1132 600 1166 sticorum
630 1134 788 1176 graduum
825 1135 1009 1178 cupiditatis
1041 1136 1180 1169 consilio

446 1185 551 1226 ducti,
576 1186 764 1219 hominibus
790 1188 915 1231 trepide
940 1189 1179 1232 paciscentibus

443 1237 540 1271 fidem
567 1239 736 1279 habentes,
755 1246 787 1272 et
805 1245 911 1273 tamen
936 1242 999 1274 Deo
1025 1242 1181 1275 veraciter

443 1292 646 1336 promittenti
679 1293 812 1326 minime
848 1295 1044 1336 credentes,
1072 1306 1178 1328 sacras

443 1344 529 1388 ipsas
548 1346 737 1386 electiones,
755 1357 834 1389 quas
859 1348 1056 1380 sanctissimi
1076 1348 1180 1381 Eccle-

442 1398 509 1431 siae
535 1409 676 1432 canones
703 1399 789 1432 omni
816 1403 910 1442 prava
935 1401 1084 1444 pactione
1105 1403 1179 1434 sub-

441 1453 526 1484 mota
552 1452 662 1495 peragi
690 1457 752 1485 tam
779 1453 925 1486 districte
950 1454 1174 1498 praecipiunt,

440 1504 573 1545 illicitis,
598 1505 735 1545 iniustis,
762 1517 798 1538 ac
827 1517 886 1549 per
911 1512 959 1540 tot
983 1508 1176 1550 apostolicas

440 1558 626 1591 sanctiones
672 1559 858 1602 reprobatis
905 1560 1176 1594 conventionibus

439 1620 499 1654 per
523 1612 655 1651 electos,
679 1611 876 1656 quicumque
902 1613 947 1646 illi
973 1613 1046 1653 sint,
1066 1614 1178 1647 obser-

440 1663 571 1704 vandis,
599 1664 716 1707 quibus
741 1665 895 1698 canonica
919 1668 1106 1709 praesulum
1131 1667 1177 1699 iu-

438 1716 596 1757 risdictio,
618 1722 652 1749 ut
676 1718 863 1761 plurimum,
886 1718 1175 1760 circumscribitur,

438 1769 618 1802 vacantium
645 1771 854 1804 ecclesiarum
880 1772 952 1805 iura
976 1773 1172 1814 laeduntur,

439 1833 477 1855 ac
493 1822 592 1866 ipsius
619 1823 714 1856 ctiam
733 1824 937 1867 Apostolicae
963 1824 1053 1858 Sedis
1070 1831 1176 1859 aueto-

439 1876 518 1910 ritas
543 1876 707 1910 interdum
733 1878 892 1919 violatur,
920 1883 1044 1912 temere
1069 1880 1177 1923 inqui-

438 1939 517 1962 nare
543 1935 701 1972 satagant,
721 1936 815 1974 atque
834 1932 877 1964 ita
897 1932 1175 1966 abominationem

440 1982 651 2016 desolationis
681 1983 714 2016 in
748 1985 966 2017 sanctuarium
998 1985 1173 2026 invehere,

438 2044 608 2079 sacrasque
634 2036 797 2070 Ecclesiae
823 2038 1004 2079 dignitates,
1031 2039 1069 2071 ad
1095 2050 1173 2082 quas

439 2087 515 2120 olim
534 2086 663 2122 n‘onnisi
683 2099 718 2122 ex
738 2091 976 2132 persecutionis
1003 2092 1175 2125 tolerantia

439 2141 698 2181 ascendebatur,
726 2142 757 2174 in
791 2148 917 2186 turpem
947 2140 1113 2186 quaestu'm
1139 2155 1175 2178 ac

440 2193 646 2226 tenebrarum
678 2196 841 2237 negotium
878 2203 1076 2231 commutare
1109 2200 1175 2231 mi-

438 2245 526 2279 nime
548 2253 730 2288 vereantur,
749 2251 814 2282 non
832 2249 900 2282 sine
924 2251 1108 2292 gravissima
1129 2262 1175 2284 ec·

439 2299 637 2333 clesiasticae
674 2301 866 2344 disciplinae
903 2305 1171 2346 perturbatione,

438 2351 582 2385 fidelium
607 2353 782 2395 scandalo„
795 2365 831 2387 ac
856 2357 968 2389 salutis
993 2358 1172 2390 animarum

438 2405 650 2439 detrimento:

481 2460 496 2503 ἓ
520 2459 550 2492 4.
579 2460 660 2492 Iline
684 2465 733 2493 est
766 2462 851 2504 quod
885 2472 965 2503 nos,
990 2464 1044 2507 qui
1070 2465 1171 2498 liber-

438 2512 525 2553 tatis,
551 2513 793 2555 iurisdictionis,
819 2515 1024 2559 aliorumque
1055 2518 1192 2551 iurium¹

472 2585 480 2610 ¹
505 2584 623 2620 Reliqua
634 2585 794 2621 omittimus,
808 2586 870 2621 quia
883 2587 972 2614 videre
992 2593 1169 2623 csttom.v11,

433 2635 494 2664 pag.
516 2628 566 2655 827
588 2631 623 2665 (a.
645 2630 693 2663 T.).

1201 289 1519 323 =ecclesiasti00rnm
1552 294 1726 323 assertores
1759 289 1790 322 in
1820 289 1913 322 terris
1938 298 1954 320 a

1201 311 1358 375 ¹Domino
1390 343 1554 376 constituti
1592 354 1721 383 sumus,
1746 343 1955 385 omniumque

1224 396 1486 429 christifidelium
1525 407 1631 429 curam
1663 398 1802 440 superna
1839 396 1952 439 dispo-

1225 449 1343 482 sitione
1379 449 1544 491 gerimus,
1583 450 1700 481 abusus
1733 459 1956 492 quoscumque

1225 501 1308 534 circa
1325 502 1499 544 praemissa
1518 502 1720 534 introductos
1738 512 1753 534 e
1774 502 1881 535 medio
1899 502 1957 535 tol-

1225 554 1304 594 lere,
1323 554 1451 597 illisque
1473 554 1504 586 in
1530 554 1670 586 futurum
1696 564 1822 587 omnem
1847 564 1958 587 ansam

1225 605 1425 648 praecidere,
1447 616 1575 638 necnon
1596 605 1774 638 animarum
1792 606 1956 649 periculis,

1226 663 1381 701 quantum
1406 659 1501 691 nohis
1527 669 1563 691 ex
1590 660 1654 691 alto
1679 659 1880 699 conceditur,
1906 670 1959 692 oc-

1226 721 1356 744 currere
1382 711 1561 755 cupientes,
1588 712 1697 745 habita
1722 723 1821 756 super
1846 712 1958 746 iisdem

1226 764 1410 806 praemissis
1448 775 1518 798 cum
1554 764 1740 806 particulari
1773 764 1955 808 Congrega-

1227 817 1313 849 tione
1339 817 1572 850 venerabilium
1609 818 1740 850 fratrum
1773 824 1957 851 nostrorum

1202 887 1204 907 5
1226 869 1256 901 S.
1285 870 1320 901 R.
1350 870 1382 901 E.
1415 870 1626 904 cardinalium
1653 871 1797 904 eiusdem
1823 870 1958 904 Concilii

1225 922 1402 954 Tridentini
1428 923 1653 966 interpretum,
1672 923 1725 967 qui
1743 934 1809 956 rem
1834 929 1959 956 mature

1227 975 1461 1016 discusserunt,
1482 976 1630 1018 diligenti
1657 977 1902 1017 deliberatione,
1921 977 1960 1009 de

1225 1027 1356 1060 illorum
1381 1028 1518 1061 consilio
1542 1029 1666 1072 pariter
1690 1035 1721 1062 et
1745 1040 1900 1070 assensn,
1926 1040 1961 1062 ac

1226 1081 1320 1114 etiam
1345 1087 1432 1114 motu
1454 1082 1599 1125 proprio,
1619 1088 1650 1115 et
1668 1093 1704 1116 ex
1724 1085 1808 1116 certa
1826 1083 1961 1116 scientia

1224 1144 1260 1166 ac
1285 1136 1409 1166 matura
1434 1134 1672 1168 deliberatione
1698 1135 1828 1175 nostris,
1855 1136 1959 1179 deque

1224 1188 1420 1230 apostolicae
1437 1189 1604 1230 potestatis
1622 1188 1836 1232 plenitudine,
1852 1189 1960 1222 omnia

1224 1246 1255 1273 et
1273 1241 1399 1283 singula
1417 1242 1593 1283 praemissa
1611 1253 1626 1274 a
1645 1242 1795 1285 praefatis
1812 1241 1957 1283 Nicolao,

1223 1347 1340 1386 stituta,
1367 1348 1525 1387 ordinata,
1555 1347 1747 1387 interdicta,
1775 1349 1902 1381 decreta
1928 1354 1959 1382 et

1223 1399 1401 1442 respective
1427 1401 1600 1440 declarata,
1627 1406 1662 1433 ut
1685 1402 1879 1444 praefertur,
1912 1412 1960 1434 ex-

1221 1451 1433 1495 peditasque¹
1467 1453 1606 1496 desuper
1641 1453 1772 1486 illorum
1804 1454 1960 1486 constitu-

1223 1504 1325 1537 tiones
1358 1515 1413 1537 seu
1439 1505 1559 1538 litteras
1590 1506 1813 1548 supradictas,
1842 1512 1957 1539 tenore

1221 1558 1438 1600 praesentium
1457 1563 1617 1601 perpetuo
1635 1559 1864 1601 approbamus,
1883 1569 1958 1592 con—

1220 1612 1384 1644 firmamus
1416 1616 1448 1643 et
1479 1611 1694 1651 innovamus,
1729 1611 1859 1654 illisque
1885 1622 1958 1655 per-

1219 1672 1336 1709 petuae
1366 1670 1460 1707 atque
1494 1665 1727 1707 irrefragabilis
1760 1665 1956 1708 apostolicae

1220 1718 1380 1750 firmitatis
1406 1718 1514 1757 robur,
1538 1717 1753 1760 patrocinium
1781 1723 1812 1751 et
1834 1718 1958 1762 praesi-

1220 1771 1306 1803 dium
1334 1771 1515 1804 adiicimus.

1219 1877 1338 1910 firmius
1357 1883 1451 1920 atque
1477 1877 1697 1910 inviolabilius
1717 1879 1756 1911 de
1775 1883 1882 1911 cetero
1898 1879 1955 1912 ob-

1219 1936 1397 1971 serventur,
1425 1932 1509 1963 ultra
1533 1942 1645 1964 omncs
1665 1936 1695 1963 et
1716 1931 1859 1974 singulas
1877 1942 1955 1975 poe-

1218 1995 1274 2017 nas
1298 1984 1330 2017 in
1357 1983 1472 2016 iisdem
1504 1984 1790 2017 constitutionibus
1816 1995 1871 2017 seu
1904 1985 1956 2018 lit-

1220 2038 1296 2070 teris
1322 2037 1490 2081 impositas
1508 2064 1515 2077 ,
1540 2037 1729 2080 privationis
1754 2038 1953 2080 dignitatum,

1218 2090 1461 2124 canonicatuum
1481 2095 1511 2122 et
1529 2091 1789 2132 praebendarum
1807 2091 1953 2125 aliorum·

1219 2154 1280 2188 que
1306 2143 1541 2176 beneficiorum
1568 2143 1881 2183 ecclesiasticorum,
1908 2150 1950 2185 ct,

1218 2198 1323 2241 quoad
1354 2197 1542 2240 regularcS,
1577 2196 1672 2229 etiam
1709 2197 1796 2230 vocis
1831 2198 1952 2231 activae

1217 2256 1249 2284 et
1274 2250 1434 2294 passivae,
1455 2259 1491 2282 ac
1516 2249 1695 2291 graduum,
1721 2260 1891 2282 munerum
1923 2256 1954 2283 et

1218 2304 1397 2337 officiorum
1424 2308 1487 2335 tam
1513 2312 1794 2345 quorumcumque
1819 2313 1878 2345 per
1897 2314 1953 2336 cos

1217 2357 1398 2400 respective
1439 2356 1672 2395 obtentorum,
1709 2361 1953 2400 perpetuaeque

1215 2409 1432 2443 inhabilitatis
1457 2409 1494 2441 ad
1521 2408 1575 2440 illa
1609 2413 1640 2440 et
1669 2408 1729 2440 alia
1761 2408 1877 2441 similia
1902 2410 1951 2442 vel

1215 2463 1386 2497 dissimilia
1401 2472 1623 2506 quaecumque
1640 2462 1672 2494 in
1690 2467 1855 2504 posterum
1874 2473 1953 2505 quo·

1214 2517 1394 2550 modolibet
1425 2515 1600 2549 obtinenda
1625 2526 1764 2558 poenas,
1791 2526 1850 2558 per
1874 2526 1951 2549 con-

1253 2591 1259 2615 l
1284 2588 1350 2615 Male
1366 2588 1432 2614 edit.
1449 2587 1533 2613 Main.
1556 2586 1620 2621 legit
1641 2586 1790 2621 expeditas
1811 2594 1882 2621 quae
1901 2594 1950 2620 pro

1213 2633 1414 2667 eaepvdz'lasque
1432 2632 1472 2666 (n.
1488 2631 1535 2666 T.).

1959 240 2012 266 An.
2031 239 2062 267 C.
2080 239 2148 266 1695

1223 1294 1278 1326 Pio
1304 1300 1336 1327 et
1368 1294 1524 1337 Gregorio
1554 1295 1863 1338 praedecessoribus
1887 1306 1962 1328 con-

1261 1824 1274 1867 ἓ
1304 1824 1334 1856 5.
1363 1824 1555 1865 Praeterea,
1580 1829 1615 1856 ut
1640 1825 1752 1858 eadem
1778 1825 1955 1868 praemissa
1992 1837 2087 1858 Adiectio
2112 1843 2148 1859 „0-

1966 1869 2037 1911 ξὲἑιῑῖω
2069 1870 2148 1891 poena-
