2227 3225
110 242 161 271 An.
181 240 211 269 G.
229 240 296 268 1699

144 781 254 802 Decretum
267 787 300 801 rc-

105 808 190 829 'fcrtnin

906 232 1115 257 INNOCENTIUS
1140 231 1184 255 xt1
1208 232 1255 254 Pr.

473 284 675 320 CLXXXVIII
702 283 762 326 (al.
790 281 881 325 181).

307 358 526 400 Consti-macm-
550 356 713 389 decretum
742 353 929 397 provinciae
953 352 985 385 S.
1010 352 1051 384 E—

349 411 496 453 vanqelii
529 411 564 442 in
598 410 688 442 Νουά
713 407 883 451 Hispania
917 405 1050 440 Ordinis

350 466 519 499 Minorum
530 464 566 496 de
577 462 738 496 obseram
746 461 791 493 tia
799 460 1051 494 Recollectormn

352 519 390 551 de
423 516 572 560 elv'yendo
608 526 673 548 uno
710 514 878 557 definitore
910 512 1073 546 είυειίεηιἸ

352 582 411 616 pro
416 571 541 604 vinciae
565 570 586 602 ¹.

491 649 689 678 Innocentius
710 649 790 683 Papa
810 648 874 680 xn,

446 697 483 723 ad
504 697 643 723 futuram
662 694 708 722 rei
730 694 917 721 memoriam.

356 769 370 812 ξ
391 768 422 801 1.
442 766 568 811 Exponi
593 766 689 798 nobis
713 775 820 807 nuper
845 764 992 796 fecerunt
1008 762 1054 794 di-

311 821 386 855 lecti
411 820 466 854 filii
494 821 609 852 fratres
634 817 820 862 proviiiciae
838 816 869 849 S.
889 815 1053 858 Evangelii

310 880 516 918 nuncupatae
534 874 566 906 in
585 872 673 906 Nova
690 871 843 914 IIispania
861 869 992 903 Ordinis
1006 869 1055 901 Mi-
1075 890 1077 894 -

311 939 430 962 norum
456 927 558 961 sancti
582 925 745 959 Francisci
778 924 817 957 de
843 922 1054 956 Observantia

311 982 576 1015 Recollectorum
588 984 858 1022 nuncupatorum,
871 976 1055 1020 quod(cu1n

312 1035 345 1068 in
371 1033 659 1068 constitutionibes
677 1031 887 1076 generalibus
905 1030 981 1064 dicti
1000 1029 1057 1062 Or-

312 1088 397 1121 dinis
424 1088 625 1131 disponatur,
651 1092 686 1118 ut
711 1086 743 1118 in
766 1084 905 1127 singulis
932 1083 1057 1126 capitu-

312 1141 351 1175 lis
372 1140 626 1184 provincialibus
652 1138 893 1183 provinciarum
914 1136 1055 1169 familiae

312 1195 574 1227 ultramontanae
589 1192 735 1226 eiusdem
749 1190 880 1224 Ordinis
897 1201 956 1233 pro
975 1195 1057 1222 tem-

313 1257 393 1290 pore
431 1246 638 1279 celebrandis
678 1255 761 1277 unus
801 1243 977 1286 religiosus
1020 1253 1055 1275 ex

313 1305 397 1334 statu
422 1299 677 1333 Recollectionis
703 1298 832 1331 Ordinis
871 1296 1056 1329 huiusmodi

313 1358 496 1386 assumatur
514 1352 595 1385 etin
613 1351 820 1385 definitorem
847 1350 981 1383 omnino
1007 1350 1058 1382 eli-

314 1412 415 1451 gatur,
443 1407 589 1449 haecque
615 1405 789 1448 dispositio
815 1405 848 1436 in
875 1404 960 1436 dicta
984 1403 1081 1446 pro-l

316 1460 420 1494 vincia
441 1470 500 1492 usu
525 1464 657 1501 recepta
683 1456 872 1502 reperiatur,
893 1457 978 1489 inter
1003 1457 1060 1488 fra-

316 1519 380 1546 tres
405 1523 490 1553 vero,
518 1512 571 1556 qui
597 1512 636 1545 de
663 1511 871 1544 observantia
897 1511 1058 1549 dicuntur,

316 1567 350 1600 in
376 1567 490 1600 eadem
507 1565 677 1610 provincia
695 1566 882 1605 existentes,
902 1564 1060 1608 quaedam

315 1619 447 1663 vigeant
470 1618 695 1663 partialitates,
714 1629 794 1662 quas
813 1619 928 1650 fratres
946 1618 985 1650 de
1003 1616 1060 1650 Ob-

318 1673 479 1706 servantia
524 1672 680 1715 praedicti
717 1672 815 1704 eti-am
847 1671 933 1704 inter
970 1670 1060 1713 ipsos

320 1731 521 1769 exponentes
539 1725 749 1757 introducere
768 1725 946 1766 tentarunt)
962 1723 1059 1756 iidem

320 1783 535 1821 exponentes,
552 1783 766 1821 agnoscentes
780 1776 990 1820 partialitates
1002 1776 1062 1808 hu-

320 1831 461 1864 iusmodi
487 1841 599 1863 eorum
625 1830 726 1873 quieti
745 1835 775 1862 et
793 1829 956 1872 religiosis
975 1828 1062 1861 insti-

322 1885 397 1917 tutis
422 1893 618 1927 repugnare,
637 1893 702 1916 non
721 1884 826 1916 solum
851 1892 904 1915 eas
929 1882 1062 1915 omnino

320 1938 531 1978 reiecerunt,
561 1947 674 1970 verum
700 1936 819 1976 etiam,
846 1946 911 1979 quo
940 1934 1063 1967 firmius

321 2002 379 2025 sua
396 1991 467 2024 iura
491 1995 672 2029 tuerentur,
695 1994 851 2023 curarunt
868 1994 903 2020 ut
929 1988 980 2021 die
1005 1998 1063 2021 xxii

323 2045 506 2079 decembris
531 2054 684 2083 uncxcw,
699 2046 763 2076 tota
784 2042 953 2086 provincia
971 2052 1064 2084 prae-

323 2099 408 2132 dicta
432 2098 585 2141 illiusque
612 2096 800 2130 definitorio
833 2095 1065 2129 consentienti-

322 2152 381 2185 bus
407 2157 439 2184 et
459 2150 753 2189 subscribentibus,
771 2150 855 2182 inter
876 2149 937 2182 alia
955 2149 1066 2182 edere-

323 2259 420 2293 licet:
452 2271 465 2290 α
490 2258 568 2291 Item
594 2257 845 2290 determinatum
864 2256 933 2296 suit,
956 2256 1065 2299 quod,

323 2313 399 2357 quia
435 2322 565 2355 semper
600 2316 708 2343 sancta
740 2309 940 2342 Recollectio
977 2306 1089 2341 istius'

378 2377 388 2402 1
413 2375 450 2402 De
466 2374 601 2401 electione
617 2372 771 2400 officialium
788 2380 836 2407 pro
858 2371 1002 2406 provinciis
1021 2371 1067 2398 Hi-

324 2420 433 2456 spaniae
461 2424 488 2446 et
513 2419 635 2446 Romana
655 2418 715 2445 vide
735 2417 885 2444 Innocentii
905 2417 937 2443 xt
959 2417 1066 2444 constit.

326 2465 389 2492 edit.
409 2471 565 2497 uncrxxxv,
590 2463 634 2490 die
657 2463 691 2489 16
716 2462 819 2497 aprilis,
845 2461 939 2496 pontif.
965 2469 1012 2494 ix,
1043 2465 1069 2488 et

326 2508 406 2535 huius
426 2508 563 2535 Pontificis
577 2507 685 2535 constit.
703 2506 767 2534 edit.
785 2512 904 2538 sinerer,
920 2505 962 2532 die
979 2506 1012 2531 12
1027 2513 1069 2532 se-

327 2552 468 2589 ptembris,
489 2552 582 2588 pontif.
603 2559 639 2585 v3
660 2551 733 2578 etde
749 2555 927 2586 procuratore
946 2550 1069 2585 generali

327 2598 388 2624 vide
408 2596 553 2624 Clementis
571 2596 605 2624 XI
633 2596 742 2624 constit.
764 2595 829 2624 edit.
852 2602 952 2630 mcccv,
973 2595 1016 2622 die
1037 2595 1068 2622 12

328 2642 429 2677 martii,
450 2642 546 2677 pontifi
567 2649 593 2669 v.

417 2696 498 2726 Bull.
519 2697 603 2725 Rom.
620 2711 654 2717 -
671 2696 731 2725 Vol.
748 2695 808 2724 XX.
954 2694 1005 2721 115

1093 279 1280 322 provinciae
1306 277 1511 310 definitorem
1529 281 1690 320 perpetuo
1717 280 1835 315 teneat,

1095 332 1305 365 conformiter
1335 331 1373 363 ad
1413 335 1540 362 nostras
1574 330 1662 372 leges
1699 329 1837 371 eligatur

1094 395 1222 428 semper
1265 394 1349 416 unus
1394 382 1548 415 definitor
1584 382 1836 414 Recollcctionis

1093 440 1214 482 absque
1240 448 1276 470 eo
1302 436 1389 480 quod
1415 435 1600 468 attendatur
1626 435 1665 467 ad
1691 435 1833 477 aliquam

1094 492 1344 536 partialitatcm3
1367 495 1398 523 et
1423 499 1506 529 casu,
1527 498 1591 531 quo
1610 488 1659 520 vel
1678 498 1714 520 ex
1733 493 1836 520 morte

1095 548 1144 579 vel
1172 556 1209 579 ex
1235 545 1297 578 alia
1315 552 1519 588 quacumque
1537 543 1633 574 causa
1652 540 1836 573 definitoris

1096 598 1347 632 Rccollectionis
1371 602 1479 629 votum
1503 599 1654 634 vacaret,
1681 598 1838 625 statutum

1095 652 1247 695 generale
1266 651 1304 683 de
1324 650 1386 682 hoc
1403 653 1524 692 puncto
1543 652 1744 691 pertractans
1772 656 1839 679 ser-

1100 706 1228 739 vabitur
1253 716 1284 738 ».

1141 760 1155 803 ξ
1180 759 1211 792 Q.
1240 759 1316 792 Cum
1343 762 1464 796 autem,
1489 757 1572 789 sicut
1602 756 1715 789 eadem
1741 765 1841 798 expo-

1097 812 1170 845 sitio
1196 811 1423 854 subiungebat‚
1448 810 1543 842 variis
1581 809 1705 841 artibus
1732 814 1763 841 et
1788 818 1842 841 co-

1097 866 1223 899 loribus
1238 865 1406 897 decrctum
1417 862 1604 896 huiusmodi
1620 862 1649 894 in
1666 861 1841 894 maximum

1098 917 1351 951 Recollectionis
1365 917 1450 949 inter
1465 920 1665 959 exponentes
1677 914 1842 958 praefatos

1099 972 1263 1005 stabilitae
1283 970 1517 1014 praeiudicium
1540 968 1640 1008 eludi,
1669 978 1704 1001 ac
1729 969 1844 1000 saltem

1099 1025 1257 1058 indirecte
1276 1024 1375 1056 averti
1403 1028 1560 1056 tentatum
1580 1021 1695 1061 suerit·,
1715 1031 1751 1054 ac
1767 1031 1844 1064 pro-

1100 1079 1175 1112 inde
1199 1078 1276 1112 dicti
1295 1083 1498 1121 exponentes
1525 1077 1615 1116 illud,
1638 1087 1700 1119 quo
1725 1085 1845 1118 perpe-

1101 1139 1187 1166 tuam
1208 1131 1337 1165 roboris
1365 1131 1513 1164 obtineat
1538 1130 1731 1169 firmitatem,
1751 1139 1810 1161 nec
1829 1139 1846 1160 a

1100 1197 1275 1230 quoquam,
1291 1187 1350 1218 sub
1376 1185 1489 1228 quovis
1514 1189 1694 1227 praetextu,
1721 1182 1845 1215 directe

1100 1242 1149 1274 rel
1176 1240 1344 1279 indirecte,
1361 1238 1510 1277 convelli,
1539 1242 1592 1270 aut
1616 1247 1713 1280 prave
1740 1236 1847 1268 detor-

1102 1293 1195 1337 queri
1220 1303 1363 1335 unquam
1389 1291 1502 1335 possit,
1536 1290 1734 1333 apostolicae
1767 1299 1846 1321 con-

1101 1346 1294 1379 firmationis
1326 1351 1459 1378 nostrae
1492 1343 1676 1387 patrocinio
1703 1352 1848 1375 commu-

1101 1401 1167 1434 niri
1194 1410 1401 1443 summopere
1428 1398 1637 1431 desiderent:
1656 1407 1732 1436 nos,
1758 1396 1847 1439 ipsos

1103 1459 1303 1497 exponentes
1321 1452 1518 1496 specialibus
1539 1451 1703 1484 favoribus
1725 1455 1757 1483 et
1775 1460 1848 1492 gra-

1104 1508 1155 1540 tiis
1180 1506 1335 1550 prosequi
1360 1507 1520 1545 volentes,
1548 1510 1579 1537 ct
1604 1514 1716 1537 eorum
1736 1503 1850 1545 singu-

1103 1562 1187 1594 lares
1211 1570 1368 1604 personas
1390 1570 1407 1591 a
1432 1558 1597 1601 quibusvis
1629 1557 1851 1590 exeommuni-

1104 1613 1250 1653 cationis,
1274 1612 1501 1656 suspensionis
1527 1617 1558 1644 et
1574 1610 1749 1651 interdicti,
1765 1609 1851 1643 aliis-

1104 1678 1166 1711 que
1200 1665 1432 1700 ecclesiasticis
1463 1664 1661 1704 sententiis,
1699 1663 1850 1697 censuris

1105 1726 1136 1753 et
1161 1720 1285 1764 poenis,
1312 1730 1329 1752 a
1352 1718 1423 1751 iure
1449 1719 1500 1751 vel
1526 1718 1565 1750 ab
1600 1717 1746 1757 homine,
1772 1726 1851 1759 qua-

1082 1775 1150 1817 kvis
1177 1773 1350 1807 occasione
1380 1774 1430 1805 vel
1458 1773 1551 1804 causa
1577 1771 1658 1809 latis,
1681 1770 1705 1803 si
1733 1770 1852 1813 quibus

1105 1827 1356 1872 quomodolibet
1396 1826 1574 1858 innodatae
1618 1824 1779 1862 existunt,
1812 1823 1853 1855 ad

1083 1882 1258 1921 {effectum
1290 1879 1513 1923 praesentium
1541 1879 1707 1911 dumtaxat
1736 1886 1853 1909 conse-

1107 1934 1281 1977 quendum,
1316 1933 1432 1965 harum
1466 1932 1549 1964 serie
1582 1931 1789 1963 absolventes
1821 1935 1854 1962 et

1084 2018 1086 2030 ,
1107 1988 1271 2020 absolutas
1298 1986 1366 2019 fore
1400 1990 1582 2025 censentes,
1605 1983 1854 2027 supplicationi-

1084 2049 1086 2077 ἶ
1107 2042 1168 2074 bus
1194 2050 1306 2073 eorum
1327 2039 1461 2072 nomine
1482 2037 1577 2070 nobis
1595 2048 1693 2080 super
1711 2037 1774 2069 hoc
1793 2037 1854 2068 hu-

1107 2095 1227 2127 militer
1252 2093 1411 2137 porrectis
1436 2091 1592 2129 inclinati,
1620 2091 1658 2124 de
1684 2090 1855 2123 venerabi-

1085 2167 1087 2179 ἴ
1107 2149 1186 2181 lium
1211 2148 1348 2180 fratrum
1374 2151 1561 2179 nostrorum
1587 2144 1619 2177 S.
1636 2144 1672 2177 R.
1692 2143 1727 2176 E.
1748 2143 1854 2176 cardi-

322 2211 375 2239 tur
392 2206 559 2239 decretum
578 2204 700 2237 tenoris
726 2204 780 2246 qui
802 2203 964 2246 sequitur,
977 2203 1066 2235 vide·
1087 2203 1088 2206 ’

1108 2201 1230 2235 nalium
1254 2199 1395 2242 negotiis
1414 2204 1445 2231 et
1462 2197 1758 2230 consultationibus
1784 2196 1853 2240 epi-

1109 2264 1283 2298 scoporum
1304 2257 1335 2286 et
1360 2250 1562 2294 regularium
1580 2249 1853 2294 praepositorum,

1111 2309 1164 2353 qui
1182 2309 1336 2341 dilectum
1355 2307 1453 2340 etiam
1471 2305 1572 2338 filium
1593 2303 1854 2337 commissarium

1111 2362 1298 2405 generalem
1329 2359 1443 2393 Curiae
1480 2357 1555 2391 dicti
1591 2357 1721 2390 Ordinis
1757 2366 1856 2399 super

1110 2414 1295 2459 praemissis
1327 2413 1531 2452 audiverunt,
1563 2410 1711 2449 consilio,
1744 2410 1857 2442 decre-

1112 2474 1178 2502 tum
1196 2469 1444 2512 praeinsertum,
1458 2465 1649 2498 auctoritate
1667 2462 1854 2506 apostolica,

1113 2529 1227 2556 tenore
1244 2521 1476 2565 praesentium,
1499 2518 1728 2552 confirmamus
1746 2522 1778 2549 et
1802 2527 1857 2559 ap-

1111 2576 1301 2621 probamus,
1325 2574 1438 2617 illique
1472 2571 1670 2605 inviolabilis
1698 2570 1857 2613 apostoli-

1112 2640 1168 2664 cae
1186 2627 1346 2662 firmitatis
1364 2626 1465 2660 robur
1487 2624 1670 2666 adiicimus,
1687 2633 1723 2657 ac
1741 2632 1856 2657 omnes

1732 216 1796 251 913
1844 225 1894 252 An.
1915 225 1944 252 c.
1963 224 2030 251 1699

1901 763 2038 784 Confirmatio

1853 791 1915 812 rel-iti
1931 791 2021 810 itt-cren.
