2227 3225
93 230 156 259 ,An-

177 230 200 258 Ἰ,
228 230 287 257 tuot

878 228 1086 253 lwontts'ritis
1114 232 1154 254 xii
1183 232 1227 254 rr.

296 279 372 312 sciat
395 289 429 313 se
450 289 522 312 esse
544 279 866 317 excommunicatnin,
886 278 917 310 in
938 288 1034 321 quain

298 342 335 365 ex
360 342 445 365 nunc
470 332 576 376 ipsun]
602 332 806 365 declaramus
832 332 1009 364 incursum.

340 395 374 418 11.
402 385 534 418 Praeter
558 385 630 425 has,
655 385 789 428 insuper
817 394 938 427 poenas
963 394 1034 427 gra-

296 437 444 471 vissimae
462 438 575 481 culpae
597 438 747 481 superius
766 438 869 470 illatas
888 436 966 480 ipsis
983 448 1034 469 su-

294 490 514 534 peraddimus,
528 501 599 523 cum
614 490 822 524 distinctione
840 496 947 523 tamen
962 500 1034 523 exe-

296 544 442 588 quendas
461 544 549 577 iuxta
570 544 789 578 diversitatem
810 543 981 577 criminum
1004 550 1034 577 ct

295 597 552 631 circumstantias
573 607 699 630 eorum.
725 596 883 637 Ceterum,
908 597 962 640 qui
988 602 1034 629 te-

294 661 384 684 mere
401 651 549 684 habitum
567 650 757 691 dimiserit',
775 655 905 694 praeter
925 651 1033 684 onmia

294 705 471 749 praedicta,
496 705 538 738 sit
562 705 658 737 etiam
682 704 714 737 in
739 709 902 738 conventu
926 704 1032 737 novis-

293 758 402 798 simus,
421 763 453 790 et
468 757 634 801 propriam
652 756 875 800 antiquitatem
894 767 959 790 non
976 757 1033 789 ob-

294 810 394 844 tineat
411 811 515 844 donec
539 820 597 854 per
621 810 812 852 magistrum
836 809 962 842 Ordinis
980 814 1033 842 aut

292 863 526 907 provincialem
544 873 614 896 cum
632 872 670 895 eo
689 862 784 895 suerit
800 862 1031 906 dispensatum,

291 916 390 949 modo
415 915 614 959 dispensatio
647 925 711 948 non
744 915 797 948 siat
820 915 883 948 nisi
909 915 1032 949 duobus

292 974 367 1012 post
390 969 483 1002 annis
508 979 526 1002 a
550 979 703 1011 regressu
729 968 768 1001 ad
798 968 975 1009 Ordinem3
1002 974 1034 1001 et

293 1022 438 1055 detracto
456 1021 688 1055 inviolabiliter
705 1027 773 1054 toto
795 1027 938 1064 tempore
955 1032 1033 1064 apo-

292 1076 409 1108 stasiae
438 1085 502 1118 quo
526 1075 685 1119 profugus
707 1081 739 1107 ct
764 1074 888 1107 alicnus
913 1075 953 1107 ab
977 1074 1033 1108 Or-

294 1127 368 1162 dine
393 1127 620 1171 permanserit.

338 1191 386 1215 111.
405 1180 497 1219 Quod
515 1181 540 1213 si
559 1181 702 1214 secundo
720 1181 962 1224 apostataverit,
982 1182 1031 1214 ch

294 1234 479 1276 aufugerit,
514 1234 597 1267 dicta
629 1244 736 1277 poena
767 1234 975 1277 duplicet111·;
1002 1239 1033 1266 et

293 1286 417 1329 pariter
441 1286 581 1329 idipsum
606 1285 659 1319 fiat
676 1286 812 1329 singulis
828 1286 950 1319 vicibus
967 1287 1033 1329 qui-

293 1339 352 1372 bus
378 1339 454 1372 talia
478 1339 687 1372 commiserit.
707 1339 739 1372 Si
764 1349 839 1372 vero
865 1340 897 1371 in
923 1349 956 1372 se
981 1350 1032 1371 re-

293 1402 402 1425 versus
427 1391 468 1425 ad
493 1391 687 1434 religionem
719 1394 774 1424 sua
809 1397 926 1434 sponte
959 1392 1031 1424 red-

293 1444 387 1485 ierit,
414 1449 447 1477 et
471 1444 640 1477 humiliter
671 1445 710 1477 ad
743 1444 845 1488 pedes
870 1446 1031 1488 praelato-

292 1508 363 1530 rum
389 1496 514 1529 veniam
539 1497 729 1537 exoraverit,
751 1497 843 1530 illum
869 1503 1030 1541 tamquam

292 1550 466 1594 prodigum
486 1551 526 1583 ad
547 1550 677 1583 domuin
698 1550 797 1593 patris
815 1556 1030 1584 revertentem

291 1603 432 1646 benigne
457 1603 659 1646 suscipiant,
683 1608 715 1636 et
744 1603 852 1635 mitius
877 1614 949 1636 cum
974 1604 1030 1637 illo

290 1666 325 1689 se
338 1660 460 1698 gerant,
479 1666 539 1689 nec
556 1666 626 1688 cum
645 1655 731 1688 omni
749 1656 922 1689 acerbitate
941 1667 1032 1700 prae-

291 1708 386 1741 dictis
411 1709 528 1752 poenis
553 1708 749 1749 subiiciunt,
773 1709 829 1742 sed
853 1720 915 1749 eas,
945 1709 1030 1743 iuxta

291 1761 519 1801 humilitatem,
538 1762 704 1805 lacrymas,
723 1762 979 1805 poenitudinem,
999 1768 1030 1796 et

290 1814 372 1848 labis
398 1815 494 1847 etiam
513 1814 781 1857 magnitudinem,
810 1821 1004 1859 temperent.

334 1878 378 1901 lv.
399 1867 440 1901 Ut
457 1877 534 1910 ergo
555 1867 632 1900 huic
649 1867 777 1900 Ordinis
796 1869 882 1901 malo
901 1874 931 1902 et
948 1870 1027 1913 ipsis

290 1921 360 1954 eius
385 1919 626 1958 desertoribus2
654 1921 815 1963 praelatis,
845 1927 878 1954 ut
902 1928 1029 1965 aposta-

289 1979 338 2007 tas
366 1978 398 2007 et
425 1971 576 2016 fugitivos
603 1973 707 2007 nostri
736 1973 874 2014 Ordinis,
896 1975 921 2008 si
947 1986 1027 2018 quos

287 2027 439 2061 noverint
470 2027 615 2069 evagari,
641 2026 817 2069 diligenter
840 2028 1027 2070 inquirant,

288 2086 321 2115 et
341 2086 586 2126 persequantur
616 2091 677 2124 per
709 2091 743 2114 se
774 2086 806 2113 et
830 2091 889 2124 per
912 2082 1027 2116 fratres

287 2134 350 2168 sihi
375 2134 542 2174 subditos,
568 2138 600 2166 et
622 2133 744 2177 ubique
769 2140 880 2177 captos
906 2135 945 2168 ad
970 2135 1026 2168 Or-

287 2187 399 2221 dinem
422 2188 592 2221 reducant.
619 2186 719 2225 Quem
737 2193 841 2220 autem
863 2189 1026 2231 praelatus

287 2240 588 2284 comprehenderit,
604 2242 745 2273 vinctum
770 2241 801 2273 in
827 2251 958 2275 carcere
975 2243 1024 2275 sni

287 2299 466 2328 conventus
482 2293 636 2334 detineat,
652 2299 707 2326 aut
718 2294 751 2327 in
766 2294 864 2327 alium
876 2294 960 2328 intra
972 2295 1026 2328 Or-

288 2347 397 2381 dinem
411 2347 507 2380 tutius
520 2347 713 2380 servandum
731 2348 902 2381 transferri
920 2349 1022 2389 saciat,

287 2406 319 2434 et
349 2401 475 2434 interea
499 2400 668 2434 certiorem
694 2401 734 2434 de
759 2401 816 2434 illo
840 2402 1024 2445 provincia-

1077 279 1143 317 ulii,
1164 279 1250 311 iuxta
1269 279 1397 312 decreta
1416 281 1534 315 I'rbani
1554 281 1626 321 VIII,
1650 284 1813 325 poeniten-

1078 332 1151 364 tiam
1177 332 1299 371 tacere,
1325 338 1356 365 et
1385 344 1507 376 poenas
1532 336 1657 367 solvere
1683 336 1810 369 debeat.

1120 395 1149 417 v.
1177 385 1253 418 Cum
1276 391 1382 419 autem
1401 392 1546 429 apostata
1563 398 1598 420 ex
1619 388 1722 420 aliena
1740 400 1814 431 pro-

1076 437 1180 471 vincia
1216 439 1329 479 t'ucrit,
1360 439 1392 472 id
1425 441 1570 482 generali
1602 443 1754 483 magistro
1783 448 1815 475 et

1075 490 1279 532 provinciali,
1300 491 1390 524 cuius
1419 492 1474 525 ille
1503 492 1544 525 sit
1571 493 1729 533 subditus,
1759 495 1813 526 de-

1075 543 1213 584 nuntiet,
1239 549 1274 576 ut
1298 545 1338 577 ad
1362 545 1510 578 eumdem
1536 546 1757 589 poenitentiae
1780 547 1813 578 si-

1075 605 1148 628 nen]
1167 597 1206 629 de
1232 597 1454 639 assignatione
1471 605 1650 631 conventus
1669 604 1701 631 et
1724 599 1812 632 illius

1074 648 1106 680 in
1125 659 1199 682 eum
1215 649 1435 683 conductione.
1453 651 1657 694 provideant.
1685 651 1715 684 si
1734 663 1811 685 vero

1074 702 1208 744 praelati
1234 708 1396 745 apostatas
1428 708 1460 735 et
1485 704 1632 746 fugitivos
1658 715 1813 748 suscepe-

1073 754 1147 795 rint,
1172 756 1221 787 vcl
1247 765 1319 795 eos,
1344 760 1379 787 ut
1404 757 1615 798 praedicitur,
1634 757 1695 790 sihi
1716 764 1811 791 notos

1075 809 1185 840 exacta
1209 808 1429 842 sollicitudine
1454 819 1518 842 non
1543 809 1719 852 requirant,
1741 821 1813 852 gra-

1075 861 1219 893 vissimas
1244 871 1277 894 se
1309 863 1460 895 noverint
1484 873 1609 906 poenas
1635 863 1705 906 ipso
1730 864 1812 897 sacto

1074 912 1258 953 incurrere,
1291 915 1482 948 auctoritate
1514 915 1566 948 SS.
1602 915 1720 948 Urbani
1747 917 1812 949 t'tlt

1074 977 1091 999 a
1115 969 1203 999 sacra
1227 966 1487 1010 Congregatione
1512 967 1646 1002 Concilii
1678 968 1813 1002 Triden-

1075 1019 1131 1052 tini
1161 1020 1366 1054 severissime
1390 1022 1491 1061 latas,
1524 1026 1587 1054 tarn
1617 1022 1810 1065 privationis

1074 1073 1255 1106 officiorum
1281 1074 1473 1114 actualium,
1498 1084 1594 1117 quam
1618 1075 1708 1108 vocis
1735 1075 1812 1108 acti-

1073 1137 1129 1158 vae
1162 1132 1193 1159 et
1225 1127 1396 1170 passivae,
1430 1138 1467 1160 ac
1501 1133 1680 1171 perpetuae
1720 1129 1812 1162 inha-

1074 1179 1207 1212 bilitatis
1233 1180 1273 1213 ad
1295 1179 1362 1220 illa,
1383 1185 1414 1213 et
1438 1190 1510 1214 cum
1528 1182 1746 1215 reservatione
1771 1182 1811 1216 ad

1074 1232 1329 1265 Sanctissimum.

1117 1295 1161 1318 vt.
1188 1285 1219 1318 Si
1237 1285 1308 1328 quis
1326 1286 1459 1329 insuper
1476 1297 1547 1320 cum
1566 1287 1683 1321 semina
1701 1289 1810 1330 sugam

1074 1339 1218 1381 ceperit,
1245 1344 1300 1370 aut
1324 1348 1434 1371 secum
1465 1339 1550 1372 bona
1574 1340 1703 1373 Ordinis
1726 1342 1811 1374 dire-

1074 1396 1127 1432 pta
1147 1391 1196 1423 vel
1215 1391 1354 1433 expilata
1371 1391 1536 1430 detulerit,
1554 1393 1710 1434 puniatur
1728 1393 1811 1426 sicut

1073 1443 1127 1475 ille
1152 1443 1204 1486 qui
1230 1443 1279 1476 bis
1304 1443 1432 1476 Ordinis
1459 1444 1607 1478 desertor
1631 1445 1786 1478 extiterit.

1116 1505 1171 1529 vit.
1199 1495 1256 1534 Qui
1281 1506 1358 1529 vero
1390 1502 1480 1539 septa
1511 1498 1700 1531 monasterii
1727 1499 1812 1532 sran-

1073 1559 1164 1591 gens,
1186 1554 1218 1582 et
1242 1549 1281 1581 ab
1306 1549 1361 1582 illo
1379 1549 1411 1582 in
1430 1549 1545 1582 effectu
1571 1551 1741 1591 recedens,
1760 1563 1811 1585 ve-

1073 1613 1139 1635 ram
1157 1603 1353 1646 apostasiam
1377 1604 1426 1636 vel
1458 1603 1563 1645 sugam
1588 1604 1756 1647 inceperit,
1780 1610 1812 1638 et

1072 1657 1170 1698 paulo
1184 1661 1257 1700 post
1273 1662 1460 1696 revertatur,
1479 1657 1555 1689 licet
1572 1657 1710 1690 brevitas
1732 1663 1811 1691 tem-

1073 1709 1159 1752 poris
1184 1720 1243 1742 nec
1274 1720 1380 1742 veram
1412 1710 1499 1743 tollit
1529 1711 1726 1753 apostasiam
1756 1718 1811 1744 aut

1072 1762 1190 1805 sugam,
1207 1764 1257 1795 vel
1275 1762 1616 1795 excommunicationis
1632 1763 1810 1805 incursum,

1070 1821 1167 1858 atque
1198 1816 1278 1848 adeo
1312 1815 1544 1848 absolvendum
1577 1826 1649 1848 esse
1683 1817 1721 1848 ab
1754 1817 1810 1850 illa

1070 1879 1282 1908 censeamus,
1305 1869 1454 1901 nolumus
1479 1874 1587 1901 tamen
1613 1874 1646 1902 ut
1672 1869 1715 1902 ita
1740 1880 1810 1912 gra-

1069 1921 1151 1953 viter
1190 1922 1343 1964 puniatur
1377 1931 1413 1953 ac
1447 1921 1572 1960 ceteri,
1597 1932 1657 1954 nec
1692 1922 1807 1965 poenis

1069 1974 1277 2016 gravissimae
1291 1974 1405 2017 culpae
1419 1974 1594 2014 subiaceat,
1611 1975 1667 2008 sed
1683 1980 1806 2008 tantum

1068 2027 1245 2070 gravioris,
1274 2038 1354 2071 quas
1380 2027 1483 2060 adhuc
1508 2033 1724 2071 attemperare
1749 2040 1808 2073 po-

1068 2082 1145 2113 terit
1168 2082 1332 2124 praelatus
1352 2081 1439 2112 iuxta
1464 2081 1620 2123 temporis
1637 2083 1805 2123 morulam,

1068 2141 1100 2168 et
1124 2133 1314 2167 revertentis
1339 2133 1555 2166 humilitatem
1581 2140 1611 2166 et
1636 2135 1803 2178 lacrymas.

1110 2199 1180 2222 v111.
1207 2187 1251 2220 Ne
1269 2197 1347 2229 ergo
1365 2186 1445 2219 haec
1465 2192 1497 2219 et
1514 2186 1577 2220 alia
1598 2187 1742 2229 crimina,
1762 2189 1804 2221 ob

1067 2252 1238 2284 processus
1264 2240 1427 2273 defectum
1458 2240 1507 2272 vel
1545 2239 1682 2282 praelati
1708 2241 1806 2273 silen-

1067 2295 1156 2334 tium,
1172 2293 1329 2337 impunita
1353 2297 1517 2332 maneant,
1540 2293 1690 2325 omnibus
1714 2304 1805 2337 prae-

1066 2349 1155 2387 latis,
1185 2347 1280 2381 etiam
1305 2346 1460 2387 magistro
1486 2346 1643 2387 generali,
1657 2346 1802 2380 districte

1066 2401 1295 2444 praecipimus,
1311 2404 1346 2431 ut
1362 2404 1474 2431 contra
1496 2399 1680 2431 huiusmodi
1695 2400 1802 2432 crimi-

286 2453 350 2487 lem
374 2453 497 2493 reddat,
515 2458 551 2485 ut
575 2459 765 2486 conventum
785 2454 845 2497 ipsi
864 2450 1022 2498 designet,
1041 2443 1045 2490 I
1065 2464 1173 2493 nosos,
1203 2464 1238 2485 ac
1263 2452 1360 2486 etiam
1382 2451 1632 2494 proprietarios,
1659 2452 1800 2485 incorri-

322 2535 333 2560 1
355 2533 429 2560 Edit.
448 2532 529 2560 Main.
550 2533 615 2568 legit
633 2533 801 2561 dimiserint
820 2534 859 2569 (n.
876 2535 925 2569 T.).

320 2577 337 2604 2
351 2576 447 2612 Aliqua
458 2577 565 2611 desunt,
578 2585 620 2604 ex.
631 2585 658 2612 g.
672 2578 875 2612 provideatur,
890 2579 1023 2607 commit-

286 2624 375 2652 timus
389 2626 426 2656 (n.
443 2622 491 2656 τ,).

374 2677 452 2706 Bull.
473 2676 554 2703 Rom.
575 2691 609 2696 —
632 2676 692 2705 Vol.
712 2676 764 2703 XX
903 2675 937 2703 39

1065 2507 1183 2550 gibiles
1216 2512 1248 2539 et
1270 2515 1491 2549 quoscumque
1516 2504 1597 2537 alios
1622 2505 1801 2547 graviorem

1065 2566 1097 2592 et
1130 2558 1351 2603 gravissimam
1384 2559 1510 2601 culpam
1540 2557 1798 2597 committentes,

1064 2623 1237 2657 processus
1271 2617 1302 2645 et
1333 2621 1446 2645 causas
1480 2610 1728 2654 diligentissime
1753 2609 1801 2643 in-

1711 226 1774 257 ,⁶305
1821 236 1998 266 A11‚C.tf391
