2227 3225
144 216 192 243 An.
209 216 238 243 C.
264 216 325 244 icat

185 1645 254 1666 Cnrr
269 1645 292 1666 tl.

173 1673 202 1693 Do
211 1673 328 1692 studiorum

146 1702 239 1724 regente.

925 215 1131 239 lNNOCENTtth
1158 216 1199 238 ΧΗ
1227 215 1272 238 PF.

336 263 454 298 hlicas:
474 273 536 297 nec
571 264 721 298 similiter
757 263 931 307 praedictis
958 265 1073 297 diebus

337 318 376 350 ad
402 327 592 350 communes
627 317 848 350 recreationes
880 327 934 350 eos
958 327 1072 360 proce-

340 370 419 403 dere
459 369 675 412 permittant¹‚
704 380 765 402 nec
792 370 871 413 ipsis
899 370 1074 403 lectionem

337 432 540 466 quacumque
564 422 688 455 ratione
714 422 924 465 prohibeant.

381 485 436 508 vu.
463 474 599 518 Insuper
630 475 879 516 constituimus,
906 481 941 508 ut
964 476 1072 509 nullus

337 528 436 561 frater
453 527 600 560 mittatur
617 528 656 560 ad
675 520 848 570 collegium
865 539 924 572 pro
943 529 1074 561 audien-

338 581 377 613 da
402 580 582 623 theologia,
602 580 664 613 nisi
689 591 748 624 per
773 591 872 613 unum
897 591 1016 615 annum
1041 582 1074 614 in

338 632 402 665 alia
426 632 520 666 domo
546 632 677 666 auditor
705 632 792 666 illius
817 633 970 666 extiterit.
999 633 1073 667 Cum

338 690 448 718 autem
473 685 642 728 eligendus
668 686 725 725 sit,
751 685 807 718 siat
830 696 959 729 semper
983 697 1076 730 prae-

338 738 387 772 vio
413 738 560 772 examine
586 744 618 772 et
642 739 850 782 oppositione
869 740 999 783 publica
1024 752 1075 774 co-

338 802 408 825 ram
432 793 577 835 praelato
603 792 775 835 superiori,
804 793 997 836 exponendo
1017 794 1075 827 sci-

339 845 415 879 licet
434 855 494 888 per
518 845 686 878 dimidiam
711 845 824 878 horam
854 846 1075 889 quaestionem

338 898 388 931 vel
420 898 587 930 materiam
619 898 762 941 aliquam
795 899 835 931 de
867 898 988 931 artibus
1013 900 1075 932 sibi

338 956 413 984 ante
439 951 693 994 vigintiquatuor
717 951 837 991 horas,
863 957 895 985 et
921 962 986 985 non
1012 964 1077 985 am-

340 1003 434 1047 plius,
453 1003 609 1043 sortitam,
629 1010 661 1036 et
676 1004 811 1036 ulterius
829 1014 886 1047 per
911 1005 1077 1037 dimidiam

340 1056 569 1098 respondendo
595 1057 794 1098 argumentis
818 1056 851 1089 in
876 1056 963 1090 illam
989 1058 1078 1091 obie-

341 1109 399 1142 ctis
417 1120 434 1142 a
456 1110 521 1142 suis
546 1109 802 1152 oppositorihus,
822 1111 884 1149 vel,
899 1121 1010 1143 eorum
1029 1112 1079 1145 de-

341 1162 450 1202 fectu,
479 1162 518 1195 ab
549 1162 601 1195 his
626 1173 708 1206 quos
739 1164 902 1205 praelatus
929 1164 1079 1207 superior

341 1215 579 1257 designaverit;
614 1215 668 1258 qui
693 1216 804 1256 illum,
830 1217 856 1249 si
881 1217 1078 1260 approbatus

341 1268 505 1307 manserit,
520 1268 640 1310 poterit
670 1268 709 1302 ad
739 1268 911 1310 collegium
936 1269 1076 1302 mittere.

385 1330 455 1353 v111.
482 1320 630 1353 Praesato
660 1321 800 1363 denique
832 1323 978 1364 praelato
1004 1332 1079 1354 con-

340 1372 524 1413 stituimus,
550 1377 593 1412 ut,
620 1374 711 1406 nulla
734 1374 861 1407 ratione
886 1376 935 1407 vel
968 1377 1077 1414 causa,

341 1424 535 1457 novitiorum
563 1425 705 1467 aliquem
731 1426 770 1458 ad
796 1426 939 1459 studium
965 1428 1079 1460 artium

339 1478 388 1510 vel
411 1477 598 1520 theologiae
624 1478 788 1522 suscipiat,
809 1479 871 1511 nisi
897 1479 958 1512 iam
980 1491 1078 1513 uuum

340 1540 461 1563 annum
479 1530 513 1563 in
538 1531 694 1564 novitiatu
720 1533 907 1576 expleverit,
929 1538 964 1565 ut
983 1543 1079 1576 supe-

341 1583 409 1616 rius
434 1583 508 1616 dist.
536 1593 567 1616 tv
591 1594 664 1627 cap.
693 1595 728 1618 111
754 1585 959 1618 sancivimus.

384 1645 406 1669 1.
433 1637 512 1669 Cum
536 1637 718 1670 studiorum
743 1638 884 1680 pondua
910 1644 942 1671 et
966 1649 1076 1672 eorum

340 1693 428 1722 reeta
452 1689 546 1728 ratio,
567 1689 606 1722 ab
624 1699 690 1722 uno
716 1691 891 1731 directore,
906 1697 938 1724 et
955 1703 993 1725 eo
1012 1693 1078 1735 qui-

340 1741 414 1774 dem
440 1741 593 1781 sollicito,
611 1743 754 1785 pendere
780 1744 906 1783 debeat,
932 1750 964 1778 et
987 1756 1079 1788 prae-

341 1793 436 1836 cipua
455 1796 534 1826 cura
558 1795 734 1835 moderari,
754 1802 790 1827 ut
808 1796 985 1829 litterarius
1003 1808 1079 1840 ager

341 1846 401 1879 sub
426 1856 466 1879 eo
491 1847 616 1880 cultore
641 1847 773 1881 floreat:
791 1854 975 1891 eapropter,
1001 1860 1078 1883 con-

341 1898 523 1932 siderantes
553 1899 815 1943 frequentissime
840 1903 1079 1935 commendato-

340 1961 392 1985 res
409 1951 458 1985 sui
478 1957 656 1985 conventus
676 1953 834 1995 regimine
859 1953 953 1987 nimis
977 1956 1079 1998 impli-

342 2010 432 2038 catos
456 2015 492 2038 ac
517 2005 718 2046 distincios2,
745 2017 822 2046 nec,
848 2012 1002 2050 quantum
1027 2019 1079 2041 ex-

342 2059 441 2102 pedit,
464 2058 550 2091 curis
566 2059 687 2102 pariter
707 2060 889 2092 studiorum
908 2061 1078 2094 intendere

342 2121 454 2154 posse;
472 2111 637 2155 praesenti
655 2112 884 2146 constitutione
901 2114 1077 2153 statuimus,

342 2170 379 2197 ut
402 2166 435 2197 in
461 2165 599 2208 singulis
632 2166 779 2209 collegiis
804 2177 840 2199 ac
865 2167 1013 2200 domibus
1039 2169 1079 2201 ad

343 2216 532 2260 disciplinas
554 2228 662 2251 sacrae
685 2219 867 2262 theologiae
894 2221 1078 2262 designatis,

343 2275 375 2303 et
398 2280 466 2303 non
491 2270 581 2311 alibi,
602 2281 684 2303 unus
710 2271 808 2304 frater
832 2273 998 2315 speciatim
1023 2273 1081 2306 eli-

344 2327 440 2366 gatur
463 2333 482 2356 a
505 2323 690 2357 delinitorio
716 2325 847 2367 capituli
873 2326 1080 2367 provincialis

344 2375 503 2419 cuiusque
520 2376 721 2419 provinciae,
741 2378 807 2420 qui,
819 2378 951 2411 nomine
969 2389 1081 2422 regen-

345 2428 395 2468 tis,
421 2428 455 2461 in
485 2429 671 2472 praemissis
704 2430 852 2463 domibus
877 2436 909 2463 ct
933 2432 1080 2474 collegiis

346 2481 388 2514 sit
401 2482 549 2515 omnibus
571 2483 685 2516 studiis
701 2488 764 2516 tam
782 2484 968 2527 theologiae
985 2496 1080 2528 quam

383 2552 395 2578 1
417 2551 488 2578 Edit.
509 2552 591 2579 Maiu.
611 2553 677 2588 legit
693 2554 847 2588 permittat
866 2557 904 2587 (n.
925 2555 974 2589 T.).

382 2595 398 2623 2
417 2596 519 2623 Forsan
539 2597 690 2625 distractos
712 2598 754 2624 vel
773 2599 911 2626 distentos
929 2600 967 2634 (n.
984 2599 1033 2632 τ.).

420 2649 500 2678 Bull.
521 2651 603 2679 Rom.
624 2667 657 2672 -·
680 2652 739 2679 Vol.
760 2653 818 2680 XX.
962 2654 997 2679 4¹}

1117 263 1233 295 artium
1260 263 1474 306 praepositus,
1505 254 1595 296 cuius
1621 265 1760 298 officium
1785 276 1850 299 uno

1116 318 1185 349 solo
1219 316 1358 349 triennio
1396 317 1628 357 concludatur,
1659 328 1676 350 a
1706 319 1850 360 capitulo

1116 369 1238 402 scilicet
1262 369 1293 401 in
1319 369 1514 412 capitulum3
1534 370 1622 412 quod
1642 369 1666 402 si
1689 376 1777 402 extra
1801 382 1852 403 ca-

1116 422 1252 464 pitulum
1278 431 1390 454 vacare
1421 422 1616 464 contigerit,
1642 422 1709 454 eius
1736 422 1851 455 electio

1117 475 1155 507 ad
1170 474 1404 518 provincialem
1422 474 1564 508 eiusdem
1582 474 1766 518 provinciae
1784 485 1853 518 per-

1118 528 1229 560 tineat.
1851 560 1856 565 ,

1161 591 1193 613 11.
1218 580 1255 613 Et
1273 580 1428 624 quoniam
1455 579 1640 614 huiusmodi
1664 580 1802 614 officium
1820 581 1852 614 in

1117 633 1224 666 debita
1256 634 1447 667 auctoritate
1484 634 1682 667 constituere
1714 634 1854 667 intendi-

1116 696 1197 725 mus,
1223 687 1262 718 ad
1288 686 1355 719 eius
1381 686 1574 719 electionem
1599 686 1701 719 virum
1726 697 1854 729 semper

1118 739 1293 782 praestanti
1329 739 1462 781 ingenio
1496 750 1532 772 ex
1564 739 1729 780 graduatis
1754 739 1854 782 exigi-

1118 803 1204 832 mus,
1230 793 1285 835 qui
1311 792 1351 825 sit
1375 792 1527 834 magister
1554 793 1603 825 vel
1629 797 1854 835 praesentatus

1118 847 1151 879 in
1175 845 1292 880 litteris
1318 846 1436 879 florens
1461 852 1492 878 et
1518 845 1679 885 assiduus,
1702 856 1738 878 ac
1759 846 1797 879 de
1819 846 1856 879 il-

1119 901 1222 932 larum
1248 899 1341 941 fruge
1365 899 1497 938 zelator,
1516 908 1645 931 necnon
1666 903 1697 930 et
1721 899 1760 931 ab
1786 898 1855 932 aliis

1119 952 1202 985 curis
1216 957 1247 984 et
1264 951 1530 995 occupationibus
1547 951 1734 994 expeditus:
1755 952 1782 984 si
1800 962 1857 984 au-

1119 1010 1182 1038 tem
1199 1005 1284 1037 inter
1300 1004 1481 1047 praedictos
1498 1015 1564 1038 non
1585 1004 1677 1037 facile
1696 1009 1855 1047 suppetat,

1120 1059 1259 1101 eligatur
1277 1058 1315 1091 dc
1340 1057 1515 1091 lectoribus
1534 1058 1693 1098 iubilatis3
1711 1058 1856 1101 alioquin

1120 1111 1174 1144 fiat
1188 1121 1305 1153 regens
1325 1110 1453 1152 collegii
1473 1115 1526 1143 aut
1544 1110 1659 1143 domus
1677 1111 1858 1144 studiorum

1121 1163 1365 1206 antiquissimus
1392 1163 1423 1195 in
1449 1164 1573 1196 lectura
1597 1164 1700 1195 lector
1724 1163 1808 1197 inter
1828 1174 1858 1197 o·

1121 1225 1212 1248 mnes
1238 1215 1382 1248 eiusdem
1403 1215 1531 1257 collegii
1557 1217 1606 1248 vel
1630 1216 1753 1249 domus.

1165 1278 1212 1301 111.
1239 1268 1353 1300 Munus
1377 1268 1520 1310 regentis
1546 1269 1644 1301 debet
1668 1278 1738 1301 esse
1763 1279 1858 1311 prae-

1121 1321 1223 1364 cipue,
1238 1321 1352 1354 studiis
1378 1321 1440 1353 sibi
1465 1321 1646 1353 commissis
1672 1321 1856 1363 invigilare,

1121 1384 1222 1416 eaque
1258 1374 1344 1406 omni
1381 1373 1600 1406 sollicitudine
1640 1384 1855 1416 promovere,

1120 1425 1211 1465 itaut,
1225 1436 1449 1469 quaecumque
1470 1426 1533 1458 illis
1552 1431 1700 1466 noceant,
1719 1427 1860 1469 pruden-

1123 1483 1171 1510 ter
1197 1484 1344 1518 avertat,
1378 1488 1459 1521 quae
1484 1488 1558 1511 vero
1584 1479 1756 1521 profutura
1780 1479 1856 1519 sint,

1121 1532 1161 1564 ad
1186 1532 1355 1564 meliorem
1372 1532 1495 1574 frugem
1512 1542 1571 1574 pro
1596 1531 1718 1564 viribus
1743 1542 1858 1565 curare

1121 1595 1185 1617 non
1211 1585 1350 1618 desinat.
1377 1584 1481 1617 Debet
1516 1584 1612 1617 etiam
1646 1594 1722 1628 prae
1754 1585 1857 1618 oculis

1122 1639 1241 1671 habere
1269 1648 1351 1681 quae
1378 1639 1496 1681 scripta
1517 1638 1637 1670 suntin
1658 1638 1860 1671 constitutio-

1121 1691 1215 1724 nibus
1239 1691 1368 1730 nostris‚
1400 1696 1431 1723 et
1455 1701 1493 1723 ea
1518 1701 1600 1734 quae
1626 1691 1658 1724 in
1680 1691 1747 1724 dies
1773 1701 1858 1724 ema-

1122 1744 1269 1777 naverint
1297 1754 1315 1776 a
1345 1743 1494 1786 capitulis
1531 1743 1760 1786 generalibus,
1787 1749 1819 1777 et
1840 1755 1858 1777 a

1122 1797 1387 1840 provincialibus,
1412 1801 1442 1829 et
1468 1807 1484 1828 a
1509 1796 1666 1838 magistro
1691 1796 1856 1839 generati,

1121 1861 1138 1882 a
1163 1849 1397 1892 provinciali.a
1421 1848 1653 1888 visitatoribus,
1670 1849 1709 1881 ad
1735 1854 1857 1881 rectam

1121 1903 1300 1935 studiorum
1324 1902 1495 1941 rationem,
1513 1907 1544 1934 et
1562 1902 1639 1935 dare
1665 1912 1797 1945 operam
1823 1907 1858 1935 ut

1122 1966 1159 1988 ea
1183 1956 1357 1997 diligenter
1381 1959 1563 1987 serventur.

1165 2018 1208 2041 iv.
1231 2008 1278 2040 Ad
1296 2007 1362 2040 eius
1381 2007 1515 2050 insuper
1536 2007 1785 2040 sollicitudinem
1806 2018 1858 2040 ac-

1122 2061 1215 2100 cedit,
1234 2061 1319 2103 quod
1340 2061 1477 2093 lectores
1502 2059 1698 2102 quicumque
1715 2070 1773 2093 suo
1794 2070 1859 2093 mu-

1123 2114 1191 2147 neri
1206 2113 1346 2146 officiose
1361 2113 1544 2151 intendant,
1560 2112 1648 2155 quod
1662 2112 1858 2145 lectionibus

1122 2167 1283 2200 dictandis
1308 2166 1372 2198 sint
1396 2165 1486 2198 horis
1513 2165 1572 2197 sibi
1598 2165 1858 2208 competentibus

1123 2219 1264 2259 assidui,
1297 2219 1383 2262 quod
1416 2218 1627 2251 conserentiis
1659 2218 1858 2260 quotidianis

1123 2271 1443 2311 etconclusiouibus,
1461 2276 1523 2303 tam
1544 2270 1744 2303 mensalibus
1761 2282 1857 2314 quam

1124 2324 1429 2363 hebdomadalibus,
1449 2324 1718 2366 quotiescumque
1743 2324 1776 2356 in
1801 2335 1859 2358 no-

1123 2379 1196 2411 stris
1221 2377 1368 2411 domibus
1394 2381 1616 2415 exerceantur,
1632 2376 1806 2417 assideant,
1828 2382 1860 2410 et

1124 2432 1163 2464 ad
1180 2431 1258 2463 alias
1276 2436 1366 2463 extra
1385 2429 1537 2463 Ordinem
1556 2429 1731 2469 confluant,
1749 2429 1859 2473 eisque

1124 2483 1267 2517 debitam
1304 2482 1557 2516 vicissitudinem
1591 2482 1750 2522 reddant;
1784 2482 1859 2515 illos

1124 2542 1250 2577 autem,
1276 2546 1356 2579 quos
1381 2536 1414 2568 in
1439 2535 1489 2568 his
1518 2535 1628 2568 aliisve
1653 2535 1857 2577 negligentes
1894 2548 1896 2550 ·

1162 2600 1174 2626 1
1196 2598 1306 2626 Videtur
1326 2598 1470 2633 legendum
1490 2598 1623 2632 deserant
1643 2598 1680 2633 (n.
1702 2598 1752 2631 T.).

1747 208 1811 242 313
1856 218 1904 245 An.
1923 217 1950 244 e.
1973 217 2036 244 11:91
