2254 3225
265 270 313 297 An,
335 269 362 295 e.
385 269 450 297 ¹099
500 261 565 295 879.

500 331 562 354 xvt.
582 320 681 354 Datur
697 327 797 356 status
811 323 1098 367 contemplationis
1114 325 1196 358 adeo

455 373 613 415 sublimis,
632 375 777 418 adeoque
789 377 965 420 perfectae,
983 382 1017 409 ut
1034 377 1088 410 fiat
1106 378 1198 410 habi-

456 427 562 467 tualis,
582 428 664 461 itaut
681 429 809 472 quoties
829 430 935 470 anima
957 436 1026 463 actu
1046 436 1124 470 orat,
1140 442 1196 464 sua

455 481 559 514 oratio
577 482 617 514 sit
634 482 898 525 contemplativa,
912 493 978 516 non
1004 483 1193 516 discursiva.

454 534 543 567 Tunc
568 545 632 568 non
665 535 802 577 amplius
837 535 962 577 indiget
998 535 1128 568 redire¹
1155 537 1193 569 ad

454 588 700 622 meditationem
716 588 853 631 eiusque
873 595 962 622 actus
978 589 1193 622 methodicos.

497 652 575 674 xvn.
603 641 738 673 Animae
771 642 1040 684 contemplativae
1067 642 1194 684 privan-

456 699 506 726 tur
530 693 645 726 intuitu
673 694 826 727 distincto
852 694 998 727 sensibili
1018 700 1049 727 et
1074 695 1193 728 reflexo

453 747 521 780 lesu
540 746 656 780 Christi
673 747 799 780 duobus
822 747 1024 790 temporibus
1046 748 1192 782 diversis:

452 799 558 843 primo
584 799 617 831 in
642 799 768 832 fervore
801 805 955 833 nascente
981 810 1091 833 earum
1118 812 1193 834 con-

453 852 693 896 templationis3
720 853 864 886 secundo
887 854 993 886 anima
1010 854 1125 887 amittit
1147 855 1193 887 in-

453 906 568 939 tuitum
596 908 666 939 lesu
693 906 813 939 Christi
838 906 871 939 in
898 907 1048 940 extremis
1074 907 1192 951 proba-

453 958 607 992 tionibus.

493 1022 585 1046 xvin.
612 1012 646 1045 In
672 1017 756 1045 statu
782 1013 906 1056 passivo
938 1018 1133 1046 exercentur
1157 1025 1192 1047 o-

450 1076 541 1098 mnes
567 1066 698 1099 virtutes
724 1065 904 1107 distinctae,
927 1077 993 1099 non
1018 1067 1190 1109 cogitando

450 1119 536 1162 quod
556 1118 620 1151 sint
642 1118 785 1152 virtutes.
806 1119 839 1151 ln
859 1119 1007 1162 quolibet
1025 1125 1190 1153 momento

449 1171 536 1206 aliud
551 1182 616 1205 non
635 1173 793 1214 cogitatur
810 1183 905 1216 quam
926 1173 1031 1206 facere
1049 1173 1080 1205 id
1103 1174 1189 1217 quod

448 1225 532 1258 Deus
556 1227 633 1265 vult,
648 1232 679 1259 et
703 1237 797 1259 amor
821 1227 990 1270 zelotypus
1017 1227 1110 1260 simul
1128 1227 1191 1260 essi-

448 1279 491 1312 cit
511 1290 550 1312 ne
576 1279 646 1322 quis
671 1279 810 1323 amplius
844 1280 905 1312 sibi
935 1280 1086 1313 virtutem
1113 1281 1190 1313 velit

448 1343 667 1376 necunquam
693 1333 733 1366 sit
761 1333 843 1366 adeo
865 1333 983 1366 virtute
1009 1334 1188 1377 praeditus,

449 1397 544 1430 quam
559 1397 631 1420 cum
646 1387 755 1419 virtuti
771 1387 909 1430 amplius
925 1387 1036 1419 affixus
1050 1393 1187 1420 nonest.

491 1451 554 1474 xix.
581 1440 690 1473 Potest
715 1440 777 1473 dici
803 1440 835 1472 in
862 1440 924 1473 lioc
953 1451 1073 1481 sensu,
1102 1442 1187 1484 quod

448 1494 554 1526 anima
567 1493 693 1537 passiva
706 1499 738 1526 et
752 1493 997 1526 disinteressata
1007 1504 1066 1526 nec
1080 1494 1187 1536 ipsum

448 1557 592 1580 amorem
617 1548 685 1580 vult
710 1546 860 1589 amplius,
886 1552 1046 1590 quatenus
1064 1553 1114 1579 cst
1130 1558 1188 1579 sua

446 1599 607 1642 perfectio
625 1605 656 1633 et
673 1610 727 1632 sua
749 1599 894 1640 felicitas,
914 1600 970 1632 sed
990 1601 1092 1633 solum
1111 1611 1188 1643 qua-

448 1658 542 1686 tenus
568 1659 616 1686 est
639 1653 670 1685 id
698 1653 785 1696 quod
810 1653 893 1685 Deus
911 1663 928 1685 a
949 1653 1043 1686 nobis
1060 1655 1140 1687 vult.

489 1716 538 1740 xx.
555 1706 587 1739 In
602 1706 789 1739 confitendo
804 1706 924 1738 debent
938 1707 1065 1739 animae
1084 1712 1186 1739 trans-

446 1759 603 1793 formatae
630 1771 687 1792 sua
712 1765 845 1803 peccata
866 1760 1033 1799 detestari,
1059 1766 1090 1793 et
1110 1771 1185 1793 con-

445 1813 598 1846 demnare
624 1823 670 1852 se,
689 1818 721 1845 et
746 1812 933 1846 desiderare
959 1813 1182 1846 remissionem

444 1877 577 1899 suorum
605 1872 834 1910 peccatorum,
861 1877 926 1899 non
956 1872 990 1898 ut
1014 1867 1181 1909 propriam

443 1919 703 1963 purificationem
738 1925 769 1952 et
793 1919 1019 1953 liberationem
1036 1945 1043 1959 ,
1067 1920 1122 1952 sed
1149 1926 1182 1952 ut

442 1982 511 2005 rem
537 1983 632 2016 quam
657 1972 741 2005 Deus
767 1974 846 2012 vult,
867 1978 898 2005 et
924 1972 988 2005 vult
1013 1983 1072 2005 nos
1100 1975 1180 2006 velle

441 2032 574 2070 propter
599 2036 689 2058 suam
714 2025 864 2069 gloriam.

485 2090 547 2113 xxi.
569 2079 675 2113 Sancti
694 2079 819 2123 mystici
838 2080 1046 2112 excluserunt
1064 2091 1080 2113 a
1098 2085 1180 2113 statu

441 2132 622 2166 animarum
652 2133 951 2166 transformatorum
977 2134 1181 2168 exercitatio-

440 2196 498 2219 nes
522 2186 690 2218 virtutum.

484 2250 560 2274 xxti.
586 2239 735 2278 Quamvis
754 2240 835 2273 haec
860 2240 1008 2274 doctrina
1026 2241 1080 2284 (de
1097 2252 1179 2285 puro

440 2294 564 2336 amore)
592 2299 676 2326 esset
700 2304 781 2336 pura
806 2298 838 2325 et
861 2294 994 2337 simplex
1021 2296 1179 2338 perfectio

441 2346 630 2390 evangelica
655 2346 687 2379 in
712 2346 861 2380 universa
895 2347 1069 2382 traditione
1096 2349 1179 2382 desi-

441 2406 546 2444 gnata,
566 2400 689 2443 antiqui
706 2406 853 2444 pastores
872 2411 934 2433 non
953 2403 1180 2445 proponebant

438 2454 559 2498 passim
584 2453 785 2486 multitudini
813 2454 971 2487 iustorum
1000 2455 1062 2488 nisi
1088 2467 1179 2490 exer-

439 2508 516 2541 citia
541 2507 659 2541 amoris
691 2507 876 2541 interessati
913 2519 1028 2542 eorum
1053 2511 1176 2553 gratiae

439 2559 720 2605 prop01·tionata².

475 2633 486 2658 1
510 2630 580 2658 Edit.
600 2630 680 2658 Main.
700 2630 764 2666 legit
782 2631 910 2666 redivere
929 2633 966 2664 (n.
983 2633 1035 2665 τ.).

472 2676 489 2706 2
509 2675 579 2704 Edit.
595 2675 674 2703 Μαίη.
691 2676 756 2713 legit
771 2677 1015 2713 proportionatae
1033 2680 1073 2714 (n.
1090 2679 1139 2716 T.).

1041 276 1219 300 urLLAntt'M
1245 276 1353 300 nomm
1360 278 1399 301 ΕΜ

1286 336 1374 359 xxiii.
1401 326 1505 360 Purus
1531 338 1622 360 amor
1652 328 1720 372 ipse
1746 329 1833 362 solus
1860 329 1980 362 consti-

1241 379 1300 411 tuit
1323 385 1421 413 totam
1438 381 1533 413 vitam
1551 381 1752 422 interiorem,
1767 388 1797 415 et
1820 388 1895 415 tunc
1912 393 1980 416 eva-

1241 432 1286 465 dit
1307 433 1438 466 unicuin
1460 434 1657 477 principium
1683 440 1714 467 et
1738 435 1868 468 unicum
1887 435 1979 469 moti-

1238 495 1309 518 vum
1337 487 1481 519 omnium
1505 493 1645 527 actuum,
1672 488 1726 531 qui
1753 489 1921 523 deliberati
1948 494 1979 523 et

1239 539 1399 571 meritorii
1425 545 1500 572 sunt
1525 552 1555 572 ι).

1282 592 1297 635 §
1321 591 1352 624 4.
1369 591 1439 624 Non
1458 592 1599 626 intendit
1620 599 1726 627 tamen
1741 594 1898 628 Sanctitas
1915 595 1977 628 Sua

1237 655 1297 688 per
1312 655 1494 687 expressam
1511 647 1774 690 propositionum
1789 648 1976 682 huiusmodi

1237 698 1501 741 reprobationem
1527 700 1589 733 alia
1609 701 1640 732 in
1660 702 1774 734 eodem
1800 701 1884 734 libro
1902 712 1977 735 con-

1238 756 1326 784 tenta
1350 753 1511 785 ullatenus
1536 753 1730 796 approbare.

1281 806 1295 849 g
1319 806 1350 839 5.
1379 806 1417 839 L't
1441 812 1549 839 autem
1577 808 1690 841 eadem
1712 814 1903 852 praesentes
1925 809 1976 841 lit·

1237 865 1324 893 terae
1350 860 1498 893 omnibus
1526 860 1650 894 facilius
1676 861 1892 902 innotescant,
1915 872 1975 895 nec

1236 913 1405 957 quisquam
1423 913 1551 946 illarum
1572 914 1792 957 ignorantiam
1810 915 1917 948 valeat
1933 916 1976 949 al-

1236 967 1357 1009 legare,
1380 968 1529 1000 volumus
1554 968 1699 1010 pariter,
1728 973 1759 1001 et
1784 968 1975 1001 auctoritate

1235 1020 1382 1063 praefata
1407 1020 1624 1061 decernimus,
1643 1026 1677 1053 ut
1701 1021 1776 1053 illae
1802 1022 1841 1054 ad
1869 1022 1975 1054 valvas

1235 1073 1389 1106 basilicae
1414 1073 1573 1116 Principis
1595 1074 1825 1117 Apostolorum
1845 1084 1881 1106 ac
1897 1073 1976 1106 Can-

1235 1126 1387 1159 cellariae
1413 1127 1624 1170 apostolicae,
1642 1137 1769 1160 necnon
1790 1127 1903 1160 Curiae
1922 1137 1975 1170 ge-

1235 1179 1353 1212 neralis
1385 1180 1416 1212 in
1442 1180 1550 1213 Monte
1583 1180 1756 1221 Citatorio‚
1784 1186 1816 1213 et
1848 1180 1880 1212 in
1906 1181 1974 1214 acie

1233 1235 1445 1278 Campissorae
1482 1236 1521 1268 de
1554 1235 1639 1268 Urbe
1671 1245 1730 1278 per
1765 1235 1909 1278 aliquem
1935 1245 1972 1267 ex

1232 1288 1420 1321 cursoribus
1446 1289 1575 1329 nostris,
1603 1294 1636 1321 ut
1659 1289 1759 1322 moris
1784 1294 1841 1329 est,
1867 1289 1972 1332 publi-

1232 1348 1355 1382 centur,
1380 1342 1575 1385 illarumque
1600 1344 1749 1386 exempla
1773 1343 1892 1376 ibidem
1921 1343 1970 1375 af-

1987 282 2034 307 An.
2057 282 2085 309 C.
2104 283 2172 310 2699

2010 607 2113 633 Reliquae
2123 614 2172 634 pro·

1988 637 2102 660 posuimus-s
2130 641 2171 656 non

1988 662 2137 687 approbantur.

2013 821 2135 844 Clausutao.

1233 1396 1291 1429 fixa
1316 1397 1569 1440 relinquantur,
1595 1397 1675 1430 itaut
1710 1397 1754 1429 sic
1788 1397 1972 1440 publicatae
2000 1405 2003 1407 ’

1233 1459 1345 1482 omncs
1364 1457 1395 1482 et
1413 1451 1569 1493 singulos,
1589 1461 1672 1493 quos
1689 1455 1899 1489 concernunt,
1916 1462 1973 1494 pe-

1233 1503 1326 1536 rinde
1352 1503 1504 1543 afficiant,
1526 1515 1561 1536 ac
1587 1505 1611 1536 si
1637 1504 1814 1546 unicuique
1839 1503 1972 1537 illorum

1232 1557 1449 1598 personaliter
1467 1557 1651 1590 notificatae
1670 1562 1700 1589 et
1718 1557 1883 1589 intimatae
1901 1557 1972 1589 fuis-

1231 1616 1323 1649 sent·,
1352 1617 1450 1653 utque
1477 1610 1618 1653 ipsarum
1643 1610 1863 1653 praesentium
1886 1609 1972 1643 litte-

1232 1674 1339 1696 rarum
1359 1664 1585 1707 transumptis,
1606 1674 1662 1696 seu
1683 1663 1852 1706 exemplis,
1874 1664 1971 1696 etiam

1228 1718 1402 1761 impressis,
1428 1728 1526 1750 manu
1552 1717 1690 1750 alicuius
1709 1717 1827 1749 notarii
1846 1717 1970 1760 publici

1227 1771 1598 1815 subscriptis‚etsigillo
1624 1780 1784 1813 personae
1810 1770 1843 1802 in
1868 1772 1972 1804 eccle-

1227 1826 1356 1858 siastica
1392 1825 1550 1868 dignitate
1583 1825 1783 1857 constitutae
1811 1824 1968 1864 munitis,

1227 1879 1340 1911 eadem
1354 1889 1489 1922 prorsus
1504 1878 1583 1910 tides
1599 1883 1661 1909 tam
1679 1877 1711 1909 in
1736 1876 1857 1909 iudicio
1874 1887 1970 1920 quam

1226 1936 1316 1964 extra
1349 1931 1429 1964 illud
1455 1930 1577 1973 ubique
1610 1931 1757 1963 locorum
1783 1930 1966 1972 habeatur,

1225 1996 1308 2029 quae
1343 1985 1423 2028 ipsis
1462 1984 1692 2028 praesentibus
1729 1984 1906 2017 haberetur
1941 1984 1967 2017 si

1225 2039 1332 2072 forent
1357 2038 1522 2071 exhibitae
1547 2039 1597 2071 vel
1623 2043 1784 2071 ostensae.

1268 2092 1381 2125 Datum
1406 2091 1542 2130 Romae,
1569 2091 1655 2134 apud
1683 2090 1714 2123 S.
1746 2090 1877 2124 Mariam
1904 2091 1968 2125 Ma-

1224 2156 1305 2185 rem,
1344 2145 1405 2178 sub
1442 2145 1565 2178 annulo
1603 2144 1787 2184 Piscatoris,
1829 2145 1882 2177 die
1921 2155 1966 2178 xii

1225 2200 1330 2232 martii
1354 2208 1506 2238 mcxcix,
1539 2197 1748 2241 pontificatus
1776 2198 1880 2231 nostri
1911 2209 1966 2230 an-

1226 2264 1267 2286 no
1288 2263 1359 2286 vni.

1260 2314 1318 2341 Dat.
1340 2314 1384 2342 die
1406 2314 1438 2341 12
1458 2313 1548 2341 martii
1570 2313 1648 2347 1699,
1669 2313 1764 2349 pontif.
1782 2320 1853 2340 anno
1871 2319 1928 2340 viu.

1501 2510 1681 2544 CLXXVIII.

1223 2617 1443 2660 Confirmalur
1488 2616 1650 2650 decretum
1697 2617 1962 2661 Conqreqaliom‘s

1266 2671 1405 2706 concilii
1421 2681 1517 2715 super
1532 2669 1726 2715 obliqalione
1741 2671 1961 2717 parochorum
