2227 3225
100 231 148 259 Λη.
165 231 192 260 C.
215 231 277 259 1691

291 286 406 325 pacto,
432 285 517 321 etc.,
542 285 643 324 prout
678 280 711 312 in
737 279 820 313 dicta
852 281 1029 314 concordia

291 334 421 379 plenius
447 333 644 366 continetur.

122 399 279 429 Conconjiare·
334 388 349 429 g
373 385 404 418 ⁶2.
431 385 508 419 Cum
533 391 651 426 autem,
678 385 760 418 sicut
789 386 902 419 eadem
929 396 1028 430 expo-

101 427 279 477 issiia‘⁰r¹¹‹›¹¹g‘·i''{ffi
289 439 364 472 sitio
388 438 613 481 subiungebat,
638 439 824 471 carissimus
849 439 882 471 in
900 438 1027 472 Christo

99 480 184 498 ¹¹³⁰¹¹⁰⁰¹
288 491 374 525 filius
406 497 520 524 noster
550 491 683 524 Carolus
716 492 945 534 Hispaniarum
971 503 1026 525 rex

287 544 466 577 catholicus
482 544 729 577 transactionem
744 555 800 577 seu
816 545 1026 578 concordiam

287 598 474 631 huiusmodi
494 597 734 630 confirmaverit
751 603 781 629 et
798 598 922 630 servari
939 609 1028 630 man-

287 651 422 691 daverit,
442 650 503 694 ipsi
528 661 604 683 vero
630 656 840 693 exponentes,
857 655 893 682 ut
918 651 1027 684 omnia

286 704 317 736 in
344 716 381 737 ea
406 709 557 737 contenta
580 703 611 736 in
637 708 804 746 posterum
829 703 1027 747 adimplean—

287 762 347 796 tur,
374 768 433 790 nec
461 758 500 790 de
534 758 665 790 illorum
690 757 856 790 validitate
882 768 1026 800 unquam

285 810 425 843 dubitari
458 811 641 852 contingat,
679 810 931 844 transactionem
968 821 1025 843 seu

285 863 491 896 concordiam
517 863 693 906 praefatam
723 864 922 906 apostolicae
948 874 1026 897 con-

283 915 474 948 firmationis
492 921 620 948 nostrae
635 915 816 959 patrocinio
833 916 1024 949 communiri

283 968 457 1012 plurimum
484 969 696 1002 desiderent:
730 969 826 1002 nobis
850 974 1025 1012 propterea

284 1021 452 1055 humiliter
477 1021 654 1065 supplicari
680 1022 827 1054 fecerunt
848 1027 884 1054 ut
904 1022 965 1055 sibi
991 1023 1023 1055 in

283 1128 366 1161 infra
396 1128 570 1170 indulgere
595 1128 634 1160 de
659 1128 860 1170 benignitate
891 1134 1023 1172 aposto-

284 1182 345 1215 lica
372 1182 593 1224 dignaremur.

89 1239 275 1286 00..1-.‘³.›⁰0T,¹i¹.³ci¹i¹}f
328 1236 342 1277 ς’
370 1234 402 1267 3.
440 1234 504 1267 Nos
541 1234 658 1277 igitur,
698 1235 785 1277 ipsos
822 1241 1022 1278 exponentes

89 1281 271 1340 [egfffilggfflgs
285 1288 482 1331 specialibus
502 1288 664 1320 favoribus
682 1293 711 1320 et
734 1288 846 1330 gratiis
866 1290 1022 1331 prosequi

267 1335 440 1379 'volentes
467 1346 497 1372 et
523 1350 635 1373 eorum
663 1340 846 1382 singulares
863 1351 1022 1384 personas

281 1405 298 1426 a
324 1392 488 1437 quibusvis
515 1393 869 1432 excommunicationis,
891 1404 1023 1436 suspen·

281 1444 384 1476 siouis
406 1448 437 1476 et
462 1443 636 1483 interdicti,
664 1443 800 1486 aliisque
826 1444 1022 1476 ecclesiasti-

279 1498 325 1530 cis
351 1497 530 1535 sententiis,
549 1496 694 1528 censuris
719 1501 750 1528 et
774 1496 898 1539 poenis,
917 1508 933 1529 a
951 1497 1020 1531 iure

279 1551 328 1583 vel
365 1551 404 1583 ab
442 1549 588 1590 homine,
614 1549 725 1593 quavis
762 1550 935 1583 occasione
970 1552 1020 1584 vel

279 1605 374 1636 causa
400 1603 482 1641 latis,
509 1603 533 1635 si
559 1603 675 1646 quibus
700 1603 949 1645 quomodolibet
972 1604 1021 1636 in-

279 1657 417 1689 nodatae
443 1656 601 1696 existunt,
623 1656 660 1688 ad
688 1655 836 1688 effectum
867 1667 1020 1700 praesen-

281 1710 356 1742 tium
382 1710 547 1742 dumtaxat
582 1710 869 1751 consequendum,
902 1710 1018 1742 harum

279 1763 363 1795 serie
388 1762 594 1795 absolventes
620 1767 651 1793 et
675 1762 842 1794 absolutas
861 1762 927 1794 sore
947 1773 1019 1795 cen-

277 1822 400 1853 sentes,
433 1815 618 1848 huiusmodi
653 1815 946 1857 supplicationibus
971 1816 1019 1848 in-

279 1869 400 1908 clinati,
417 1869 456 1901 de
475 1867 710 1901 venerabilium
737 1868 868 1900 fratrum
893 1875 1020 1902 nostro-

277 1933 348 1955 rum
380 1922 410 1955 S.
427 1922 465 1954 R.
484 1921 518 1954 E.
546 1921 757 1954 cardinalium
793 1921 928 1954 Concilii
953 1922 1019 1955 Tri-

278 1974 402 2008 dentini
427 1975 642 2017 interpretum
660 1974 807 2014 consilio,
824 1974 1019 2018 circumspe-

277 2028 378 2062 ctioni
403 2033 476 2060 tuae
501 2038 560 2070 per
577 2032 767 2070 praesentes
785 2027 1016 2060 committimus

277 2087 309 2114 et
323 2081 521 2120 mandamus,
542 2085 586 2120 ut,
604 2080 689 2112 veris
714 2080 924 2113 existentibus
944 2091 1017 2113 nar-

276 2133 364 2174 ratis,
379 2139 409 2166 et
422 2139 598 2177 postquam
615 2132 746 2175 utrique
762 2133 834 2165 loco
849 2132 903 2175 pio
915 2138 1017 2165 trans-

277 2187 437 2220 actionem
455 2196 512 2219 seu
527 2185 736 2218 concordiam
755 2185 941 2218 huiusmodi
964 2197 1017 2218 ex-

275 2240 389 2282 pedire
413 2238 619 2278 indicaveris,
647 2238 796 2270 eamdem
824 2238 1016 2271 transactio-

275 2302 350 2324 nem
368 2302 426 2324 seu
442 2291 663 2331 concordiam,
683 2301 754 2323 cum
772 2291 873 2334 pactis
895 2296 925 2323 et
943 2302 1018 2324 con-

276 2345 457 2377 ditionibus
483 2354 583 2387 supra
609 2344 789 2387 expressis,
822 2344 1015 2377 auctoritate

275 2400 388 2430 nostra
401 2396 577 2441 apostolica
594 2407 652 2439 pro
670 2402 723 2428 tuo
745 2395 877 2428 arbitrio
895 2402 926 2428 et
941 2406 1017 2439 pru-

277 2450 386 2483 dentia
404 2450 502 2493 gratis
523 2450 685 2493 approbes
708 2454 805 2492 atque
829 2448 1013 2482 confirmes.

321 2503 336 2545 ξ
359 2502 390 2534 4.
409 2501 478 2535 Non
496 2501 720 2542 obstantibus,
748 2506 907 2545 quatenus
934 2512 1015 2544 opus

278 2554 342 2594 sit,
382 2555 484 2587 felicis
524 2554 761 2588 recordationis
799 2554 888 2587 Pauli
923 2554 945 2585 ll
983 2560 1012 2586 et

278 2608 415 2641 aliorum
433 2607 653 2641 Romanorum
673 2607 864 2640 Ponttticum
882 2607 1000 2650 praede

111 2503 228 2524 clausulae.

864 232 1074 255 leoOEN‘rttsss
1099 234 1141 256 Xll
1168 236 1214 256 ll‘.

1707 229 1764 261 931

1071 292 1237 315 sessorum
1258 288 1442 316 nostrorum
1469 285 1508 317 de
1534 285 1632 318 rebus
1649 287 1811 320 Ecclesiae

1071 344 1135 367 non
1153 335 1346 374 alienandis,
1367 336 1503 380 aliisque
1522 339 1810 372 constitutionibus

1071 392 1103 419 et
1141 388 1403 421 ordinationibus
1442 390 1645 433 apostolicis,
1682 402 1808 425 necnon

1070 441 1257 474 monasterii
1293 447 1325 474 et
1349 442 1616 486 Cougregationis
1651 445 1811 488 praefato-

1070 504 1153 533 rum,
1190 494 1286 528 etiam
1322 495 1526 537 iuramento,
1559 497 1809 532 confirmatione

1069 547 1260 590 apostolica,
1279 550 1328 582 vel
1351 549 1461 592 quavis
1491 550 1641 583 firmitate
1667 551 1728 584 alia
1758 564 1810 585 ro-

1069 600 1203 640 boratis,
1222 602 1349 634 statutis
1375 608 1406 635 et
1423 604 1726 644 consuetudinibus,
1745 606 1810 648 pri-

1070 654 1195 696 vilegiis
1221 665 1363 698 quoque,
1383 655 1518 689 indultis
1545 663 1575 690 ct
1599 658 1714 691 litteris
1733 670 1810 702 apo-

1069 705 1193 738 stolicis
1240 706 1271 739 in
1314 708 1512 740 contrarium
1554 711 1809 752 praemissorum

1069 759 1317 801 quomodolibet
1344 761 1528 801 concessis,
1555 763 1751 795 confirmatis
1777 768 1810 796 et

1068 811 1248 852 innovatis;
1282 813 1398 856 quibus
1424 814 1573 847 omnibus
1603 821 1633 847 et
1659 815 1806 858 singulis,

1066 865 1199 898 illorum
1225 871 1354 899 tenores
1378 869 1604 910 praesentibus
1626 879 1686 911 pro
1713 871 1807 912 plene

1068 923 1099 950 et
1130 919 1326 952 sufficienter
1361 921 1523 963 expressis
1549 931 1585 953 ac
1609 922 1647 954 ad
1673 922 1806 955 verbum

1066 970 1196 1003 insertis
1228 972 1398 1012 habentes,
1424 973 1488 1006 illis
1513 974 1592 1007 alias
1619 975 1650 1006 in
1673 985 1730 1007 suo
1757 986 1808 1007 ro-

1045 1023 1144 1070 xbore
1170 1025 1401 1067 permansuris,
1420 1026 1459 1058 ad
1484 1027 1736 1068 praemissorum
1762 1028 1807 1059 es-

284 1075 469 1118 praemissis
505 1081 690 1118 opportune
724 1075 895 1117 providere
925 1080 957 1107 et
988 1080 1047 1113 ut,

1066 1076 1194 1116 sectum,
1216 1077 1277 1110 hac
1294 1077 1360 1109 vice
1380 1077 1553 1118 dumtaxat,
1568 1079 1759 1122 specialiter
1775 1085 1808 1112 ct

1065 1139 1218 1172 expresse
1240 1130 1455 1172 derogamus;
1482 1131 1664 1174 ceterisque
1683 1138 1808 1165 contra-

1064 1180 1120 1213 riis
1147 1181 1422 1225 quibuscumque.

1109 1234 1222 1267 Datum
1240 1235 1370 1275 Romae,
1391 1236 1476 1278 apud
1502 1236 1533 1269 S.
1555 1236 1685 1270 Mariam
1707 1238 1804 1270 Maio-

1044 1282 1046 1323 ζ
1065 1296 1150 1327 rem,
1169 1288 1229 1320 sub
1254 1290 1376 1322 annulo
1399 1290 1581 1330 piscatoris,
1601 1290 1652 1323 die
1671 1301 1723 1323 xtv
1748 1301 1805 1323 no-

1064 1341 1203 1374 vembris
1228 1351 1357 1381 mucxcr
1384 1343 1592 1385 pontificatus
1618 1343 1719 1376 nostri
1749 1354 1804 1376 an-

1043 1396 1107 1437 Jno
1139 1405 1161 1427 1.

1099 1456 1159 1483 Dat.
1178 1455 1222 1483 die
1241 1456 1271 1483 14
1287 1457 1442 1484 novembris
1460 1457 1537 1492 1691,
1554 1457 1651 1493 pontif.
1669 1464 1773 1485 annot.

1399 1609 1462 1642 XV.

1077 1687 1303 1721 Com-eduntur
1323 1689 1501 1732 privileyia
1524 1690 1749 1732 familiaribus
1765 1690 1787 1724 ⁴.

1244 1775 1443 1803 Innocentius
1470 1776 1548 1810 Papa
1568 1778 1616 1811 xl,

1179 1820 1215 1847 ad
1238 1823 1416 1854 perpetuam
1438 1821 1483 1847 rei
1504 1822 1686 1849 memoriam.

1060 1882 1289 1910 Venerabilihus
1310 1883 1456 1910 fratribus
1477 1884 1597 1911 Herculi
1613 1884 1799 1919 Vicecomiti‚

1095 1927 1299 1961 Damiatensi,
1322 1928 1430 1961 palatii
1453 1929 1550 1955 nostri
1576 1930 1746 1963 apostotici,
1769 1934 1800 1957 et

1095 1971 1266 1998 Balthasari
1287 1972 1398 2004 Cincio,
1415 1972 1584 2000 Larissensi
1600 1974 1801 2007 archiepisco—

1093 2015 1150 2048 pis,
1164 2015 1295 2043 cubiculi
1310 2016 1418 2047 nostri,
1435 2023 1553 2044 necnon
1567 2017 1693 2051 Iosepho
1708 2020 1799 2045 Busa-

1094 2059 1153 2091 nio,
1168 2059 1308 2092 episcopo
1324 2059 1546 2094 Porphyriensi,
1562 2062 1688 2089 sacrarii
1703 2064 1799 2089 nostri

1093 2105 1264 2137 respective
1292 2105 1476 2138 praefectis,
1507 2114 1542 2133 ac
1578 2107 1699 2134 dilectis
1726 2109 1798 2135 filiis

1093 2149 1243 2183 magistris
1257 2149 1350 2175 Mario
1362 2149 1515 2183 Spinulae,
1532 2150 1704 2185 Ianuensis,
1719 2153 1800 2179 litte-

1092 2201 1192 2220 rarum
1208 2197 1390 2226 nostrarum,
1408 2201 1484 2227 quae
1502 2195 1536 2221 ad
1556 2195 1707 2229 principes
1722 2197 1799 2224 scri·

1092 2237 1214 2267 buntur,
1237 2238 1410 2268 secretario,
1429 2242 1459 2265 et
1474 2239 1598 2272 losepho
1618 2240 1796 2274 Sacripanti.

1093 2281 1278 2313 Narniensis,
1301 2281 1330 2307 in
1357 2281 1487 2315 utraque
1514 2283 1672 2316 signatura
1695 2286 1798 2311 nostra

1092 2325 1318 2359 referendariis,
1339 2326 1523 2359 subdatario,
1540 2328 1686 2360 praelatis
1703 2330 1798 2356 dome-

1093 2370 1179 2396 sticis
1200 2369 1324 2401 nostris;
1342 2377 1376 2397 ac
1396 2370 1537 2397 Faustino
1559 2371 1725 2405 Chrispoldi
1745 2374 1798 2400 Pe-

1092 2413 1252 2446 rusiensis,
1270 2414 1426 2442 Vincentio
1447 2415 1527 2442 Ricci
1547 2415 1795 2450 Senoqalliensis,

1092 2459 1232 2484 notarum
1266 2464 1443 2485 arcanarum
1476 2459 1661 2493 secretario,
1690 2460 1795 2487 Ioanni

1095 2529 1106 2554 1
1128 2527 1169 2554 Ab
1188 2527 1342 2554 Alexandro
1359 2527 1414 2554 Vltt
1435 2536 1563 2555 concessa
1578 2529 1687 2555 suerunt
1702 2530 1795 2556 cadem

1058 2571 1198 2606 privilegia
1218 2572 1326 2599 constit.
1347 2571 1412 2599 edit.
1433 2579 1538 2607 MDcxffl,
1554 2572 1597 2599 die
1622 2573 1650 2599 12
1669 2573 1794 2609 ianuarii,

1058 2615 1150 2652 pontif.
1174 2623 1193 2643 1.

1818 239 1865 264 Au.
1884 238 1911 264 C.
1939 237 1999 265 tosti
