2254 3225
226 261 274 285 An.
294 258 321 285 c.
345 257 411 284 1699
457 247 523 281 914

251 585 369 607 Clausulao.

234 1379 347 1402 Dei-omno
356 1386 371 1400 ei
383 1387 405 1400 n-

422 311 454 339 et
470 305 614 348 singulos
633 305 712 339 iuris
729 310 762 338 et
783 305 859 339 sacti
884 305 1038 346 defectus,
1057 305 1084 338 si
1110 305 1165 350 qui

420 360 564 402 desuper
577 358 824 402 quomodolibet
837 359 1084 400 intervenerint,
1096 370 1166 403 sup·

420 414 568 455 plemus;
595 414 682 446 salva
708 418 814 446 tamen
847 423 980 456 semper
1013 413 1045 446 in
1071 424 1165 456 prae-

420 466 529 499 missis
544 466 739 498 auctoritate
753 465 1022 508 Congregationis
1037 476 1165 498 eorum-

421 520 495 553 dem
521 518 747 552 cardinalium.

462 574 477 616 ἓ
499 572 531 606 3.
560 572 793 611 Decor-nentes,
820 571 951 604 easdem
970 575 1164 613 praesentes

420 626 546 659 litteras
573 634 706 667 semper
736 624 866 664 firmas,
892 623 1016 656 validas
1041 628 1074 656 et
1098 624 1164 656 effi-

418 690 510 713 caces
530 679 671 712 existere
689 682 721 710 et
738 678 820 718 sore,
835 687 979 720 suosque
997 677 1163 720 plenarios

418 740 449 766 et
473 734 620 774 integros
645 730 779 764 effectus
805 730 914 763 sortiri
945 735 977 763 et
1000 730 1161 771 obtinere,

417 797 454 819 ac
478 785 555 826 illis,
571 785 611 818 ad
637 795 720 828 quos
745 789 872 827 spectat
889 789 921 817 et
936 794 997 827 pro
1016 789 1162 827 tempore

418 839 694 883 quandocumque
720 837 894 881 spectabit,
912 837 944 870 in
961 837 1114 870 omnibus
1132 842 1163 870 et

416 902 476 936 per
500 891 610 924 omnia
634 890 827 934 plenissime
852 890 1040 933 suffragari,
1068 895 1099 923 et
1123 890 1162 923 ab

418 946 464 979 eis
490 945 674 988 respect1ve
699 943 936 977 inviolabiliter
968 944 1160 984 observari,

417 999 529 1042 sicque
562 998 595 1030 in
630 998 819 1041 praemissis
845 1008 906 1041 per
936 1007 1162 1040 quoscumque

416 1052 541 1084 iudices
572 1051 756 1084 ordinarios
789 1056 821 1084 et
856 1051 1035 1093 delegatos,
1062 1052 1160 1085 etiam

416 1115 585 1137 causarum
625 1104 737 1148 palatii
777 1104 952 1147 apostolici
985 1104 1161 1145 auditoreS,

415 1159 555 1191 iudicari
584 1164 615 1191 et
640 1158 767 1190 definiri
794 1158 936 1198 debere,
973 1168 1009 1191 ae
1033 1158 1159 1191 irritum

415 1217 446 1244 et
464 1212 569 1252 inane,
588 1211 613 1245 si
639 1222 734 1244 secus
760 1222 860 1255 super
884 1212 935 1244 his
953 1222 971 1244 a
988 1222 1159 1256 quoquam,

416 1265 526 1308 quavis
553 1265 757 1304 auctoritate,
779 1264 921 1297 scienter
939 1265 988 1298 vel
1007 1265 1161 1308 ignoran-

416 1323 474 1357 ter,
502 1317 675 1360 contigerit
700 1317 864 1350 attentari.

460 1371 474 1414 g
498 1370 530 1403 4.
558 1370 629 1403 Non
648 1370 853 1403 obstantibus
871 1371 1158 1405 constitutionibus

417 1429 448 1456 et
473 1423 738 1456 ordinationibus
764 1424 967 1466 apostolicis,
985 1435 1031 1465 ao,
1046 1430 1159 1468 quate-

416 1487 477 1508 nus
504 1487 586 1519 opus
613 1476 866 1520 sit,provinciae
893 1484 925 1510 et
945 1477 1073 1510 Ordinis
1100 1479 1159 1511 hu-

415 1529 568 1569 iusmodi,
587 1530 683 1563 etiam
701 1530 894 1571 iuramento,
910 1531 1158 1565 confirmatione

415 1584 605 1625 apostolica,
622 1584 671 1616 vel
689 1584 798 1627 quavis
816 1584 966 1617 firmitate
984 1586 1047 1618 alia
1064 1585 1159 1618 robo-

415 1636 505 1676 ratis,
533 1636 659 1668 statutis
685 1642 717 1669 et
741 1638 1059 1680 con>uetudinibus,
1094 1640 1158 1682 pri-

414 1688 541 1731 vilegiis
567 1701 709 1733 quoque,
732 1690 866 1724 indultis
893 1697 925 1724 et
942 1692 1058 1725 litterIs
1083 1704 1159 1737 apo-

414 1743 539 1776 stolicis
585 1743 617 1775 in
659 1744 860 1776 contrarium
901 1746 1159 1788 praemissorum

414 1796 663 1840 quomodolibet
687 1797 876 1838 concessis,
904 1798 1102 1831 confirmatis
1127 1805 1160 1832 et

413 1849 592 1889 innovatis;
621 1850 739 1893 quibus
770 1851 922 1884 omnibus
947 1857 979 1884 et
1003 1852 1156 1895 singulis,

412 1902 545 1935 illorum
572 1908 700 1936 tenores
726 1905 956 1947 praesentibus
973 1916 1033 1949 pro
1056 1907 1156 1949 plene

414 1960 445 1987 et
463 1956 663 1989 sufficienter
679 1958 841 2000 expressis
872 1968 908 1990 ac
934 1959 973 1991 de
998 1959 1098 1992 verbo
1117 1959 1157 1992 ad

412 2008 545 2040 verbum
575 2009 707 2042 insertis
735 2010 905 2049 habentes,
921 2011 986 2044 illis
1014 2011 1094 2044 alias
1123 2012 1156 2045 in

412 2072 470 2094 suo
496 2062 615 2095 robore
638 2064 871 2105 permansuris
892 2065 930 2096 ad
956 2066 1157 2108 praemisso-

413 2125 481 2147 rum
513 2115 672 2155 ellectum,
703 2116 762 2149 hac
786 2117 852 2149 rice
879 2118 1052 2158 dumtaxat,
1083 2129 1157 2162 spe-

412 2168 537 2201 cialiter
568 2175 599 2201 et
632 2180 786 2212 expresse
818 2171 1032 2212 derogamus3
1070 2178 1157 2206 cete-

411 2221 520 2263 risque
546 2222 720 2254 contrariis
745 2224 1020 2267 quibuscumque.

455 2274 567 2306 Datum
595 2275 724 2315 Romae,
750 2277 836 2318 apud
873 2276 903 2309 S.
936 2277 1067 2311 Mariam
1092 2278 1155 2311 Ma-

412 2327 528 2367 iorem,
567 2328 626 2359 sub
657 2330 777 2361 annulo
804 2329 982 2370 Piscatoris,
1020 2331 1071 2364 die
1096 2342 1154 2366 xi11

412 2381 594 2413 decembris
620 2391 767 2421 tinemut,
805 2383 1016 2425 pontificatus
1050 2385 1153 2418 nostri

412 2444 498 2466 anno
524 2444 593 2466 vui.

447 2494 507 2520 Dat.
525 2496 568 2521 die
585 2496 617 2522 13
632 2496 787 2523 decembris
804 2497 873 2524 1699
901 2499 997 2533 pontif.
1016 2508 1086 2527 anno
1102 2507 1136 2528 lx.

1001 257 1180 282 BULLARIUM
1206 258 1360 283 ROMANUM

1948 256 2001 284 An.
2020 255 2051 285 c.
2071 256 2142 286 «τοο

1485 306 1671 341 CLXXXIX.

1209 378 1457 419 Confirmantur
1487 377 1650 421 quaedam
1674 377 1801 410 decreta
1824 376 1952 409 diaetae

1249 431 1414 473 qeneralis
1439 430 1693 463 Carmelitarum
1725 429 1950 474 Conqreqatio-

1250 484 1303 516 nis
1337 483 1541 516 Mantuanae
1560 510 1569 523 ,
1608 494 1681 515 cum
1720 483 1888 516 additione
1922 486 1951 516 el

1250 537 1480 578 reformatione
1502 535 1771 579 Congreyalionis
1787 546 1885 580 super
1901 536 1951 569 di-

1250 589 1393 632 sciplina
1416 589 1620 633 reqularium
1635 589 1657 621 ¹.

1382 669 1583 696 Innocentius
1605 669 1686 703 Papa
1705 669 1771 701 XII,

1348 713 1384 740 ad
1405 713 1540 740 futuram
1559 713 1604 740 rei
1624 713 1806 740 memoriam.

1241 784 1301 828 gl.
1315 784 1400 818 Alias
1414 795 1473 828 pro
1487 790 1579 828 parte
1594 785 1792 819 dilectorum
1806 784 1948 818 filiorum
2007 797 2093 819 natm
2109 804 2143 824 g..

1205 838 1337 871 fratrum
1364 838 1539 872 delinitorii
1565 839 1731 881 generalis
1768 826 2055 881 Congrega-ssss'cTC‘in
2086 832 2142 846 ³⁰⁰⁰

1205 891 1304 924 tionis
1325 892 1515 925 Mantuanae
1533 891 1662 925 Ordinis
1681 892 1816 925 fratrum
1831 892 1949 925 Beatae

1204 944 1320 978 Mariae
1336 945 1374 978 de
1388 945 1495 978 Monte
1511 944 1657 979 Carmelo
1672 945 1766 979 nobis
1788 945 1947 989 exposito,

1205 999 1290 1041 quod
1306 999 1338 1030 in
1357 998 1460 1031 diaeta
1482 1000 1626 1041 generali
1645 999 1749 1032 dictae
1766 999 1949 1042 Congrega·

1205 1051 1311 1091 tionis,
1327 1051 1358 1083 in
1384 1051 1444 1084 hac
1469 1053 1552 1084 alma
1580 1051 1664 1084 Urbe
1687 1062 1773 1084 anno
1795 1062 1948 1086 nncxcxn

1204 1102 1384 1142 celebrata,
1410 1115 1470 1148 pro
1497 1105 1581 1137 felici
1607 1116 1839 1149 prosperoque
1865 1105 1949 1139 eius—

1204 1158 1277 1190 dem
1303 1157 1575 1201 Congregationis
1600 1159 1759 1201 regimine
1781 1164 1813 1192 et
1833 1160 1949 1201 guber-

1203 1211 1258 1244 nio
1283 1222 1320 1244 ac
1344 1211 1383 1243 ad
1401 1211 1646 1245 instaurandam
1660 1212 1692 1244 in
1708 1214 1745 1245 ea
1765 1214 1947 1255 regularem

1203 1264 1442 1297 observantiam
1467 1266 1616 1308 vitaeque
1649 1266 1831 1299 communis
1849 1266 1948 1299 ratio-

1204 1328 1289 1358 nem,
1305 1317 1391 1351 edita
1417 1319 1545 1351 fuerant
1569 1324 1642 1351 octo
1668 1320 1807 1359 decreta,
1824 1320 1856 1353 in
1874 1321 1949 1354 toti-

1204 1371 1277 1404 dem
1307 1371 1449 1414 capitula
1485 1382 1541 1405 seu
1577 1373 1731 1405 articulos
1767 1374 1946 1416 distincta,

1204 1424 1327 1457 tenoris
1353 1425 1407 1468 qui
1433 1425 1580 1468 sequitur
1599 1452 1606 1466 ,
1630 1425 1805 1459 videlicet:

1253 1490 1265 1509 <i
1290 1477 1366 1511 Cum
1399 1478 1538 1512 maxime
1575 1479 1733 1512 dedeceat
1763 1480 2076 1537 observan-resgreucgffi
2092 1493 2140 1513 octo

1204 1531 1280 1564 tiam
1313 1531 1459 1574 religiosi
1496 1537 1596 1564 status
1636 1533 1884 1567 fundamentum
1914 1541 1947 1568 et
2076 1532 2082 1538 ”

1203 1590 1299 1628 caput
1325 1585 1522 1628 quandoque
1539 1587 1662 1618 laesum
1680 1586 1713 1618 in
1732 1590 1843 1620 nostra
1865 1587 1946 1621 Con-

1203 1639 1395 1681 gregatione
1415 1639 1534 1679 videre,
1561 1639 1657 1682 eique
1683 1641 1742 1672 sub
1769 1640 1866 1674 titulo
1885 1641 1946 1684 pri·

1202 1692 1396 1733 vilcgiorum
1414 1718 1421 1731 ,
1453 1703 1535 1735 quae
1562 1693 1672 1735 potius
1703 1693 1822 1726 abusus
1848 1695 1944 1728 etiarn

1202 1756 1238 1777 ac
1264 1746 1398 1787 regulae
1424 1750 1555 1777 nostrae
1589 1745 1783 1779 detrimenta
1815 1757 1946 1791 compe-

1202 1798 1352 1836 riuntur,
1388 1798 1537 1838 officere,
1576 1804 1608 1831 et
1644 1799 1822 1842 praecipue
1860 1812 1944 1845 quae

1202 1851 1424 1884 communitati
1450 1856 1483 1884 et
1512 1851 1685 1894 religiosae
1717 1852 1944 1888 observantiae

1202 1904 1433 1937 instaurandae
1460 1905 1541 1937 adeo
1567 1916 1626 1948 per
1650 1915 1773 1939 sacram
1801 1906 1946 1951 Congre-

1202 1959 1367 2002 gationem
1393 1970 1494 2003 super
1519 1960 1694 2003 disciplina
1710 1962 1856 2004 regulari
1873 1973 1946 2007 spe-

1201 2012 1327 2046 cialiter
1352 2013 1447 2046 nobis
1474 2012 1665 2057 impensae²
1689 2015 1799 2057 potius
1830 2016 1944 2051 obesse

1201 2077 1297 2109 quam
1322 2067 1482 2109 prodesse
1508 2077 1605 2110 posse
1633 2068 1832 2102 videantur:
1866 2070 1945 2105 binc

1200 2125 1249 2152 est
1274 2121 1362 2162 quod
1389 2119 1583 2161 statuimus,
1617 2122 1811 2155 mandamus
1845 2122 1945 2156 infra-

1200 2172 1321 2216 scripta
1347 2173 1477 2206 decreta
1503 2173 1738 2208 inviolabiliter
1762 2175 1942 2217 observari,

1199 2230 1231 2258 et
1256 2226 1460 2258 observanda
1491 2227 1685 2268 praescribi.
1714 2238 1735 2261 1.
1762 2227 1863 2261 Nemo
1889 2236 2135 2285 ⁰¹¹·23‘2233353333

1199 2279 1389 2322 luscumque
1416 2280 1535 2321 gradus
1560 2289 1577 2312 a
1601 2281 1734 2313 servitio
1757 2281 1849 2314 chori
1869 2290 2021 2315 cen-nibus-

1198 2338 1309 2365 seatur
1345 2337 1537 2375 exemptus,
1572 2333 1634 2365 nisi
1671 2333 1703 2365 in
1740 2334 1856 2367 actuali
1894 2336 1941 2368 le-

1234 2396 1243 2420 1
1267 2395 1307 2421 De
1327 2394 1409 2421 sociis
1425 2395 1505 2421 buius
1519 2394 1741 2430 Congregationis
1755 2404 1804 2431 pro
1820 2396 1939 2431 capitulo

1195 2438 1328 2472 generali,
1341 2439 1402 2465 vide
1416 2439 1565 2465 innocentii
1576 2438 1606 2465 Xl
1619 2442 1704 2465 const.
1718 2439 1761 2466 ed.
1779 2447 1938 2475 amem-xxti,

1195 2482 1238 2509 die
1261 2482 1292 2508 12
1317 2483 1401 2514 iunii,
1423 2483 1520 2518 pontis.
1542 2490 1583 2514 vu
1610 2483 1637 2509 in
1658 2483 1802 2511 Clementis
1822 2484 1854 2511 xl
1874 2493 1938 2512 con-

1194 2526 1249 2553 stit.
1271 2526 1336 2553 edit.
1353 2533 1465 2561 uocem,
1487 2527 1529 2554 die
1551 2527 1583 2554 10
1603 2527 1777 2561 novembris,
1795 2528 1890 2564 pontis.
1906 2536 1936 2564 Π,

1194 2571 1282 2605 agitur
1295 2570 1328 2597 de
1348 2571 1503 2598 redactione
1518 2571 1669 2598 studiorum
1688 2576 1716 2599 et
1734 2573 1868 2607 graduum
1888 2582 1936 2610 pro

1193 2615 1338 2650 provinciis
1358 2615 1460 2641 ltaliae.

1227 2659 1243 2686 2
1263 2659 1401 2696 intelligat
1420 2659 1466 2696 qui
1485 2663 1575 2696 potest
1593 2661 1632 2696 (R.
1648 2660 1699 2696 ⁶12).
