2227 3225
1719 218 1777 249 siit
1830 228 1868 252 An
1898 228 1926 253 c.
1954 229 2017 254 itm

1091 270 1276 310 civitatum,
1304 275 1487 311 terrarum,
1513 277 1711 312 castrorum,
1746 274 1826 306 teni·
1837 294 1917 308 ηψπ,
1933 290 2019 313 amptu-

1092 328 1287 364 mentorum,
1307 325 1445 367 partium
1465 330 1494 357 ct
1511 326 1653 358 lot-orum
1673 333 1745 358 tunc
1764 327 1823 359 sibi
1837 317 2018 363 hli·iiil.tl'„'¹.'''”²²¹

889 221 1096 245 txsocitxwrs
1121 222 1165 245 ,Ἧι
1191 223 1238 246 rr.

313 269 403 302 nicae
429 279 628 310 ncDLxxxtv‚
649 269 795 304 kalendis
822 269 942 312 aprilis,
970 280 1047 312 pon-

314 322 449 355 tificatus
474 322 522 355 sni
548 333 633 355 anuo
660 333 696 362 ix,
725 322 889 365 expeditas
914 322 1045 361 litteras,

119 222 167 247 An.
189 220 216 248 C.
236 222 302 248 tta:

125 2457 136 2478 Q
143 2458 247 2478 Clementi·
257 2456 294 2478 Vll

111 2492 150 2504 sut·
174 2492 176 2494 ’

155 2489 172 2503 tii
205 2489 247 2502 itta

312 380 428 407 statuta
446 380 477 407 ct
497 375 626 408 decreta
643 375 688 407 Pii
708 375 972 418 praedecessoris
990 375 1048 407 liu-

312 426 459 467 iusmodi,
478 433 517 467 et,
540 432 637 470 prout
657 427 712 460 illa
736 427 989 466 concernebant,
1014 437 1048 459 o-

311 479 397 511 mnia
415 485 446 512 et
463 480 590 523 singula
609 480 640 512 in
658 479 751 523 dictis
770 480 884 513 litteris
903 480 1046 513 eiusdem

311 531 358 564 Pii
383 533 646 575 praedecessoris
676 538 844 572 contenta,
870 533 1048 576 apostolica

311 585 502 618 auctoritate
528 585 728 628 approbarit,
750 591 781 619 et
806 585 908 618 robur
932 595 1048 628 pcrpc-

312 644 386 671 tuae
410 637 571 671 firmitatis
597 639 744 671 obtinere
767 639 887 671 debere
908 637 1047 671 decrerit

312 701 349 724 ac
367 691 475 732 voluit,
494 696 526 724 et
550 691 693 735 praefata
713 691 912 731 auctoritate,
936 691 974 723 de
994 701 1049 723 eo-

312 745 460 778 rumdem
485 745 619 778 fratrum
644 744 792 784 consilio,
819 744 930 777 statuit
951 749 981 776 et
998 753 1049 776 or-

312 798 441 838 dinavit,
455 799 540 842 quod
551 797 757 831 condemnati
769 802 910 837 eatenus,
921 802 953 829 et
965 806 1046 840 quos

312 851 344 885 in
361 857 527 896 posterum
551 850 757 884 condemnari
775 850 964 893 contigisset
982 849 1048 882 ubi-

311 905 390 939 libet
414 904 446 937 in
471 904 675 945 civitatibus,
702 903 794 937 terris
828 909 860 936 et
884 903 961 936 locis
987 903 1048 935 Ro-

311 969 424 993 manae
449 958 612 992 Ecclesiae
637 957 778 990 mediate
804 962 836 990 et
860 956 1047 989 immediate

311 1011 465 1046 subiectis
490 1021 549 1056 pro
573 1010 761 1051 homicidio,
780 1010 845 1043 sire
869 1016 904 1042 ut
928 1010 1047 1053 princi-

311 1067 410 1109 pales,
435 1066 501 1098 sive
525 1069 561 1098 ut
584 1064 768 1104 consilium,
784 1063 939 1097 auxilium
957 1068 989 1095 et
1007 1063 1048 1095 sa-

310 1129 421 1152 vorem
445 1122 665 1162 praestantes,
695 1126 825 1149 suarum
850 1116 1047 1149 condemna-

311 1171 436 1205 tionum
452 1171 686 1211 remissionem,
705 1175 760 1203 aut
776 1175 886 1202 contra
904 1169 974 1201 illas
991 1169 1048 1201 sal-

311 1236 385 1258 vum
409 1224 605 1258 conductum
630 1228 662 1256 et
686 1223 848 1256 licentiam
874 1232 989 1254 secure
1014 1221 1046 1254 in

310 1279 384 1312 loco
401 1277 519 1321 patrati
541 1275 700 1310 criminis¹
720 1276 770 1309 vel
796 1276 825 1308 ei
846 1275 929 1307 infra
954 1274 1046 1317 quin-

310 1331 463 1375 quaginta
479 1329 642 1370 milliaria,
659 1334 694 1362 ut
709 1329 902 1373 praefertur,
919 1328 1048 1371 propin·

310 1395 384 1428 quo,
401 1384 586 1417 nullatenus
604 1382 751 1416 obtinere
768 1386 905 1425 possent
925 1382 964 1414 ab
983 1381 1046 1414 alio

309 1448 404 1482 quam
422 1448 439 1471 a
462 1436 609 1470 Romano
633 1434 788 1468 Pontissce
807 1434 861 1477 qui
886 1444 946 1477 pro
969 1438 1046 1466 tcm-

307 1501 389 1535 pore
422 1494 526 1530 esset,
552 1494 584 1523 et
614 1488 751 1522 alicuius
787 1487 921 1521 alterius
950 1487 1045 1519 etiam

307 1545 407 1589 legati
432 1545 472 1578 de
496 1545 596 1577 latere
621 1542 769 1576 remissio
788 1541 911 1575 nemini
936 1540 1047 1574 sutl'ra-

308 1603 453 1642 garetur.
480 1598 518 1631 Et
542 1597 567 1630 si
592 1597 700 1630 forsan
726 1597 941 1639 contingeret,
958 1605 1046 1628 erm-

308 1652 384 1686 dem
407 1652 588 1685 Romanum
609 1649 798 1684 Pontificem
816 1649 855 1682 ad
880 1648 1046 1682 remissio-

308 1715 383 1739 nem
406 1715 464 1739 seu
487 1705 612 1738 salvum
636 1703 832 1738 conductum
854 1701 1044 1736 huiusmodi

307 1759 497 1802 procedere,
514 1757 588 1792 talis
613 1757 762 1791 remissio
786 1767 845 1800 per
868 1766 1045 1800 praeoccu-

306 1811 474 1856 pationem
497 1811 695 1855 processisse
712 1815 912 1850 censeretur,
938 1814 970 1842 et
989 1819 1045 1842 ne-

306 1866 386 1900 mini
410 1866 568 1910 prodesse
592 1869 718 1909 posset,
747 1864 807 1897 nisi
830 1864 863 1896 in
887 1863 943 1897 illa
966 1874 1043 1897 vere

308 1920 497 1954 earumdem
520 1919 702 1952 litterarum
719 1917 797 1951 Sixti
814 1917 1043 1961 praedecesso-

305 1973 351 2007 ris
367 1972 553 2007 huiusmodi
567 1977 660 2005 tenor
676 1971 716 2004 de
729 1970 828 2004 verbo
840 1970 879 2003 ad
896 1971 1041 2011 verbum,

305 2037 373 2060 non
396 2031 502 2060 autem
526 2035 586 2070 per
618 2025 778 2058 clausulas
810 2024 897 2057 idem
921 2024 1043 2068 impor-

305 2084 420 2121 tantes,
439 2079 579 2113 insertus
605 2078 698 2118 soret,
717 2087 752 2110 ac
771 2076 923 2121 specifica
940 2082 972 2110 et
989 2077 1042 2110 de-

304 2132 478 2167 terminata
488 2142 582 2166 causa
597 2130 844 2174 exprimeretur,
859 2139 938 2173 quae
957 2140 1041 2163 eum-

305 2186 381 2220 dem
397 2185 578 2219 Romanum
599 2183 787 2217 Pontificem
810 2183 981 2216 induceret
1001 2184 1039 2217 ad

304 2239 528 2283 derogandum
563 2237 679 2271 iisdem
703 2237 821 2271 litteris
846 2236 923 2270 Sixti
948 2248 1041 2281 prae-

304 2292 496 2333 decessoris,
515 2301 598 2335 quae
622 2301 695 2324 cum
719 2295 784 2323 tam
809 2292 935 2323 matura
960 2291 1041 2324 deli-

302 2345 472 2380 beratione
488 2345 528 2379 ab
544 2344 661 2379 eodem
677 2343 766 2378 Sixto
786 2344 1038 2388 praedecessore

304 2403 544 2433 emanaverant.

347 2452 363 2495 §
385 2451 418 2486 3.
444 2451 568 2486 Deinde
591 2450 666 2495 piae
690 2449 868 2484 memoriae
889 2450 1038 2484 Clemens

112 2489 294 2530 ¹¹¹1==⁸¹⁴¹¹¹³ar⁴su==i=⁰³
305 2504 391 2548 Papa
404 2504 467 2546 VII,
486 2504 582 2538 etiam
597 2503 831 2548 praedecessor
850 2509 976 2545 noster,
994 2504 1039 2537 sa—

111 2538 143 2557 l'tt
153 2536 169 2556 ll
178 2539 198 2556 et
206 2537 258 2557 Sixti
267 2536 293 2557 lv

1091 381 1122 408 et
1146 376 1248 409 dictae
1286 377 1449 410 Romanae
1485 378 1651 412 Ecclesiae
1687 379 1823 412 mediate

1091 434 1123 461 et
1146 429 1333 463 immediate
1370 430 1607 471 subiectorum,
1635 436 1746 464 contra
1771 443 1825 465 eo-

1091 482 1236 515 rumdem
1260 487 1291 515 et
1314 483 1451 516 aliorum
1469 484 1756 527 praedecessorum
1775 485 1826 517 lit-

1092 540 1174 567 teras
1199 536 1283 569 elata
1308 536 1431 569 cervice
1457 536 1628 576 devenire,
1654 546 1689 569 ac
1714 547 1826 570 censu-

1092 598 1142 619 ras
1166 593 1198 620 et
1222 599 1345 632 poenas
1370 589 1402 621 in
1428 589 1491 622 illis
1526 594 1696 622 contentas
1727 600 1826 623 sensu

1092 641 1231 682 reprobo
1257 641 1493 685 parvipendere
1520 652 1585 674 nen
1611 643 1732 683 vereri,
1759 653 1827 675 sce-

1091 694 1269 726 leratorum
1300 694 1486 728 insolentiis
1518 695 1694 728 salubriter
1718 695 1823 739 repri-

1090 746 1216 779 mendis
1242 747 1423 788 intendens,
1451 753 1482 781 et
1506 748 1755 781 criminosorum
1780 753 1827 781 te-

1091 799 1275 833 meritatem
1299 800 1413 834 ultrice
1439 801 1559 834 iustitia
1584 801 1759 841 cohibere,
1784 811 1825 834 ne

1091 852 1218 886 litterae
1237 853 1431 896 praedictae,
1450 864 1531 897 quae
1552 854 1685 897 provida
1706 854 1828 887 delibe-

1090 906 1216 939 ratione
1231 907 1269 939 ab
1284 906 1364 950 ipsis
1382 906 1689 949 praedecessoribus
1704 917 1828 940 emana-

1092 965 1212 1000 verant‚
1235 960 1502 1003 contemptibiles
1524 960 1749 1001 redderentur,
1769 960 1826 992 sed

1090 1023 1281 1046 excessuum
1299 1018 1545 1057 perpetratores
1561 1013 1668 1046 debita
1684 1014 1828 1046 animad-

1090 1066 1239 1099 versione
1264 1066 1472 1109 punirentur,
1499 1066 1694 1110 opportunis
1725 1077 1827 1100 reme-

1090 1118 1150 1150 diis
1175 1119 1345 1162 proridere
1371 1121 1492 1160 volens,
1512 1120 1597 1152 inter
1612 1124 1720 1153 cetera
1736 1125 1826 1152 motu

1090 1171 1223 1214 proprio
1249 1171 1394 1214 singulas
1422 1172 1644 1215 praefatorum
1681 1178 1713 1205 et
1748 1173 1827 1205 alio·

1090 1235 1160 1257 rum
1171 1226 1456 1268 praedecessorum
1472 1225 1551 1258 inibi
1567 1226 1825 1266 relataslitteras‚

1090 1288 1161 1311 eum
1176 1278 1327 1311 omnibus
1343 1283 1375 1310 et
1391 1278 1528 1321 singulis
1546 1278 1577 1310 in
1597 1279 1642 1311 eis
1656 1279 1826 1319 contentis,

1089 1331 1158 1373 pari
1191 1331 1384 1364 auctoritate
1420 1331 1613 1374 approbavit
1644 1337 1676 1364 et
1699 1332 1827 1365 innova-

1088 1384 1140 1423 rit,
1167 1389 1198 1417 et
1218 1394 1277 1428 per
1301 1384 1458 1427 singulos,
1478 1395 1560 1427 quos
1586 1384 1712 1418 litterae
1739 1385 1826 1428 ipsae

1089 1437 1338 1478 concernebant,
1355 1437 1413 1470 suh
1432 1437 1579 1470 censuris
1604 1443 1636 1470 et
1659 1438 1775 1482 poenis
1793 1437 1825 1471 in

1089 1490 1135 1523 eis
1159 1490 1337 1531 contentis,
1364 1501 1444 1534 quas
1476 1491 1761 1524 contravenientes
1787 1502 1825 1525 eo

1089 1543 1159 1586 ipso
1184 1543 1397 1584 incurrerent,
1416 1549 1576 1587 perpetuo
1597 1544 1827 1578 inviolabiliter

1088 1596 1253 1629 observari
1291 1596 1449 1638 decrevit;
1484 1597 1623 1641 illasque
1658 1598 1754 1631 etiam
1785 1598 1825 1631 ad

1089 1649 1152 1682 hoc
1176 1654 1211 1682 ut
1235 1649 1431 1691 homicidae,
1460 1650 1582 1691 sicarii,
1608 1651 1739 1691 exititii,
1764 1651 1826 1683 cri-

1088 1702 1225 1744 minosi,
1253 1702 1406 1744 rebelleS,
1427 1702 1548 1747 aliique
1573 1703 1723 1744 infames,
1749 1714 1825 1748 pro-

1087 1761 1160 1799 pter
1183 1756 1361 1789 homicidia
1385 1761 1417 1789 et
1440 1756 1502 1789 alia
1525 1756 1666 1790 nefanda
1685 1767 1745 1800 per
1767 1768 1823 1790 eos

1088 1814 1273 1853 perpetrata
1297 1819 1461 1850 excessus,
1488 1810 1623 1843 crimina
1648 1815 1680 1844 et
1704 1810 1823 1844 delicta

1087 1863 1119 1895 in
1142 1862 1345 1903 civitatibus,
1368 1863 1485 1903 terris,
1511 1863 1641 1905 eastris,
1666 1864 1716 1897 vel
1741 1863 1821 1897 locis

1086 1925 1207 1957 eorum,
1230 1926 1288 1949 seu
1312 1916 1346 1949 in
1371 1916 1489 1959 quibus
1509 1921 1583 1949 tunc
1599 1916 1820 1957 morabantur,

1085 1969 1209 2003 banniti
1223 1975 1256 2003 et
1269 1969 1486 2009 condemnati,
1500 1970 1597 2002 etiam
1614 1970 1724 2004 habita
1741 1981 1821 2014 paee

1084 2024 1124 2056 ab
1149 2022 1357 2063 haeredibus,
1381 2022 1456 2055 filiis
1485 2033 1542 2056 seu
1569 2024 1820 2067 consanguineis

1084 2076 1280 2119 occisorum²
1305 2080 1360 2109 aut
1383 2075 1524 2119 partium
1549 2076 1729 2118 laesarum,
1754 2087 1820 2111 non

1084 2130 1190 2163 solum
1215 2140 1233 2162 a
1256 2128 1338 2163 locis
1373 2128 1609 2162 circumvicinis
1643 2140 1747 2174 usqne
1780 2132 1819 2164 ad

1083 2183 1321 2227 quinquaginta
1354 2182 1527 2223 milliaria,
1554 2183 1610 2216 sed
1646 2183 1743 2217 etiarn
1780 2186 1819 2218 ab

1083 2237 1235 2270 omnibus
1259 2242 1292 2270 et
1314 2236 1451 2280 singulis
1475 2236 1678 2278 civitatibus,
1707 2239 1816 2280 terris,

1083 2291 1217 2332 castris,
1242 2291 1324 2324 locis
1357 2295 1389 2324 et
1419 2290 1566 2334 partibus
1594 2295 1672 2324 tune
1700 2292 1759 2324 sibi
1787 2298 1818 2326 et

1082 2344 1186 2378 dictae
1210 2344 1373 2378 Romanae
1389 2343 1553 2378 Ecclesiae
1574 2345 1819 2387 quomodolibet

1080 2398 1221 2431 mediate
1246 2403 1278 2431 et
1301 2397 1486 2430 immediate
1511 2396 1662 2430 subiectis
1690 2398 1816 2432 banniti

1081 2455 1114 2483 et
1130 2452 1238 2485 exules
1256 2455 1364 2484 essent
1381 2454 1413 2483 et
1428 2460 1498 2483 esse
1514 2455 1738 2492 censerentur,
1756 2460 1817 2485 neo

1079 2504 1113 2536 in
1137 2503 1202 2537 illis
1228 2514 1284 2537 seu
1309 2513 1420 2537 eorum
1446 2502 1576 2546 aliquo,
1600 2502 1697 2536 etiam
1721 2513 1817 2546 prae-

118 2557 348 2590 evmt-tutioues.cti
371 2557 566 2591 notorietate
600 2557 755 2599 edoctus,
782 2558 894 2601 plures
918 2556 1013 2590 Urbis
1028 2583 1036 2598 ‚
1081 2562 1169 2590 textu
1194 2556 1330 2589 cuiusvis
1350 2555 1509 2596 licentiae,
1528 2555 1607 2588 salvi
1625 2555 1813 2597 conductus,

341 2619 352 2645 ¹
370 2617 480 2646 Videtur
494 2617 589 2648 deesse
602 2619 715 2648 verbum
730 2618 872 2648 manendi
884 2619 924 2654 (R.
940 2618 990 2655 r.).

1080 2609 1288 2652 remissionis,
1306 2608 1517 2650 reductionis,
1534 2607 1747 2642 revocationis
1764 2609 1813 2643 vel
