2254 3225
174 179 221 205 An.
240 179 268 204 C*
295 180 357 205 ltjrsld

197 1030 278 1050 Causae
295 1031 352 1050 simi-

169 1056 195 1076 li<
208 1058 352 1080 ..lvr1=;5alio=·i<

170 1088 207 1107 pra·
232 1083 279 1102 alus
305 1084 351 1103 reli-

170 1115 233 1132 gia-⁴1<
249 1109 353 1131 ‹Itt'lurou

170 1141 291 1160 rrguorutu.

405 170 468 202 231!oe

367 237 521 270 expresse
539 227 750 270 derogamus;
776 229 956 272 ceterisque
981 236 1104 264 contra-

366 280 423 312 riis
450 280 715 325 quibuscumque.

410 332 521 365 Datum
535 333 666 374 Romae,
683 335 767 378 apud
781 335 811 368 S.
827 335 966 377 Petrum,
978 338 1036 370 sub
1050 347 1104 371 an-

365 386 442 418 nulo
456 385 639 427 Piscatoris,
658 388 708 420 die
722 398 759 422 xx
778 388 929 422 februarii
947 399 1102 431 mocxcm,

368 438 573 481 pontificatus
599 441 700 473 nostri
727 451 811 474 anno
832 451 865 476 ιι.

401 500 458 528 Dat.
476 500 519 528 die
535 501 568 529 20
584 502 712 529 februarii
731 503 809 535 ¹693,
826 504 922 539 pontis.
941 512 1012 532 anno
1027 511 1056 532 11.

695 644 770 678 LIII.

365 721 578 763 Abroqmztur
601 721 732 755 discreti
761 722 876 756 locales
899 734 957 767 pro
982 725 1103 767 capilu-

411 774 451 805 lz's
470 774 610 815 fratrum
631 775 906 818 Cappuccinoram
918 778 1103 820 provincia-

408 836 483 858 rum
499 827 669 871 utriusque
691 828 878 862 Casceltae¹.

550 907 745 935 Innocentius
766 909 843 942 Papa
863 910 926 939 ΧΠ,

505 951 541 977 ad
561 951 692 979 futuram
708 953 751 979 rei
778 954 960 981 memoriam.

400 1021 415 1063 ἓ
430 1021 459 1054 1.
475 1021 585 1064 Nuper
597 1033 656 1065 pro
672 1028 762 1065 parte
777 1023 958 1057 charissimi
970 1025 1002 1058 in
1013 1025 1103 1059 Chri-

365 1079 413 1106 sto
432 1073 489 1106 filii
515 1075 616 1108 nostri
642 1075 745 1109 Caroli
772 1076 996 1119 Hispaniarum
1014 1079 1101 1121 regis

365 1127 517 1159 catholici
534 1128 631 1160 nobis
649 1139 706 1171 per
724 1129 880 1163 dilectum
896 1130 994 1163 filiurn
1012 1132 1103 1165 nobi-

364 1180 427 1212 lem
442 1180 544 1212 virum
562 1181 756 1214 modernum
775 1183 888 1216 ducem
907 1184 945 1216 de
963 1184 1103 1218 Medina-

363 1232 460 1273 caeli,
486 1232 588 1275 ipsius
622 1233 726 1267 Caroli
759 1235 846 1278 regis
876 1236 962 1280 apud
988 1247 1045 1270 nos
1072 1243 1103 1270 et

362 1283 477 1317 Sedem
495 1286 713 1328 Apostolicam
729 1293 900 1327 oratorem,
920 1290 1101 1332 expositum

363 1337 432 1378 suit„
459 1339 542 1381 quod
570 1344 632 1371 tam
659 1339 921 1374 Praedicatorum
947 1347 978 1374 et
1003 1343 1103 1378 Mino-

362 1401 432 1423 rum
468 1392 571 1424 sancti
615 1392 777 1426 Francisci
819 1394 857 1427 de
893 1394 1102 1430 Observantia

362 1449 646 1486 nuncupatorum,
675 1456 768 1488 quam
794 1447 929 1481 aliorum
957 1449 1102 1483 diverso-

364 1507 434 1529 rum
452 1496 607 1530 Ordinum
626 1499 739 1532 fratres
757 1499 789 1532 in
806 1501 916 1543 regnis
935 1502 1100 1547 utriusque

363 1548 520 1582 Castellae
546 1551 722 1584 existentes
740 1562 795 1585 sua
816 1554 955 1597 capitula
972 1557 1102 1598 provin-

363 1602 457 1634 cialia
482 1613 555 1635 cum
579 1603 762 1637 interventu
788 1606 992 1649 superiorum
1017 1609 1101 1642 loca-

363 1654 440 1687 lium
478 1662 691 1690 conventuum
725 1657 853 1691 Ordinis
890 1659 1098 1702 huiusmodi,

362 1708 485 1751 absque
512 1709 658 1742 discretis
683 1721 738 1743 seu
764 1711 859 1744 sociis
885 1713 937 1756 qui
957 1713 1035 1746 olim
1060 1715 1099 1747 ab

362 1760 440 1803 ipsis
465 1762 679 1795 conventibus
712 1763 751 1795 ad
785 1763 933 1797 effectum
959 1776 1018 1807 sua,
1039 1767 1101 1800 suf-

362 1813 464 1855 fragia
489 1814 613 1847 serendi
641 1815 674 1847 in
701 1815 822 1849 eisdem
848 1818 997 1861 capitulis
1023 1820 1098 1863 eligi

362 1872 608 1907 consueverant,
638 1868 676 1900 de
694 1870 859 1912 praesenti
879 1872 1036 1905 celebrari
1052 1883 1099 1907 so-

361 1919 440 1952 lent.
461 1919 494 1952 ld
512 1919 682 1963 siquidem,
696 1927 922 1967 praeterquam
942 1925 1026 1968 quod
1046 1927 1099 1960 de-

361 1971 458 2004 cretis
484 1971 618 2005 Concilii
639 1973 819 2007 Tridentini
845 1976 904 2008 sub
925 1987 1007 2011 sess.
1029 1989 1097 2019 xxv,

361 2035 432 2067 cap.
460 2035 506 2065 Vl,
533 2025 586 2067 ibi,
613 2036 668 2058 nec
687 2028 720 2059 in
737 2032 900 2070 posterum
919 2030 1013 2063 liceat
1026 2042 1098 2074 pro-

360 2077 518 2110 vinciales
541 2082 599 2110 aut
623 2078 759 2119 abbates,
782 2081 908 2123 priores
932 2087 991 2115 aut
1014 2084 1097 2117 alios

359 2139 578 2173 quoscumque
612 2131 761 2164 {itaIta—as
793 2133 835 2165 (td
870 2134 1013 2177 effectum
1038 2136 1097 2170 ele-

359 2182 475 2214 ctionis
497 2183 666 2225 faciendae
680 2186 885 2227 constituere,
904 2191 974 2228 eto,
994 2191 1095 2232 magis

360 2235 523 2269 conforme
548 2236 697 2279 videtur,
724 2240 944 2274 necessarium
967 2252 1096 2286 quoque

395 2343 406 2367 1
430 2340 495 2368 Octo
515 2342 660 2377 provinciiS
686 2343 844 2371 Germaniae
871 2354 1028 2374 concessum
1047 2346 1097 2375 tuit

358 2387 451 2412 votum
470 2386 497 2412 in
517 2386 642 2421 capitulis
662 2388 695 2413 ab
717 2388 870 2416 Innocentio
892 2391 921 2417 xl
942 2396 1029 2418 coust.
1051 2392 1094 2419 ed.

357 2437 498 2464 uocexxrx,
519 2431 563 2458 die
585 2432 616 2457 10
635 2432 865 2467 ianua1·ii,p0ntit.
886 2441 926 2468 iu,
947 2441 972 2462 et
992 2437 1025 2463 ab
1046 2436 1095 2464 hoc

356 2476 488 2502 Pontissce
508 2475 643 2502 declarata
670 2480 696 2503 et
719 2478 845 2511 ampliata
866 2487 991 2512 praest-ns
1010 2481 1091 2507 abro-

357 2520 428 2553 gatio
455 2524 540 2547 const.
569 2520 612 2547 ed.
640 2526 771 2553 MDCxclu,
800 2521 843 2548 die
867 2522 896 2549 12
917 2524 1095 2559 septembris,

357 2563 454 2600 pontif.
476 2570 514 2591 ιιι.

945 182 1121 206 BI'LLARIUM
1147 184 1298 207 Roufflmi

1144 237 1342 274 compertum
1369 238 1416 266 est
1441 239 1507 266 tum
1532 235 1570 266 ad
1596 236 1741 268 tollenda
1757 236 1873 267 damna

1144 289 1176 316 et
1200 284 1416 326 incommoda,
1443 297 1526 330 quae
1551 298 1587 319 ex
1609 288 1796 321 eorumdem
1815 287 1877 320 dis-

1143 342 1302 370 cretorum
1329 349 1385 371 seu
1410 339 1571 372 sociorum
1597 340 1757 373 electione
1778 340 1810 372 in
1828 350 1876 372 re·

1143 389 1277 431 ligiosae
1308 391 1394 433 pacis
1426 398 1457 424 et
1481 393 1697 433 concordiae,
1724 404 1806 437 quae
1843 392 1876 425 in

1143 441 1316 474 Ordinibus
1340 444 1511 485 praedictis
1535 455 1663 488 semper
1679 446 1795 478 florere
1821 446 1876 478 de-

1142 493 1208 534 bet,
1228 495 1460 537 praeiudicium
1475 498 1721 539 proveniebant,
1753 503 1817 530 tum
1837 499 1875 531 ad

1143 547 1367 590 impediendas
1403 550 1616 583 relaxationes
1647 561 1725 594 quas
1759 552 1878 594 depen-

1143 600 1262 640 dentia,
1278 612 1373 645 quam
1393 607 1468 635 tunc
1486 603 1671 647 superiores
1684 614 1701 636 a
1719 604 1784 637 suis
1803 605 1878 636 sub-

1144 653 1218 686 ditis
1244 654 1428 695 habebant,
1458 656 1677 700 producebat;
1704 657 1765 701 ipsi
1790 657 1877 690 enim

1143 707 1342 750 superioi·eS‚
1361 714 1395 740 ut
1416 709 1518 742 dictos
1539 720 1615 743 suos
1641 710 1797 750 subditos,
1819 721 1878 755 pro

1144 759 1182 792 iis
1207 759 1240 792 in
1276 761 1432 794 discretos
1467 772 1520 794 seu
1555 763 1658 796 socios
1691 763 1877 797 huiusmodi

1143 811 1302 854 eligendis
1324 824 1406 857 quos
1430 815 1468 847 ad
1496 814 1644 848 effectum
1677 826 1710 849 se
1743 816 1774 848 in
1806 826 1880 859 per-

1143 869 1242 907 petuo
1276 876 1405 899 suarum
1441 868 1679 910 provinciarum
1717 869 1878 911 gubernio

1143 917 1331 951 confovendi
1354 919 1428 961 eligi
1454 930 1585 954 necesse
1604 926 1685 961 erat,
1701 921 1879 955 benevolos

1144 969 1312 1010 haberent,
1341 972 1499 1014 regularis
1526 973 1717 1016 disciplinae
1748 985 1879 1007 conser-

1143 1022 1273 1063 vationi,
1289 1029 1384 1066 prout
1409 1035 1519 1057 eorum
1547 1025 1643 1058 officii
1666 1031 1741 1067 erat,
1757 1027 1879 1060 incum-

1143 1074 1221 1108 bere
1246 1076 1467 1119 negligebant.
1494 1077 1662 1118 Quocirca,
1679 1080 1807 1123 quoties
1831 1080 1880 1113 di-

1143 1133 1267 1161 ctorum
1293 1139 1469 1172 regnorum
1485 1131 1641 1173 religiosi,
1658 1133 1816 1174 regularis
1834 1133 1880 1166 di-

1143 1180 1300 1223 sciplinae
1325 1181 1510 1215 huiusmodi
1528 1184 1667 1217 tuendae
1692 1186 1762 1218 zelo
1781 1185 1877 1226 ducti,

1143 1234 1182 1267 ad
1200 1234 1303 1277 ipsius
1328 1234 1433 1268 Caroli
1466 1236 1550 1278 regis
1580 1237 1795 1279 patrocinium
1820 1249 1879 1282 pro

1144 1287 1333 1320 eorumdem
1371 1288 1586 1321 discretorum
1623 1299 1682 1322 seu
1714 1290 1879 1324 sociorum

1143 1340 1357 1382 abrogatione
1384 1341 1424 1373 ab
1449 1341 1509 1374 hac
1535 1341 1650 1375 Sancta
1675 1342 1757 1377 Sede
1775 1343 1879 1387 impe-

1144 1394 1256 1426 tranda
1281 1393 1508 1436 confugerunt,
1527 1394 1605 1428 illud
1625 1406 1755 1439 semper
1768 1397 1877 1438 adsuit,

1143 1445 1246 1479 donec
1271 1446 1426 1479 eiusmodi
1455 1447 1589 1490 gratiam
1615 1449 1784 1483 consecuti
1811 1450 1879 1483 sue-

1143 1505 1229 1532 runt.

1186 1553 1200 1595 g
1225 1552 1253 1585 02.
1279 1552 1354 1586 Cum
1381 1559 1502 1592 autem,
1529 1554 1611 1588 sicut
1642 1556 1754 1589 eadem
1781 1566 1878 1600 expo-

1142 1605 1216 1638 sitio
1254 1606 1484 1648 subiungebat,
1513 1607 1615 1639 dictus
1652 1607 1786 1641 Carolus
1821 1619 1876 1641 rex

1142 1658 1262 1691 certi0r
1287 1658 1387 1690 sactus
1413 1659 1518 1699 suerit,
1538 1659 1652 1692 fratres
1676 1660 1804 1694 Ordinis
1824 1662 1878 1694 Mi-

1140 1721 1256 1743 norum
1284 1711 1431 1744 eiusdem
1449 1713 1552 1745 sancti
1577 1713 1739 1746 Francisci
1758 1714 1880 1758 capue-

1141 1763 1287 1796 cinorurn
1313 1765 1635 1808 nuncupatorum,in
1660 1767 1771 1809 regnis
1787 1778 1879 1811 prae·

1141 1817 1211 1850 satis
1236 1817 1433 1857 existentes,
1458 1828 1522 1851 non
1560 1819 1657 1852 modo
1691 1820 1803 1853 eadem
1830 1821 1878 1853 in-

1140 1870 1307 1903 commoda
1327 1875 1358 1903 et
1382 1870 1500 1904 damna
1519 1882 1601 1915 quae
1626 1872 1704 1906 olim
1730 1873 1875 1916 religiosi

1140 1923 1275 1957 aliorum
1307 1923 1461 1957 Ordinum
1500 1925 1717 1968 praefatorum
1747 1937 1782 1959 ex
1813 1927 1877 1961 ele-

1140 1977 1247 2010 ctione
1265 1977 1480 2010 discretorum
1497 1988 1553 2011 seu
1580 1978 1740 2012 sociorum
1766 1980 1876 2013 huius-

1139 2030 1224 2063 modi
1260 2030 1384 2073 experti
1421 2030 1568 2071 fuerant,
1601 2032 1683 2074 pati,
1721 2033 1777 2066 sed
1813 2033 1875 2066 alia

1138 2084 1239 2116 multa
1263 2093 1471 2123 concurrere,
1497 2089 1633 2127 propter
1657 2095 1739 2128 quae
1761 2086 1875 2119 fratres

1137 2135 1295 2180 praedicti
1320 2146 1414 2168 usum
1451 2136 1592 2179 eligendi
1626 2138 1784 2171 discretos
1817 2149 1874 2172 seu

1137 2189 1243 2222 socios
1261 2189 1444 2232 praedictos
1465 2189 1496 2221 iu
1522 2190 1696 2232 provinciis
1714 2191 1874 2225 dictorum

1138 2251 1315 2284 regnorum
1348 2241 1507 2282 abrogare
1542 2243 1718 2284 plurimum
1744 2244 1873 2278 deside-

1138 2299 1220 2335 rant,
1245 2295 1392 2337 adeoque
1410 2294 1510 2336 ipsius
1526 2294 1630 2328 Caroli
1656 2295 1743 2338 regis
1769 2297 1873 2330 zelum

1137 2347 1313 2381 sollicitant
1349 2352 1382 2379 ut
1413 2347 1611 2390 apostolicae
1649 2342 1794 2392 desuper
1818 2361 1872 2382 au-

1137 2400 1293 2434 ctoritatis
1317 2405 1446 2434 nostrae
1471 2405 1578 2443 partes
1605 2401 1769 2445 interponi
1788 2403 1873 2436 simi-

1137 2455 1213 2488 liter
1226 2459 1332 2487 curet:
1349 2454 1444 2487 nobis
1468 2459 1640 2497 propterea
1662 2455 1806 2489 ciusdem
1819 2456 1872 2490 Ca-

1137 2507 1199 2540 roli
1217 2507 1303 2549 regis
1314 2506 1443 2540 nomine
1458 2517 1517 2549 per
1528 2513 1740 2540 memoratum
1754 2509 1869 2542 ducem

1139 2560 1307 2594 humiliter
1338 2560 1554 2604 supplicatum
1580 2560 1637 2593 suit
1661 2566 1696 2593 ut
1720 2561 1752 2594 in
1777 2572 1871 2606 prae-

1885 186 1933 212 Αη.
1950 185 1980 214 C.
2002 186 2068 214 1593

1936 1568 2018 1589 eauaae
2041 1570 2072 1589 di-

1888 1598 1934 1615 elao
1950 1596 2072 1619 abrogatio-

1888 1623 1918 1641 nis
1930 1628 1967 1648 pro
1978 1622 2072 1648 Cappuc-

1888 1650 1950 1670 cinis.
