2254 3225
219 222 409 251 An.c.1u90
454 218 517 251 45ss

209 2063 329 2087 Exordium.

406 277 600 316 gateriarum
627 280 853 323 derogatoriis‚
880 285 1016 328 aliisque
1042 288 1140 319 effica-

405 328 544 362 cioribus
562 337 593 363 et
610 332 749 366 insolitis
770 336 922 368 clausulis
943 343 974 370 et
991 338 1138 376 decretis,

404 381 499 413 etiam
525 383 736 426 irritantibus,
755 392 786 419 et
811 394 897 421 motu
919 390 1062 432 proprio,
1082 401 1136 422 seu

402 434 491 473 alias,
505 435 536 467 in
552 438 746 470 eontrarium
765 442 1015 482 praemissorum
1030 443 1133 475 forsan

402 489 645 529 quomodolibet
668 495 851 533 concessis,
886 495 1071 537 approbatis
1103 502 1133 527 et

400 538 582 581 innovatis;
610 543 725 585 quibus
750 547 901 578 omnibus
927 552 957 579 et
984 547 1129 589 singulis,

400 592 522 624 etiamsi
549 604 606 635 pro
642 595 769 628 illorum
794 598 964 631 sufficienti
996 599 1131 641 deroga-

400 643 484 676 tione
510 646 547 677 de
572 647 635 679 illis
660 659 835 691 eorumque
862 650 933 682 totis
963 652 1127 683 tenoribus

397 697 555 738 specialis,
570 700 728 741 specifica,
746 701 910 735 individua
924 708 954 735 et
968 714 1126 746 expressa,

396 759 459 782 nou
481 757 584 783 autem
602 763 659 794 per
675 754 832 787 clausulas
853 758 1023 797 generales
1041 758 1125 790 idem

394 801 603 843 importantes
621 831 626 841 ,
652 806 771 837 mentio
808 817 863 838 seu
901 809 1030 850 quaevis
1064 811 1125 842 alia

393 855 557 895 expressio
591 856 738 889 habenda
764 864 818 890 aut
843 859 949 902 aliqua
986 861 1047 893 alia
1073 873 1125 894 ex-

393 906 511 947 quisita
527 908 625 940 forma
643 910 680 940 ad
701 910 760 942 hoc
778 913 936 945 servanda
954 913 1045 953 soret,
1060 915 1125 948 illo-

391 969 459 991 rum
487 966 614 994 tenores
646 964 869 1004 praesentibus
896 976 953 1008 pro
978 969 1073 1010 plene
1092 974 1124 1000 et

390 1012 587 1045 sufficienter
604 1016 775 1056 expressis,
799 1023 829 1049 et
854 1018 988 1051 sormam
1007 1020 1038 1052 in
1058 1021 1120 1054 illis

390 1065 550 1097 traditam¹
566 1077 624 1108 pro
638 1071 759 1101 servata
775 1069 945 1111 habentes,
959 1072 1022 1105 illis
1041 1075 1120 1107 alias

388 1114 419 1146 in
439 1126 495 1148 suo
516 1118 629 1149 robore
656 1122 884 1161 permansuris,
912 1125 948 1156 ad
969 1127 1119 1167 praemis-

387 1177 493 1199 sorum
519 1168 674 1212 ellectum,
695 1172 754 1204 hae
777 1173 842 1205 viee
862 1175 1032 1218 dumtaxat,
1049 1189 1120 1221 spe-

385 1219 508 1252 cialiter
532 1227 563 1253 et
591 1233 741 1265 expresse
773 1226 990 1270 derogamus;
1025 1236 1115 1264 cete-

383 1271 491 1314 risque
518 1276 688 1308 contrariis
713 1278 983 1324 quibuscumque.

425 1324 535 1357 Datum
561 1327 694 1367 Romae,
721 1332 805 1372 apud
823 1332 854 1364 S.
875 1334 1002 1368 Mariam
1020 1336 1116 1369 Maio-

381 1386 459 1416 rem,
471 1379 530 1409 sul)
541 1381 658 1413 annulo
671 1382 853 1424 Piscatoris,
864 1386 915 1419 die
926 1398 979 1420 xiv
991 1399 1116 1421 novem-

380 1428 446 1461 bris
464 1440 583 1471 mnexc,
604 1434 810 1475 pontificatus
828 1439 930 1471 nostri
948 1451 1033 1473 anno
1052 1453 1084 1475 11.

414 1489 473 1516 Dat.
492 1491 535 1518 die
553 1494 584 1519 14
600 1496 752 1522 novembris
770 1498 848 1533 1690,
865 1501 961 1534 pontif.
978 1510 1049 1530 anno
1064 1509 1093 1530 11.

593 1633 713 1668 xxxiv
738 1637 796 1680 (az.
822 1638 888 1683 33).

378 1708 568 1744 Conceditur
596 1714 802 1757 indulsyenli'a
826 1719 980 1762 plenaria
1003 1733 1110 1767 perpe-

421 1767 476 1795 tuu.
502 1765 534 1795 ιή
555 1767 633 1807 sesto
652 1771 757 1801 sancti
773 1772 908 1805 Ioanm's
938 1785 956 1806 (ι
985 1776 1016 1808 S.
1038 1777 1107 1809 Fa-

418 1817 521 1848 cundo
554 1818 671 1851 Orzle'm'
698 1825 905 1857 <venetiarum
942 1827 972 1859 S.
1002 1829 1108 1871 Angli(-

418 1869 528 1902 3(ιήίῖ

561 1952 725 1981 Alexander
744 1956 821 1989 Papa
842 1958 920 1991 VIII,

490 1994 530 2019 Ad
550 2000 722 2029 perpetuam
742 2000 786 2027 rei
807 2004 986 2030 memoriam.

418 2061 641 2107 Redemptoris
677 2073 707 2100 et
738 2069 863 2103 Domini
900 2075 1000 2106 nostri
1036 2075 1104 2109 Iesu

374 2112 510 2154 Christi,
542 2118 592 2159 qui
630 2120 789 2160 gloriosos
816 2125 1103 2161 saluberrimoruin

374 2177 456 2208 quae
482 2169 572 2201 nobis
603 2173 735 2215 reliquit
759 2179 978 2220 exemplorum
1004 2188 1103 2214 secta-

374 2223 459 2252 tores
484 2222 554 2253 altis
579 2224 738 2259 decoravit
771 2228 950 2264 honoribus
977 2239 1008 2265 et
1031 2245 1103 2267 cae-

371 2271 459 2304 lestis
482 2273 688 2310 beatitudinis
705 2288 870 2315 consortes
887 2284 1001 2326 ell‘eeit,
1016 2287 1100 2321 vices

407 2333 417 2357 1
442 2332 510 2360 Edit.
533 2334 610 2362 lllain.
632 2338 696 2373 legit
713 2342 808 2373 forma
864 2346 973 2372 tradita
991 2347 1032 2380 (n.
1052 2350 1100 2381 T.),

404 2376 420 2401 2
440 2376 578 2405 Translata
597 2380 705 2409 initalia
721 2384 886 2420 indulgentia
902 2390 1022 2423 plenaria
1037 2401 1100 2426 per-

369 2423 449 2454 petua
467 2421 500 2447 ab
520 2423 674 2452 Innocentio
694 2427 725 2453 Xl
745 2434 830 2456 const.
852 2431 915 2458 edit.
937 2440 1099 2470 mnchxviu,

369 2463 413 2489 die
433 2465 448 2490 4
468 2466 566 2499 martii,
587 2473 659 2502 pout.
681 2477 712 2503 u;
734 2476 760 2498 et
775 2482 789 2499 a
804 2474 940 2502 Clemente
962 2477 990 2503 Xl
1013 2484 1089 2506 const

369 2507 433 2535 edit.
453 2515 557 2543 MDCCVI,
579 2511 621 2538 die
636 2514 663 2540 2!
683 2515 805 2550 ianuarii⁷
826 2523 900 2552 pout.
918 2528 954 2554 v1,
973 2530 1099 2550 conec-ssa

369 2550 418 2577 fuit
444 2552 536 2579 similis
564 2555 727 2589 indulgentia
755 2562 875 2589 ecclesiis
904 2566 1098 2593 canonicorum

369 2597 535 2630 regularium
554 2599 579 2625 S.
602 2600 658 2627 llnti
679 2603 741 2630 dicti
761 2605 874 2634 Ordinis.

988 238 1105 262 BULLAR
1112 241 1165 262 lUlt
1189 241 1340 265 ROMANUM

1923 255 1975 282 An.
1996 256 2024 284 C.
2042 257 2111 287 1000

1183 288 1258 321 licet
1286 290 1436 324 immeriti
1463 300 1613 334 gerentes
1637 296 1668 330 in
1694 300 1799 341 terris,
1823 302 1917 344 spiri-

1182 341 1313 373 tualium
1354 354 1521 379 munerum
1558 350 1742 393 thesauros,
1778 364 1913 396 quorum

1180 393 1271 424 nobis
1297 396 1421 429 credita
1446 404 1495 430 est
1525 401 1745 445 dispensatio,
1772 406 1914 440 libenter

1178 456 1360 489 erogamus,
1387 451 1467 484 sieut
1503 455 1542 487 ad
1581 457 1781 492 evcitandam
1810 466 1841 492 et
1864 461 1912 494 so-

1177 500 1311 533 veudam
1337 513 1412 545 erga
1437 507 1566 540 eosdem
1600 509 1710 543 beatos
1749 514 1830 546 caeli
1862 514 1911 547 in-

1175 553 1259 584 colas
1284 553 1425 589 fidelium
1447 559 1649 594 devotionem
1668 564 1844 598 salubriter
1861 577 1909 599 ex-

1173 605 1285 645 pedire
1310 606 1341 638 in
1367 608 1500 643 Domino
1523 613 1729 649 arbitramur.

1214 657 1228 699 ᾖ
1254 657 1285 690 l.
1313 659 1389 692 Cum
1414 661 1520 706 itaque
1546 676 1604 699 nos
1628 677 1750 711 nuper,
1777 671 1815 703 ad
1848 671 1905 705 ho·
1963 684 2100 707 Sanctissimo

1171 719 1281 742 norem
1308 715 1529 750 sanctissimae
1561 724 1593 751 et
1627 720 1811 756 individuae
1836 709 2100 773 Tri-iiiiifb0³a‘¹1i1⁰s''iffi¹1¹iff

1170 762 1286 803 nitatis,
1312 765 1351 797 ad
1377 769 1608 804 exaltationem
1634 774 1811 809 catholicae
1828 764 1984 810 metti-‘035'
1995 764 2098 786 ¹¹⁰⁰¹³⁰w

1169 821 1199 846 et
1219 816 1414 852 christianae
1441 823 1609 865 religionis
1639 826 1877 863 incrementum
1893 857 1900 871 ,

1168 867 1206 898 de
1227 872 1459 906 venerabilium
1488 875 1621 909 fratrum
1650 879 1680 911 S.
1705 880 1741 912 R.
1769 881 1801 914 E.
1835 893 1902 916 car-

1167 920 1335 962 dinalium,
1359 935 1395 957 ac
1419 928 1696 973 patriarcharum,
1728 934 1916 977 arcipisco-=

1167 982 1281 1013 porum
1307 981 1339 1007 et
1373 977 1600 1022 episcoporum
1633 984 1665 1016 in
1697 986 1779 1018 alma
1815 988 1898 1022 Urbe

1165 1028 1274 1058 nostra
1301 1033 1375 1061 tune
1401 1032 1619 1074 existentium,
1645 1039 1798 1079 consilio,
1824 1041 1900 1074 bea-

1165 1082 1227 1109 tum
1250 1078 1399 1113 Ioannem
1418 1093 1435 1115 a
1454 1084 1484 1116 S.
1506 1085 1667 1128 Facundo,
1685 1089 1812 1124 Ordinis
1837 1093 1899 1125 sra-

1165 1134 1246 1162 trum
1265 1133 1472 1168 eremitarum
1491 1137 1521 1169 S.
1544 1139 1710 1182 Augustini
1737 1145 1899 1185 professo-

1162 1193 1239 1222 rem,
1264 1187 1456 1221 auctoritate
1477 1192 1570 1224 nobis
1588 1204 1605 1225 a
1625 1193 1761 1228 Domino
1780 1198 1897 1232 tradita

1160 1235 1311 1270 Sanctum
1338 1250 1405 1273 esse
1446 1242 1682 1279 decreverimus
1718 1253 1750 1281 et
1785 1250 1896 1284 defini-

1159 1290 1308 1331 verimus,
1347 1293 1504 1338 illumque
1530 1297 1721 1333 Sanctorum
1749 1304 1895 1346 catalogo

1157 1343 1293 1375 solemni
1326 1345 1388 1376 ritu
1426 1347 1708 1391 adscripserimus:
1745 1354 1821 1387 hinc
1845 1362 1895 1389 est

1157 1395 1243 1436 quod
1268 1406 1345 1435 nos,
1373 1398 1410 1430 ad
1444 1403 1622 1442 augendam
1648 1404 1792 1439 fidelium
1819 1409 1894 1441 reli-

1156 1447 1284 1487 gionem
1302 1454 1334 1481 et
1351 1451 1531 1485 animarum
1548 1456 1683 1489 salntem
1698 1459 1891 1494 caelestibus

1155 1499 1314 1534 Ecclesiae
1334 1503 1496 1538 thesauris
1515 1507 1566 1549 pia
1588 1509 1744 1544 charitate
1763 1512 1890 1555 intenti,

1155 1562 1190 1584 ac
1214 1553 1253 1585 de
1279 1555 1509 1598 omnipotentis
1527 1559 1583 1592 Dei
1611 1562 1834 1598 misericordia
1855 1578 1890 1600 ac

1154 1605 1320 1639 beatorum
1352 1609 1437 1642 Petri
1474 1617 1506 1644 et
1540 1613 1630 1646 Pauli
1666 1620 1887 1659 apostolorum

1153 1658 1221 1690 eius
1240 1661 1427 1695 auctoritate
1449 1664 1569 1705 contisi,
1593 1668 1742 1702 omnibus
1768 1677 1799 1704 et
1824 1673 1888 1705 sin-

1153 1712 1234 1752 gulis
1249 1713 1414 1757 utriusque
1429 1726 1520 1750 sexus
1534 1719 1797 1757 christifidelibus
1813 1737 1886 1760 vere

1152 1765 1392 1805 poenitentibus
1410 1774 1441 1801 et
1464 1771 1619 1805 confessis
1642 1785 1678 1807 ac
1695 1780 1783 1809 sacra
1804 1789 1887 1812 com-

1152 1817 1302 1850 muuione
1336 1821 1484 1862 resectis,
1519 1825 1572 1866 qui
1599 1826 1738 1869 aliquam
1763 1840 1799 1863 ex
1836 1842 1886 1865 ec-

1152 1869 1258 1902 elesiis
1280 1882 1552 1918 q1.1arumcumque
1574 1880 1883 1926 confraternitatum,

1151 1923 1417 1958 monasteriorum
1433 1933 1464 1959 et
1489 1928 1658 1964 domorum
1682 1936 1882 1977 regularium

1152 1978 1213 2006 tam
1246 1976 1375 2009 fratrum
1409 1990 1502 2021 quam
1538 1984 1724 2018 monialium
1755 1987 1882 2023 Ordinis

1150 2028 1283 2068 praefati
1321 2031 1478 2065 hactenus
1505 2036 1621 2068 erectis
1649 2043 1680 2069 et
1708 2039 1740 2072 in
1772 2049 1882 2084 poste-

1148 2089 1217 2112 rum
1250 2083 1519 2128 quandocumque
1551 2088 1714 2130 erigendis
1749 2099 1780 2126 et
1809 2095 1880 2127 nbi—

1147 2142 1284 2175 cumque
1316 2136 1462 2169 locorum
1495 2139 1703 2175 existentibus
1730 2145 1780 2178 die
1813 2149 1878 2181 κη’

1147 2184 1225 2216 iunii
1251 2186 1330 2220 sesto
1357 2188 1502 2222 eiusdem
1528 2192 1557 2224 S.
1583 2192 1709 2227 Ioannis
1734 2208 1751 2230 a
1775 2198 1805 2231 S.
1826 2200 1878 2233 Fa-

1146 2239 1261 2278 cundo,
1279 2250 1295 2272 a
1316 2241 1428 2282 primis
1446 2245 1588 2286 vesperis
1608 2256 1710 2289 usque
1732 2251 1769 2283 ad
1787 2261 1877 2285 occa-

1145 2301 1212 2323 sum
1231 2292 1306 2324 solis
1325 2293 1397 2325 sesti
1415 2295 1610 2337 huiusmodi,
1631 2299 1766 2343 singulis
1784 2306 1875 2339 annis

1146 2343 1258 2376 devote
1283 2344 1497 2387 visitaverint,
1524 2354 1555 2381 et
1580 2351 1622 2383 ibi
1648 2363 1706 2394 pro
1728 2355 1876 2391 christia-

1144 2406 1259 2428 norum
1285 2398 1468 2441 principum
1493 2405 1677 2444 concordia,
1701 2407 1874 2445 haeresum

1143 2448 1366 2490 extimatione,
1386 2462 1421 2483 ac
1437 2459 1564 2487 sanctae
1585 2458 1695 2490 matris
1711 2459 1874 2497 Ecclesiae

1143 2503 1335 2535 exaltatione
1368 2504 1436 2546 pias
1469 2507 1507 2539 ad
1533 2507 1631 2541 Deum
1657 2522 1770 2553 preces
1796 2516 1874 2549 effu-

1142 2554 1265 2594 derint,
1292 2557 1468 2597 plenariam
1501 2561 1643 2594 omnium
1669 2573 1873 2607 peccatorum

1177 2615 1187 2641 1
1211 2614 1282 2642 Edu.
1302 2615 1381 2644 Mam.
1403 2618 1466 2653 legit
1484 2620 1523 2646 92
1544 2622 1582 2656 (a.
1603 2624 1652 2658 iu).
