2227 3225
126 255 177 282 Λη.
199 255 217 283 C
247 255 311 284 11'91

153 318 221 338 Curi·
240 318 282 338 xit.

188 350 197 361 ο
214 349 236 363 ea
248 344 312 364 ululis

127 351 425 396 e0„.2„·„l1.t0⁵.niunt‚
444 366 547 400 quae,
573 356 621 389 vel
647 356 686 389 de
714 355 781 387 iure
807 359 863 387 aut
886 359 1060 388 consuetu-

906 251 1112 277 INNocENHt'S
1137 252 1180 276 ΧΠ
1205 251 1252 276 PP-

364 314 387 339 1.
415 304 512 338 Plura
537 302 671 347 quidem
696 300 729 335 in
754 301 967 335 conventibus
990 310 1060 333 eve-

323 411 397 444 dine
422 415 454 443 et
477 409 661 453 prudentia,
681 408 810 441 nonnisi
836 407 1060 450 capitulariter

323 462 516 496 ordinantur
545 467 578 495 et
605 461 698 494 siunt.
730 461 822 494 Unde
855 459 1060 503 receptiones

322 516 362 549 ad
383 516 530 549 habitum
556 521 588 548 et
611 513 847 558 professionem
871 518 902 546 et
926 513 1058 546 ordines

323 568 418 602 etiam
433 569 573 601 maiores
592 572 644 600 aut
661 568 804 600 minores
821 565 1059 608 suscipiendos,

322 621 500 654 electiones
525 619 822 663 depositariorum,
848 619 898 651 vel
925 617 951 650 si
977 629 1059 661 quae

323 674 386 706 sint
411 674 492 706 aliae
518 673 770 712 nominationes,
801 671 973 714 graviaque
1004 681 1060 703 ne-

324 726 420 768 gotia,
447 735 529 769 quae
553 726 603 758 vel
621 735 657 758 ex
676 735 709 757 se
727 725 890 767 postulant
910 728 964 756 aut
987 733 1061 755 con-

324 778 491 812 sueverint
502 777 574 811 fieri
591 788 650 821 per
666 777 818 819 suffragia
832 782 967 815 secreta,
984 785 1061 808 sem-

325 841 384 874 per
401 831 618 864 decernantur
634 830 667 862 in
686 830 827 872 capitulo
848 829 1058 867 conventuali,

325 883 358 916 in
383 893 448 926 quo
475 887 599 915 tantum
634 892 747 915 vocem
783 882 926 915 habeant
961 882 1060 915 sacris

325 935 455 969 initiati.
484 934 675 968 Contractus
692 940 801 968 autem
819 940 848 967 et
865 934 996 977 negotia
1012 936 1060 967 vel

327 988 427 1022 dubia
451 999 532 1031 quae
557 988 725 1031 pertinent
758 988 797 1021 ad
822 989 909 1021 bona
937 993 1063 1030 tempo-

326 1042 416 1081 ralia,
434 1047 466 1073 ut
486 1041 669 1084 emptiones
688 1041 739 1074 vel
760 1040 972 1074 admissiones
991 1040 1063 1072 liae-

326 1093 511 1132 reditatum,
536 1098 592 1126 aut
624 1103 800 1132 censuum,
826 1092 1063 1125 nominationes

328 1151 585 1189 procuratorum,
603 1150 635 1178 et
653 1145 753 1178 aliae¹
772 1144 915 1178 actiones
932 1144 1063 1182 similes,

329 1199 361 1231 in
387 1199 504 1232 eodem
536 1199 680 1242 capitulo
716 1197 920 1231 conventuali
954 1199 1065 1231 decer-

328 1256 447 1283 nantur
460 1261 518 1294 per
536 1251 688 1293 suffragia
701 1250 789 1284 vivae
806 1250 893 1283 vocis
911 1250 949 1282 ab
967 1249 1065 1283 omni-

329 1304 389 1336 bus
416 1304 682 1336 conventualibus
702 1308 733 1336 et
749 1303 905 1346 professis
923 1302 1066 1334 eiusdem

331 1357 461 1397 domus;
481 1362 513 1390 et
536 1367 648 1390 sensus
666 1356 799 1389 maioris
816 1356 916 1399 partis
934 1355 1066 1398 capituli

329 1409 543 1452 praevalebit.
592 1409 789 1442 Procurator
830 1408 1068 1450 redemptionis

329 1467 509 1495 conventus
546 1461 579 1495 in
618 1462 682 1495 hoc
717 1462 813 1495 etiam
849 1461 991 1504 capitulo
1028 1462 1068 1494 ab

330 1512 568 1557 01111111111511116ἵ
585 1515 851 1547 conventualibus
870 1513 1066 1546 nominatur.

331 1683 428 1712 nens,
455 1673 609 1716 quodque
643 1673 676 1705 in
710 1672 850 1715 capitulo
880 1682 1069 1715 proponere

332 1725 375 1757 sit
399 1735 544 1766 necesse,
567 1725 682 1758 eadem
708 1725 759 1758 die
785 1735 846 1768 qua
872 1725 1070 1768 proponitur

332 1778 531 1817 resolvatur,
556 1778 612 1810 sed
638 1777 670 1810 in
689 1778 773 1811 diem
800 1783 994 1820 sequentem
1016 1783 1070 1810 aut

333 1831 430 1863 alium
457 1829 623 1863 differatur
646 1831 889 1869 resolvendum,
916 1830 967 1862 et³
988 1831 1069 1863 illud
1089 1857 1092 1872 2

332 1883 419 1916 inter
437 1893 471 1916 se
489 1882 640 1915 versandi
656 1889 687 1915 et
699 1883 855 1915 maturius
871 1883 1068 1916 decernendi

1735 242 1799 276 :303

1101 299 1166 340 ris,
1193 299 1311 343 quibus
1337 298 1450 332 fratres
1482 299 1674 342 regulariter
1698 311 1835 332 consue-

1101 353 1207 386 verint
1232 353 1344 386 adesse
1368 353 1554 390 conventui,
1580 358 1611 385 et
1635 353 1744 386 sanior
1760 364 1835 396 pars

1101 411 1133 438 et
1156 412 1263 448 patres
1285 416 1301 438 a
1326 405 1466 438 consilio
1491 416 1556 438 non
1580 405 1702 437 absint.

1144 467 1191 490 111.
1207 458 1271 490 Sub
1288 457 1465 500 praedictis
1480 457 1605 500 poenis,
1620 458 1743 490 eisdem
1755 468 1837 490 com-

1100 510 1344 543 mendatoribus
1375 510 1624 549 constituimus,
1650 521 1690 543 ne
1715 512 1838 553 suppli-

1101 563 1244 596 cationes
1264 567 1317 595 aut
1337 562 1519 605 petitiones,
1546 573 1631 605 quae
1657 573 1715 605 pro
1741 563 1838 595 rebus

1101 627 1231 648 suarum
1260 615 1428 649 domorum
1454 615 1659 648 exhibendae
1692 615 1757 647 sint
1784 627 1837 647 su-

1100 669 1286 712 perioribus
1310 669 1452 711 propriis
1484 668 1673 701 nominibus
1698 679 1838 701 conven-

1102 722 1237 754 tualium
1258 721 1470 764 subscriptae,
1483 720 1690 753 subscribere
1709 721 1835 759 saciant,

1101 774 1163 807 nisi
1188 774 1279 817 prius
1303 775 1405 807 lectae
1431 774 1551 806 suerint
1571 773 1603 805 in
1628 774 1727 816 pleno
1752 773 1838 816 capi-

1102 828 1182 866 tulo,
1202 832 1234 859 et
1258 826 1291 859 in
1317 836 1355 859 eo
1381 826 1511 869 publice
1536 826 1575 858 ab
1596 826 1746 858 omnibus
1765 827 1839 858 sub-

1103 879 1287 912 scribantur
1325 879 1460 921 singulis
1501 878 1670 920 proprium
1708 889 1838 910 sensum

1103 931 1326 965 affirmativum
1351 932 1403 964 vel
1434 931 1617 973 negativum
1643 931 1839 963 declaranti-

1103 985 1179 1026 bus3
1198 985 1316 1028 quihus
1335 984 1430 1017 etiam
1453 984 1512 1016 sub
1529 985 1635 1026 poena
1652 984 1757 1025 gravis
1776 985 1840 1016 cul«

1104 1048 1163 1081 pao
1195 1037 1437 1080 praecipimus,
1463 1046 1503 1068 ne
1536 1036 1629 1068 aliter
1658 1036 1840 1078 praedictas

1106 1090 1279 1134 petitiones
1304 1089 1434 1121 nomine
1460 1090 1594 1131 proprio
1620 1088 1838 1120 subscribant.

1150 1154 1171 1176 1.
1198 1142 1360 1181 Quaedam
1378 1142 1501 1174 modica
1526 1142 1715 1184 frequenter
1731 1141 1841 1173 oriun-

1107 1202 1156 1227 tur
1175 1196 1206 1227 in
1223 1194 1342 1227 Ordine
1364 1204 1446 1236 quae
1465 1195 1628 1237 praelatus
1646 1198 1752 1236 potest
1772 1194 1841 1226 sine

1106 1258 1267 1280 consensu
1304 1247 1440 1279 aliorum
1478 1247 1656 1289 expedire;
1684 1247 1842 1289 quaedam

1107 1312 1182 1334 vero
1207 1305 1283 1332 sunt
1307 1300 1388 1332 adeo
1411 1309 1545 1340 magna,
1574 1304 1610 1331 111
1633 1300 1722 1332 1111110
1748 1299 1842 1331 modo

1109 1355 1248 1387 debeant
1273 1353 1343 1385 sine
1376 1352 1514 1384 consilio
1541 1352 1639 1383 totius
1665 1357 1844 1384 conventus

1109 1407 1220 1449 peragi
1257 1416 1315 1438 nec
1352 1405 1489 1443 resolvi,
1523 1405 1679 1447 quaedam
1717 1405 1846 1437 tandein

1110 1465 1185 1492 sunt
1210 1459 1318 1492 media
1342 1459 1381 1491 ad
1411 1468 1493 1501 quae
1528 1458 1691 1490 tractanda
1717 1463 1749 1490 et
1773 1468 1847 1489 exe-

1089 1528 1090 1534 1
1110 1513 1237 1555 quenda
1262 1511 1388 1550 sufficit,
1408 1512 1458 1543 vel
1477 1511 1585 1543 forsan
1605 1510 1700 1542 etiam
1726 1510 1757 1541 in
1777 1520 1847 1551 gra-

375 1576 411 1600 11.
437 1566 566 1599 Nullum
593 1567 759 1609 negotium
779 1567 817 1599 ad
839 1566 925 1599 hona
946 1572 1069 1610 tempo·
1089 1559 1091 1573 ⁵

331 1619 413 1652 ralia
437 1624 619 1653 conventus
647 1621 698 1653 vel
723 1620 762 1652 ad
788 1619 943 1652 Ordinem
969 1620 1069 1662 perti·
1090 1631 1091 1641 1

1109 1565 1201 1597 vibus
1226 1565 1359 1607 expedit
1383 1574 1561 1606 paucorum
1587 1563 1742 1595 adhibere
1771 1573 1848 1594 con-

1110 1618 1231 1657 silium,
1248 1628 1287 1650 ne
1307 1618 1354 1650 vel
1373 1622 1551 1650 conventus
1577 1616 1673 1648 nimis
1698 1621 1848 1657 gravetur

1110 1671 1284 1714 capitulis,
1319 1676 1349 1703 et
1373 1671 1554 1713 praelatus,
1582 1680 1641 1712 pro
1666 1679 1723 1701 suo
1755 1669 1846 1701 libito

1110 1725 1277 1768 praedicta
1289 1725 1463 1763 resolvens,
1479 1723 1585 1755 minus
1595 1722 1763 1765 sapienter
1775 1727 1848 1763 agat

1110 1783 1222 1810 contra
1245 1775 1428 1821 Salomonis
1454 1775 1632 1818 eloquium.

1153 1839 1189 1862 11.
1216 1829 1260 1862 De
1286 1828 1382 1860 nimis
1407 1828 1517 1860 arduis
1536 1833 1568 1860 et
1585 1827 1747 1869 gravibus,
1766 1837 1847 1870 quae

1088 1873 1149 1928 ide
1174 1882 1245 1914 iure
1270 1882 1319 1914 vel
1351 1891 1411 1913 usu
1443 1880 1575 1922 exigunt
1606 1890 1772 1912 assensum
1797 1892 1848 1913 ca-

332 1937 442 1968 locum
477 1935 621 1968 habeant
656 1936 770 1969 fratres
789 1962 796 1975 ‚
820 1945 861 1968 ne
893 1936 1069 1978 aliquando
1088 1929 1091 1982 ¹3
1110 1935 1215 1978 pituli,
1232 1935 1295 1967 iam
1313 1933 1474 1978 superiori
1489 1933 1594 1976 capite
1606 1933 1845 1966 constituimus.

333 1988 493 2021 resolutio
514 1993 546 2020 et
563 1987 737 2020 consilinm
763 1992 1068 2030 extemporaneum,
1089 1984 1091 2022 ῗ
1110 1988 1201 2021 Nunc
1226 1994 1334 2020 autem
1367 1998 1427 2030 pro
1460 1987 1558 2019 rebus
1590 1986 1725 2025 mediis,
1751 1991 1847 2029 atque

334 2045 367 2073 et
390 2040 487 2073 nimis
506 2050 646 2083 propere
661 2040 779 2079 datum,
796 2039 908 2073 Ordini
928 2041 976 2073 vel
998 2051 1072 2074 con-
1089 2024 1091 2086 ξ
1111 2041 1207 2074 etiam
1233 2041 1398 2073 interdum
1431 2039 1616 2072 difficilibus
1630 2064 1638 2078 ,
1668 2049 1751 2081 quae
1781 2049 1847 2071 non

333 2093 442 2126 ventui
469 2093 623 2126 damnum
656 2093 786 2136 aliquod
822 2093 953 2126 inserat.
981 2092 1070 2132 Quo-

334 2147 419 2180 circa
443 2146 662 2190 praecipimns
688 2146 1018 2187 commendatoribus,
1039 2147 1069 2180 in

335 2199 451 2232 virtute
466 2204 594 2232 sanctae
612 2198 826 2239 obedientiae,
843 2205 874 2232 et
890 2199 948 2232 sub
965 2202 1070 2242 poena

336 2252 530 2297 privationis
555 2252 745 2292 officiorum,
767 2262 807 2285 ne
832 2263 973 2296 unquam
995 2253 1072 2286 huic

337 2305 561 2339 constitutioni
598 2305 826 2343 adversentur,
860 2315 968 2348 neque
1004 2311 1072 2339 arte

337 2359 447 2402 aliqua
472 2363 598 2402 tempus
624 2359 745 2400 eligant
768 2358 988 2402 importunum
1013 2370 1072 2402 pro

338 2412 524 2445 huiusmodi
541 2411 690 2454 capitulis
716 2412 895 2451 habendis,
914 2413 970 2445 sed
989 2423 1073 2445 sem-

338 2475 397 2509 per
421 2475 478 2498 eos
501 2470 705 2507 congregent
729 2465 793 2498 illis
818 2464 933 2497 diebus
958 2471 989 2497 et
1017 2465 1073 2498 ho-

375 2545 386 2571 1
409 2543 574 2570 mititiam.
597 2542 664 2577 legit
683 2543 743 2570 alia
764 2543 804 2577 (n.
825 2545 873 2576 T.).

373 2588 390 2615 2
410 2588 506 2622 Aptius
525 2588 584 2623 lege
602 2588 734 2615 omnibus
757 2588 792 2622 (R.
807 2589 856 2620 r.).

374 2631 391 2658 3
408 2631 499 2666 Aptius
518 2630 578 2666 lege
598 2634 629 2658 ut
648 2632 686 2665 (n.
702 2631 751 2665 1.).

428 2685 507 2713 BuII.
532 2685 611 2711 Rom.
630 2700 662 2704 —-
681 2685 740 2711 1'01.
764 2685 821 2713 XX.
967 2683 1000 2711 5¹³

1111 2094 1246 2138 expedit
1263 2094 1323 2126 toti
1348 2092 1523 2126 conventui
1541 2091 1709 2131 subiicere,
1726 2091 1848 2134 specia-

1111 2148 1176 2180 lem
1201 2151 1330 2179 coetum
1356 2145 1568 2178 discretorum
1586 2150 1712 2186 patrum
1731 2144 1764 2176 in
1784 2143 1849 2176 sin-

1113 2199 1196 2243 gulis
1227 2198 1376 2232 domibus
1409 2197 1508 2230 totius
1536 2195 1664 2229 Ordinis
1698 2196 1849 2238 designa-

1113 2263 1196 2291 mus,
1218 2262 1357 2295 quorum
1382 2249 1543 2292 suffragia,
1561 2260 1624 2282 non
1645 2249 1774 2292 quidem
1793 2249 1849 2282 de-

1113 2307 1228 2345 cisiva,
1255 2305 1310 2338 sed
1336 2310 1460 2337 tantum
1485 2302 1665 2336 consultiva
1688 2303 1849 2345 permitti-

1113 2369 1194 2392 111115.
1223 2358 1337 2390 Caveat
1362 2362 1468 2389 tamen
1500 2357 1684 2398 praelatus,
1710 2366 1763 2392 ne,
1788 2355 1849 2387 sibi

1115 2412 1209 2444 nimis
1243 2410 1384 2443 fidenter
1408 2409 1608 2447 adhaerens,
1634 2407 1771 2440 sanioris
1798 2409 1849 2441 vel

1114 2463 1243 2497 maioris
1262 2463 1362 2506 partis
1380 2472 1510 2495 sensum
1528 2461 1722 2504 quandoque
1742 2461 1848 2504 despi-

1115 2517 1188 2550 ciat.

1158 2579 1206 2602 111.
1235 2568 1280 2601 Ad
1307 2568 1394 2600 1111116
1414 2571 1540 2599 coetum
1559 2565 1711 2598 constitui
1730 2565 1850 2597 debent

1115 2622 1249 2662 fratres,
1283 2620 1335 2664 qui
1361 2620 1424 2652 sint
1449 2619 1605 2662 probatae
1633 2615 1822 2649 directionis
1838 2642 1846 2656 ,

1843 251 1891 277 An.
1913 250 1940 277 C.
1961 249 2021 277 ἱῑῖἷἾ

1877 1146 1945 1165 <Ister
1960 1145 2012 1165 xltt.

1887 1173 1915 1192 lta
1938 1172 2034 1195 iturum·

1852 1205 1864 1219 a
1879 1200 1975 1219 consilio.
