2254 3225
209 275 263 303 An.
283 274 311 304 c.
330 274 399 302 1700
446 265 510 299 922

288 1353 375 1377 Dorossat
382 1358 400 1372 io

218 1382 380 1400 contrariorum.

404 333 541 366 cumque
575 321 732 365 dignitate
765 323 948 364 fulgentes,
985 326 1147 364 tamqnam

403 377 593 410 iniuriantes
616 381 649 409 et
673 376 868 409 infamantes
896 374 1022 408 Curiam
1045 375 1148 407 eccle-

403 430 565 464 siasticam
590 428 725 462 Romani
752 428 929 468 Pontificis,
957 427 1020 460 sive
1050 427 1147 460 etiam

404 484 607 528 capitulares,
624 484 750 516 servata
768 482 871 515 forma
887 492 904 513 a
922 480 1066 514 Concilio
1081 480 1148 512 Tri-

405 537 541 571 dentino
567 535 777 580 praescripta,
799 534 896 567 immo
923 534 1018 566 etiam
1045 533 1148 565 cnius-

403 593 449 623 vis
475 590 604 623 Ordinis
629 594 685 621 aut
709 588 848 620 instituti
875 586 971 619 etiam
995 596 1149 619 necessa-

406 646 453 678 rio
476 643 678 687 exprimendi
698 643 875 684 regulares,
893 646 948 673 aut
969 640 1049 673 alias
1069 650 1149 682 quo·

407 698 587 731 modolibet
612 701 792 738 exemptos,
813 700 844 727 et
864 699 977 726 contra
1003 692 1145 732 abbates,

406 752 470 784 sive
509 751 589 783 alios
620 759 840 792 quoscumque
878 748 1043 791 praelatos
1081 746 1149 778 iura

407 805 497 848 quasi
523 803 720 847 episcopalia
746 802 904 835 habentes
923 811 995 832 cum
1022 799 1172 832 territo--

406 860 455 892 rio
482 863 650 901 separato,
678 857 698 888 ii
725 857 777 899 qui
809 855 982 888 viciniores
1007 853 1149 891 suerint,

409 919 570 956 tamquam
597 911 697 943 nostri
724 916 754 942 et
778 909 870 942 Sedis
890 907 1095 952 Apostolicae
1117 906 1150 939 in
1171 914 1173 932 l

410 967 470 999 hac
496 970 588 1008 parte
615 964 800 1007 specialiter
819 961 969 1004 delegati,
984 971 1044 1004 per
1068 960 1150 992 viam

410 1018 637 1056 accusationis,
656 1018 703 1049 vel
727 1014 997 1055 denunciationis,
1023 1018 1078 1046 aut
1104 1014 1152 1045 in-

411 1071 607 1117 quisitionis,
624 1076 655 1104 et
673 1082 708 1103 cx
732 1081 823 1103 mero
849 1068 968 1107 officio,
990 1073 1086 1111 prout
1105 1066 1151 1099 eis

411 1126 583 1165 videbitur,
603 1125 792 1168 procedam,
813 1133 951 1165 reosque
973 1121 1153 1164 culpabiles

413 1185 559 1223 repertos
584 1178 756 1221 condignis
782 1177 895 1221 poenis
926 1182 961 1208 ut
985 1185 1083 1218 supra
1107 1174 1152 1207 af-

411 1234 531 1272 ficiant,
557 1233 704 1265 invocato
731 1231 849 1269 etiarn,
875 1230 899 1262 si
927 1239 1008 1272 opus
1036 1227 1152 1267 fuerit,

413 1287 533 1320 auxilio
559 1286 685 1318 brachii
712 1284 899 1318 saecularis.

457 1342 471 1383 ξ,
496 1340 527 1373 8.
550 1340 621 1373 Non
651 1338 858 1372 obstantibus
891 1337 931 1370 de
960 1336 1030 1368 iure
1056 1344 1155 1377 quae-

412 1395 474 1427 sito
492 1404 557 1426 non
584 1393 744 1431 tollendo,
772 1402 808 1423 ac
833 1390 950 1423 ceteris
976 1388 1098 1421 nostris
1124 1392 1156 1420 et

412 1446 632 1480 Cancellariae
658 1444 794 1487 regulis,
821 1444 960 1485 aliisque
996 1441 1156 1474 constitu-

415 1500 558 1533 tionibus
585 1505 617 1532 et
642 1497 906 1531 ordinationibus
938 1494 1154 1538 apostolicis,
1177 1509 1179 1519 t

414 1554 510 1587 etiam
535 1551 781 1590 conciliaribus,
812 1560 941 1582 necnon
968 1548 1155 1580 earumdem

414 1608 507 1641 Urbis
530 1613 560 1639 et.
578 1606 700 1644 Curiae,
720 1604 911 1646 earumque¹
933 1602 1155 1641 tribunalium,

415 1668 446 1695 et
478 1661 548 1694 aliis
580 1659 791 1703 quibuslibet,
825 1657 923 1690 etiam
957 1657 1155 1695 iuramento,

414 1714 660 1748 confirmatione
682 1711 876 1755 apostolica,
896 1711 945 1743 vel
967 1709 1028 1742 alia
1046 1709 1156 1752 quavis
1178 1716 1179 1731 ³

414 1769 563 1801 firmitate
589 1765 773 1804 roboratis,
805 1763 933 1796 statutis
968 1768 999 1796 et
1024 1773 1159 1795 consue-

416 1822 598 1860 tudinibus,
627 1820 722 1852 etiam
749 1817 1074 1856 immemorabssibus,
1093 1817 1160 1859 pri-

417 1929 564 1968 stolicis,
595 1927 654 1959 snb
690 1926 951 1969 quibuscumque
985 1924 1158 1956 verborum

420 1982 588 2015 tenoribus
614 1986 644 2013 et
670 1979 802 2018 l'orn‘iis,
832 1989 867 2011 ac
892 1989 963 2011 cum
990 1977 1159 2021 quibusvis

417 2037 515 2069 etiam
553 2034 830 2077 derogatoriarum
865 2031 1103 2074 derogaturus,
1131 2036 1161 2063 et

418 2089 490 2122 aliis
515 2087 756 2121 efficacioribus
784 2092 814 2118 et
839 2085 979 2118 insolitis
1009 2084 1160 2118 clausulis

418 2149 449 2175 et
474 2141 626 2180 decretis,
644 2141 740 2173 etiam
759 2139 972 2178 irritantibus,
991 2139 1022 2170 in
1042 2148 1160 2180 genere

419 2197 469 2228 vel
495 2196 527 2228 in
555 2195 675 2237 specie,
697 2194 794 2226 etiam
813 2198 900 2225 motu
918 2192 1015 2225 simili
1035 2197 1066 2224 et
1084 2202 1162 2224 con-

420 2248 649 2285 sistorialiter,
677 2253 708 2279 et
740 2247 817 2279 alias
856 2245 1104 2289 quomodolibet
1129 2245 1161 2277 in
1183 2237 1185 2270 ἒ

421 2301 619 2335 contrarium
634 2299 885 2342 praemissorum
901 2298 1077 2338 concessis,
1089 2308 1163 2330 con-

422 2354 556 2388 tirmatis
589 2359 620 2386 et
653 2352 829 2392 innovatis,
856 2352 971 2395 quihus
1008 2351 1161 2384 omnibus

422 2415 454 2442 et
480 2408 626 2451 singulis
646 2406 770 2439 etiamsi
788 2417 847 2449 pro
873 2406 1005 2439 illorum
1031 2406 1163 2448 deroga-

423 2463 509 2495 tione
535 2462 573 2494 de
598 2460 663 2493 illis
690 2470 869 2502 eorumque
897 2459 968 2492 totis
997 2459 1163 2492 tenoribus

422 2514 585 2559 specialis,
603 2512 764 2557 specialis,
785 2511 946 2556 specifica,
961 2523 1115 2555 expressa
1133 2518 1164 2546 et

421 2569 600 2607 individua,
625 2578 661 2600 ac
680 2566 719 2599 de
745 2567 844 2599 verbo
870 2565 909 2598 ad
935 2566 1079 2605 verbum,
1096 2577 1163 2599 non

422 2627 530 2655 autem
549 2631 608 2665 per
627 2621 788 2654 clausulas
810 2619 982 2662 generales
1004 2618 1089 2652 idem
1107 2619 1163 2652 im-

459 2685 468 2711 1
493 2683 565 2711 Edit.
587 2682 665 2710 Main.
687 2682 752 2718 legit
771 2689 928 2717 eorumque
947 2681 990 2716 (n.
1005 2681 1055 2716 T.).

987 272 1165 296 BULLAttlt‘M
1190 272 1345 296 ROMAMJM

1191 324 1372 364 portantes,
1401 320 1525 353 mentio
1552 331 1607 353 seu
1635 318 1766 363 quaevis
1793 317 1855 351 alia
1881 328 1934 351 ex-

1191 374 1314 417 pressio
1340 374 1500 414 sacienda,
1524 379 1579 407 aut
1603 373 1713 416 aliqua
1739 372 1801 405 alia
1826 371 1934 415 exqui-

1191 428 1251 460 sita
1276 428 1377 460 forma
1399 428 1438 460 ad
1463 428 1525 461 hoe
1551 427 1708 460 servanda
1732 426 1837 465 foret,
1861 425 1935 458 itto-

1191 492 1261 514 rum
1284 481 1429 514 omniurn
1447 486 1479 513 et
1495 481 1697 523 singulorum
1717 485 1858 518 tenores,
1877 480 1936 512 sot·-

1192 545 1260 567 mas
1279 540 1310 567 et
1326 534 1527 573 occasiones,
1549 544 1584 565 ac
1604 533 1667 566 alia
1686 533 1782 565 etiarn
1801 531 1934 575 speciali

1193 588 1405 630 expressione
1424 587 1532 629 digna,
1551 585 1777 629 praesentibus
1795 595 1853 628 pro
1871 586 1936 628 ple-

1192 651 1232 673 ne
1258 646 1290 672 et
1315 639 1515 672 sufficienter
1542 638 1722 682 expressis,
1749 638 1879 671 insertis
1905 643 1936 671 ct

1193 694 1328 726 servatis
1358 692 1536 735 respective
1564 692 1742 730 babentes,
1768 690 1833 724 iltis
1858 691 1937 724 alias

1193 747 1224 780 in
1251 758 1307 779 suo
1334 747 1452 779 robore
1470 745 1705 789 permansuris,
1728 745 1765 777 ad
1781 744 1936 787 praemis-

1194 811 1303 833 sorum
1329 800 1492 839 ellectum,
1512 798 1701 842 specialiter
1727 803 1759 831 et
1783 807 1937 840 expresse

1194 854 1400 896 derogamus,
1420 864 1456 885 ac
1475 853 1664 894 derogatum
1684 862 1753 885 esse
1773 852 1935 891 volumus3

1194 907 1379 950 ceterisque
1406 905 1576 939 contrariis
1602 905 1872 948 quibuscumque.

1239 962 1253 1004 ἓ
1290 962 1321 994 9.
1361 960 1399 993 Ut
1430 964 1537 992 antem
1580 963 1768 1002 praesentes
1809 957 1936 990 litterae

1196 1014 1348 1047 omnibus
1373 1013 1601 1052 innotescant,
1629 1017 1660 1044 et
1684 1022 1781 1044 nemo
1806 1011 1937 1044 illarum

1196 1067 1413 1111 ignorantiam
1452 1068 1594 1108 allegare
1631 1066 1758 1104 valeat,
1790 1065 1938 1097 volumus

1197 1127 1233 1154 ut
1247 1122 1330 1161 illae,
1349 1132 1405 1154 sen
1425 1130 1535 1153 earum
1560 1119 1757 1162 exemplum,
1777 1118 1816 1151 ad
1834 1118 1939 1150 valvas

1197 1175 1348 1208 basilicae
1364 1174 1524 1216 Principis
1538 1173 1782 1216 Apostolorum,
1797 1182 1833 1204 ac
1847 1171 1941 1204 Data-

1198 1228 1265 1261 riae
1280 1233 1420 1267 nostrae,
1435 1226 1549 1259 Curiae
1568 1223 1747 1268 generalis¹
1764 1229 1796 1257 et
1809 1224 1942 1257 Cancel-

1199 1282 1299 1316 lariae
1318 1281 1513 1324 praedictae,
1533 1290 1662 1312 necnon
1681 1278 1714 1311 in
1732 1278 1800 1311 acie
1817 1277 1942 1321 Campi-

1175 1360 1177 1368 ι
1198 1337 1299 1368 florae
1325 1335 1364 1368 de
1391 1335 1504 1367 eadem
1531 1333 1626 1372 Urbe,
1644 1342 1705 1376 per
1730 1331 1873 1375 aliquem
1904 1341 1941 1364 ex

1176 1391 1178 1433 Ἰ
1199 1389 1386 1422 cursoribus
1401 1388 1530 1428 nostris,
1545 1392 1642 1431 prout
1656 1386 1754 1419 moris
1769 1391 1825 1426 est,
1840 1385 1943 1428 publi-

1200 1448 1317 1476 centur
1342 1448 1374 1474 et
1399 1441 1593 1484 alligantur;
1619 1450 1702 1483 quae
1727 1439 1773 1472 sic
1798 1439 1944 1483 publica-

1202 1501 1250 1528 tae
1270 1500 1301 1528 et
1320 1494 1432 1527 al'tixae
1450 1505 1562 1527 omnes
1583 1499 1615 1526 et
1634 1493 1781 1536 singulos
1806 1492 1943 1536 perinde

1200 1548 1354 1588 afficiant,
1375 1559 1411 1581 ac
1432 1548 1456 1580 si
1486 1548 1549 1580 illis
1575 1546 1791 1589 personaliter
1815 1545 1944 1578 intima-

1202 1609 1250 1636 tae
1265 1608 1388 1635 essent:
1401 1602 1555 1645 quodque
1570 1601 1700 1633 illarum
1719 1599 1943 1642 transumptis,

1202 1657 1298 1690 etiam
1326 1655 1509 1698 impressis,
1536 1665 1633 1687 manu
1660 1653 1797 1687 alicuius
1823 1652 1944 1685 notarii

1201 1709 1324 1753 publici
1361 1707 1574 1750 subscriptis,
1603 1712 1635 1739 et
1669 1706 1778 1748 sigillo
1810 1705 1946 1738 alieuius

1202 1773 1364 1806 personae
1390 1762 1421 1794 in
1443 1760 1666 1794 ecclesiastica
1687 1759 1845 1802 dignitate
1870 1769 1948 1791 con-

1180 1816 1333 1864 stitutae
1371 1815 1512 1852 munitis,
1551 1814 1664 1846 eadem
1700 1822 1834 1856 prorsus
1865 1810 1947 1844 fides

416 1875 543 1917 vilegiis
565 1884 703 1917 quoqne,
720 1872 856 1905 indultis
882 1882 918 1903 ac
942 1870 1059 1904 litteris
1086 1880 1159 1912 apow
1180 1865 1181 1874 ¹

1205 1870 1236 1902 in
1255 1869 1374 1902 iudicio
1391 1874 1422 1902 et
1435 1873 1523 1901 extra
1540 1867 1619 1900 illud
1636 1866 1843 1906 adhibeatur,
1863 1875 1947 1909 quae

1180 1920 1183 1971 i
1203 1923 1282 1966 ipsis
1304 1921 1533 1966 praesentibus
1556 1920 1773 1963 adhiberetur
1793 1919 1819 1952 si
1840 1918 1947 1952 forent

1204 1975 1370 2009 exhibitae
1395 1976 1445 2008 vel
1472 1979 1638 2007 ostensae.

1249 2029 1342 2074 git).
1369 2028 1456 2062 Nulli
1490 2039 1569 2070 ergo
1605 2027 1738 2061 omnino
1775 2027 1946 2060 bominum
1983 2034 2072 2055 sant-iio
2089 2040 2141 2061 poe.

1957 2063 2019 2083 nans.

1204 2083 1302 2116 liceat
1326 2082 1476 2126 paginam
1510 2082 1595 2114 hanc
1620 2086 1750 2114 nostrae
1776 2080 1947 2114 confirma-

1182 2127 1184 2158 '2
1206 2137 1313 2176 tionis,
1340 2135 1604 2179 approbationis,
1632 2134 1870 2174 innovationis,
1896 2144 1948 2166 rc-

1205 2189 1394 2228 stitutionis,
1417 2188 1698 2230 reintegrationis,
1726 2188 1946 2227 decretorum,

1207 2242 1456 2282 declarationis,
1491 2246 1684 2274 statutorum
1699 2268 1707 2280 ,
1736 2242 1945 2281 voluntatum,

1206 2297 1443 2335 mandatorum,
1470 2295 1733 2335 constitutionis,
1759 2293 1949 2336 assignatio-

1207 2352 1267 2392 nis,
1283 2349 1453 2395 praecepti
1471 2355 1502 2382 et
1520 2347 1741 2392 derogationis
1759 2347 1948 2390 infringere,

1206 2405 1255 2438 vel
1274 2405 1303 2438 ei
1325 2414 1404 2437 ausu
1431 2402 1606 2436 temerario
1631 2401 1808 2441 contraire,
1830 2401 1856 2433 si
1875 2401 1946 2444 quis

1207 2465 1314 2492 autem
1333 2459 1396 2491 boc
1421 2462 1581 2490 attentare
1607 2454 1873 2499 praesumpserit,
1899 2454 1949 2486 in-

1207 2511 1432 2555 dignationem
1452 2508 1684 2553 omnipotentis
1708 2507 1765 2540 Dei
1781 2518 1817 2540 ac
1835 2508 1950 2541 beato-

1206 2576 1277 2598 rum
1303 2565 1388 2598 Petri
1411 2569 1443 2597 et
1463 2563 1551 2596 Pauli
1577 2562 1800 2605 apostolorum
1826 2561 1894 2594 eius
1912 2570 1948 2594 se

1206 2619 1335 2652 noverit
1359 2618 1578 2651 incursurum.

1241 2682 1252 2708 1
1276 2680 1346 2708 Edit.
1363 2679 1442 2707 Maia.
1458 2679 1523 2715 legit
1538 2677 1670 2714 qenerali
1690 2677 1729 2713 (R.
1746 2680 1795 2712 T.).

1937 268 1990 296 An.
2011 267 2041 295 C.
2060 266 2128 296 ¹700

1988 968 2052 988 Fidrs
2075 970 2133 988 tmu-

1947 998 2086 1021 sumpturum.
