<?xml version="1.0" encoding="UTF-8"?>
<!DOCTYPE html PUBLIC "-//W3C//DTD XHTML 1.0 Transitional//EN"
    "http://www.w3.org/TR/xhtml1/DTD/xhtml1-transitional.dtd">
<html xmlns="http://www.w3.org/1999/xhtml" xml:lang="en" lang="en">
 <head>
  <title>
</title>
<meta http-equiv="Content-Type" content="text/html;charset=utf-8" />
  <meta name='ocr-system' content='tesseract 3.04.00' />
  <meta name='ocr-capabilities' content='ocr_page ocr_carea ocr_par ocr_line ocrx_word'/>
</head>
<body>
  <div class='ocr_page' id='page_1' title='image "./bullarumdiplomat20cath_0962.png"; bbox 0 0 2254 3225; ppageno 0'>
   <div class='ocr_carea' id='block_1_1' title="bbox 227 233 524 272">
    <p class='ocr_par' dir='ltr' id='par_1_1' title="bbox 227 233 524 272">
     <span class='ocr_line' id='line_1_1' title="bbox 227 233 524 272; baseline -0.003 -1"><span class='ocrx_word' id='word_1_1' title='bbox 227 245 276 272; x_wconf 69' lang='lat' dir='ltr'>An.</span> <span class='ocrx_word' id='word_1_2' title='bbox 298 244 327 272; x_wconf 86' lang='lat' dir='ltr'>c.</span> <span class='ocrx_word' id='word_1_3' title='bbox 346 243 413 271; x_wconf 76' lang='lat'>1699</span> <span class='ocrx_word' id='word_1_4' title='bbox 460 233 524 266; x_wconf 72' lang='lat'>88⁵2</span> 
     </span>
    </p>
   </div>
   <div class='ocr_carea' id='block_1_2' title="bbox 408 290 1175 2627">
    <p class='ocr_par' dir='ltr' id='par_1_2' title="bbox 408 290 1175 2627">
     <span class='ocr_line' id='line_1_2' title="bbox 415 290 1157 335; baseline -0.003 -10"><span class='ocrx_word' id='word_1_5' title='bbox 415 291 512 325; x_wconf 86' lang='lat' dir='ltr'>tionis</span> <span class='ocrx_word' id='word_1_6' title='bbox 536 296 669 325; x_wconf 86' lang='lat' dir='ltr'>nostrae</span> <span class='ocrx_word' id='word_1_7' title='bbox 689 291 872 335; x_wconf 86' lang='lat' dir='ltr'>patrocinio</span> <span class='ocrx_word' id='word_1_8' title='bbox 891 290 1098 331; x_wconf 86' lang='lat' dir='ltr'>communiri,</span> <span class='ocrx_word' id='word_1_9' title='bbox 1121 300 1157 323; x_wconf 88' lang='lat' dir='ltr'>ac</span> 
     </span>
     <span class='ocr_line' id='line_1_3' title="bbox 413 343 1157 389; baseline -0.004 -10"><span class='ocrx_word' id='word_1_10' title='bbox 413 345 492 379; x_wconf 69' lang='lat' dir='ltr'>alias</span> <span class='ocrx_word' id='word_1_11' title='bbox 523 350 708 389; x_wconf 72' lang='lat' dir='ltr'>opportune</span> <span class='ocrx_word' id='word_1_12' title='bbox 732 345 765 377; x_wconf 88' lang='lat' dir='ltr'>in</span> <span class='ocrx_word' id='word_1_13' title='bbox 791 344 981 388; x_wconf 77' lang='lat' dir='ltr'>praemissis</span> <span class='ocrx_word' id='word_1_14' title='bbox 1013 355 1031 377; x_wconf 89' lang='lat' dir='ltr'>a</span> <span class='ocrx_word' id='word_1_15' title='bbox 1062 343 1157 377; x_wconf 90' lang='lat' dir='ltr'>nobis</span> 
     </span>
     <span class='ocr_line' id='line_1_4' title="bbox 414 397 1159 443; baseline -0.003 -11"><span class='ocrx_word' id='word_1_16' title='bbox 414 399 581 443; x_wconf 88' lang='lat' dir='ltr'>provideri</span> <span class='ocrx_word' id='word_1_17' title='bbox 607 403 637 432; x_wconf 91' lang='lat' dir='ltr'>et</span> <span class='ocrx_word' id='word_1_18' title='bbox 663 404 698 431; x_wconf 90' lang='lat' dir='ltr'>ut</span> <span class='ocrx_word' id='word_1_19' title='bbox 722 398 806 431; x_wconf 80' lang='lat' dir='ltr'>infra</span> <span class='ocrx_word' id='word_1_20' title='bbox 831 397 994 441; x_wconf 82' lang='lat' dir='ltr'>indulgeri</span> <span class='ocrx_word' id='word_1_21' title='bbox 1021 408 1159 430; x_wconf 90' lang='lat' dir='ltr'>summo-</span> 
     </span>
     <span class='ocr_line' id='line_1_5' title="bbox 412 451 1156 496; baseline -0.005 -10"><span class='ocrx_word' id='word_1_22' title='bbox 412 463 492 496; x_wconf 85' lang='lat' dir='ltr'>pere</span> <span class='ocrx_word' id='word_1_23' title='bbox 519 451 724 485; x_wconf 76' lang='lat' dir='ltr'>desiderent:</span> <span class='ocrx_word' id='word_1_24' title='bbox 750 461 821 491; x_wconf 90' lang='lat' dir='ltr'>nos,</span> <span class='ocrx_word' id='word_1_25' title='bbox 843 451 928 494; x_wconf 91' lang='lat' dir='ltr'>ipsos</span> <span class='ocrx_word' id='word_1_26' title='bbox 955 455 1156 494; x_wconf 73' lang='lat' dir='ltr'>exponentes</span> 
     </span>
     <span class='ocr_line' id='line_1_6' title="bbox 414 503 1157 550; baseline -0.007 -11"><span class='ocrx_word' id='word_1_27' title='bbox 414 505 609 550; x_wconf 82' lang='lat' dir='ltr'>specialibus</span> <span class='ocrx_word' id='word_1_28' title='bbox 635 504 799 538; x_wconf 79' lang='lat' dir='ltr'>favoribus</span> <span class='ocrx_word' id='word_1_29' title='bbox 822 511 852 538; x_wconf 89' lang='lat' dir='ltr'>et</span> <span class='ocrx_word' id='word_1_30' title='bbox 870 504 982 547; x_wconf 84' lang='lat' dir='ltr'>gratiis</span> <span class='ocrx_word' id='word_1_31' title='bbox 999 503 1157 546; x_wconf 84' lang='lat' dir='ltr'>prosequi</span> 
     </span>
     <span class='ocr_line' id='line_1_7' title="bbox 414 558 1156 601; baseline -0.004 -9"><span class='ocrx_word' id='word_1_32' title='bbox 414 561 570 599; x_wconf 89' lang='lat' dir='ltr'>volentes,</span> <span class='ocrx_word' id='word_1_33' title='bbox 598 565 630 592; x_wconf 89' lang='lat' dir='ltr'>et</span> <span class='ocrx_word' id='word_1_34' title='bbox 654 570 765 592; x_wconf 88' lang='lat' dir='ltr'>eorum</span> <span class='ocrx_word' id='word_1_35' title='bbox 791 558 973 601; x_wconf 81' lang='lat' dir='ltr'>singulares</span> <span class='ocrx_word' id='word_1_36' title='bbox 999 568 1156 601; x_wconf 83' lang='lat' dir='ltr'>personas</span> 
     </span>
     <span class='ocr_line' id='line_1_8' title="bbox 416 611 1159 658; baseline -0.008 -11"><span class='ocrx_word' id='word_1_37' title='bbox 416 626 433 647; x_wconf 81' lang='lat' dir='ltr'>a</span> <span class='ocrx_word' id='word_1_38' title='bbox 458 613 626 658; x_wconf 80' lang='lat' dir='ltr'>quibusvis</span> <span class='ocrx_word' id='word_1_39' title='bbox 645 611 999 650; x_wconf 74' lang='lat' dir='ltr'>excommunicationis,</span> <span class='ocrx_word' id='word_1_40' title='bbox 1028 620 1159 652; x_wconf 89' lang='lat' dir='ltr'>suspen-</span> 
     </span>
     <span class='ocr_line' id='line_1_9' title="bbox 415 661 1157 707; baseline -0.008 -7"><span class='ocrx_word' id='word_1_41' title='bbox 415 666 517 700; x_wconf 86' lang='lat' dir='ltr'>sionis</span> <span class='ocrx_word' id='word_1_42' title='bbox 539 672 573 698; x_wconf 89' lang='lat' dir='ltr'>et</span> <span class='ocrx_word' id='word_1_43' title='bbox 603 664 778 704; x_wconf 76' lang='lat' dir='ltr'>interdicti,</span> <span class='ocrx_word' id='word_1_44' title='bbox 803 663 940 707; x_wconf 88' lang='lat' dir='ltr'>aliisque</span> <span class='ocrx_word' id='word_1_45' title='bbox 958 661 1157 696; x_wconf 86' lang='lat' dir='ltr'>ecclesiasti-</span> 
     </span>
     <span class='ocr_line' id='line_1_10' title="bbox 414 715 1157 760; baseline -0.008 -7"><span class='ocrx_word' id='word_1_46' title='bbox 414 720 460 753; x_wconf 82' lang='lat' dir='ltr'>cis</span> <span class='ocrx_word' id='word_1_47' title='bbox 485 718 670 757; x_wconf 81' lang='lat' dir='ltr'>sententiiS,</span> <span class='ocrx_word' id='word_1_48' title='bbox 690 717 835 751; x_wconf 87' lang='lat' dir='ltr'>censuris</span> <span class='ocrx_word' id='word_1_49' title='bbox 853 722 884 750; x_wconf 85' lang='lat' dir='ltr'>et</span> <span class='ocrx_word' id='word_1_50' title='bbox 900 716 1028 760; x_wconf 90' lang='lat' dir='ltr'>poenis,</span> <span class='ocrx_word' id='word_1_51' title='bbox 1045 727 1062 748; x_wconf 89' lang='lat' dir='ltr'>a</span> <span class='ocrx_word' id='word_1_52' title='bbox 1087 715 1157 748; x_wconf 86' lang='lat' dir='ltr'>iure</span> 
     </span>
     <span class='ocr_line' id='line_1_11' title="bbox 413 770 1158 814; baseline -0.007 -7"><span class='ocrx_word' id='word_1_53' title='bbox 413 775 463 807; x_wconf 83' lang='lat' dir='ltr'>vel</span> <span class='ocrx_word' id='word_1_54' title='bbox 500 774 540 806; x_wconf 90' lang='lat' dir='ltr'>ab</span> <span class='ocrx_word' id='word_1_55' title='bbox 576 772 734 812; x_wconf 90' lang='lat' dir='ltr'>homine,</span> <span class='ocrx_word' id='word_1_56' title='bbox 761 771 873 814; x_wconf 85' lang='lat' dir='ltr'>quavis</span> <span class='ocrx_word' id='word_1_57' title='bbox 908 771 1082 804; x_wconf 83' lang='lat' dir='ltr'>occasione</span> <span class='ocrx_word' id='word_1_58' title='bbox 1108 770 1158 802; x_wconf 91' lang='lat' dir='ltr'>vel</span> 
     </span>
     <span class='ocr_line' id='line_1_12' title="bbox 414 823 1159 869; baseline -0.007 -9"><span class='ocrx_word' id='word_1_59' title='bbox 414 829 510 860; x_wconf 83' lang='lat' dir='ltr'>causa</span> <span class='ocrx_word' id='word_1_60' title='bbox 534 826 617 865; x_wconf 90' lang='lat' dir='ltr'>latis,</span> <span class='ocrx_word' id='word_1_61' title='bbox 643 825 668 858; x_wconf 92' lang='lat' dir='ltr'>si</span> <span class='ocrx_word' id='word_1_62' title='bbox 689 825 808 869; x_wconf 90' lang='lat' dir='ltr'>quibus</span> <span class='ocrx_word' id='word_1_63' title='bbox 833 823 1086 867; x_wconf 86' lang='lat' dir='ltr'>quomodolibet</span> <span class='ocrx_word' id='word_1_64' title='bbox 1110 823 1159 855; x_wconf 91' lang='lat' dir='ltr'>in-</span> 
     </span>
     <span class='ocr_line' id='line_1_13' title="bbox 414 877 1159 921; baseline -0.005 -8"><span class='ocrx_word' id='word_1_65' title='bbox 414 881 555 913; x_wconf 87' lang='lat' dir='ltr'>nodatae</span> <span class='ocrx_word' id='word_1_66' title='bbox 581 879 733 920; x_wconf 86' lang='lat' dir='ltr'>existunt,</span> <span class='ocrx_word' id='word_1_67' title='bbox 762 879 800 911; x_wconf 92' lang='lat' dir='ltr'>ad</span> <span class='ocrx_word' id='word_1_68' title='bbox 828 877 979 911; x_wconf 80' lang='lat' dir='ltr'>effectum</span> <span class='ocrx_word' id='word_1_69' title='bbox 1003 887 1159 921; x_wconf 88' lang='lat' dir='ltr'>praesen-</span> 
     </span>
     <span class='ocr_line' id='line_1_14' title="bbox 414 931 1158 975; baseline -0.004 -9"><span class='ocrx_word' id='word_1_70' title='bbox 414 934 495 966; x_wconf 89' lang='lat' dir='ltr'>tium</span> <span class='ocrx_word' id='word_1_71' title='bbox 531 934 700 966; x_wconf 77' lang='lat' dir='ltr'>dumtaxat</span> <span class='ocrx_word' id='word_1_72' title='bbox 736 932 1014 975; x_wconf 87' lang='lat' dir='ltr'>consequendum,</span> <span class='ocrx_word' id='word_1_73' title='bbox 1042 931 1158 964; x_wconf 87' lang='lat' dir='ltr'>harum</span> 
     </span>
     <span class='ocr_line' id='line_1_15' title="bbox 414 985 1160 1019; baseline -0.004 0"><span class='ocrx_word' id='word_1_74' title='bbox 414 987 499 1019; x_wconf 87' lang='lat' dir='ltr'>serie</span> <span class='ocrx_word' id='word_1_75' title='bbox 525 986 731 1019; x_wconf 85' lang='lat' dir='ltr'>absolventes</span> <span class='ocrx_word' id='word_1_76' title='bbox 759 990 791 1018; x_wconf 90' lang='lat' dir='ltr'>et</span> <span class='ocrx_word' id='word_1_77' title='bbox 813 985 982 1017; x_wconf 86' lang='lat' dir='ltr'>absolutas</span> <span class='ocrx_word' id='word_1_78' title='bbox 1000 985 1070 1017; x_wconf 85' lang='lat' dir='ltr'>sore</span> <span class='ocrx_word' id='word_1_79' title='bbox 1089 995 1160 1017; x_wconf 89' lang='lat' dir='ltr'>cen-</span> 
     </span>
     <span class='ocr_line' id='line_1_16' title="bbox 414 1038 1157 1082; baseline 0 -11"><span class='ocrx_word' id='word_1_80' title='bbox 414 1045 535 1079; x_wconf 83' lang='lat' dir='ltr'>sentes,</span> <span class='ocrx_word' id='word_1_81' title='bbox 561 1038 858 1082; x_wconf 84' lang='lat' dir='ltr'>supplicationibus</span> <span class='ocrx_word' id='word_1_82' title='bbox 884 1048 998 1071; x_wconf 89' lang='lat' dir='ltr'>eorum</span> <span class='ocrx_word' id='word_1_83' title='bbox 1023 1038 1157 1071; x_wconf 87' lang='lat' dir='ltr'>nomine</span> 
     </span>
     <span class='ocr_line' id='line_1_17' title="bbox 413 1091 1159 1136; baseline -0.003 -10"><span class='ocrx_word' id='word_1_84' title='bbox 413 1092 507 1126; x_wconf 91' lang='lat' dir='ltr'>nobis</span> <span class='ocrx_word' id='word_1_85' title='bbox 531 1103 631 1136; x_wconf 88' lang='lat' dir='ltr'>super</span> <span class='ocrx_word' id='word_1_86' title='bbox 657 1093 720 1124; x_wconf 81' lang='lat' dir='ltr'>lioc</span> <span class='ocrx_word' id='word_1_87' title='bbox 744 1091 913 1124; x_wconf 86' lang='lat' dir='ltr'>humiliter</span> <span class='ocrx_word' id='word_1_88' title='bbox 932 1091 1094 1134; x_wconf 84' lang='lat' dir='ltr'>porrectis</span> <span class='ocrx_word' id='word_1_89' title='bbox 1112 1092 1159 1124; x_wconf 88' lang='lat' dir='ltr'>in-</span> 
     </span>
     <span class='ocr_line' id='line_1_18' title="bbox 412 1145 1158 1184; baseline -0.001 -6"><span class='ocrx_word' id='word_1_90' title='bbox 412 1145 534 1184; x_wconf 84' lang='lat' dir='ltr'>clinati,</span> <span class='ocrx_word' id='word_1_91' title='bbox 560 1146 599 1178; x_wconf 89' lang='lat' dir='ltr'>de</span> <span class='ocrx_word' id='word_1_92' title='bbox 623 1145 857 1178; x_wconf 88' lang='lat' dir='ltr'>venerabilium</span> <span class='ocrx_word' id='word_1_93' title='bbox 882 1145 1017 1178; x_wconf 78' lang='lat' dir='ltr'>fratrum</span> <span class='ocrx_word' id='word_1_94' title='bbox 1034 1151 1158 1178; x_wconf 87' lang='lat' dir='ltr'>nostro-</span> 
     </span>
     <span class='ocr_line' id='line_1_19' title="bbox 411 1198 1158 1232; baseline -0.001 0"><span class='ocrx_word' id='word_1_95' title='bbox 411 1209 483 1232; x_wconf 90' lang='lat' dir='ltr'>rum</span> <span class='ocrx_word' id='word_1_96' title='bbox 508 1198 540 1232; x_wconf 88' lang='lat' dir='ltr'>S.</span> <span class='ocrx_word' id='word_1_97' title='bbox 572 1198 609 1231; x_wconf 82' lang='lat' dir='ltr'>R.</span> <span class='ocrx_word' id='word_1_98' title='bbox 641 1198 675 1231; x_wconf 89' lang='lat' dir='ltr'>E.</span> <span class='ocrx_word' id='word_1_99' title='bbox 703 1198 917 1231; x_wconf 81' lang='lat' dir='ltr'>cardinalium</span> <span class='ocrx_word' id='word_1_100' title='bbox 942 1198 1074 1232; x_wconf 87' lang='lat' dir='ltr'>Concilii</span> <span class='ocrx_word' id='word_1_101' title='bbox 1093 1198 1158 1231; x_wconf 85' lang='lat' dir='ltr'>Tri-</span> 
     </span>
     <span class='ocr_line' id='line_1_20' title="bbox 412 1252 1155 1296; baseline 0.001 -11"><span class='ocrx_word' id='word_1_102' title='bbox 412 1252 536 1286; x_wconf 89' lang='lat' dir='ltr'>dentini</span> <span class='ocrx_word' id='word_1_103' title='bbox 562 1252 780 1296; x_wconf 83' lang='lat' dir='ltr'>interpretum</span> <span class='ocrx_word' id='word_1_104' title='bbox 805 1252 1000 1291; x_wconf 91' lang='lat' dir='ltr'>consilio‚et</span> <span class='ocrx_word' id='word_1_105' title='bbox 1024 1253 1155 1286; x_wconf 88' lang='lat' dir='ltr'>attentis</span> 
     </span>
     <span class='ocr_line' id='line_1_21' title="bbox 411 1305 1157 1340; baseline -0.001 -1"><span class='ocrx_word' id='word_1_106' title='bbox 411 1312 486 1340; x_wconf 89' lang='lat' dir='ltr'>voto</span> <span class='ocrx_word' id='word_1_107' title='bbox 512 1311 544 1338; x_wconf 87' lang='lat' dir='ltr'>et</span> <span class='ocrx_word' id='word_1_108' title='bbox 568 1305 731 1338; x_wconf 82' lang='lat' dir='ltr'>relatione</span> <span class='ocrx_word' id='word_1_109' title='bbox 757 1305 867 1338; x_wconf 86' lang='lat' dir='ltr'>dilecti</span> <span class='ocrx_word' id='word_1_110' title='bbox 892 1305 950 1338; x_wconf 81' lang='lat' dir='ltr'>filii</span> <span class='ocrx_word' id='word_1_111' title='bbox 969 1305 1073 1338; x_wconf 82' lang='lat' dir='ltr'>nostri</span> <span class='ocrx_word' id='word_1_112' title='bbox 1099 1306 1157 1338; x_wconf 90' lang='lat' dir='ltr'>Pe-</span> 
     </span>
     <span class='ocr_line' id='line_1_22' title="bbox 411 1359 1155 1392; baseline 0 -1"><span class='ocrx_word' id='word_1_113' title='bbox 411 1359 452 1392; x_wconf 86' lang='lat' dir='ltr'>tri</span> <span class='ocrx_word' id='word_1_114' title='bbox 478 1359 630 1392; x_wconf 83' lang='lat' dir='ltr'>Matthaei</span> <span class='ocrx_word' id='word_1_115' title='bbox 668 1359 813 1391; x_wconf 89' lang='lat' dir='ltr'>eiusdem</span> <span class='ocrx_word' id='word_1_116' title='bbox 844 1359 957 1392; x_wconf 80' lang='lat' dir='ltr'><strong>S.R.E.</strong></span> <span class='ocrx_word' id='word_1_117' title='bbox 980 1359 1155 1392; x_wconf 86' lang='lat' dir='ltr'>cardinalis</span> 
     </span>
     <span class='ocr_line' id='line_1_23' title="bbox 410 1412 1157 1455; baseline -0.001 -9"><span class='ocrx_word' id='word_1_118' title='bbox 410 1413 569 1446; x_wconf 88' lang='lat' dir='ltr'>Petruccii</span> <span class='ocrx_word' id='word_1_119' title='bbox 594 1412 784 1455; x_wconf 85' lang='lat' dir='ltr'>nuncupati,</span> <span class='ocrx_word' id='word_1_120' title='bbox 820 1412 861 1444; x_wconf 88' lang='lat' dir='ltr'>ad</span> <span class='ocrx_word' id='word_1_121' title='bbox 887 1423 983 1455; x_wconf 91' lang='lat' dir='ltr'>quem</span> <span class='ocrx_word' id='word_1_122' title='bbox 1016 1412 1157 1455; x_wconf 83' lang='lat' dir='ltr'>Congre-</span> 
     </span>
     <span class='ocr_line' id='line_1_24' title="bbox 411 1465 1154 1508; baseline 0 -10"><span class='ocrx_word' id='word_1_123' title='bbox 411 1465 498 1508; x_wconf 82' lang='lat' dir='ltr'>gatio</span> <span class='ocrx_word' id='word_1_124' title='bbox 535 1465 696 1498; x_wconf 85' lang='lat' dir='ltr'>dictorum</span> <span class='ocrx_word' id='word_1_125' title='bbox 735 1465 950 1498; x_wconf 83' lang='lat' dir='ltr'>cardinalium</span> <span class='ocrx_word' id='word_1_126' title='bbox 987 1467 1154 1508; x_wconf 75' lang='lat' dir='ltr'>negotium</span> 
     </span>
     <span class='ocr_line' id='line_1_25' title="bbox 412 1518 1156 1559; baseline 0 -8"><span class='ocrx_word' id='word_1_127' title='bbox 412 1519 602 1552; x_wconf 91' lang='lat' dir='ltr'>huiusmodi</span> <span class='ocrx_word' id='word_1_128' title='bbox 630 1518 879 1550; x_wconf 80' lang='lat' dir='ltr'>examinandum</span> <span class='ocrx_word' id='word_1_129' title='bbox 899 1518 1078 1559; x_wconf 85' lang='lat' dir='ltr'>remiserat,</span> <span class='ocrx_word' id='word_1_130' title='bbox 1105 1519 1156 1551; x_wconf 91' lang='lat' dir='ltr'>de-</span> 
     </span>
     <span class='ocr_line' id='line_1_26' title="bbox 411 1570 1155 1615; baseline 0 -11"><span class='ocrx_word' id='word_1_131' title='bbox 411 1582 509 1615; x_wconf 89' lang='lat' dir='ltr'>super</span> <span class='ocrx_word' id='word_1_132' title='bbox 535 1571 639 1611; x_wconf 68' lang='lat' dir='ltr'>saeds,</span> <span class='ocrx_word' id='word_1_133' title='bbox 668 1572 833 1603; x_wconf 88' lang='lat' dir='ltr'>decretum</span> <span class='ocrx_word' id='word_1_134' title='bbox 859 1576 890 1603; x_wconf 92' lang='lat' dir='ltr'>et</span> <span class='ocrx_word' id='word_1_135' title='bbox 911 1570 1155 1604; x_wconf 86' lang='lat' dir='ltr'>ordinationem</span> 
     </span>
     <span class='ocr_line' id='line_1_27' title="bbox 411 1624 1155 1667; baseline 0 -10"><span class='ocrx_word' id='word_1_136' title='bbox 411 1635 447 1657; x_wconf 89' lang='lat' dir='ltr'>ac</span> <span class='ocrx_word' id='word_1_137' title='bbox 470 1624 722 1657; x_wconf 78' lang='lat' dir='ltr'>reservationem</span> <span class='ocrx_word' id='word_1_138' title='bbox 749 1624 948 1664; x_wconf 85' lang='lat' dir='ltr'>huiusmodi,</span> <span class='ocrx_word' id='word_1_139' title='bbox 976 1624 1155 1667; x_wconf 79' lang='lat' dir='ltr'>expeditas-</span> 
     </span>
     <span class='ocr_line' id='line_1_28' title="bbox 411 1678 1154 1721; baseline 0 -10"><span class='ocrx_word' id='word_1_140' title='bbox 411 1689 474 1721; x_wconf 91' lang='lat' dir='ltr'>que</span> <span class='ocrx_word' id='word_1_141' title='bbox 521 1679 661 1721; x_wconf 88' lang='lat' dir='ltr'>desuper</span> <span class='ocrx_word' id='word_1_142' title='bbox 701 1678 847 1721; x_wconf 83' lang='lat' dir='ltr'>Gregorii</span> <span class='ocrx_word' id='word_1_143' title='bbox 887 1679 1154 1721; x_wconf 88' lang='lat' dir='ltr'>praedecessoris</span> 
     </span>
     <span class='ocr_line' id='line_1_29' title="bbox 410 1731 1154 1775; baseline 0.003 -12"><span class='ocrx_word' id='word_1_144' title='bbox 410 1731 535 1764; x_wconf 87' lang='lat' dir='ltr'>litteras</span> <span class='ocrx_word' id='word_1_145' title='bbox 560 1731 774 1774; x_wconf 86' lang='lat' dir='ltr'>supradictas,</span> <span class='ocrx_word' id='word_1_146' title='bbox 800 1732 992 1765; x_wconf 86' lang='lat' dir='ltr'>auctoritate</span> <span class='ocrx_word' id='word_1_147' title='bbox 1023 1738 1154 1775; x_wconf 88' lang='lat' dir='ltr'>aposto-</span> 
     </span>
     <span class='ocr_line' id='line_1_30' title="bbox 411 1784 1154 1826; baseline 0.001 -10"><span class='ocrx_word' id='word_1_148' title='bbox 411 1784 489 1824; x_wconf 78' lang='lat' dir='ltr'>lica,</span> <span class='ocrx_word' id='word_1_149' title='bbox 515 1789 628 1817; x_wconf 85' lang='lat' dir='ltr'>tenore</span> <span class='ocrx_word' id='word_1_150' title='bbox 654 1785 897 1826; x_wconf 88' lang='lat' dir='ltr'>praesentium,</span> <span class='ocrx_word' id='word_1_151' title='bbox 924 1784 1154 1818; x_wconf 78' lang='lat' dir='ltr'>confirmamus</span> 
     </span>
     <span class='ocr_line' id='line_1_31' title="bbox 411 1837 1154 1880; baseline 0 -10"><span class='ocrx_word' id='word_1_152' title='bbox 411 1843 443 1870; x_wconf 88' lang='lat' dir='ltr'>et</span> <span class='ocrx_word' id='word_1_153' title='bbox 467 1837 698 1880; x_wconf 78' lang='lat' dir='ltr'>approbamus,</span> <span class='ocrx_word' id='word_1_154' title='bbox 726 1837 856 1880; x_wconf 89' lang='lat' dir='ltr'>illisque</span> <span class='ocrx_word' id='word_1_155' title='bbox 888 1837 1086 1871; x_wconf 87' lang='lat' dir='ltr'>inviolabilis</span> <span class='ocrx_word' id='word_1_156' title='bbox 1121 1849 1154 1870; x_wconf 93' lang='lat' dir='ltr'>a-</span> 
     </span>
     <span class='ocr_line' id='line_1_32' title="bbox 409 1890 1175 1934; baseline 0.001 -11"><span class='ocrx_word' id='word_1_157' title='bbox 409 1890 587 1934; x_wconf 88' lang='lat' dir='ltr'>postolicae</span> <span class='ocrx_word' id='word_1_158' title='bbox 612 1890 772 1923; x_wconf 84' lang='lat' dir='ltr'>firmitatis</span> <span class='ocrx_word' id='word_1_159' title='bbox 794 1891 895 1923; x_wconf 88' lang='lat' dir='ltr'>robur</span> <span class='ocrx_word' id='word_1_160' title='bbox 921 1897 953 1924; x_wconf 93' lang='lat' dir='ltr'>et</span> <span class='ocrx_word' id='word_1_161' title='bbox 978 1892 1153 1924; x_wconf 82' lang='lat' dir='ltr'>efficaciam</span> <span class='ocrx_word' id='word_1_162' title='bbox 1174 1906 1175 1913; x_wconf 53' lang='lat'>¹</span> 
     </span>
     <span class='ocr_line' id='line_1_33' title="bbox 409 1943 1153 1985; baseline 0.001 -10"><span class='ocrx_word' id='word_1_163' title='bbox 409 1943 626 1985; x_wconf 77' lang='lat' dir='ltr'>adiungimus.</span> <span class='ocrx_word' id='word_1_164' title='bbox 654 1943 825 1975; x_wconf 87' lang='lat' dir='ltr'>Praeterea</span> <span class='ocrx_word' id='word_1_165' title='bbox 857 1954 928 1975; x_wconf 88' lang='lat' dir='ltr'>cum</span> <span class='ocrx_word' id='word_1_166' title='bbox 961 1944 1089 1976; x_wconf 89' lang='lat' dir='ltr'>clericis</span> <span class='ocrx_word' id='word_1_167' title='bbox 1122 1949 1153 1977; x_wconf 91' lang='lat' dir='ltr'>et</span> 
     </span>
     <span class='ocr_line' id='line_1_34' title="bbox 409 1995 1154 2039; baseline 0.003 -11"><span class='ocrx_word' id='word_1_168' title='bbox 409 1996 609 2039; x_wconf 81' lang='lat' dir='ltr'>presbyteris</span> <span class='ocrx_word' id='word_1_169' title='bbox 648 1995 751 2029; x_wconf 88' lang='lat' dir='ltr'>dictae</span> <span class='ocrx_word' id='word_1_170' title='bbox 786 1995 1060 2039; x_wconf 81' lang='lat' dir='ltr'>Congrcgationis</span> <span class='ocrx_word' id='word_1_171' title='bbox 1091 1997 1154 2030; x_wconf 90' lang='lat' dir='ltr'>Do·</span> 
     </span>
     <span class='ocr_line' id='line_1_35' title="bbox 409 2049 1153 2093; baseline 0.003 -12"><span class='ocrx_word' id='word_1_172' title='bbox 409 2049 531 2082; x_wconf 84' lang='lat' dir='ltr'>ctrinae</span> <span class='ocrx_word' id='word_1_173' title='bbox 557 2049 768 2088; x_wconf 84' lang='lat' dir='ltr'>Christianae,</span> <span class='ocrx_word' id='word_1_174' title='bbox 788 2055 962 2093; x_wconf 83' lang='lat' dir='ltr'>postquam</span> <span class='ocrx_word' id='word_1_175' title='bbox 988 2057 1095 2083; x_wconf 87' lang='lat' dir='ltr'>votum</span> <span class='ocrx_word' id='word_1_176' title='bbox 1121 2056 1153 2083; x_wconf 91' lang='lat' dir='ltr'>et</span> 
     </span>
     <span class='ocr_line' id='line_1_36' title="bbox 409 2102 1174 2145; baseline 0.003 -11"><span class='ocrx_word' id='word_1_177' title='bbox 409 2102 626 2135; x_wconf 86' lang='lat' dir='ltr'>iuramentum</span> <span class='ocrx_word' id='word_1_178' title='bbox 652 2102 855 2145; x_wconf 89' lang='lat' dir='ltr'>praedictum</span> <span class='ocrx_word' id='word_1_179' title='bbox 880 2103 1061 2144; x_wconf 86' lang='lat' dir='ltr'>emiserint,</span> <span class='ocrx_word' id='word_1_180' title='bbox 1089 2104 1150 2136; x_wconf 90' lang='lat' dir='ltr'>nisi</span> <span class='ocrx_word' id='word_1_181' title='bbox 1172 2117 1174 2132; x_wconf 60' lang='lat' dir='ltr'>i</span> 
     </span>
     <span class='ocr_line' id='line_1_37' title="bbox 408 2155 1173 2202; baseline 0.003 -14"><span class='ocrx_word' id='word_1_182' title='bbox 408 2155 493 2189; x_wconf 85' lang='lat' dir='ltr'>sorte</span> <span class='ocrx_word' id='word_1_183' title='bbox 518 2156 556 2187; x_wconf 88' lang='lat' dir='ltr'>ab</span> <span class='ocrx_word' id='word_1_184' title='bbox 584 2156 651 2197; x_wconf 79' lang='lat' dir='ltr'>ipsa</span> <span class='ocrx_word' id='word_1_185' title='bbox 676 2155 934 2198; x_wconf 78' lang='lat' dir='ltr'>Congregatione</span> <span class='ocrx_word' id='word_1_186' title='bbox 953 2156 1039 2189; x_wconf 75' lang='lat' dir='ltr'>iuxta</span> <span class='ocrx_word' id='word_1_187' title='bbox 1064 2157 1173 2202; x_wconf 66' lang='lat' dir='ltr'>itlius}</span> 
     </span>
     <span class='ocr_line' id='line_1_38' title="bbox 409 2209 1151 2251; baseline 0.001 -10"><span class='ocrx_word' id='word_1_188' title='bbox 409 2209 680 2242; x_wconf 87' lang='lat' dir='ltr'>constitutionum</span> <span class='ocrx_word' id='word_1_189' title='bbox 692 2209 940 2251; x_wconf 83' lang='lat' dir='ltr'>dispositionem</span> <span class='ocrx_word' id='word_1_190' title='bbox 955 2210 1078 2243; x_wconf 87' lang='lat' dir='ltr'>dimissi</span> <span class='ocrx_word' id='word_1_191' title='bbox 1089 2211 1151 2243; x_wconf 83' lang='lat' dir='ltr'>sue-</span> 
     </span>
     <span class='ocr_line' id='line_1_39' title="bbox 409 2262 1173 2312; baseline 0.003 -18"><span class='ocrx_word' id='word_1_192' title='bbox 409 2263 482 2301; x_wconf 87' lang='lat' dir='ltr'>rint,</span> <span class='ocrx_word' id='word_1_193' title='bbox 516 2272 576 2295; x_wconf 89' lang='lat' dir='ltr'>nec</span> <span class='ocrx_word' id='word_1_194' title='bbox 608 2273 666 2305; x_wconf 89' lang='lat' dir='ltr'>per</span> <span class='ocrx_word' id='word_1_195' title='bbox 702 2262 842 2295; x_wconf 81' lang='lat' dir='ltr'>officinm</span> <span class='ocrx_word' id='word_1_196' title='bbox 879 2263 1173 2312; x_wconf 57' lang='lat' dir='ltr'>Poenitentiariae}</span> 
     </span>
     <span class='ocr_line' id='line_1_40' title="bbox 410 2314 1173 2361; baseline 0.003 -13"><span class='ocrx_word' id='word_1_197' title='bbox 410 2315 638 2358; x_wconf 81' lang='lat' dir='ltr'>Apostolicae,</span> <span class='ocrx_word' id='word_1_198' title='bbox 677 2326 736 2348; x_wconf 81' lang='lat' dir='ltr'>nec</span> <span class='ocrx_word' id='word_1_199' title='bbox 772 2316 810 2347; x_wconf 88' lang='lat' dir='ltr'>ab</span> <span class='ocrx_word' id='word_1_200' title='bbox 846 2316 908 2349; x_wconf 74' lang='lat' dir='ltr'>alia</span> <span class='ocrx_word' id='word_1_201' title='bbox 944 2314 1173 2361; x_wconf 62' lang='lat' dir='ltr'>quacumque*</span> 
     </span>
     <span class='ocr_line' id='line_1_41' title="bbox 409 2368 1172 2414; baseline 0.003 -13"><span class='ocrx_word' id='word_1_202' title='bbox 409 2371 556 2412; x_wconf 77' lang='lat' dir='ltr'>persona,</span> <span class='ocrx_word' id='word_1_203' title='bbox 584 2368 641 2400; x_wconf 85' lang='lat' dir='ltr'>sub</span> <span class='ocrx_word' id='word_1_204' title='bbox 668 2368 807 2401; x_wconf 87' lang='lat' dir='ltr'>cuiusvis</span> <span class='ocrx_word' id='word_1_205' title='bbox 834 2369 992 2413; x_wconf 78' lang='lat' dir='ltr'>privilegii</span> <span class='ocrx_word' id='word_1_206' title='bbox 1020 2381 1076 2403; x_wconf 88' lang='lat' dir='ltr'>seu</span> <span class='ocrx_word' id='word_1_207' title='bbox 1108 2371 1172 2414; x_wconf 40' lang='lat' dir='ltr'>inq</span> 
     </span>
     <span class='ocr_line' id='line_1_42' title="bbox 410 2422 1172 2465; baseline 0.005 -12"><span class='ocrx_word' id='word_1_208' title='bbox 410 2422 491 2454; x_wconf 91' lang='lat' dir='ltr'>dulti</span> <span class='ocrx_word' id='word_1_209' title='bbox 519 2426 700 2464; x_wconf 82' lang='lat' dir='ltr'>praetextu,</span> <span class='ocrx_word' id='word_1_210' title='bbox 729 2422 786 2454; x_wconf 81' lang='lat' dir='ltr'>sed</span> <span class='ocrx_word' id='word_1_211' title='bbox 813 2424 918 2455; x_wconf 86' lang='lat' dir='ltr'>solum</span> <span class='ocrx_word' id='word_1_212' title='bbox 952 2434 1012 2465; x_wconf 88' lang='lat' dir='ltr'>per</span> <span class='ocrx_word' id='word_1_213' title='bbox 1037 2434 1095 2457; x_wconf 92' lang='lat' dir='ltr'>nos</span> <span class='ocrx_word' id='word_1_214' title='bbox 1121 2430 1172 2463; x_wconf 55' lang='lat' dir='ltr'>etl</span> 
     </span>
     <span class='ocr_line' id='line_1_43' title="bbox 408 2474 1172 2520; baseline 0.003 -12"><span class='ocrx_word' id='word_1_215' title='bbox 408 2475 588 2508; x_wconf 82' lang='lat' dir='ltr'>Romanum</span> <span class='ocrx_word' id='word_1_216' title='bbox 615 2474 801 2507; x_wconf 78' lang='lat' dir='ltr'>Pontificem</span> <span class='ocrx_word' id='word_1_217' title='bbox 827 2486 884 2518; x_wconf 91' lang='lat' dir='ltr'>pro</span> <span class='ocrx_word' id='word_1_218' title='bbox 919 2481 1063 2518; x_wconf 87' lang='lat' dir='ltr'>tempore</span> <span class='ocrx_word' id='word_1_219' title='bbox 1090 2477 1172 2520; x_wconf 44' lang='grc' dir='ltr'>θείῃ</span> 
     </span>
     <span class='ocr_line' id='line_1_44' title="bbox 409 2528 1149 2571; baseline 0.001 -10"><span class='ocrx_word' id='word_1_220' title='bbox 409 2533 559 2567; x_wconf 87' lang='lat' dir='ltr'>stentem,</span> <span class='ocrx_word' id='word_1_221' title='bbox 578 2533 808 2571; x_wconf 85' lang='lat' dir='ltr'>praeterquam</span> <span class='ocrx_word' id='word_1_222' title='bbox 835 2528 865 2560; x_wconf 85' lang='lat' dir='ltr'>in</span> <span class='ocrx_word' id='word_1_223' title='bbox 892 2529 1021 2561; x_wconf 75' lang='lat' dir='ltr'>casibus</span> <span class='ocrx_word' id='word_1_224' title='bbox 1046 2541 1063 2562; x_wconf 90' lang='lat' dir='ltr'>a</span> <span class='ocrx_word' id='word_1_225' title='bbox 1081 2531 1149 2563; x_wconf 91' lang='lat' dir='ltr'>iure</span> 
     </span>
     <span class='ocr_line' id='line_1_45' title="bbox 409 2582 1149 2627; baseline 0.004 -13"><span class='ocrx_word' id='word_1_226' title='bbox 409 2582 576 2625; x_wconf 78' lang='lat' dir='ltr'>permissis</span> <span class='ocrx_word' id='word_1_227' title='bbox 594 2583 725 2625; x_wconf 84' lang='lat' dir='ltr'>(nempe</span> <span class='ocrx_word' id='word_1_228' title='bbox 742 2582 845 2625; x_wconf 87' lang='lat' dir='ltr'>primo</span> <span class='ocrx_word' id='word_1_229' title='bbox 863 2582 895 2615; x_wconf 86' lang='lat' dir='ltr'>in</span> <span class='ocrx_word' id='word_1_230' title='bbox 917 2591 1067 2616; x_wconf 79' lang='lat' dir='ltr'>eventum</span> <span class='ocrx_word' id='word_1_231' title='bbox 1086 2595 1149 2627; x_wconf 84' lang='lat' dir='ltr'>quo</span> 
     </span>
    </p>
   </div>
   <div class='ocr_carea' id='block_1_3' title="bbox 1173 296 1183 2679">
    <p class='ocr_par' dir='ltr' id='par_1_3' title="bbox 1173 296 1183 2679">
     <span class='ocr_line' id='line_1_46' title="bbox 1173 296 1183 2679; baseline 0 0"><span class='ocrx_word' id='word_1_232' title='bbox 1173 296 1183 2679; x_wconf 95' lang='lat' dir='ltr'> </span> 
     </span>
    </p>
   </div>
   <div class='ocr_carea' id='block_1_4' title="bbox 409 2636 1150 2680">
    <p class='ocr_par' dir='ltr' id='par_1_4' title="bbox 409 2636 1150 2680">
     <span class='ocr_line' id='line_1_47' title="bbox 409 2636 1150 2680; baseline 0.004 -12"><span class='ocrx_word' id='word_1_233' title='bbox 409 2636 458 2668; x_wconf 79' lang='lat' dir='ltr'>vel</span> <span class='ocrx_word' id='word_1_234' title='bbox 485 2645 521 2668; x_wconf 79' lang='lat' dir='ltr'>ex</span> <span class='ocrx_word' id='word_1_235' title='bbox 547 2641 638 2679; x_wconf 88' lang='lat' dir='ltr'>parte</span> <span class='ocrx_word' id='word_1_236' title='bbox 663 2636 806 2677; x_wconf 82' lang='lat' dir='ltr'>ipsorum</span> <span class='ocrx_word' id='word_1_237' title='bbox 830 2637 881 2669; x_wconf 85' lang='lat' dir='ltr'>vel</span> <span class='ocrx_word' id='word_1_238' title='bbox 901 2647 937 2669; x_wconf 86' lang='lat' dir='ltr'>ex</span> <span class='ocrx_word' id='word_1_239' title='bbox 961 2642 1053 2680; x_wconf 84' lang='lat' dir='ltr'>parte</span> <span class='ocrx_word' id='word_1_240' title='bbox 1072 2638 1150 2671; x_wconf 91' lang='lat' dir='ltr'>eius-</span> 
     </span>
    </p>
   </div>
   <div class='ocr_carea' id='block_1_5' title="bbox 1004 241 1361 266">
    <p class='ocr_par' dir='ltr' id='par_1_5' title="bbox 1004 241 1361 266">
     <span class='ocr_line' id='line_1_48' title="bbox 1004 241 1361 266; baseline -0.003 0"><span class='ocrx_word' id='word_1_241' title='bbox 1004 241 1181 266; x_wconf 71' lang='lat' dir='ltr'>sst&#39;LLAIttmt</span> <span class='ocrx_word' id='word_1_242' title='bbox 1207 241 1361 265; x_wconf 67' lang='lat' dir='ltr'>ROMANL&#39;M</span> 
     </span>
    </p>
   </div>
   <div class='ocr_carea' id='block_1_6' title="bbox 1198 289 1944 1561">
    <p class='ocr_par' dir='ltr' id='par_1_6' title="bbox 1198 289 1944 1561">
     <span class='ocr_line' id='line_1_49' title="bbox 1200 289 1942 333; baseline 0.003 -11"><span class='ocrx_word' id='word_1_243' title='bbox 1200 289 1273 322; x_wconf 89' lang='lat' dir='ltr'>dem</span> <span class='ocrx_word' id='word_1_244' title='bbox 1299 289 1566 333; x_wconf 84' lang='lat' dir='ltr'>Congregationis</span> <span class='ocrx_word' id='word_1_245' title='bbox 1590 289 1762 323; x_wconf 84' lang='lat' dir='ltr'>Doctrinae</span> <span class='ocrx_word' id='word_1_246' title='bbox 1787 289 1942 325; x_wconf 88' lang='lat' dir='ltr'>Christia-</span> 
     </span>
     <span class='ocr_line' id='line_1_50' title="bbox 1200 343 1941 378; baseline 0.004 -3"><span class='ocrx_word' id='word_1_247' title='bbox 1200 353 1260 376; x_wconf 88' lang='lat' dir='ltr'>nae</span> <span class='ocrx_word' id='word_1_248' title='bbox 1286 349 1371 376; x_wconf 86' lang='lat' dir='ltr'>tanta</span> <span class='ocrx_word' id='word_1_249' title='bbox 1396 348 1428 376; x_wconf 89' lang='lat' dir='ltr'>et</span> <span class='ocrx_word' id='word_1_250' title='bbox 1453 349 1516 376; x_wconf 90' lang='lat' dir='ltr'>tam</span> <span class='ocrx_word' id='word_1_251' title='bbox 1533 343 1687 376; x_wconf 86' lang='lat' dir='ltr'>notabilis</span> <span class='ocrx_word' id='word_1_252' title='bbox 1709 345 1844 378; x_wconf 87' lang='lat' dir='ltr'>mutatio</span> <span class='ocrx_word' id='word_1_253' title='bbox 1865 355 1941 378; x_wconf 85' lang='lat' dir='ltr'>con-</span> 
     </span>
     <span class='ocr_line' id='line_1_51' title="bbox 1202 396 1941 442; baseline 0.003 -13"><span class='ocrx_word' id='word_1_254' title='bbox 1202 396 1350 439; x_wconf 79' lang='lat' dir='ltr'>tingeret,</span> <span class='ocrx_word' id='word_1_255' title='bbox 1376 402 1411 429; x_wconf 91' lang='lat' dir='ltr'>ut</span> <span class='ocrx_word' id='word_1_256' title='bbox 1436 397 1497 430; x_wconf 89' lang='lat' dir='ltr'>alia</span> <span class='ocrx_word' id='word_1_257' title='bbox 1533 407 1584 430; x_wconf 87' lang='lat' dir='ltr'>res</span> <span class='ocrx_word' id='word_1_258' title='bbox 1621 397 1661 430; x_wconf 85' lang='lat' dir='ltr'>ab</span> <span class='ocrx_word' id='word_1_259' title='bbox 1691 399 1736 436; x_wconf 77' lang='lat' dir='ltr'>ea,</span> <span class='ocrx_word' id='word_1_260' title='bbox 1763 408 1845 441; x_wconf 89' lang='lat' dir='ltr'>quae</span> <span class='ocrx_word' id='word_1_261' title='bbox 1881 408 1941 442; x_wconf 88' lang='lat' dir='ltr'>per</span> 
     </span>
     <span class='ocr_line' id='line_1_52' title="bbox 1201 450 1941 493; baseline 0.004 -11"><span class='ocrx_word' id='word_1_262' title='bbox 1201 460 1256 482; x_wconf 90' lang='lat' dir='ltr'>eos</span> <span class='ocrx_word' id='word_1_263' title='bbox 1293 451 1457 493; x_wconf 87' lang='lat' dir='ltr'>promissa</span> <span class='ocrx_word' id='word_1_264' title='bbox 1493 450 1571 490; x_wconf 86' lang='lat' dir='ltr'>suit,</span> <span class='ocrx_word' id='word_1_265' title='bbox 1610 450 1778 484; x_wconf 85' lang='lat' dir='ltr'>moraliter</span> <span class='ocrx_word' id='word_1_266' title='bbox 1814 451 1941 485; x_wconf 84' lang='lat' dir='ltr'>diversa</span> 
     </span>
     <span class='ocr_line' id='line_1_53' title="bbox 1200 502 1941 543; baseline 0.005 -9"><span class='ocrx_word' id='word_1_267' title='bbox 1200 502 1315 535; x_wconf 91' lang='lat' dir='ltr'>merito</span> <span class='ocrx_word' id='word_1_268' title='bbox 1341 503 1509 536; x_wconf 85' lang='lat' dir='ltr'>censenda</span> <span class='ocrx_word' id='word_1_269' title='bbox 1533 508 1635 543; x_wconf 80' lang='lat' dir='ltr'>esset;</span> <span class='ocrx_word' id='word_1_270' title='bbox 1663 503 1806 537; x_wconf 85' lang='lat' dir='ltr'>secundo</span> <span class='ocrx_word' id='word_1_271' title='bbox 1831 504 1857 537; x_wconf 91' lang='lat' dir='ltr'>si</span> <span class='ocrx_word' id='word_1_272' title='bbox 1883 505 1941 538; x_wconf 91' lang='lat' dir='ltr'>ali-</span> 
     </span>
     <span class='ocr_line' id='line_1_54' title="bbox 1201 555 1939 600; baseline 0.004 -13"><span class='ocrx_word' id='word_1_273' title='bbox 1201 555 1272 597; x_wconf 85' lang='lat' dir='ltr'>quis</span> <span class='ocrx_word' id='word_1_274' title='bbox 1297 566 1333 588; x_wconf 85' lang='lat' dir='ltr'>ex</span> <span class='ocrx_word' id='word_1_275' title='bbox 1360 556 1482 588; x_wconf 89' lang='lat' dir='ltr'>eisdem</span> <span class='ocrx_word' id='word_1_276' title='bbox 1508 555 1634 588; x_wconf 89' lang='lat' dir='ltr'>clericis</span> <span class='ocrx_word' id='word_1_277' title='bbox 1660 566 1715 588; x_wconf 87' lang='lat' dir='ltr'>seu</span> <span class='ocrx_word' id='word_1_278' title='bbox 1740 557 1939 600; x_wconf 76' lang='lat' dir='ltr'>presbyteris</span> 
     </span>
     <span class='ocr_line' id='line_1_55' title="bbox 1201 607 1941 652; baseline 0.001 -11"><span class='ocrx_word' id='word_1_279' title='bbox 1201 614 1275 652; x_wconf 90' lang='lat' dir='ltr'>post</span> <span class='ocrx_word' id='word_1_280' title='bbox 1299 607 1454 640; x_wconf 87' lang='lat' dir='ltr'>emissum</span> <span class='ocrx_word' id='word_1_281' title='bbox 1476 607 1596 640; x_wconf 88' lang='lat' dir='ltr'>dictum</span> <span class='ocrx_word' id='word_1_282' title='bbox 1615 613 1724 641; x_wconf 91' lang='lat' dir='ltr'>votum</span> <span class='ocrx_word' id='word_1_283' title='bbox 1743 609 1782 641; x_wconf 87' lang='lat' dir='ltr'>ad</span> <span class='ocrx_word' id='word_1_284' title='bbox 1800 609 1941 652; x_wconf 89' lang='lat' dir='ltr'>aliquam</span> 
     </span>
     <span class='ocr_line' id='line_1_56' title="bbox 1201 661 1942 707; baseline 0.007 -14"><span class='ocrx_word' id='word_1_285' title='bbox 1201 661 1396 703; x_wconf 79' lang='lat' dir='ltr'>religionem</span> <span class='ocrx_word' id='word_1_286' title='bbox 1421 661 1460 693; x_wconf 90' lang='lat' dir='ltr'>ab</span> <span class='ocrx_word' id='word_1_287' title='bbox 1486 661 1547 694; x_wconf 85' lang='lat' dir='ltr'>hac</span> <span class='ocrx_word' id='word_1_288' title='bbox 1571 661 1687 695; x_wconf 75' lang='lat' dir='ltr'>Sancta</span> <span class='ocrx_word' id='word_1_289' title='bbox 1710 662 1793 696; x_wconf 87' lang='lat' dir='ltr'>Sede</span> <span class='ocrx_word' id='word_1_290' title='bbox 1825 673 1942 707; x_wconf 88' lang='lat' dir='ltr'>appro-</span> 
     </span>
     <span class='ocr_line' id='line_1_57' title="bbox 1201 714 1940 758; baseline 0.005 -12"><span class='ocrx_word' id='word_1_291' title='bbox 1201 714 1308 747; x_wconf 89' lang='lat' dir='ltr'>batam</span> <span class='ocrx_word' id='word_1_292' title='bbox 1345 714 1483 747; x_wconf 82' lang='lat' dir='ltr'>transire</span> <span class='ocrx_word' id='word_1_293' title='bbox 1516 715 1633 756; x_wconf 86' lang='lat' dir='ltr'>vellet;</span> <span class='ocrx_word' id='word_1_294' title='bbox 1670 715 1763 748; x_wconf 87' lang='lat' dir='ltr'>tertio</span> <span class='ocrx_word' id='word_1_295' title='bbox 1796 715 1940 758; x_wconf 86' lang='lat' dir='ltr'>demum,</span> 
     </span>
     <span class='ocr_line' id='line_1_58' title="bbox 1202 767 1942 811; baseline 0.007 -12"><span class='ocrx_word' id='word_1_296' title='bbox 1202 768 1333 811; x_wconf 89' lang='lat' dir='ltr'>quando</span> <span class='ocrx_word' id='word_1_297' title='bbox 1358 767 1582 802; x_wconf 77' lang='lat' dir='ltr'>filiusfamilias</span> <span class='ocrx_word' id='word_1_298' title='bbox 1613 774 1725 802; x_wconf 84' lang='lat' dir='ltr'>votum</span> <span class='ocrx_word' id='word_1_299' title='bbox 1754 769 1942 804; x_wconf 88' lang='lat' dir='ltr'>huiusmodi</span> 
     </span>
     <span class='ocr_line' id='line_1_59' title="bbox 1201 820 1944 865; baseline 0.005 -12"><span class='ocrx_word' id='word_1_300' title='bbox 1201 820 1304 854; x_wconf 91' lang='lat' dir='ltr'>inscio</span> <span class='ocrx_word' id='word_1_301' title='bbox 1331 826 1421 865; x_wconf 87' lang='lat' dir='ltr'>patre</span> <span class='ocrx_word' id='word_1_302' title='bbox 1448 821 1617 863; x_wconf 88' lang='lat' dir='ltr'>emisisset,</span> <span class='ocrx_word' id='word_1_303' title='bbox 1643 823 1705 856; x_wconf 93' lang='lat' dir='ltr'>nisi</span> <span class='ocrx_word' id='word_1_304' title='bbox 1736 828 1840 857; x_wconf 90' lang='lat' dir='ltr'>tamen</span> <span class='ocrx_word' id='word_1_305' title='bbox 1867 825 1944 857; x_wconf 85' lang='lat' dir='ltr'>taci-</span> 
     </span>
     <span class='ocr_line' id='line_1_60' title="bbox 1203 873 1942 921; baseline 0.007 -15"><span class='ocrx_word' id='word_1_306' title='bbox 1203 878 1253 906; x_wconf 90' lang='lat' dir='ltr'>tus</span> <span class='ocrx_word' id='word_1_307' title='bbox 1270 873 1358 907; x_wconf 90' lang='lat' dir='ltr'>illius</span> <span class='ocrx_word' id='word_1_308' title='bbox 1384 885 1561 908; x_wconf 89' lang='lat' dir='ltr'>consensus</span> <span class='ocrx_word' id='word_1_309' title='bbox 1586 876 1739 919; x_wconf 81' lang='lat' dir='ltr'>adesset),</span> <span class='ocrx_word' id='word_1_310' title='bbox 1759 877 1942 921; x_wconf 88' lang='lat' dir='ltr'>dispensari</span> 
     </span>
     <span class='ocr_line' id='line_1_61' title="bbox 1201 929 1944 974; baseline 0.005 -14"><span class='ocrx_word' id='word_1_311' title='bbox 1201 938 1311 970; x_wconf 88' lang='lat' dir='ltr'>posse,</span> <span class='ocrx_word' id='word_1_312' title='bbox 1337 929 1497 972; x_wconf 89' lang='lat' dir='ltr'>aliterque</span> <span class='ocrx_word' id='word_1_313' title='bbox 1523 929 1619 963; x_wconf 86' lang='lat' dir='ltr'>etiam</span> <span class='ocrx_word' id='word_1_314' title='bbox 1639 941 1656 963; x_wconf 88' lang='lat' dir='ltr'>a</span> <span class='ocrx_word' id='word_1_315' title='bbox 1672 930 1754 964; x_wconf 89' lang='lat' dir='ltr'>Sede</span> <span class='ocrx_word' id='word_1_316' title='bbox 1776 932 1944 974; x_wconf 78' lang='lat' dir='ltr'>praedicta</span> 
     </span>
     <span class='ocr_line' id='line_1_62' title="bbox 1202 981 1944 1028; baseline 0.007 -15"><span class='ocrx_word' id='word_1_317' title='bbox 1202 981 1272 1014; x_wconf 87' lang='lat' dir='ltr'>sine</span> <span class='ocrx_word' id='word_1_318' title='bbox 1299 985 1451 1025; x_wconf 74' lang='lat' dir='ltr'>expressa</span> <span class='ocrx_word' id='word_1_319' title='bbox 1477 984 1542 1017; x_wconf 90' lang='lat' dir='ltr'>voti</span> <span class='ocrx_word' id='word_1_320' title='bbox 1567 989 1599 1017; x_wconf 89' lang='lat' dir='ltr'>et</span> <span class='ocrx_word' id='word_1_321' title='bbox 1622 984 1794 1018; x_wconf 88' lang='lat' dir='ltr'>iuramenti</span> <span class='ocrx_word' id='word_1_322' title='bbox 1814 985 1944 1028; x_wconf 84' lang='lat' dir='ltr'>praedi-</span> 
     </span>
     <span class='ocr_line' id='line_1_63' title="bbox 1202 1036 1944 1082; baseline 0.008 -16"><span class='ocrx_word' id='word_1_323' title='bbox 1202 1041 1327 1068; x_wconf 87' lang='lat' dir='ltr'>ctorum</span> <span class='ocrx_word' id='word_1_324' title='bbox 1353 1036 1521 1070; x_wconf 88' lang='lat' dir='ltr'>mentione</span> <span class='ocrx_word' id='word_1_325' title='bbox 1553 1038 1702 1070; x_wconf 89' lang='lat' dir='ltr'>obtentas</span> <span class='ocrx_word' id='word_1_326' title='bbox 1729 1038 1944 1082; x_wconf 91' lang='lat' dir='ltr'>dispensatio-</span> 
     </span>
     <span class='ocr_line' id='line_1_64' title="bbox 1201 1090 1944 1134; baseline 0.007 -13"><span class='ocrx_word' id='word_1_327' title='bbox 1201 1098 1259 1121; x_wconf 88' lang='lat' dir='ltr'>nes</span> <span class='ocrx_word' id='word_1_328' title='bbox 1293 1090 1396 1122; x_wconf 83' lang='lat' dir='ltr'>nullas</span> <span class='ocrx_word' id='word_1_329' title='bbox 1431 1095 1463 1122; x_wconf 90' lang='lat' dir='ltr'>et</span> <span class='ocrx_word' id='word_1_330' title='bbox 1487 1090 1695 1134; x_wconf 81' lang='lat' dir='ltr'>subreptitias</span> <span class='ocrx_word' id='word_1_331' title='bbox 1721 1091 1808 1133; x_wconf 79' lang='lat' dir='ltr'>sore,</span> <span class='ocrx_word' id='word_1_332' title='bbox 1834 1097 1944 1126; x_wconf 86' lang='lat' dir='ltr'>aucto-</span> 
     </span>
     <span class='ocr_line' id='line_1_65' title="bbox 1201 1141 1942 1186; baseline 0.008 -13"><span class='ocrx_word' id='word_1_333' title='bbox 1201 1141 1294 1174; x_wconf 83' lang='lat' dir='ltr'>ritate</span> <span class='ocrx_word' id='word_1_334' title='bbox 1320 1148 1352 1175; x_wconf 88' lang='lat' dir='ltr'>et</span> <span class='ocrx_word' id='word_1_335' title='bbox 1377 1148 1489 1176; x_wconf 89' lang='lat' dir='ltr'>tenore</span> <span class='ocrx_word' id='word_1_336' title='bbox 1518 1144 1715 1186; x_wconf 84' lang='lat' dir='ltr'>praedictis,</span> <span class='ocrx_word' id='word_1_337' title='bbox 1737 1146 1942 1180; x_wconf 89' lang='lat' dir='ltr'>decernimus</span> 
     </span>
     <span class='ocr_line' id='line_1_66' title="bbox 1201 1195 1942 1233; baseline 0.008 -7"><span class='ocrx_word' id='word_1_338' title='bbox 1201 1199 1233 1226; x_wconf 90' lang='lat' dir='ltr'>et</span> <span class='ocrx_word' id='word_1_339' title='bbox 1258 1195 1472 1229; x_wconf 81' lang='lat' dir='ltr'>declaramus.</span> <span class='ocrx_word' id='word_1_340' title='bbox 1505 1196 1604 1230; x_wconf 85' lang='lat' dir='ltr'>Porro</span> <span class='ocrx_word' id='word_1_341' title='bbox 1635 1198 1761 1231; x_wconf 89' lang='lat' dir='ltr'>clericis</span> <span class='ocrx_word' id='word_1_342' title='bbox 1794 1199 1942 1233; x_wconf 87' lang='lat' dir='ltr'>eiusdem</span> 
     </span>
     <span class='ocr_line' id='line_1_67' title="bbox 1200 1248 1939 1294; baseline 0.008 -14"><span class='ocrx_word' id='word_1_343' title='bbox 1200 1248 1471 1291; x_wconf 80' lang='lat' dir='ltr'>Congregationis</span> <span class='ocrx_word' id='word_1_344' title='bbox 1482 1249 1652 1284; x_wconf 85' lang='lat' dir='ltr'>Doctrinae</span> <span class='ocrx_word' id='word_1_345' title='bbox 1671 1251 1939 1294; x_wconf 85' lang='lat' dir='ltr'>Christianae,ut,</span> 
     </span>
     <span class='ocr_line' id='line_1_68' title="bbox 1199 1304 1940 1348; baseline 0.007 -14"><span class='ocrx_word' id='word_1_346' title='bbox 1199 1306 1373 1346; x_wconf 86' lang='lat' dir='ltr'>postquam</span> <span class='ocrx_word' id='word_1_347' title='bbox 1399 1308 1510 1336; x_wconf 89' lang='lat' dir='ltr'>votum</span> <span class='ocrx_word' id='word_1_348' title='bbox 1534 1304 1739 1347; x_wconf 87' lang='lat' dir='ltr'>praedictum</span> <span class='ocrx_word' id='word_1_349' title='bbox 1761 1305 1940 1348; x_wconf 85' lang='lat' dir='ltr'>emiserint,</span> 
     </span>
     <span class='ocr_line' id='line_1_69' title="bbox 1199 1354 1940 1402; baseline 0.008 -16"><span class='ocrx_word' id='word_1_350' title='bbox 1199 1354 1237 1387; x_wconf 89' lang='lat' dir='ltr'>ad</span> <span class='ocrx_word' id='word_1_351' title='bbox 1275 1366 1386 1388; x_wconf 90' lang='lat' dir='ltr'>omnes</span> <span class='ocrx_word' id='word_1_352' title='bbox 1419 1366 1528 1389; x_wconf 88' lang='lat' dir='ltr'>sacros</span> <span class='ocrx_word' id='word_1_353' title='bbox 1565 1357 1660 1390; x_wconf 88' lang='lat' dir='ltr'>etiam</span> <span class='ocrx_word' id='word_1_354' title='bbox 1694 1359 1940 1402; x_wconf 83' lang='lat' dir='ltr'>presbyteratus</span> 
     </span>
     <span class='ocr_line' id='line_1_70' title="bbox 1198 1407 1942 1455; baseline 0.009 -16"><span class='ocrx_word' id='word_1_355' title='bbox 1198 1407 1340 1448; x_wconf 90' lang='lat' dir='ltr'>ordines,</span> <span class='ocrx_word' id='word_1_356' title='bbox 1367 1408 1393 1440; x_wconf 86' lang='lat' dir='ltr'>si</span> <span class='ocrx_word' id='word_1_357' title='bbox 1419 1409 1498 1441; x_wconf 77' lang='lat' dir='ltr'>alias</span> <span class='ocrx_word' id='word_1_358' title='bbox 1523 1410 1560 1442; x_wconf 90' lang='lat' dir='ltr'>ad</span> <span class='ocrx_word' id='word_1_359' title='bbox 1587 1410 1618 1443; x_wconf 90' lang='lat' dir='ltr'>id</span> <span class='ocrx_word' id='word_1_360' title='bbox 1637 1410 1749 1444; x_wconf 89' lang='lat' dir='ltr'>idonei</span> <span class='ocrx_word' id='word_1_361' title='bbox 1774 1413 1942 1455; x_wconf 85' lang='lat' dir='ltr'>reperian-</span> 
     </span>
     <span class='ocr_line' id='line_1_71' title="bbox 1201 1463 1941 1500; baseline 0.008 -8"><span class='ocrx_word' id='word_1_362' title='bbox 1201 1466 1259 1499; x_wconf 84' lang='lat' dir='ltr'>tur,</span> <span class='ocrx_word' id='word_1_363' title='bbox 1294 1472 1354 1494; x_wconf 81' lang='lat' dir='ltr'>nec</span> <span class='ocrx_word' id='word_1_364' title='bbox 1388 1463 1492 1496; x_wconf 88' lang='lat' dir='ltr'>ullum</span> <span class='ocrx_word' id='word_1_365' title='bbox 1524 1464 1715 1497; x_wconf 88' lang='lat' dir='ltr'>canonicum</span> <span class='ocrx_word' id='word_1_366' title='bbox 1751 1465 1797 1498; x_wconf 92' lang='lat' dir='ltr'>eis</span> <span class='ocrx_word' id='word_1_367' title='bbox 1831 1466 1941 1500; x_wconf 88' lang='lat' dir='ltr'>obstet</span> 
     </span>
     <span class='ocr_line' id='line_1_72' title="bbox 1198 1514 1942 1561; baseline 0.009 -15"><span class='ocrx_word' id='word_1_368' title='bbox 1198 1514 1476 1558; x_wconf 86' lang='lat' dir='ltr'>impedimentum,</span> <span class='ocrx_word' id='word_1_369' title='bbox 1504 1517 1542 1549; x_wconf 93' lang='lat' dir='ltr'>ad</span> <span class='ocrx_word' id='word_1_370' title='bbox 1570 1518 1697 1550; x_wconf 87' lang='lat' dir='ltr'>titulum</span> <span class='ocrx_word' id='word_1_371' title='bbox 1730 1518 1834 1561; x_wconf 90' lang='lat' dir='ltr'>ipsius</span> <span class='ocrx_word' id='word_1_372' title='bbox 1859 1519 1942 1553; x_wconf 90' lang='lat' dir='ltr'>Con-</span> 
     </span>
    </p>
   </div>
   <div class='ocr_carea' id='block_1_7' title="bbox 1175 1567 1940 1615">
    <p class='ocr_par' dir='ltr' id='par_1_7' title="bbox 1175 1567 1940 1615">
     <span class='ocr_line' id='line_1_73' title="bbox 1175 1567 1940 1615; baseline 0.009 -16"><span class='ocrx_word' id='word_1_373' title='bbox 1175 1579 1176 1587; x_wconf 58' lang='lat'><em>*</em></span> <span class='ocrx_word' id='word_1_374' title='bbox 1197 1567 1404 1610; x_wconf 82' lang='lat' dir='ltr'>gregationis,</span> <span class='ocrx_word' id='word_1_375' title='bbox 1419 1574 1453 1601; x_wconf 88' lang='lat' dir='ltr'>ut</span> <span class='ocrx_word' id='word_1_376' title='bbox 1471 1570 1569 1602; x_wconf 90' lang='lat' dir='ltr'>moris</span> <span class='ocrx_word' id='word_1_377' title='bbox 1584 1581 1652 1604; x_wconf 90' lang='lat' dir='ltr'>esse</span> <span class='ocrx_word' id='word_1_378' title='bbox 1667 1572 1821 1604; x_wconf 87' lang='lat' dir='ltr'>asseritur</span> <span class='ocrx_word' id='word_1_379' title='bbox 1840 1573 1940 1615; x_wconf 88' lang='lat' dir='ltr'>(dum-</span> 
     </span>
    </p>
   </div>
   <div class='ocr_carea' id='block_1_8' title="bbox 1197 1621 1941 1718">
    <p class='ocr_par' dir='ltr' id='par_1_8' title="bbox 1197 1621 1941 1718">
     <span class='ocr_line' id='line_1_74' title="bbox 1197 1621 1941 1663; baseline 0.008 -10"><span class='ocrx_word' id='word_1_380' title='bbox 1197 1621 1292 1653; x_wconf 91' lang='lat' dir='ltr'>modo</span> <span class='ocrx_word' id='word_1_381' title='bbox 1319 1627 1425 1654; x_wconf 86' lang='lat' dir='ltr'>tamen</span> <span class='ocrx_word' id='word_1_382' title='bbox 1450 1622 1620 1663; x_wconf 83' lang='lat' dir='ltr'>Ordinario</span> <span class='ocrx_word' id='word_1_383' title='bbox 1646 1623 1708 1656; x_wconf 88' lang='lat' dir='ltr'>loci</span> <span class='ocrx_word' id='word_1_384' title='bbox 1741 1630 1868 1658; x_wconf 89' lang='lat' dir='ltr'>constet</span> <span class='ocrx_word' id='word_1_385' title='bbox 1893 1626 1941 1659; x_wconf 91' lang='lat' dir='ltr'>di-</span> 
     </span>
     <span class='ocr_line' id='line_1_75' title="bbox 1197 1675 1940 1718; baseline 0.008 -12"><span class='ocrx_word' id='word_1_386' title='bbox 1197 1679 1279 1707; x_wconf 86' lang='lat' dir='ltr'>ctam</span> <span class='ocrx_word' id='word_1_387' title='bbox 1305 1675 1599 1718; x_wconf 81' lang='lat' dir='ltr'>Congregationem</span> <span class='ocrx_word' id='word_1_388' title='bbox 1636 1676 1754 1709; x_wconf 86' lang='lat' dir='ltr'>victum</span> <span class='ocrx_word' id='word_1_389' title='bbox 1787 1684 1819 1710; x_wconf 89' lang='lat' dir='ltr'>et</span> <span class='ocrx_word' id='word_1_390' title='bbox 1843 1679 1940 1712; x_wconf 88' lang='lat' dir='ltr'>vesti-</span> 
     </span>
    </p>
   </div>
   <div class='ocr_carea' id='block_1_9' title="bbox 1174 1730 1941 1775">
    <p class='ocr_par' dir='ltr' id='par_1_9' title="bbox 1174 1730 1941 1775">
     <span class='ocr_line' id='line_1_76' title="bbox 1174 1730 1941 1775; baseline 0.008 -15"><span class='ocrx_word' id='word_1_391' title='bbox 1174 1733 1263 1762; x_wconf 76' lang='lat' dir='ltr'>ltum</span> <span class='ocrx_word' id='word_1_392' title='bbox 1294 1740 1407 1762; x_wconf 88' lang='lat' dir='ltr'>eorum</span> <span class='ocrx_word' id='word_1_393' title='bbox 1440 1730 1574 1762; x_wconf 83' lang='lat' dir='ltr'>cuilibet</span> <span class='ocrx_word' id='word_1_394' title='bbox 1608 1741 1667 1773; x_wconf 91' lang='lat' dir='ltr'>pro</span> <span class='ocrx_word' id='word_1_395' title='bbox 1701 1733 1769 1764; x_wconf 75' lang='lat' dir='ltr'>rata</span> <span class='ocrx_word' id='word_1_396' title='bbox 1804 1733 1941 1775; x_wconf 77' lang='lat' dir='ltr'>quadra·</span> 
     </span>
    </p>
   </div>
   <div class='ocr_carea' id='block_1_10' title="bbox 1194 1782 1941 2682">
    <p class='ocr_par' dir='ltr' id='par_1_10' title="bbox 1194 1782 1941 2682">
     <span class='ocr_line' id='line_1_77' title="bbox 1197 1782 1941 1824; baseline 0.008 -10"><span class='ocrx_word' id='word_1_397' title='bbox 1197 1782 1286 1824; x_wconf 83' lang='lat' dir='ltr'>ginta</span> <span class='ocrx_word' id='word_1_398' title='bbox 1311 1783 1426 1815; x_wconf 86' lang='lat' dir='ltr'>saltem</span> <span class='ocrx_word' id='word_1_399' title='bbox 1452 1788 1619 1816; x_wconf 87' lang='lat' dir='ltr'>scutorum</span> <span class='ocrx_word' id='word_1_400' title='bbox 1645 1790 1797 1817; x_wconf 87' lang='lat' dir='ltr'>monetae</span> <span class='ocrx_word' id='word_1_401' title='bbox 1823 1796 1860 1818; x_wconf 86' lang='lat' dir='ltr'>ex</span> <span class='ocrx_word' id='word_1_402' title='bbox 1893 1792 1941 1820; x_wconf 86' lang='lat' dir='ltr'>tot</span> 
     </span>
     <span class='ocr_line' id='line_1_78' title="bbox 1198 1836 1939 1876; baseline 0.007 -8"><span class='ocrx_word' id='word_1_403' title='bbox 1198 1836 1290 1869; x_wconf 84' lang='lat' dir='ltr'>bonis</span> <span class='ocrx_word' id='word_1_404' title='bbox 1315 1837 1498 1876; x_wconf 85' lang='lat' dir='ltr'>stabilibus,</span> <span class='ocrx_word' id='word_1_405' title='bbox 1525 1837 1623 1869; x_wconf 90' lang='lat' dir='ltr'>certis</span> <span class='ocrx_word' id='word_1_406' title='bbox 1641 1843 1673 1870; x_wconf 84' lang='lat' dir='ltr'>et</span> <span class='ocrx_word' id='word_1_407' title='bbox 1697 1837 1873 1872; x_wconf 76' lang='lat' dir='ltr'>fructiferis</span> <span class='ocrx_word' id='word_1_408' title='bbox 1890 1841 1939 1874; x_wconf 91' lang='lat' dir='ltr'>vel</span> 
     </span>
     <span class='ocr_line' id='line_1_79' title="bbox 1196 1890 1939 1935; baseline 0.004 -12"><span class='ocrx_word' id='word_1_409' title='bbox 1196 1890 1277 1923; x_wconf 88' lang='lat' dir='ltr'>locis</span> <span class='ocrx_word' id='word_1_410' title='bbox 1295 1891 1455 1923; x_wconf 89' lang='lat' dir='ltr'>montium</span> <span class='ocrx_word' id='word_1_411' title='bbox 1475 1891 1627 1924; x_wconf 83' lang='lat' dir='ltr'>Gamerae</span> <span class='ocrx_word' id='word_1_412' title='bbox 1648 1891 1856 1935; x_wconf 84' lang='lat' dir='ltr'>Apostolicae</span> <span class='ocrx_word' id='word_1_413' title='bbox 1872 1904 1939 1927; x_wconf 88' lang='lat' dir='ltr'>non</span> 
     </span>
     <span class='ocr_line' id='line_1_80' title="bbox 1196 1942 1941 1989; baseline 0.008 -15"><span class='ocrx_word' id='word_1_414' title='bbox 1196 1942 1388 1975; x_wconf 87' lang='lat' dir='ltr'>vacabilium</span> <span class='ocrx_word' id='word_1_415' title='bbox 1411 1944 1576 1976; x_wconf 83' lang='lat' dir='ltr'>annuatim</span> <span class='ocrx_word' id='word_1_416' title='bbox 1600 1945 1850 1979; x_wconf 88' lang='lat' dir='ltr'>subministrare</span> <span class='ocrx_word' id='word_1_417' title='bbox 1869 1957 1941 1989; x_wconf 87' lang='lat' dir='ltr'>pos-</span> 
     </span>
     <span class='ocr_line' id='line_1_81' title="bbox 1197 1995 1941 2040; baseline 0.005 -12"><span class='ocrx_word' id='word_1_418' title='bbox 1197 1996 1255 2039; x_wconf 88' lang='lat' dir='ltr'>se),</span> <span class='ocrx_word' id='word_1_419' title='bbox 1267 1995 1400 2029; x_wconf 83' lang='lat' dir='ltr'>servatis</span> <span class='ocrx_word' id='word_1_420' title='bbox 1416 1996 1494 2029; x_wconf 73' lang='lat' dir='ltr'>alias</span> <span class='ocrx_word' id='word_1_421' title='bbox 1510 1998 1687 2037; x_wconf 89' lang='lat' dir='ltr'>servandis,</span> <span class='ocrx_word' id='word_1_422' title='bbox 1700 2000 1896 2040; x_wconf 86' lang='lat' dir='ltr'>promoveri,</span> <span class='ocrx_word' id='word_1_423' title='bbox 1910 2005 1941 2033; x_wconf 92' lang='lat' dir='ltr'>et</span> 
     </span>
     <span class='ocr_line' id='line_1_82' title="bbox 1197 2049 1940 2092; baseline 0.007 -11"><span class='ocrx_word' id='word_1_424' title='bbox 1197 2049 1339 2092; x_wconf 90' lang='lat' dir='ltr'>promoti</span> <span class='ocrx_word' id='word_1_425' title='bbox 1365 2050 1397 2081; x_wconf 89' lang='lat' dir='ltr'>in</span> <span class='ocrx_word' id='word_1_426' title='bbox 1424 2049 1594 2082; x_wconf 85' lang='lat' dir='ltr'>ordinibus</span> <span class='ocrx_word' id='word_1_427' title='bbox 1620 2051 1810 2085; x_wconf 87' lang='lat' dir='ltr'>huiusmodi</span> <span class='ocrx_word' id='word_1_428' title='bbox 1842 2053 1940 2086; x_wconf 86' lang='lat' dir='ltr'>etiam</span> 
     </span>
     <span class='ocr_line' id='line_1_83' title="bbox 1196 2102 1935 2140; baseline 0.008 -6"><span class='ocrx_word' id='word_1_429' title='bbox 1196 2102 1227 2135; x_wconf 87' lang='lat' dir='ltr'>in</span> <span class='ocrx_word' id='word_1_430' title='bbox 1261 2103 1370 2135; x_wconf 83' lang='lat' dir='ltr'>altaris</span> <span class='ocrx_word' id='word_1_431' title='bbox 1405 2102 1587 2136; x_wconf 88' lang='lat' dir='ltr'>ministerio</span> <span class='ocrx_word' id='word_1_432' title='bbox 1620 2104 1805 2138; x_wconf 89' lang='lat' dir='ltr'>ministrare</span> <span class='ocrx_word' id='word_1_433' title='bbox 1830 2106 1935 2140; x_wconf 84' lang='lat' dir='ltr'>libere</span> 
     </span>
     <span class='ocr_line' id='line_1_84' title="bbox 1196 2156 1939 2199; baseline 0.007 -11"><span class='ocrx_word' id='word_1_434' title='bbox 1196 2161 1228 2188; x_wconf 92' lang='lat' dir='ltr'>et</span> <span class='ocrx_word' id='word_1_435' title='bbox 1252 2156 1339 2189; x_wconf 86' lang='lat' dir='ltr'>licite</span> <span class='ocrx_word' id='word_1_436' title='bbox 1365 2156 1492 2199; x_wconf 85' lang='lat' dir='ltr'>possint</span> <span class='ocrx_word' id='word_1_437' title='bbox 1517 2161 1548 2189; x_wconf 89' lang='lat' dir='ltr'>et</span> <span class='ocrx_word' id='word_1_438' title='bbox 1573 2158 1718 2198; x_wconf 88' lang='lat' dir='ltr'>valeant,</span> <span class='ocrx_word' id='word_1_439' title='bbox 1747 2159 1859 2192; x_wconf 82' lang='lat' dir='ltr'>eadem</span> <span class='ocrx_word' id='word_1_440' title='bbox 1884 2171 1939 2193; x_wconf 89' lang='lat' dir='ltr'>au·</span> 
     </span>
     <span class='ocr_line' id='line_1_85' title="bbox 1195 2210 1938 2251; baseline 0.005 -9"><span class='ocrx_word' id='word_1_441' title='bbox 1195 2210 1362 2250; x_wconf 85' lang='lat' dir='ltr'>ctoritate,</span> <span class='ocrx_word' id='word_1_442' title='bbox 1390 2210 1505 2243; x_wconf 83' lang='lat' dir='ltr'>harum</span> <span class='ocrx_word' id='word_1_443' title='bbox 1531 2211 1615 2244; x_wconf 88' lang='lat' dir='ltr'>serie</span> <span class='ocrx_word' id='word_1_444' title='bbox 1632 2238 1639 2251; x_wconf 81' lang='lat'>,</span> <span class='ocrx_word' id='word_1_445' title='bbox 1666 2212 1874 2246; x_wconf 85' lang='lat' dir='ltr'>concedimus</span> <span class='ocrx_word' id='word_1_446' title='bbox 1906 2219 1938 2246; x_wconf 89' lang='lat' dir='ltr'>et</span> 
     </span>
     <span class='ocr_line' id='line_1_86' title="bbox 1195 2263 1937 2306; baseline 0.004 -10"><span class='ocrx_word' id='word_1_447' title='bbox 1195 2263 1428 2306; x_wconf 77' lang='lat' dir='ltr'>indulgemus;</span> <span class='ocrx_word' id='word_1_448' title='bbox 1467 2264 1559 2297; x_wconf 83' lang='lat' dir='ltr'>firmo</span> <span class='ocrx_word' id='word_1_449' title='bbox 1603 2270 1709 2298; x_wconf 88' lang='lat' dir='ltr'>tamen</span> <span class='ocrx_word' id='word_1_450' title='bbox 1745 2272 1937 2300; x_wconf 87' lang='lat' dir='ltr'>remanente</span> 
     </span>
     <span class='ocr_line' id='line_1_87' title="bbox 1195 2317 1935 2361; baseline 0.007 -13"><span class='ocrx_word' id='word_1_451' title='bbox 1195 2317 1336 2360; x_wconf 89' lang='lat' dir='ltr'>quodam</span> <span class='ocrx_word' id='word_1_452' title='bbox 1370 2317 1499 2350; x_wconf 84' lang='lat' dir='ltr'>decreto</span> <span class='ocrx_word' id='word_1_453' title='bbox 1531 2317 1610 2350; x_wconf 75' lang='lat' dir='ltr'>alias</span> <span class='ocrx_word' id='word_1_454' title='bbox 1636 2328 1756 2361; x_wconf 88' lang='lat' dir='ltr'>nempe</span> <span class='ocrx_word' id='word_1_455' title='bbox 1793 2318 1844 2351; x_wconf 92' lang='lat' dir='ltr'>die</span> <span class='ocrx_word' id='word_1_456' title='bbox 1876 2328 1935 2353; x_wconf 84' lang='lat' dir='ltr'>xlii</span> 
     </span>
     <span class='ocr_line' id='line_1_88' title="bbox 1195 2370 1936 2414; baseline 0.005 -13"><span class='ocrx_word' id='word_1_457' title='bbox 1195 2370 1331 2403; x_wconf 80' lang='lat' dir='ltr'>ianuarii</span> <span class='ocrx_word' id='word_1_458' title='bbox 1350 2380 1516 2404; x_wconf 66' lang='lat' dir='ltr'>›tnCLxxiu</span> <span class='ocrx_word' id='word_1_459' title='bbox 1538 2381 1554 2403; x_wconf 87' lang='lat' dir='ltr'>a</span> <span class='ocrx_word' id='word_1_460' title='bbox 1575 2370 1837 2414; x_wconf 80' lang='lat' dir='ltr'>Congregatione</span> <span class='ocrx_word' id='word_1_461' title='bbox 1860 2378 1936 2405; x_wconf 90' lang='lat' dir='ltr'>tunc</span> 
     </span>
     <span class='ocr_line' id='line_1_89' title="bbox 1195 2424 1934 2459; baseline 0.004 -3"><span class='ocrx_word' id='word_1_462' title='bbox 1195 2424 1403 2456; x_wconf 79' lang='lat' dir='ltr'>existentium</span> <span class='ocrx_word' id='word_1_463' title='bbox 1430 2424 1532 2457; x_wconf 89' lang='lat' dir='ltr'>dictae</span> <span class='ocrx_word' id='word_1_464' title='bbox 1558 2424 1588 2457; x_wconf 82' lang='lat' dir='ltr'>S.</span> <span class='ocrx_word' id='word_1_465' title='bbox 1605 2425 1641 2456; x_wconf 81' lang='lat' dir='ltr'>R.</span> <span class='ocrx_word' id='word_1_466' title='bbox 1657 2424 1690 2457; x_wconf 89' lang='lat' dir='ltr'>E.</span> <span class='ocrx_word' id='word_1_467' title='bbox 1720 2425 1934 2459; x_wconf 80' lang='lat' dir='ltr'>cardinalium</span> 
     </span>
     <span class='ocr_line' id='line_1_90' title="bbox 1194 2478 1934 2522; baseline 0.003 -12"><span class='ocrx_word' id='word_1_468' title='bbox 1194 2484 1225 2510; x_wconf 91' lang='lat' dir='ltr'>et</span> <span class='ocrx_word' id='word_1_469' title='bbox 1251 2478 1413 2510; x_wconf 80' lang='lat' dir='ltr'>Romanae</span> <span class='ocrx_word' id='word_1_470' title='bbox 1440 2478 1551 2510; x_wconf 87' lang='lat' dir='ltr'>Curiae</span> <span class='ocrx_word' id='word_1_471' title='bbox 1582 2479 1802 2521; x_wconf 87' lang='lat' dir='ltr'>praelatorum</span> <span class='ocrx_word' id='word_1_472' title='bbox 1836 2490 1934 2522; x_wconf 90' lang='lat' dir='ltr'>super</span> 
     </span>
     <span class='ocr_line' id='line_1_91' title="bbox 1195 2531 1934 2573; baseline 0.004 -11"><span class='ocrx_word' id='word_1_473' title='bbox 1195 2531 1333 2572; x_wconf 76' lang='lat' dir='ltr'>negotiis</span> <span class='ocrx_word' id='word_1_474' title='bbox 1371 2531 1563 2563; x_wconf 84' lang='lat' dir='ltr'>visitationis</span> <span class='ocrx_word' id='word_1_475' title='bbox 1601 2532 1799 2573; x_wconf 83' lang='lat' dir='ltr'>apostolicae</span> <span class='ocrx_word' id='word_1_476' title='bbox 1833 2533 1934 2565; x_wconf 90' lang='lat' dir='ltr'>eccle-</span> 
     </span>
     <span class='ocr_line' id='line_1_92' title="bbox 1194 2582 1933 2628; baseline 0.005 -14"><span class='ocrx_word' id='word_1_477' title='bbox 1194 2582 1314 2616; x_wconf 80' lang='lat' dir='ltr'>siarum</span> <span class='ocrx_word' id='word_1_478' title='bbox 1339 2589 1370 2615; x_wconf 91' lang='lat' dir='ltr'>et</span> <span class='ocrx_word' id='word_1_479' title='bbox 1395 2584 1540 2616; x_wconf 90' lang='lat' dir='ltr'>locorum</span> <span class='ocrx_word' id='word_1_480' title='bbox 1557 2583 1687 2628; x_wconf 88' lang='lat' dir='ltr'>piorum</span> <span class='ocrx_word' id='word_1_481' title='bbox 1713 2583 1817 2617; x_wconf 86' lang='lat' dir='ltr'>dictae</span> <span class='ocrx_word' id='word_1_482' title='bbox 1838 2584 1933 2618; x_wconf 86' lang='lat' dir='ltr'>Urbis</span> 
     </span>
     <span class='ocr_line' id='line_1_93' title="bbox 1194 2637 1933 2682; baseline 0.003 -12"><span class='ocrx_word' id='word_1_483' title='bbox 1194 2639 1388 2671; x_wconf 79' lang='lat' dir='ltr'>auctoritate</span> <span class='ocrx_word' id='word_1_484' title='bbox 1414 2637 1592 2681; x_wconf 76' lang='lat' dir='ltr'>apostolica</span> <span class='ocrx_word' id='word_1_485' title='bbox 1618 2637 1765 2670; x_wconf 73' lang='lat' dir='ltr'>instituta</span> <span class='ocrx_word' id='word_1_486' title='bbox 1799 2639 1933 2682; x_wconf 77' lang='lat' dir='ltr'>deputa-</span> 
     </span>
    </p>
   </div>
   <div class='ocr_carea' id='block_1_11' title="bbox 1947 243 2135 273">
    <p class='ocr_par' dir='ltr' id='par_1_11' title="bbox 1947 243 2135 273">
     <span class='ocr_line' id='line_1_94' title="bbox 1947 243 2135 273; baseline 0.021 -4"><span class='ocrx_word' id='word_1_487' title='bbox 1947 243 1996 270; x_wconf 84' lang='lat' dir='ltr'>An.</span> <span class='ocrx_word' id='word_1_488' title='bbox 2018 243 2047 271; x_wconf 92' lang='lat' dir='ltr'>C.</span> <span class='ocrx_word' id='word_1_489' title='bbox 2066 243 2135 273; x_wconf 78' lang='lat'>1699</span> 
     </span>
    </p>
   </div>
  </div>
 </body>
</html>
