2254 3225
145 201 196 227 An.
218 201 246 225 c.
264 198 333 225 icas)
377 191 419 222 vt

152 682 276 703 Praod²rtao
285 685 332 700 con·

151 709 270 728 intitutiones
283 713 333 728 con-

151 737 267 756 tiriuaniur.

911 193 1087 218 crimmum:

338 248 425 286 alias,
447 252 543 291 prout
561 247 591 279 in
613 246 712 289 ipsius
732 244 777 277 Pii
795 244 817 275 V
842 244 1067 287 praedecesso-

338 301 382 332 ris
408 301 546 343 desuper
570 299 673 342 pridie
698 298 769 330 idus
794 295 959 331 februarii,
988 304 1067 336 pon-

339 353 474 386 tificatus
499 353 547 385 sui
573 362 657 384 anno
682 361 736 389 vn,
757 349 911 382 emanatis
937 346 1064 384 litteris,

339 417 470 450 quarum
503 412 534 439 et
557 405 769 449 praefatarum
804 401 847 434 Pii
873 401 907 432 lV
936 398 1068 442 praede-

340 459 479 492 cessoris
496 458 675 491 litterarum
691 461 820 488 tenores
841 451 1068 496 praesentibus

340 522 398 553 pro
422 512 517 554 plene
537 515 568 543 et
593 509 787 542 sufficienter
803 504 961 549 expressis
978 514 1013 535 ae
1031 503 1069 534 de

341 565 440 597 verbo
466 564 504 596 ad
531 564 662 595 verbum
688 560 817 594 insertis
842 557 954 591 baberi
980 556 1070 588 volu-

342 628 420 654 mus,
444 616 574 649 uberius
598 614 792 648 continetur.

388 669 445 712 §2
466 669 541 702 Cum
559 673 674 706 autem,
690 664 789 698 sicut¹
807 674 871 696 non
889 662 957 695 sine
975 661 1071 693 animi

345 721 444 754 nostri
461 722 572 754 dolore
589 719 776 761 accepimus,
792 727 829 749 eo
848 715 920 758 quia
934 713 1071 747 iustitiae

344 773 478 806 ministri
505 773 614 805 eadem
635 769 799 811 diligentia
815 795 822 808 ‚
845 778 907 810 qua
928 766 1072 808 supradi-

345 831 393 858 cta
432 825 477 857 Pii
518 824 553 857 lV
591 821 850 866 praedecessoris
886 818 1072 851 constitutio

345 883 452 910 exacte
468 878 621 909 hactenus
640 875 805 908 observata
818 877 850 904 et
866 870 1073 914 exequutioni

346 930 536 962 demandata
563 929 628 967 suit,
662 926 867 969 exequutioni
894 925 1014 967 pariter
1044 929 1075 956 et

347 981 568 1014 observantiae
594 980 722 1012 alterius
744 978 786 1010 Pii
814 978 837 1008 V
863 977 958 1010 etiam
983 986 1076 1019 prae-

347 1034 527 1066 decessoris
552 1030 786 1065 constitutionis
810 1030 1010 1073 supradictae
1036 1028 1077 1060 si-

347 1086 466 1119 militer
489 1085 654 1127 invigilare
685 1084 916 1125 neglexerunt,
953 1082 1076 1114 tametsi

349 1140 491 1171 eiusdem
517 1138 720 1170 observantia
744 1137 776 1168 in
794 1135 942 1169 omnibus
961 1146 977 1167 a
998 1135 1078 1167 Con—

349 1191 534 1233 gregatione
579 1201 638 1233 pro
686 1195 828 1232 tempore
871 1188 1077 1221 existentium

348 1244 378 1276 S.
410 1244 446 1275 R.
475 1243 509 1275 Ε.
543 1242 753 1275 cardinalium
789 1240 1078 1274 consultationibus

349 1295 552 1337 negotiorum
573 1295 702 1327 ditionis
724 1294 909 1338 temporalis
936 1293 1078 1326 eiusdem

349 1348 379 1380 S.
404 1348 439 1380 R.
466 1348 498 1380 E.
523 1348 803 1391 praepositorum,
828 1357 954 1380 necnon
980 1357 997 1378 a
1022 1355 1080 1389 pro

351 1406 495 1443 tempore
520 1400 639 1442 pariter
664 1400 873 1432 existentibus
899 1399 1000 1432 dictae
1026 1398 1083 1430 Ur-

351 1452 399 1484 bis
418 1452 687 1494 gubernatoribus
704 1452 858 1485 emanatis
875 1452 1081 1493 generalibus

352 1504 568 1536 bannimentis
587 1505 807 1544 demandetur,
822 1505 1015 1548 quamplura
1029 1504 1082 1536 lio-

352 1557 479 1589 micidia
499 1557 649 1600 praefatis
663 1558 861 1590 brevioribus
878 1557 983 1595 armis,
1000 1565 1082 1599 quae

354 1610 509 1643 insidiose
535 1613 687 1650 celantur,
714 1611 833 1654 talique
859 1610 1031 1649 celeritate,
1049 1615 1084 1641 ut

355 1672 465 1695 eorum
491 1663 570 1695 ictus
590 1673 670 1705 pene
695 1663 895 1696 inevitabiles
920 1663 1005 1702 sint,
1026 1662 1085 1694 im-

355 1720 554 1757 pugnantur,
577 1715 725 1748 facillime
742 1721 773 1748 ct
798 1716 984 1758 frequenter
1012 1725 1085 1757 per-

355 1768 474 1809 petrari
510 1769 652 1801 soleant:
688 1769 765 1801 hine
800 1773 846 1801 est
882 1769 967 1811 quod
1000 1777 1082 1806 nos,

356 1820 454 1863 quieti
472 1826 502 1853 et
519 1821 742 1864 tranquillitati
758 1826 942 1854 nostrorum
962 1825 993 1853 et
1009 1821 1086 1853 eius-

357 1873 428 1905 dem
452 1873 542 1905 Sedis
567 1873 599 1905 in
626 1874 857 1916 temporalibus
883 1874 1088 1907 subditorum

357 1927 533 1966 consulere,
560 1937 594 1959 ac
619 1928 710 1960 malis
736 1928 918 1961 huiusmodi
944 1933 975 1960 et
998 1938 1088 1961 occa-

358 1978 441 2011 sioni
468 1979 715 2012 homicidiorum
740 1981 980 2024 praefatorum,
1006 1991 1087 2024 quae

359 2032 535 2064 animarum
571 2033 664 2066 saluti
700 2044 736 2065 ac
771 2034 970 2077 reipublicae
1002 2035 1089 2067 bono

361 2085 439 2117 adeo
457 2091 530 2118 sunt
546 2087 739 2129 perniciosa,
759 2096 940 2126 occurrere,
961 2097 996 2120 ac
1013 2087 1091 2120 alias
1110 2101 1111 2111 ¹

360 2139 392 2170 in
413 2138 605 2181 praemissis,
627 2144 779 2182 quantum
805 2139 837 2171 in
863 2139 998 2172 Domino
1018 2150 1092 2182 pos-

362 2201 491 2231 sumus,
515 2192 685 2234 providere
716 2194 883 2233 volentes,
908 2198 993 2225 motu
1019 2203 1092 2235 pro-

362 2245 442 2288 prio,
466 2255 502 2277 ac
525 2255 562 2277 ex
587 2247 673 2278 certa
697 2246 832 2278 scientia
849 2247 877 2278 el
895 2247 1016 2278 matura
1037 2246 1092 2278 dc-

363 2298 556 2331 liberatione
587 2299 725 2338 nostris,
758 2300 863 2342 deque
897 2298 1092 2342 apostolicae

364 2351 1023 2394 potestatisplenitudine,constitutionem
1035 2361 1092 2394 per

364 2403 542 2445 praefatum
565 2404 654 2437 Pium
677 2405 700 2436 V
724 2405 1012 2449 praedecessorem
1037 2403 1094 2436 de-

366 2466 465 2499 super
489 2460 523 2487 ut
546 2457 725 2499 praefertur
751 2458 868 2491 editam
884 2485 891 2498 ,
919 2457 1092 2500 omniaque

402 2570 413 2598 1
431 2569 528 2598 Vocem
547 2571 619 2599 sicut
638 2579 686 2599 nos
705 2572 827 2600 addimus
845 2572 886 2608 (a.
903 2572 953 2608 τ.).

1111 193 1127 215 Γ.
1134 192 1150 211 ἢ
1156 193 1215 215 tm
1222 192 1261 215 [Ἥ

1110 245 1140 272 et
1165 239 1290 280 singula
1317 238 1348 269 in
1375 237 1411 270 ea
1436 241 1588 270 contenta
1618 242 1649 271 et
1673 248 1838 282 expressa,

1110 295 1269 333 perpetuo
1293 290 1520 332 approbamus,
1547 290 1791 331 confirmamus,
1812 296 1843 323 et

1111 348 1267 385 quatenus
1292 352 1372 385 opus
1390 342 1442 382 sit,
1459 342 1657 384 innovamus,
1675 354 1776 387 eaque
1794 344 1843 377 in-

1111 394 1302 426 violabiliter
1328 394 1517 427 inconcusse
1543 400 1575 428 et
1599 402 1757 439 perpetuo
1778 407 1844 429 ser-

1112 447 1176 478 vari
1203 451 1234 479 et
1263 447 1378 490 exequi
1408 448 1554 480 volumus
1582 453 1614 481 et
1643 450 1841 482 mandamus.

1157 499 1171 541 g
1196 498 1227 531 3.
1254 498 1290 531 Et
1316 499 1450 543 insuper
1481 499 1684 534 decernimus
1718 507 1750 534 et
1773 512 1845 535 san·
1905 515 2038 545 interdicitur

1113 550 1214 582 cimus
1245 552 1367 584 nemini
1399 552 1631 596 cuiuscumque
1657 540 2038 597 dignitatis‚532²¹⁰ar.1‘1'3..⁰1¹‚?fi

1857 595 1952 615 omnibus
1975 598 1996 615 et
2018 602 2038 616 in

1114 607 1224 642 status,
1252 604 1368 645 gradus
1385 630 1392 643 ‚
1425 604 1567 644 ordinis,
1595 606 1790 639 conditionis
1816 612 1907 650 etrozo⁴
1924 621 1984 651 siaiu
2002 622 2039 642 ici·-

1115 656 1402 698 praeeminentiae,
1424 657 1519 690 etiam
1533 659 1665 701 speciali
1683 660 1847 692 mentione
1858 648 2038 704 {352¹'fi'i2232

1115 718 1170 740 seu
1196 710 1271 741 nota
1297 709 1403 751 digno,
1423 709 1519 742 licere
1544 710 1576 743 in
1601 711 1686 744 Urbe
1705 713 1847 755 praefata
1859 702 1987 747 'riissiiiiii'ffz
2019 703 2040 722 ⁰⁸

1116 760 1249 804 eiusque
1274 762 1418 794 districtu
1436 767 1466 795 et
1491 763 1524 795 in
1551 768 1615 796 toto
1635 764 1723 797 Statu
1741 765 1848 799 Eccle-

1116 813 1243 846 siastico
1265 814 1356 847 nobis
1381 819 1414 847 et
1439 815 1541 848 dictae
1560 815 1633 849 Sedi
1653 822 1714 850 tam
1736 818 1847 851 imme-

1117 866 1201 899 diate
1226 877 1321 910 quam
1347 867 1485 900 mediate
1510 869 1674 910 subiecto,
1701 880 1850 914 compre-

1118 919 1227 951 hensis
1251 919 1345 952 etiam
1369 924 1508 962 quatuor
1544 921 1763 963 legationibus
1779 949 1786 961 ,
1814 933 1850 956 ac

1117 970 1299 1003 civitatibus
1324 972 1530 1012 Bononiensi,
1559 973 1765 1014 Ferrariensi,
1791 975 1850 1008 Be-

1118 1025 1307 1064 wentana,
1333 1024 1468 1067 aliisque
1493 1025 1685 1065 civitatibus,
1703 1027 1798 1060 terris
1818 1033 1851 1061 et

1119 1077 1197 1108 locis
1236 1077 1330 1109 etiam
1369 1078 1542 1120 specialem
1584 1084 1616 1111 et
1653 1079 1851 1113 individuam

1120 1129 1357 1172 expressionem
1390 1140 1426 1162 ac
1454 1131 1706 1165 nominationem
1738 1133 1849 1176 requi-

1120 1181 1285 1221 rentibus,
1309 1181 1489 1225 pugiones,
1513 1184 1662 1217 cultellos
1686 1189 1718 1217 et
1741 1195 1853 1228 parvas

1121 1233 1220 1273 sicas,
1251 1244 1308 1266 seu
1341 1245 1396 1267 eos
1429 1234 1483 1277 qui
1509 1237 1603 1278 vulgo
1629 1243 1855 1280 nuncupantur

1120 1287 1263 1325 stov-tini,
1286 1297 1322 1320 ac
1347 1287 1432 1320 aliud
1458 1288 1594 1331 quodvis
1627 1299 1726 1332 genus
1750 1301 1855 1324 armo-

1122 1349 1193 1371 rum
1218 1339 1375 1372 brevioris
1405 1351 1575 1374 mensurae
1608 1342 1703 1374 trium
1732 1344 1856 1385 palmo-

1123 1403 1193 1425 rum
1218 1404 1387 1427 mensurae
1424 1395 1598 1437 vulgariter
1629 1396 1856 1430 denominatae

1124 1456 1223 1478 canne
1242 1457 1375 1479 romane
1398 1447 1436 1479 ad
1460 1458 1553 1479 usum
1579 1449 1779 1490 mercatoris,
1798 1449 1857 1482 sub

1125 1499 1238 1542 poenis
1272 1501 1378 1533 laesae
1410 1500 1586 1533 maiestatis
1613 1506 1643 1534 et
1667 1501 1856 1534 rebellionis

1126 1551 1859 1597 irremissibiliterexequendis(exceptisdum-

1128 1610 1210 1636 taxat
1234 1605 1375 1638 cultellis
1400 1607 1481 1648 aptis
1507 1606 1546 1638 ad
1572 1606 1778 1640 incidendum
1804 1617 1858 1650 pa·

1128 1667 1224 1697 nem,
1253 1657 1306 1699 qui
1342 1662 1447 1690 tamen
1482 1658 1612 1691 maioris
1648 1659 1858 1702 longitudinis

1128 1710 1220 1742 unius
1246 1710 1343 1753 palmi
1367 1721 1437 1743 esse
1462 1721 1527 1743 non
1552 1716 1704 1754 possunt,
1730 1712 1859 1755 sintque

1129 1762 1198 1795 sine
1224 1763 1366 1806 cuspide,
1385 1768 1424 1802 et,
1444 1768 1479 1795 ut
1502 1765 1597 1806 vulgo
1623 1764 1747 1804 dicitur,
1765 1775 1862 1808 spun-

1130 1814 1201 1854 tati,
1225 1825 1351 1847 necnon
1377 1816 1447 1848 aliis
1472 1816 1695 1849 instrumentis
1714 1817 1751 1849 ad
1769 1827 1860 1849 usum

1131 1868 1280 1910 propriae
1305 1867 1397 1907 artis,
1429 1878 1524 1911 quam
1551 1868 1687 1912 quisque
1713 1874 1860 1909 exercet,

1131 1920 1328 1960 necessariis,
1347 1926 1379 1953 et
1395 1921 1427 1953 in
1453 1926 1523 1953 actu
1549 1921 1694 1954 exercitii
1716 1922 1861 1955 eiusdem

1131 1974 1217 2013 artis,
1243 1979 1274 2006 et
1299 1984 1363 2007 non
1388 1972 1489 2017 alias),
1508 1975 1645 2008 deferre.

1175 2030 1189 2072 ἓ
1214 2028 1245 2060 4.
1265 2029 1312 2061 Ad
1332 2029 1420 2068 llaec,
1440 2028 1623 2061 huiusmodi
1642 2038 1743 2070 genus
1761 2038 1864 2062 armo-

1130 2091 1200 2113 rum
1231 2091 1313 2125 quae
1345 2085 1422 2113 sunt
1452 2080 1584 2124 propria
1616 2081 1808 2114 sicariorum
1833 2087 1864 2114 et

1133 2140 1206 2178 apta
1230 2135 1270 2167 ad
1295 2134 1524 2167 committenda
1552 2133 1668 2166 delicta
1692 2135 1781 2167 nullo
1805 2145 1865 2167 un-

1134 2200 1226 2232 quam
1270 2195 1416 2231 tempore
1458 2187 1657 2231 reipublicae
1699 2188 1864 2222 deservire

1134 2252 1227 2286 posse
1252 2241 1506 2281 considerantes
1532 2241 1590 2274 suh
1614 2241 1727 2275 iisdem
1752 2243 1865 2286 poenis

1135 2295 1249 2328 ilerum
1275 2294 1487 2328 retentionem
1514 2295 1615 2335 domi,
1637 2295 1669 2327 in
1700 2295 1865 2339 apothecis

1136 2354 1167 2381 et
1190 2350 1276 2388 alibi,
1297 2348 1569 2382 introductionem
1593 2347 1626 2380 in
1651 2347 1771 2381 dictum
1799 2347 1867 2380 Sta-

1138 2407 1200 2435 tum
1225 2401 1494 2441 Ecclesiasticum‚
1521 2400 1773 2440 fabricationem,
1792 2411 1868 2434 ven-

1137 2457 1314 2496 ditionem,
1346 2454 1634 2499 permutationem,
1660 2454 1692 2486 in
1727 2455 1868 2487 solutum

1138 2511 1187 2543 vel
1204 2510 1236 2542 in
1258 2510 1372 2554 pignus
1390 2509 1551 2542 dationem
1566 2518 1620 2540 seu
1638 2506 1867 2549 receptionem,

1138 2569 1170 2597 et
1190 2563 1418 2608 quodcumque
1436 2561 1523 2595 aliud
1548 2570 1649 2604 genus
1666 2564 1867 2601 contractus,

1848 190 1898 216 An.
1920 190 1947 217 C.
1968 190 2034 218 lC‘lO

1909 2040 1959 2060 lum
1985 2045 2055 2059 enru'n

1874 2068 1964 2086 retentio
1973 2066 2010 2084 suti
2023 2072 2056 2085 iis-

1875 2093 1921 2113 dem
1937 2098 2018 2118 poenis.
