<?xml version="1.0" encoding="UTF-8"?>
<!DOCTYPE html PUBLIC "-//W3C//DTD XHTML 1.0 Transitional//EN"
    "http://www.w3.org/TR/xhtml1/DTD/xhtml1-transitional.dtd">
<html xmlns="http://www.w3.org/1999/xhtml" xml:lang="en" lang="en">
 <head>
  <title>
</title>
<meta http-equiv="Content-Type" content="text/html;charset=utf-8" />
  <meta name='ocr-system' content='tesseract 3.04.00' />
  <meta name='ocr-capabilities' content='ocr_page ocr_carea ocr_par ocr_line ocrx_word'/>
</head>
<body>
  <div class='ocr_page' id='page_1' title='image "./bullarumdiplomat20cath_0605.png"; bbox 0 0 2227 3225; ppageno 0'>
   <div class='ocr_carea' id='block_1_1' title="bbox 103 224 286 250">
    <p class='ocr_par' dir='ltr' id='par_1_1' title="bbox 103 224 286 250">
     <span class='ocr_line' id='line_1_1' title="bbox 103 224 286 250; baseline -0.005 0"><span class='ocrx_word' id='word_1_1' title='bbox 103 226 151 250; x_wconf 76' lang='grc' dir='ltr'>Αη.</span> <span class='ocrx_word' id='word_1_2' title='bbox 169 225 196 250; x_wconf 78' lang='lat'>(2.</span> <span class='ocrx_word' id='word_1_3' title='bbox 221 224 286 250; x_wconf 61' lang='lat' dir='ltr'>tum}</span> 
     </span>
    </p>
   </div>
   <div class='ocr_carea' id='block_1_2' title="bbox 105 2075 289 2176">
    <p class='ocr_par' dir='ltr' id='par_1_2' title="bbox 105 2075 289 2176">
     <span class='ocr_line' id='line_1_2' title="bbox 131 2075 287 2096; baseline 0 0"><span class='ocrx_word' id='word_1_4' title='bbox 131 2075 243 2096; x_wconf 74' lang='lat' dir='ltr'>Concessio</span> <span class='ocrx_word' id='word_1_5' title='bbox 259 2076 287 2096; x_wconf 62' lang='grc' dir='ltr'>πῖ-</span> 
     </span>
     <span class='ocr_line' id='line_1_3' title="bbox 111 2103 288 2128; baseline 0.006 -8"><span class='ocrx_word' id='word_1_6' title='bbox 111 2108 178 2123; x_wconf 73' lang='lat' dir='ltr'>)orum</span> <span class='ocrx_word' id='word_1_7' title='bbox 193 2103 288 2128; x_wconf 73' lang='lat' dir='ltr'>proh-b·-</span> 
     </span>
     <span class='ocr_line' id='line_1_4' title="bbox 105 2129 288 2150; baseline 0.005 -3"><span class='ocrx_word' id='word_1_8' title='bbox 105 2135 171 2149; x_wconf 66' lang='lat' dir='ltr'>wrum</span> <span class='ocrx_word' id='word_1_9' title='bbox 188 2132 209 2150; x_wconf 85' lang='lat' dir='ltr'>et.</span> <span class='ocrx_word' id='word_1_10' title='bbox 226 2129 288 2149; x_wconf 62' lang='lat' dir='ltr'>abeo·</span> 
     </span>
     <span class='ocr_line' id='line_1_5' title="bbox 105 2156 289 2176; baseline 0.005 -2"><span class='ocrx_word' id='word_1_11' title='bbox 105 2156 191 2175; x_wconf 68' lang='lat' dir='ltr'>tutionis</span> <span class='ocrx_word' id='word_1_12' title='bbox 206 2156 225 2175; x_wconf 91' lang='lat' dir='ltr'>in</span> <span class='ocrx_word' id='word_1_13' title='bbox 237 2156 289 2176; x_wconf 75' lang='lat' dir='ltr'>arti-</span> 
     </span>
    </p>
   </div>
   <div class='ocr_carea' id='block_1_3' title="bbox 105 2208 288 2233">
    <p class='ocr_par' dir='ltr' id='par_1_3' title="bbox 105 2208 288 2233">
     <span class='ocr_line' id='line_1_6' title="bbox 105 2208 288 2233; baseline 0.011 -8"><span class='ocrx_word' id='word_1_14' title='bbox 105 2208 201 2227; x_wconf 59' lang='lat' dir='ltr'>omnibu&lt;</span> <span class='ocrx_word' id='word_1_15' title='bbox 214 2214 288 2233; x_wconf 67' lang='lat' dir='ltr'>pecca-</span> 
     </span>
    </p>
   </div>
   <div class='ocr_carea' id='block_1_4' title="bbox 106 2225 1816 2274">
    <p class='ocr_par' dir='ltr' id='par_1_4' title="bbox 106 2225 1816 2274">
     <span class='ocr_line' id='line_1_7' title="bbox 106 2225 1816 2274; baseline 0.004 -20"><span class='ocrx_word' id='word_1_16' title='bbox 106 2236 132 2254; x_wconf 61' lang='lat' dir='ltr'>ns</span> <span class='ocrx_word' id='word_1_17' title='bbox 148 2237 168 2255; x_wconf 66' lang='lat' dir='ltr'>ei</span> <span class='ocrx_word' id='word_1_18' title='bbox 185 2226 455 2269; x_wconf 48' lang='lat' dir='ltr'>censurisqundictis</span> <span class='ocrx_word' id='word_1_19' title='bbox 476 2237 535 2269; x_wconf 83' lang='lat' dir='ltr'>pro</span> <span class='ocrx_word' id='word_1_20' title='bbox 560 2232 705 2270; x_wconf 83' lang='lat' dir='ltr'>tempore</span> <span class='ocrx_word' id='word_1_21' title='bbox 732 2227 937 2269; x_wconf 66' lang='lat' dir='ltr'>degentibus,</span> <span class='ocrx_word' id='word_1_22' title='bbox 963 2240 1058 2274; x_wconf 68' lang='lat' dir='ltr'>quo·¹</span> <span class='ocrx_word' id='word_1_23' title='bbox 1082 2225 1337 2258; x_wconf 69' lang='lat' dir='ltr'>habitationibus</span> <span class='ocrx_word' id='word_1_24' title='bbox 1365 2225 1529 2267; x_wconf 73' lang='lat' dir='ltr'>degentes,</span> <span class='ocrx_word' id='word_1_25' title='bbox 1545 2232 1713 2269; x_wconf 73' lang='lat' dir='ltr'>aegrotare</span> <span class='ocrx_word' id='word_1_26' title='bbox 1740 2239 1816 2261; x_wconf 86' lang='lat' dir='ltr'>eon-</span> 
     </span>
    </p>
   </div>
   <div class='ocr_carea' id='block_1_5' title="bbox 882 219 1091 243">
    <p class='ocr_par' dir='ltr' id='par_1_5' title="bbox 882 219 1091 243">
     <span class='ocr_line' id='line_1_8' title="bbox 882 219 1091 243; baseline -0.014 0"><span class='ocrx_word' id='word_1_27' title='bbox 882 219 1091 243; x_wconf 48' lang='lat' dir='ltr'>txxocffirtt&#39;s</span> 
     </span>
    </p>
   </div>
   <div class='ocr_carea' id='block_1_6' title="bbox 294 267 1051 949">
    <p class='ocr_par' dir='ltr' id='par_1_6' title="bbox 294 267 1051 949">
     <span class='ocr_line' id='line_1_9' title="bbox 294 267 1050 315; baseline -0.011 -10"><span class='ocrx_word' id='word_1_28' title='bbox 294 273 444 315; x_wconf 70' lang='lat' dir='ltr'>Corporis</span> <span class='ocrx_word' id='word_1_29' title='bbox 479 270 622 304; x_wconf 86' lang='lat' dir='ltr'>eiusdem</span> <span class='ocrx_word' id='word_1_30' title='bbox 659 269 779 302; x_wconf 87' lang='lat' dir='ltr'>domini</span> <span class='ocrx_word' id='word_1_31' title='bbox 821 267 923 301; x_wconf 80' lang='lat' dir='ltr'>nostri</span> <span class='ocrx_word' id='word_1_32' title='bbox 958 267 1050 305; x_wconf 61' lang='lat' dir='ltr'>lesu,</span> 
     </span>
     <span class='ocr_line' id='line_1_10' title="bbox 294 312 1051 364; baseline -0.011 -7"><span class='ocrx_word' id='word_1_33' title='bbox 294 324 425 364; x_wconf 85' lang='lat' dir='ltr'>Christi,</span> <span class='ocrx_word' id='word_1_34' title='bbox 463 333 589 356; x_wconf 78' lang='lat' dir='ltr'>necnon</span> <span class='ocrx_word' id='word_1_35' title='bbox 625 320 870 359; x_wconf 83' lang='lat' dir='ltr'>Puritieationis,</span> <span class='ocrx_word' id='word_1_36' title='bbox 897 312 1051 352; x_wconf 62' lang='lat' dir='ltr'>Annum*</span> 
     </span>
     <span class='ocr_line' id='line_1_11' title="bbox 294 372 1030 418; baseline -0.008 -8"><span class='ocrx_word' id='word_1_37' title='bbox 294 377 461 416; x_wconf 63' lang='lat' dir='ltr'>viationis,</span> <span class='ocrx_word' id='word_1_38' title='bbox 502 375 739 418; x_wconf 79' lang='lat' dir='ltr'>Assumptionis</span> <span class='ocrx_word' id='word_1_39' title='bbox 781 380 813 407; x_wconf 87' lang='lat' dir='ltr'>et</span> <span class='ocrx_word' id='word_1_40' title='bbox 849 372 1030 406; x_wconf 80' lang='lat' dir='ltr'>Nativitatis</span> 
     </span>
     <span class='ocr_line' id='line_1_12' title="bbox 294 425 1031 470; baseline -0.009 -7"><span class='ocrx_word' id='word_1_41' title='bbox 294 432 408 463; x_wconf 84' lang='lat' dir='ltr'>beatae</span> <span class='ocrx_word' id='word_1_42' title='bbox 448 429 563 462; x_wconf 73' lang='lat' dir='ltr'>Mariae</span> <span class='ocrx_word' id='word_1_43' title='bbox 608 428 747 470; x_wconf 65' lang='lat' dir='ltr'>virginis</span> <span class='ocrx_word' id='word_1_44' title='bbox 784 433 816 460; x_wconf 88' lang='lat' dir='ltr'>et</span> <span class='ocrx_word' id='word_1_45' title='bbox 855 425 1031 459; x_wconf 75' lang='lat' dir='ltr'>Nativitatis</span> 
     </span>
     <span class='ocr_line' id='line_1_13' title="bbox 294 479 1032 524; baseline -0.007 -9"><span class='ocrx_word' id='word_1_46' title='bbox 294 483 394 515; x_wconf 79' lang='lat' dir='ltr'>sancti</span> <span class='ocrx_word' id='word_1_47' title='bbox 420 482 548 515; x_wconf 85' lang='lat' dir='ltr'>loannis</span> <span class='ocrx_word' id='word_1_48' title='bbox 574 481 750 524; x_wconf 71' lang='lat' dir='ltr'>Baptistae,</span> <span class='ocrx_word' id='word_1_49' title='bbox 783 489 909 512; x_wconf 82' lang='lat' dir='ltr'>necnon</span> <span class='ocrx_word' id='word_1_50' title='bbox 948 479 1032 521; x_wconf 82' lang='lat' dir='ltr'>Apo-</span> 
     </span>
     <span class='ocr_line' id='line_1_14' title="bbox 294 527 1030 574; baseline -0.005 -8"><span class='ocrx_word' id='word_1_51' title='bbox 294 536 463 574; x_wconf 68' lang='lat' dir='ltr'>stolorum,</span> <span class='ocrx_word' id='word_1_52' title='bbox 483 540 513 568; x_wconf 90' lang='lat' dir='ltr'>et</span> <span class='ocrx_word' id='word_1_53' title='bbox 535 527 859 567; x_wconf 79' lang='lat' dir='ltr'>Commemorationis</span> <span class='ocrx_word' id='word_1_54' title='bbox 883 531 1030 564; x_wconf 80' lang='lat' dir='ltr'>Omnium</span> 
     </span>
     <span class='ocr_line' id='line_1_15' title="bbox 294 584 1034 627; baseline -0.007 -6"><span class='ocrx_word' id='word_1_55' title='bbox 294 588 487 621; x_wconf 56' lang='lat' dir='ltr'>Sanctorum</span> <span class='ocrx_word' id='word_1_56' title='bbox 525 587 768 625; x_wconf 72' lang='lat' dir='ltr'>festivitatibus,</span> <span class='ocrx_word' id='word_1_57' title='bbox 808 596 883 618; x_wconf 71' lang='lat' dir='ltr'>vere</span> <span class='ocrx_word' id='word_1_58' title='bbox 921 584 1034 627; x_wconf 87' lang='lat' dir='ltr'>poeni-</span> 
     </span>
     <span class='ocr_line' id='line_1_16' title="bbox 299 638 1032 680; baseline -0.004 -8"><span class='ocrx_word' id='word_1_59' title='bbox 299 647 402 674; x_wconf 75' lang='lat' dir='ltr'>tentes</span> <span class='ocrx_word' id='word_1_60' title='bbox 420 646 451 674; x_wconf 89' lang='lat' dir='ltr'>et</span> <span class='ocrx_word' id='word_1_61' title='bbox 476 641 627 680; x_wconf 71' lang='lat' dir='ltr'>confessi,</span> <span class='ocrx_word' id='word_1_62' title='bbox 645 647 675 673; x_wconf 91' lang='lat' dir='ltr'>et</span> <span class='ocrx_word' id='word_1_63' title='bbox 695 642 782 672; x_wconf 75' lang='lat' dir='ltr'>sacra</span> <span class='ocrx_word' id='word_1_64' title='bbox 801 638 1032 672; x_wconf 84' lang='lat' dir='ltr'>communione</span> 
     </span>
     <span class='ocr_line' id='line_1_17' title="bbox 294 692 1033 737; baseline -0.007 -10"><span class='ocrx_word' id='word_1_65' title='bbox 294 694 426 734; x_wconf 75' lang='lat' dir='ltr'>resecti,</span> <span class='ocrx_word' id='word_1_66' title='bbox 466 705 525 737; x_wconf 93' lang='lat' dir='ltr'>pro</span> <span class='ocrx_word' id='word_1_67' title='bbox 562 694 814 727; x_wconf 76' lang='lat' dir='ltr'>christianorum</span> <span class='ocrx_word' id='word_1_68' title='bbox 850 692 1033 735; x_wconf 85' lang='lat' dir='ltr'>principum</span> 
     </span>
     <span class='ocr_line' id='line_1_18' title="bbox 295 746 1034 787; baseline -0.004 -8"><span class='ocrx_word' id='word_1_69' title='bbox 295 748 480 787; x_wconf 69' lang='lat' dir='ltr'>concordia,</span> <span class='ocrx_word' id='word_1_70' title='bbox 508 748 681 780; x_wconf 76' lang='lat' dir='ltr'>haeresum</span> <span class='ocrx_word' id='word_1_71' title='bbox 707 752 739 780; x_wconf 92' lang='lat' dir='ltr'>et</span> <span class='ocrx_word' id='word_1_72' title='bbox 755 746 966 779; x_wconf 71' lang='lat' dir='ltr'>schismatum</span> <span class='ocrx_word' id='word_1_73' title='bbox 984 756 1034 777; x_wconf 56' lang='lat' dir='ltr'>cax-</span> 
     </span>
     <span class='ocr_line' id='line_1_19' title="bbox 296 799 1035 844; baseline -0.005 -11"><span class='ocrx_word' id='word_1_74' title='bbox 296 801 479 844; x_wconf 85' lang='lat' dir='ltr'>tirpatione,</span> <span class='ocrx_word' id='word_1_75' title='bbox 496 806 525 833; x_wconf 86' lang='lat' dir='ltr'>et</span> <span class='ocrx_word' id='word_1_76' title='bbox 540 800 793 833; x_wconf 59' lang='lat' dir='ltr'>sanctiminiatis</span> <span class='ocrx_word' id='word_1_77' title='bbox 809 799 973 832; x_wconf 78' lang='lat' dir='ltr'>Ecclesiae</span> <span class='ocrx_word' id='word_1_78' title='bbox 986 808 1035 831; x_wconf 75' lang='lat' dir='ltr'>ex-</span> 
     </span>
     <span class='ocr_line' id='line_1_20' title="bbox 296 850 1034 896; baseline -0.001 -11"><span class='ocrx_word' id='word_1_79' title='bbox 296 853 450 886; x_wconf 86' lang='lat' dir='ltr'>altatione</span> <span class='ocrx_word' id='word_1_80' title='bbox 475 853 544 896; x_wconf 87' lang='lat' dir='ltr'>pias</span> <span class='ocrx_word' id='word_1_81' title='bbox 571 854 609 885; x_wconf 88' lang='lat' dir='ltr'>ad</span> <span class='ocrx_word' id='word_1_82' title='bbox 636 853 737 885; x_wconf 89' lang='lat' dir='ltr'>Deum</span> <span class='ocrx_word' id='word_1_83' title='bbox 763 862 880 895; x_wconf 86' lang='lat' dir='ltr'>preces</span> <span class='ocrx_word' id='word_1_84' title='bbox 907 850 1034 884; x_wconf 79' lang='lat' dir='ltr'>eil&#39;ude-</span> 
     </span>
     <span class='ocr_line' id='line_1_21' title="bbox 295 905 1034 949; baseline -0.005 -10"><span class='ocrx_word' id='word_1_85' title='bbox 295 907 382 945; x_wconf 85' lang='lat' dir='ltr'>rint,</span> <span class='ocrx_word' id='word_1_86' title='bbox 422 906 603 949; x_wconf 75' lang='lat' dir='ltr'>plenariam</span> <span class='ocrx_word' id='word_1_87' title='bbox 641 905 786 939; x_wconf 90' lang='lat' dir='ltr'>omnium</span> <span class='ocrx_word' id='word_1_88' title='bbox 827 910 1034 948; x_wconf 88' lang='lat' dir='ltr'>peecatorum</span> 
     </span>
    </p>
   </div>
   <div class='ocr_carea' id='block_1_7' title="bbox 1051 336 1058 1010">
    <p class='ocr_par' dir='ltr' id='par_1_7' title="bbox 1051 336 1058 1010">
     <span class='ocr_line' id='line_1_22' title="bbox 1051 336 1058 1010; baseline 0 0"><span class='ocrx_word' id='word_1_89' title='bbox 1051 336 1058 1010; x_wconf 95' lang='lat' dir='ltr'> </span> 
     </span>
    </p>
   </div>
   <div class='ocr_carea' id='block_1_8' title="bbox 296 957 1040 2166">
    <p class='ocr_par' dir='ltr' id='par_1_8' title="bbox 296 957 1040 2047">
     <span class='ocr_line' id='line_1_23' title="bbox 296 957 1034 1001; baseline -0.004 -10"><span class='ocrx_word' id='word_1_90' title='bbox 296 970 428 992; x_wconf 86' lang='lat' dir='ltr'>suorum</span> <span class='ocrx_word' id='word_1_91' title='bbox 465 959 699 1001; x_wconf 81' lang='lat' dir='ltr'>indulgentiam</span> <span class='ocrx_word' id='word_1_92' title='bbox 736 964 768 991; x_wconf 91' lang='lat' dir='ltr'>et</span> <span class='ocrx_word' id='word_1_93' title='bbox 795 957 1034 998; x_wconf 78' lang='lat' dir='ltr'>remissionem,</span> 
     </span>
     <span class='ocr_line' id='line_1_24' title="bbox 297 1010 1036 1055; baseline -0.003 -12"><span class='ocrx_word' id='word_1_94' title='bbox 297 1022 378 1055; x_wconf 84' lang='lat' dir='ltr'>quae</span> <span class='ocrx_word' id='word_1_95' title='bbox 404 1011 499 1045; x_wconf 85' lang='lat' dir='ltr'>ctiam</span> <span class='ocrx_word' id='word_1_96' title='bbox 518 1012 684 1044; x_wconf 68' lang='lat' dir='ltr'>animabus</span> <span class='ocrx_word' id='word_1_97' title='bbox 702 1010 880 1054; x_wconf 78' lang='lat' dir='ltr'>purgatorii</span> <span class='ocrx_word' id='word_1_98' title='bbox 897 1020 955 1054; x_wconf 85' lang='lat' dir='ltr'>per</span> <span class='ocrx_word' id='word_1_99' title='bbox 970 1020 1036 1041; x_wconf 88' lang='lat' dir='ltr'>mo-</span> 
     </span>
     <span class='ocr_line' id='line_1_25' title="bbox 297 1063 1037 1108; baseline -0.005 -10"><span class='ocrx_word' id='word_1_100' title='bbox 297 1065 372 1098; x_wconf 90' lang='lat' dir='ltr'>dum</span> <span class='ocrx_word' id='word_1_101' title='bbox 398 1063 541 1108; x_wconf 75' lang='lat' dir='ltr'>suffragii</span> <span class='ocrx_word' id='word_1_102' title='bbox 567 1064 723 1108; x_wconf 82' lang='lat' dir='ltr'>applicari</span> <span class='ocrx_word' id='word_1_103' title='bbox 748 1064 864 1107; x_wconf 78' lang='lat' dir='ltr'>possit,</span> <span class='ocrx_word' id='word_1_104' title='bbox 886 1073 1037 1106; x_wconf 85' lang='lat' dir='ltr'>praesen-</span> 
     </span>
     <span class='ocr_line' id='line_1_26' title="bbox 298 1116 1037 1161; baseline -0.003 -11"><span class='ocrx_word' id='word_1_105' title='bbox 298 1118 381 1151; x_wconf 88' lang='lat' dir='ltr'>tibus</span> <span class='ocrx_word' id='word_1_106' title='bbox 406 1118 439 1150; x_wconf 89' lang='lat' dir='ltr'>in</span> <span class='ocrx_word' id='word_1_107' title='bbox 464 1123 658 1161; x_wconf 85' lang='lat' dir='ltr'>perpetuum</span> <span class='ocrx_word' id='word_1_108' title='bbox 682 1117 838 1156; x_wconf 77' lang='lat' dir='ltr'>valituris,</span> <span class='ocrx_word' id='word_1_109' title='bbox 857 1116 1037 1149; x_wconf 83' lang='lat' dir='ltr'>misericor-</span> 
     </span>
     <span class='ocr_line' id='line_1_27' title="bbox 298 1169 1037 1209; baseline -0.001 -7"><span class='ocrx_word' id='word_1_110' title='bbox 298 1171 383 1203; x_wconf 86' lang='lat' dir='ltr'>diter</span> <span class='ocrx_word' id='word_1_111' title='bbox 407 1171 440 1203; x_wconf 88' lang='lat' dir='ltr'>in</span> <span class='ocrx_word' id='word_1_112' title='bbox 466 1170 601 1203; x_wconf 88' lang='lat' dir='ltr'>Domino</span> <span class='ocrx_word' id='word_1_113' title='bbox 625 1170 853 1209; x_wconf 82' lang='lat' dir='ltr'>concedimus,</span> <span class='ocrx_word' id='word_1_114' title='bbox 879 1180 914 1202; x_wconf 86' lang='lat' dir='ltr'>ac</span> <span class='ocrx_word' id='word_1_115' title='bbox 940 1169 1037 1202; x_wconf 82' lang='lat' dir='ltr'>etiam</span> 
     </span>
     <span class='ocr_line' id='line_1_28' title="bbox 298 1222 1037 1266; baseline -0.003 -10"><span class='ocrx_word' id='word_1_116' title='bbox 298 1223 450 1256; x_wconf 86' lang='lat' dir='ltr'>omnibus</span> <span class='ocrx_word' id='word_1_117' title='bbox 464 1228 495 1256; x_wconf 87' lang='lat' dir='ltr'>et</span> <span class='ocrx_word' id='word_1_118' title='bbox 510 1223 646 1266; x_wconf 77' lang='lat' dir='ltr'>singulis</span> <span class='ocrx_word' id='word_1_119' title='bbox 671 1223 836 1266; x_wconf 79' lang='lat' dir='ltr'>praefatae</span> <span class='ocrx_word' id='word_1_120' title='bbox 855 1222 1037 1264; x_wconf 75' lang='lat' dir='ltr'>Congrega-</span> 
     </span>
     <span class='ocr_line' id='line_1_29' title="bbox 299 1276 1035 1319; baseline -0.004 -10"><span class='ocrx_word' id='word_1_121' title='bbox 299 1277 396 1309; x_wconf 90' lang='lat' dir='ltr'>tionis</span> <span class='ocrx_word' id='word_1_122' title='bbox 420 1276 617 1319; x_wconf 87' lang='lat' dir='ltr'>ubicumque</span> <span class='ocrx_word' id='word_1_123' title='bbox 643 1276 888 1314; x_wconf 74' lang='lat' dir='ltr'>decedentibus,</span> <span class='ocrx_word' id='word_1_124' title='bbox 908 1285 1035 1308; x_wconf 86' lang='lat' dir='ltr'>necnon</span> 
     </span>
     <span class='ocr_line' id='line_1_30' title="bbox 298 1327 1037 1372; baseline -0.001 -11"><span class='ocrx_word' id='word_1_125' title='bbox 298 1329 355 1369; x_wconf 79' lang='lat' dir='ltr'>eis,</span> <span class='ocrx_word' id='word_1_126' title='bbox 379 1339 461 1372; x_wconf 89' lang='lat' dir='ltr'>quos</span> <span class='ocrx_word' id='word_1_127' title='bbox 486 1329 518 1361; x_wconf 93' lang='lat' dir='ltr'>in</span> <span class='ocrx_word' id='word_1_128' title='bbox 544 1329 690 1371; x_wconf 77' lang='lat' dir='ltr'>praefato</span> <span class='ocrx_word' id='word_1_129' title='bbox 717 1329 871 1371; x_wconf 84' lang='lat' dir='ltr'>hospitio,</span> <span class='ocrx_word' id='word_1_130' title='bbox 900 1327 1037 1370; x_wconf 85' lang='lat' dir='ltr'>eiusque</span> 
     </span>
     <span class='ocr_line' id='line_1_31' title="bbox 297 1380 1038 1423; baseline -0.003 -9"><span class='ocrx_word' id='word_1_131' title='bbox 297 1381 387 1421; x_wconf 78' lang='lat' dir='ltr'>locis,</span> <span class='ocrx_word' id='word_1_132' title='bbox 412 1392 469 1414; x_wconf 88' lang='lat' dir='ltr'>seu</span> <span class='ocrx_word' id='word_1_133' title='bbox 495 1381 760 1419; x_wconf 69' lang='lat' dir='ltr'>habitationibus,</span> <span class='ocrx_word' id='word_1_134' title='bbox 780 1382 828 1413; x_wconf 81' lang='lat' dir='ltr'>vel</span> <span class='ocrx_word' id='word_1_135' title='bbox 848 1381 879 1413; x_wconf 88' lang='lat' dir='ltr'>in</span> <span class='ocrx_word' id='word_1_136' title='bbox 897 1380 1038 1423; x_wconf 86' lang='lat' dir='ltr'>hospita-</span> 
     </span>
     <span class='ocr_line' id='line_1_32' title="bbox 297 1433 1037 1477; baseline 0 -11"><span class='ocrx_word' id='word_1_137' title='bbox 297 1435 381 1466; x_wconf 88' lang='lat' dir='ltr'>libus</span> <span class='ocrx_word' id='word_1_138' title='bbox 407 1434 621 1473; x_wconf 81' lang='lat' dir='ltr'>inlirmorum,</span> <span class='ocrx_word' id='word_1_139' title='bbox 647 1435 686 1466; x_wconf 85' lang='lat' dir='ltr'>ad</span> <span class='ocrx_word' id='word_1_140' title='bbox 712 1445 793 1477; x_wconf 86' lang='lat' dir='ltr'>qnae</span> <span class='ocrx_word' id='word_1_141' title='bbox 819 1433 858 1466; x_wconf 91' lang='lat' dir='ltr'>ab</span> <span class='ocrx_word' id='word_1_142' title='bbox 880 1433 1037 1476; x_wconf 88' lang='lat' dir='ltr'>hospitio,</span> 
     </span>
     <span class='ocr_line' id='line_1_33' title="bbox 298 1486 1036 1530; baseline -0.001 -11"><span class='ocrx_word' id='word_1_143' title='bbox 298 1497 354 1519; x_wconf 73' lang='lat' dir='ltr'>seu</span> <span class='ocrx_word' id='word_1_144' title='bbox 392 1486 472 1519; x_wconf 87' lang='lat' dir='ltr'>locis</span> <span class='ocrx_word' id='word_1_145' title='bbox 511 1491 544 1519; x_wconf 85' lang='lat' dir='ltr'>et</span> <span class='ocrx_word' id='word_1_146' title='bbox 581 1486 840 1519; x_wconf 73' lang='lat' dir='ltr'>habitationibus</span> <span class='ocrx_word' id='word_1_147' title='bbox 881 1486 1036 1530; x_wconf 83' lang='lat' dir='ltr'>praefatis</span> 
     </span>
     <span class='ocr_line' id='line_1_34' title="bbox 299 1538 1039 1579; baseline 0.001 -9"><span class='ocrx_word' id='word_1_148' title='bbox 299 1539 386 1572; x_wconf 86' lang='lat' dir='ltr'>ducti</span> <span class='ocrx_word' id='word_1_149' title='bbox 407 1538 538 1579; x_wconf 83' lang='lat' dir='ltr'>suerint,</span> <span class='ocrx_word' id='word_1_150' title='bbox 559 1539 718 1572; x_wconf 83' lang='lat' dir='ltr'>decedere</span> <span class='ocrx_word' id='word_1_151' title='bbox 737 1540 775 1571; x_wconf 87' lang='lat' dir='ltr'>ab</span> <span class='ocrx_word' id='word_1_152' title='bbox 795 1539 944 1572; x_wconf 84' lang='lat' dir='ltr'>humanis</span> <span class='ocrx_word' id='word_1_153' title='bbox 963 1549 1039 1571; x_wconf 87' lang='lat' dir='ltr'>con-</span> 
     </span>
     <span class='ocr_line' id='line_1_35' title="bbox 299 1591 1038 1634; baseline 0 -10"><span class='ocrx_word' id='word_1_154' title='bbox 299 1592 420 1634; x_wconf 76' lang='lat' dir='ltr'>tigerit,</span> <span class='ocrx_word' id='word_1_155' title='bbox 446 1591 472 1624; x_wconf 85' lang='lat' dir='ltr'>si</span> <span class='ocrx_word' id='word_1_156' title='bbox 499 1601 572 1624; x_wconf 88' lang='lat' dir='ltr'>vere</span> <span class='ocrx_word' id='word_1_157' title='bbox 604 1591 811 1634; x_wconf 87' lang='lat' dir='ltr'>poenitentes</span> <span class='ocrx_word' id='word_1_158' title='bbox 836 1597 868 1625; x_wconf 81' lang='lat' dir='ltr'>et</span> <span class='ocrx_word' id='word_1_159' title='bbox 899 1591 1038 1625; x_wconf 76' lang='lat' dir='ltr'>confessi</span> 
     </span>
     <span class='ocr_line' id='line_1_36' title="bbox 299 1645 1037 1688; baseline 0.001 -11"><span class='ocrx_word' id='word_1_160' title='bbox 299 1651 331 1677; x_wconf 87' lang='lat' dir='ltr'>ct</span> <span class='ocrx_word' id='word_1_161' title='bbox 354 1646 446 1677; x_wconf 74' lang='lat' dir='ltr'>sacra</span> <span class='ocrx_word' id='word_1_162' title='bbox 471 1645 700 1678; x_wconf 86' lang='lat' dir='ltr'>communione</span> <span class='ocrx_word' id='word_1_163' title='bbox 726 1645 852 1685; x_wconf 84' lang='lat' dir='ltr'>resecti,</span> <span class='ocrx_word' id='word_1_164' title='bbox 871 1646 931 1684; x_wconf 78' lang='lat' dir='ltr'>vel,</span> <span class='ocrx_word' id='word_1_165' title='bbox 958 1656 1037 1688; x_wconf 82' lang='lat' dir='ltr'>qua-</span> 
     </span>
     <span class='ocr_line' id='line_1_37' title="bbox 300 1697 1040 1740; baseline 0.001 -11"><span class='ocrx_word' id='word_1_166' title='bbox 300 1704 391 1731; x_wconf 86' lang='lat' dir='ltr'>tenus</span> <span class='ocrx_word' id='word_1_167' title='bbox 416 1697 447 1730; x_wconf 92' lang='lat' dir='ltr'>id</span> <span class='ocrx_word' id='word_1_168' title='bbox 468 1698 573 1730; x_wconf 80' lang='lat' dir='ltr'>faeere</span> <span class='ocrx_word' id='word_1_169' title='bbox 591 1697 807 1740; x_wconf 78' lang='lat' dir='ltr'>nequiverint,</span> <span class='ocrx_word' id='word_1_170' title='bbox 828 1699 942 1731; x_wconf 77' lang='lat' dir='ltr'>saltem</span> <span class='ocrx_word' id='word_1_171' title='bbox 965 1709 1040 1732; x_wconf 91' lang='lat' dir='ltr'>eon-</span> 
     </span>
     <span class='ocr_line' id='line_1_38' title="bbox 300 1750 1038 1793; baseline 0.001 -10"><span class='ocrx_word' id='word_1_172' title='bbox 300 1751 383 1791; x_wconf 77' lang='lat' dir='ltr'>triti,</span> <span class='ocrx_word' id='word_1_173' title='bbox 412 1760 529 1783; x_wconf 88' lang='lat' dir='ltr'>nomen</span> <span class='ocrx_word' id='word_1_174' title='bbox 553 1750 623 1782; x_wconf 90' lang='lat' dir='ltr'>Iesu</span> <span class='ocrx_word' id='word_1_175' title='bbox 644 1761 700 1783; x_wconf 86' lang='lat' dir='ltr'>ore</span> <span class='ocrx_word' id='word_1_176' title='bbox 726 1750 751 1783; x_wconf 85' lang='lat' dir='ltr'>si</span> <span class='ocrx_word' id='word_1_177' title='bbox 781 1751 961 1793; x_wconf 86' lang='lat' dir='ltr'>potuerint,</span> <span class='ocrx_word' id='word_1_178' title='bbox 989 1751 1038 1784; x_wconf 88' lang='lat' dir='ltr'>sin</span> 
     </span>
     <span class='ocr_line' id='line_1_39' title="bbox 300 1803 1040 1837; baseline 0.001 -1"><span class='ocrx_word' id='word_1_179' title='bbox 300 1804 402 1836; x_wconf 86' lang='lat' dir='ltr'>minus</span> <span class='ocrx_word' id='word_1_180' title='bbox 427 1803 524 1836; x_wconf 84' lang='lat' dir='ltr'>corde</span> <span class='ocrx_word' id='word_1_181' title='bbox 549 1803 661 1836; x_wconf 80' lang='lat' dir='ltr'>devote</span> <span class='ocrx_word' id='word_1_182' title='bbox 690 1803 910 1836; x_wconf 78' lang='lat' dir='ltr'>invocaverint</span> <span class='ocrx_word' id='word_1_183' title='bbox 935 1804 965 1836; x_wconf 89' lang='lat' dir='ltr'>in</span> <span class='ocrx_word' id='word_1_184' title='bbox 988 1815 1040 1837; x_wconf 89' lang='lat' dir='ltr'>eo-</span> 
     </span>
     <span class='ocr_line' id='line_1_40' title="bbox 301 1854 1038 1900; baseline 0.001 -12"><span class='ocrx_word' id='word_1_185' title='bbox 301 1866 370 1888; x_wconf 84' lang='lat' dir='ltr'>rum</span> <span class='ocrx_word' id='word_1_186' title='bbox 392 1854 502 1888; x_wconf 86' lang='lat' dir='ltr'>mortis</span> <span class='ocrx_word' id='word_1_187' title='bbox 526 1855 672 1896; x_wconf 80' lang='lat' dir='ltr'>articulo,</span> <span class='ocrx_word' id='word_1_188' title='bbox 691 1856 841 1889; x_wconf 84' lang='lat' dir='ltr'>similiter</span> <span class='ocrx_word' id='word_1_189' title='bbox 857 1857 1038 1900; x_wconf 74' lang='lat' dir='ltr'>plenariam</span> 
     </span>
     <span class='ocr_line' id='line_1_41' title="bbox 300 1908 1039 1953; baseline 0.001 -12"><span class='ocrx_word' id='word_1_190' title='bbox 300 1908 444 1941; x_wconf 86' lang='lat' dir='ltr'>omnium</span> <span class='ocrx_word' id='word_1_191' title='bbox 470 1913 679 1951; x_wconf 85' lang='lat' dir='ltr'>peecatorum</span> <span class='ocrx_word' id='word_1_192' title='bbox 705 1919 840 1942; x_wconf 88' lang='lat' dir='ltr'>suorum</span> <span class='ocrx_word' id='word_1_193' title='bbox 866 1910 1039 1953; x_wconf 80' lang='lat' dir='ltr'>indulgen-</span> 
     </span>
     <span class='ocr_line' id='line_1_42' title="bbox 301 1961 1039 2006; baseline 0.001 -12"><span class='ocrx_word' id='word_1_194' title='bbox 301 1962 378 1994; x_wconf 86' lang='lat' dir='ltr'>tiam</span> <span class='ocrx_word' id='word_1_195' title='bbox 403 1966 435 1994; x_wconf 85' lang='lat' dir='ltr'>et</span> <span class='ocrx_word' id='word_1_196' title='bbox 451 1961 680 1994; x_wconf 84' lang='lat' dir='ltr'>remissionem</span> <span class='ocrx_word' id='word_1_197' title='bbox 701 1961 731 1994; x_wconf 91' lang='lat' dir='ltr'>in</span> <span class='ocrx_word' id='word_1_198' title='bbox 749 1968 943 2006; x_wconf 86' lang='lat' dir='ltr'>perpetuum</span> <span class='ocrx_word' id='word_1_199' title='bbox 963 1973 1039 1996; x_wconf 93' lang='lat' dir='ltr'>con-</span> 
     </span>
     <span class='ocr_line' id='line_1_43' title="bbox 300 2014 458 2047; baseline 0.006 -1"><span class='ocrx_word' id='word_1_200' title='bbox 300 2014 458 2047; x_wconf 84' lang='lat' dir='ltr'>cedimus.</span> 
     </span>
    </p>

    <p class='ocr_par' dir='ltr' id='par_1_9' title="bbox 299 2067 1037 2166">
     <span class='ocr_line' id='line_1_44' title="bbox 342 2067 1037 2113; baseline 0.004 -14"><span class='ocrx_word' id='word_1_201' title='bbox 342 2069 357 2112; x_wconf 70' lang='lat'>§3</span> <span class='ocrx_word' id='word_1_202' title='bbox 382 2067 435 2100; x_wconf 70' lang='lat'>21.</span> <span class='ocrx_word' id='word_1_203' title='bbox 462 2067 633 2101; x_wconf 78' lang='lat' dir='ltr'>Praeterea</span> <span class='ocrx_word' id='word_1_204' title='bbox 651 2069 849 2112; x_wconf 76' lang='lat' dir='ltr'>pauperibus</span> <span class='ocrx_word' id='word_1_205' title='bbox 865 2069 1037 2113; x_wconf 87' lang='lat' dir='ltr'>utriusque</span> 
     </span>
     <span class='ocr_line' id='line_1_45' title="bbox 299 2120 1034 2166; baseline 0.004 -13"><span class='ocrx_word' id='word_1_206' title='bbox 299 2131 394 2154; x_wconf 79' lang='lat' dir='ltr'>sexus</span> <span class='ocrx_word' id='word_1_207' title='bbox 419 2120 606 2154; x_wconf 88' lang='lat' dir='ltr'>huiusmodi</span> <span class='ocrx_word' id='word_1_208' title='bbox 632 2122 665 2154; x_wconf 94' lang='lat' dir='ltr'>in</span> <span class='ocrx_word' id='word_1_209' title='bbox 698 2122 844 2165; x_wconf 85' lang='lat' dir='ltr'>hospitio</span> <span class='ocrx_word' id='word_1_210' title='bbox 876 2123 1034 2166; x_wconf 79' lang='lat' dir='ltr'>praefato,</span> 
     </span>
    </p>
   </div>
   <div class='ocr_carea' id='block_1_9' title="bbox 299 2279 1035 2315">
    <p class='ocr_par' dir='ltr' id='par_1_10' title="bbox 299 2279 1035 2315">
     <span class='ocr_line' id='line_1_46' title="bbox 299 2279 1035 2315; baseline 0.004 -4"><span class='ocrx_word' id='word_1_211' title='bbox 299 2290 371 2311; x_wconf 75' lang='lat' dir='ltr'>rttm</span> <span class='ocrx_word' id='word_1_212' title='bbox 407 2279 578 2312; x_wconf 81' lang='lat' dir='ltr'>infirmitas</span> <span class='ocrx_word' id='word_1_213' title='bbox 615 2281 661 2312; x_wconf 75' lang='lat' dir='ltr'>vel</span> <span class='ocrx_word' id='word_1_214' title='bbox 697 2279 832 2313; x_wconf 88' lang='lat' dir='ltr'>nimium</span> <span class='ocrx_word' id='word_1_215' title='bbox 864 2280 1035 2315; x_wconf 87' lang='lat' dir='ltr'>imbecillis</span> 
     </span>
    </p>
   </div>
   <div class='ocr_carea' id='block_1_10' title="bbox 1118 207 1765 240">
    <p class='ocr_par' dir='ltr' id='par_1_11' title="bbox 1118 207 1765 240">
     <span class='ocr_line' id='line_1_47' title="bbox 1118 207 1765 240; baseline 0.002 0"><span class='ocrx_word' id='word_1_216' title='bbox 1118 219 1158 240; x_wconf 58' lang='grc' dir='ltr'>κη</span> <span class='ocrx_word' id='word_1_217' title='bbox 1186 220 1231 240; x_wconf 84' lang='lat' dir='ltr'>rr.</span> <span class='ocrx_word' id='word_1_218' title='bbox 1706 207 1765 236; x_wconf 60' lang='lat'>5³⁷</span> 
     </span>
    </p>
   </div>
   <div class='ocr_carea' id='block_1_11' title="bbox 1070 265 1941 2164">
    <p class='ocr_par' dir='ltr' id='par_1_12' title="bbox 1070 265 1941 2164">
     <span class='ocr_line' id='line_1_48' title="bbox 1070 265 1806 303; baseline -0.003 -7"><span class='ocrx_word' id='word_1_219' title='bbox 1070 265 1192 297; x_wconf 90' lang='lat' dir='ltr'>iunium</span> <span class='ocrx_word' id='word_1_220' title='bbox 1217 265 1256 297; x_wconf 75' lang='lat' dir='ltr'>ab</span> <span class='ocrx_word' id='word_1_221' title='bbox 1288 265 1428 297; x_wconf 72' lang='lat' dir='ltr'>Ecclesia</span> <span class='ocrx_word' id='word_1_222' title='bbox 1459 265 1624 303; x_wconf 84' lang='lat' dir='ltr'>indictum,</span> <span class='ocrx_word' id='word_1_223' title='bbox 1657 269 1709 295; x_wconf 87' lang='lat' dir='ltr'>aut</span> <span class='ocrx_word' id='word_1_224' title='bbox 1738 273 1806 295; x_wconf 84' lang='lat' dir='ltr'>car-</span> 
     </span>
     <span class='ocr_line' id='line_1_49' title="bbox 1071 317 1805 357; baseline 0 -8"><span class='ocrx_word' id='word_1_225' title='bbox 1071 317 1172 357; x_wconf 87' lang='lat' dir='ltr'>nium,</span> <span class='ocrx_word' id='word_1_226' title='bbox 1199 328 1334 350; x_wconf 74' lang='lat' dir='ltr'>ovorum</span> <span class='ocrx_word' id='word_1_227' title='bbox 1361 324 1391 350; x_wconf 81' lang='lat' dir='ltr'>et</span> <span class='ocrx_word' id='word_1_228' title='bbox 1417 317 1652 350; x_wconf 80' lang='lat' dir='ltr'>lacticiniorum</span> <span class='ocrx_word' id='word_1_229' title='bbox 1671 327 1747 348; x_wconf 86' lang='lat' dir='ltr'>usus</span> <span class='ocrx_word' id='word_1_230' title='bbox 1767 317 1805 349; x_wconf 87' lang='lat' dir='ltr'>de</span> 
     </span>
     <span class='ocr_line' id='line_1_50' title="bbox 1072 368 1808 412; baseline 0 -12"><span class='ocrx_word' id='word_1_231' title='bbox 1072 370 1151 409; x_wconf 92' lang='lat' dir='ltr'>iure,</span> <span class='ocrx_word' id='word_1_232' title='bbox 1176 371 1225 402; x_wconf 76' lang='lat' dir='ltr'>vel</span> <span class='ocrx_word' id='word_1_233' title='bbox 1251 370 1497 409; x_wconf 86' lang='lat' dir='ltr'>consuetudine,</span> <span class='ocrx_word' id='word_1_234' title='bbox 1524 380 1578 402; x_wconf 83' lang='lat' dir='ltr'>seu</span> <span class='ocrx_word' id='word_1_235' title='bbox 1604 370 1682 401; x_wconf 70' lang='lat' dir='ltr'>alias</span> <span class='ocrx_word' id='word_1_236' title='bbox 1700 368 1808 412; x_wconf 87' lang='lat' dir='ltr'>prohi-</span> 
     </span>
     <span class='ocr_line' id='line_1_51' title="bbox 1072 422 1808 463; baseline -0.001 -9"><span class='ocrx_word' id='word_1_237' title='bbox 1072 422 1157 455; x_wconf 86' lang='lat' dir='ltr'>bitus</span> <span class='ocrx_word' id='word_1_238' title='bbox 1181 423 1286 456; x_wconf 79' lang='lat' dir='ltr'>existit</span> <span class='ocrx_word' id='word_1_239' title='bbox 1311 424 1359 456; x_wconf 76' lang='lat' dir='ltr'>rel</span> <span class='ocrx_word' id='word_1_240' title='bbox 1395 423 1504 463; x_wconf 83' lang='lat' dir='ltr'>suerit,</span> <span class='ocrx_word' id='word_1_241' title='bbox 1538 422 1700 461; x_wconf 86' lang='lat' dir='ltr'>carnibus,</span> <span class='ocrx_word' id='word_1_242' title='bbox 1728 422 1808 462; x_wconf 88' lang='lat' dir='ltr'>ovis,</span> 
     </span>
     <span class='ocr_line' id='line_1_52' title="bbox 1072 473 1808 519; baseline -0.003 -12"><span class='ocrx_word' id='word_1_243' title='bbox 1072 475 1200 519; x_wconf 76' lang='lat' dir='ltr'>butyro,</span> <span class='ocrx_word' id='word_1_244' title='bbox 1216 475 1386 508; x_wconf 79' lang='lat' dir='ltr'>lacticiniis</span> <span class='ocrx_word' id='word_1_245' title='bbox 1404 481 1435 509; x_wconf 90' lang='lat' dir='ltr'>et</span> <span class='ocrx_word' id='word_1_246' title='bbox 1452 475 1522 508; x_wconf 85' lang='lat' dir='ltr'>aliis</span> <span class='ocrx_word' id='word_1_247' title='bbox 1541 475 1622 508; x_wconf 82' lang='lat' dir='ltr'>cibis</span> <span class='ocrx_word' id='word_1_248' title='bbox 1636 473 1808 518; x_wconf 85' lang='lat' dir='ltr'>prohibitis</span> 
     </span>
     <span class='ocr_line' id='line_1_53' title="bbox 1074 528 1809 571; baseline 0 -12"><span class='ocrx_word' id='word_1_249' title='bbox 1074 528 1261 561; x_wconf 88' lang='lat' dir='ltr'>huiusmodi</span> <span class='ocrx_word' id='word_1_250' title='bbox 1281 529 1325 560; x_wconf 90' lang='lat' dir='ltr'>uti</span> <span class='ocrx_word' id='word_1_251' title='bbox 1344 534 1375 561; x_wconf 90' lang='lat' dir='ltr'>et</span> <span class='ocrx_word' id='word_1_252' title='bbox 1391 528 1494 568; x_wconf 66' lang='lat' dir='ltr'>vesci,</span> <span class='ocrx_word' id='word_1_253' title='bbox 1521 528 1657 570; x_wconf 73' lang='lat' dir='ltr'>singulis</span> <span class='ocrx_word' id='word_1_254' title='bbox 1679 537 1809 571; x_wconf 85' lang='lat' dir='ltr'>quoque</span> 
     </span>
     <span class='ocr_line' id='line_1_54' title="bbox 1075 579 1810 624; baseline -0.001 -12"><span class='ocrx_word' id='word_1_255' title='bbox 1075 581 1274 624; x_wconf 64' lang='lat' dir='ltr'>preshyteris</span> <span class='ocrx_word' id='word_1_256' title='bbox 1298 581 1521 614; x_wconf 87' lang='lat' dir='ltr'>saecularibus</span> <span class='ocrx_word' id='word_1_257' title='bbox 1548 587 1579 614; x_wconf 88' lang='lat' dir='ltr'>et</span> <span class='ocrx_word' id='word_1_258' title='bbox 1596 580 1734 614; x_wconf 88' lang='lat' dir='ltr'>cuiusvis</span> <span class='ocrx_word' id='word_1_259' title='bbox 1754 579 1810 612; x_wconf 88' lang='lat' dir='ltr'>Or-</span> 
     </span>
     <span class='ocr_line' id='line_1_55' title="bbox 1075 633 1811 678; baseline -0.001 -13"><span class='ocrx_word' id='word_1_260' title='bbox 1075 634 1159 666; x_wconf 87' lang='lat' dir='ltr'>dinis</span> <span class='ocrx_word' id='word_1_261' title='bbox 1186 635 1401 676; x_wconf 79' lang='lat' dir='ltr'>regularibus,</span> <span class='ocrx_word' id='word_1_262' title='bbox 1427 635 1480 678; x_wconf 88' lang='lat' dir='ltr'>qui</span> <span class='ocrx_word' id='word_1_263' title='bbox 1505 634 1544 667; x_wconf 78' lang='lat' dir='ltr'>ad</span> <span class='ocrx_word' id='word_1_264' title='bbox 1571 635 1633 667; x_wconf 89' lang='lat' dir='ltr'>hoc</span> <span class='ocrx_word' id='word_1_265' title='bbox 1657 633 1696 666; x_wconf 81' lang='lat' dir='ltr'>ab</span> <span class='ocrx_word' id='word_1_266' title='bbox 1714 633 1811 665; x_wconf 73' lang='lat' dir='ltr'>infra-</span> 
     </span>
     <span class='ocr_line' id='line_1_56' title="bbox 1075 687 1812 730; baseline -0.001 -11"><span class='ocrx_word' id='word_1_267' title='bbox 1075 687 1196 730; x_wconf 61' lang='lat' dir='ltr'>scripto</span> <span class='ocrx_word' id='word_1_268' title='bbox 1221 687 1481 730; x_wconf 79' lang='lat' dir='ltr'>Congrcgatione</span> <span class='ocrx_word' id='word_1_269' title='bbox 1507 687 1601 720; x_wconf 87' lang='lat' dir='ltr'>electi</span> <span class='ocrx_word' id='word_1_270' title='bbox 1628 692 1659 719; x_wconf 88' lang='lat' dir='ltr'>et</span> <span class='ocrx_word' id='word_1_271' title='bbox 1684 697 1700 718; x_wconf 82' lang='lat' dir='ltr'>a</span> <span class='ocrx_word' id='word_1_272' title='bbox 1718 697 1812 729; x_wconf 83' lang='lat' dir='ltr'>prae-</span> 
     </span>
     <span class='ocr_line' id='line_1_57' title="bbox 1076 738 1811 783; baseline -0.001 -12"><span class='ocrx_word' id='word_1_273' title='bbox 1076 739 1161 773; x_wconf 83' lang='lat' dir='ltr'>dicto</span> <span class='ocrx_word' id='word_1_274' title='bbox 1186 739 1218 771; x_wconf 91' lang='lat' dir='ltr'>in</span> <span class='ocrx_word' id='word_1_275' title='bbox 1244 739 1327 772; x_wconf 85' lang='lat' dir='ltr'>Urbe</span> <span class='ocrx_word' id='word_1_276' title='bbox 1354 740 1472 773; x_wconf 77' lang='lat' dir='ltr'>vicario</span> <span class='ocrx_word' id='word_1_277' title='bbox 1491 739 1661 783; x_wconf 84' lang='lat' dir='ltr'>approbati</span> <span class='ocrx_word' id='word_1_278' title='bbox 1680 738 1811 778; x_wconf 85' lang='lat' dir='ltr'>suerint,</span> 
     </span>
     <span class='ocr_line' id='line_1_58' title="bbox 1076 793 1809 836; baseline 0 -12"><span class='ocrx_word' id='word_1_279' title='bbox 1076 798 1111 825; x_wconf 89' lang='lat' dir='ltr'>ut</span> <span class='ocrx_word' id='word_1_280' title='bbox 1135 793 1281 835; x_wconf 79' lang='lat' dir='ltr'>singulos</span> <span class='ocrx_word' id='word_1_281' title='bbox 1300 804 1474 836; x_wconf 85' lang='lat' dir='ltr'>pauperes,</span> <span class='ocrx_word' id='word_1_282' title='bbox 1499 793 1665 826; x_wconf 79' lang='lat' dir='ltr'>ministros</span> <span class='ocrx_word' id='word_1_283' title='bbox 1691 798 1723 825; x_wconf 91' lang='lat' dir='ltr'>et</span> <span class='ocrx_word' id='word_1_284' title='bbox 1739 802 1809 825; x_wconf 86' lang='lat' dir='ltr'>ser-</span> 
     </span>
     <span class='ocr_line' id='line_1_59' title="bbox 1076 846 1812 891; baseline 0 -13"><span class='ocrx_word' id='word_1_285' title='bbox 1076 846 1198 879; x_wconf 75' lang='lat' dir='ltr'>vientes</span> <span class='ocrx_word' id='word_1_286' title='bbox 1224 847 1408 880; x_wconf 79' lang='lat' dir='ltr'>huiusrnodi</span> <span class='ocrx_word' id='word_1_287' title='bbox 1435 848 1567 891; x_wconf 81' lang='lat' dir='ltr'>hospitii</span> <span class='ocrx_word' id='word_1_288' title='bbox 1600 846 1769 891; x_wconf 82' lang='lat' dir='ltr'>apostolici</span> <span class='ocrx_word' id='word_1_289' title='bbox 1797 858 1812 878; x_wconf 88' lang='lat' dir='ltr'>a</span> 
     </span>
     <span class='ocr_line' id='line_1_60' title="bbox 1077 897 1814 940; baseline 0.001 -11"><span class='ocrx_word' id='word_1_290' title='bbox 1077 897 1242 940; x_wconf 78' lang='lat' dir='ltr'>quibusvis</span> <span class='ocrx_word' id='word_1_291' title='bbox 1265 898 1619 939; x_wconf 75' lang='lat' dir='ltr'>excomnmnicaiionis,</span> <span class='ocrx_word' id='word_1_292' title='bbox 1640 899 1734 931; x_wconf 81' lang='lat' dir='ltr'>etiam</span> <span class='ocrx_word' id='word_1_293' title='bbox 1749 908 1814 930; x_wconf 81' lang='lat' dir='ltr'>ma-</span> 
     </span>
     <span class='ocr_line' id='line_1_61' title="bbox 1077 950 1813 994; baseline 0.003 -12"><span class='ocrx_word' id='word_1_294' title='bbox 1077 950 1163 991; x_wconf 77' lang='lat' dir='ltr'>ioris,</span> <span class='ocrx_word' id='word_1_295' title='bbox 1190 952 1411 994; x_wconf 77' lang='lat' dir='ltr'>suspensionis</span> <span class='ocrx_word' id='word_1_296' title='bbox 1434 958 1460 984; x_wconf 91' lang='lat' dir='ltr'>et</span> <span class='ocrx_word' id='word_1_297' title='bbox 1482 952 1656 991; x_wconf 86' lang='lat' dir='ltr'>interdicti,</span> <span class='ocrx_word' id='word_1_298' title='bbox 1678 952 1813 994; x_wconf 84' lang='lat' dir='ltr'>aliisque</span> 
     </span>
     <span class='ocr_line' id='line_1_62' title="bbox 1078 1004 1815 1047; baseline 0 -11"><span class='ocrx_word' id='word_1_299' title='bbox 1078 1004 1307 1037; x_wconf 81' lang='lat' dir='ltr'>ecelesiasticis</span> <span class='ocrx_word' id='word_1_300' title='bbox 1326 1005 1509 1045; x_wconf 81' lang='lat' dir='ltr'>sententiis,</span> <span class='ocrx_word' id='word_1_301' title='bbox 1526 1005 1670 1038; x_wconf 77' lang='lat' dir='ltr'>censuris</span> <span class='ocrx_word' id='word_1_302' title='bbox 1693 1009 1723 1037; x_wconf 86' lang='lat' dir='ltr'>et</span> <span class='ocrx_word' id='word_1_303' title='bbox 1743 1014 1815 1047; x_wconf 85' lang='lat' dir='ltr'>poe-</span> 
     </span>
     <span class='ocr_line' id='line_1_63' title="bbox 1078 1055 1816 1100; baseline 0.003 -13"><span class='ocrx_word' id='word_1_304' title='bbox 1078 1055 1136 1094; x_wconf 88' lang='lat' dir='ltr'>nis,</span> <span class='ocrx_word' id='word_1_305' title='bbox 1163 1066 1180 1088; x_wconf 83' lang='lat' dir='ltr'>a</span> <span class='ocrx_word' id='word_1_306' title='bbox 1205 1055 1276 1089; x_wconf 87' lang='lat' dir='ltr'>iure</span> <span class='ocrx_word' id='word_1_307' title='bbox 1302 1057 1351 1090; x_wconf 82' lang='lat' dir='ltr'>vel</span> <span class='ocrx_word' id='word_1_308' title='bbox 1384 1058 1422 1089; x_wconf 77' lang='lat' dir='ltr'>ab</span> <span class='ocrx_word' id='word_1_309' title='bbox 1449 1057 1593 1098; x_wconf 76' lang='lat' dir='ltr'>homine,</span> <span class='ocrx_word' id='word_1_310' title='bbox 1618 1057 1729 1100; x_wconf 66' lang='lat' dir='ltr'>quavis</span> <span class='ocrx_word' id='word_1_311' title='bbox 1764 1068 1816 1089; x_wconf 90' lang='lat' dir='ltr'>oc-</span> 
     </span>
     <span class='ocr_line' id='line_1_64' title="bbox 1078 1109 1816 1154; baseline 0.003 -14"><span class='ocrx_word' id='word_1_312' title='bbox 1078 1109 1209 1142; x_wconf 82' lang='lat' dir='ltr'>casione</span> <span class='ocrx_word' id='word_1_313' title='bbox 1236 1110 1285 1142; x_wconf 77' lang='lat' dir='ltr'>vel</span> <span class='ocrx_word' id='word_1_314' title='bbox 1323 1112 1418 1143; x_wconf 77' lang='lat' dir='ltr'>eausa</span> <span class='ocrx_word' id='word_1_315' title='bbox 1454 1111 1537 1150; x_wconf 75' lang='lat' dir='ltr'>latis,</span> <span class='ocrx_word' id='word_1_316' title='bbox 1574 1111 1689 1154; x_wconf 90' lang='lat' dir='ltr'>quibus</span> <span class='ocrx_word' id='word_1_317' title='bbox 1722 1110 1816 1143; x_wconf 90' lang='lat' dir='ltr'>inno-</span> 
     </span>
     <span class='ocr_line' id='line_1_65' title="bbox 1079 1161 1816 1207; baseline 0.003 -13"><span class='ocrx_word' id='word_1_318' title='bbox 1079 1161 1144 1194; x_wconf 89' lang='lat' dir='ltr'>dati</span> <span class='ocrx_word' id='word_1_319' title='bbox 1170 1162 1296 1202; x_wconf 63' lang='lat' dir='ltr'>suerint,</span> <span class='ocrx_word' id='word_1_320' title='bbox 1324 1173 1448 1196; x_wconf 79' lang='lat' dir='ltr'>necnon</span> <span class='ocrx_word' id='word_1_321' title='bbox 1475 1164 1736 1207; x_wconf 80' lang='lat' dir='ltr'>quibuscumque</span> <span class='ocrx_word' id='word_1_322' title='bbox 1762 1173 1816 1196; x_wconf 91' lang='lat' dir='ltr'>eo-</span> 
     </span>
     <span class='ocr_line' id='line_1_66' title="bbox 1079 1215 1818 1258; baseline 0.004 -12"><span class='ocrx_word' id='word_1_323' title='bbox 1079 1225 1148 1247; x_wconf 84' lang='lat' dir='ltr'>rum</span> <span class='ocrx_word' id='word_1_324' title='bbox 1174 1215 1323 1258; x_wconf 75' lang='lat' dir='ltr'>peccatis,</span> <span class='ocrx_word' id='word_1_325' title='bbox 1349 1216 1548 1257; x_wconf 86' lang='lat' dir='ltr'>criminibus,</span> <span class='ocrx_word' id='word_1_326' title='bbox 1574 1217 1760 1249; x_wconf 82' lang='lat' dir='ltr'>excessibus</span> <span class='ocrx_word' id='word_1_327' title='bbox 1786 1221 1818 1249; x_wconf 88' lang='lat' dir='ltr'>et</span> 
     </span>
     <span class='ocr_line' id='line_1_67' title="bbox 1080 1268 1817 1313; baseline 0.003 -13"><span class='ocrx_word' id='word_1_328' title='bbox 1080 1268 1217 1308; x_wconf 82' lang='lat' dir='ltr'>delictis,</span> <span class='ocrx_word' id='word_1_329' title='bbox 1241 1273 1527 1312; x_wconf 77' lang='lat' dir='ltr'>quantumcunque</span> <span class='ocrx_word' id='word_1_330' title='bbox 1556 1270 1706 1313; x_wconf 77' lang='lat' dir='ltr'>gravibus</span> <span class='ocrx_word' id='word_1_331' title='bbox 1732 1275 1763 1303; x_wconf 90' lang='lat' dir='ltr'>et</span> <span class='ocrx_word' id='word_1_332' title='bbox 1785 1280 1817 1302; x_wconf 85' lang='lat' dir='ltr'>e-</span> 
     </span>
     <span class='ocr_line' id='line_1_68' title="bbox 1080 1321 1818 1366; baseline 0.004 -14"><span class='ocrx_word' id='word_1_333' title='bbox 1080 1321 1258 1361; x_wconf 84' lang='lat' dir='ltr'>normibus,</span> <span class='ocrx_word' id='word_1_334' title='bbox 1277 1321 1372 1354; x_wconf 86' lang='lat' dir='ltr'>etiam</span> <span class='ocrx_word' id='word_1_335' title='bbox 1393 1322 1508 1355; x_wconf 85' lang='lat' dir='ltr'>talibus</span> <span class='ocrx_word' id='word_1_336' title='bbox 1524 1323 1561 1355; x_wconf 87' lang='lat' dir='ltr'>de</span> <span class='ocrx_word' id='word_1_337' title='bbox 1588 1323 1705 1366; x_wconf 89' lang='lat' dir='ltr'>quibus</span> <span class='ocrx_word' id='word_1_338' title='bbox 1731 1323 1818 1355; x_wconf 82' lang='lat' dir='ltr'>dicta</span> 
     </span>
     <span class='ocr_line' id='line_1_69' title="bbox 1079 1372 1818 1415; baseline 0.005 -10"><span class='ocrx_word' id='word_1_339' title='bbox 1079 1372 1178 1406; x_wconf 83' lang='lat' dir='ltr'>Sedes</span> <span class='ocrx_word' id='word_1_340' title='bbox 1205 1374 1320 1406; x_wconf 83' lang='lat' dir='ltr'>merito</span> <span class='ocrx_word' id='word_1_341' title='bbox 1354 1376 1554 1408; x_wconf 84' lang='lat' dir='ltr'>consulenda</span> <span class='ocrx_word' id='word_1_342' title='bbox 1579 1376 1672 1415; x_wconf 81' lang='lat' dir='ltr'>soret,</span> <span class='ocrx_word' id='word_1_343' title='bbox 1705 1376 1818 1409; x_wconf 80' lang='lat' dir='ltr'>videli-</span> 
     </span>
     <span class='ocr_line' id='line_1_70' title="bbox 1080 1425 1816 1466; baseline 0.005 -9"><span class='ocrx_word' id='word_1_344' title='bbox 1080 1430 1130 1458; x_wconf 84' lang='lat' dir='ltr'>cet</span> <span class='ocrx_word' id='word_1_345' title='bbox 1154 1425 1186 1458; x_wconf 91' lang='lat' dir='ltr'>in</span> <span class='ocrx_word' id='word_1_346' title='bbox 1212 1426 1350 1466; x_wconf 82' lang='lat' dir='ltr'>casibus,</span> <span class='ocrx_word' id='word_1_347' title='bbox 1376 1432 1438 1459; x_wconf 83' lang='lat' dir='ltr'>tam</span> <span class='ocrx_word' id='word_1_348' title='bbox 1464 1427 1641 1460; x_wconf 83' lang='lat' dir='ltr'>Ordinariis</span> <span class='ocrx_word' id='word_1_349' title='bbox 1670 1429 1816 1461; x_wconf 86' lang='lat' dir='ltr'>locorum</span> 
     </span>
     <span class='ocr_line' id='line_1_71' title="bbox 1080 1480 1818 1522; baseline 0.005 -12"><span class='ocrx_word' id='word_1_350' title='bbox 1080 1489 1173 1522; x_wconf 83' lang='lat' dir='ltr'>quam</span> <span class='ocrx_word' id='word_1_351' title='bbox 1200 1480 1295 1512; x_wconf 85' lang='lat' dir='ltr'>etiam</span> <span class='ocrx_word' id='word_1_352' title='bbox 1321 1481 1425 1514; x_wconf 89' lang='lat' dir='ltr'>eidem</span> <span class='ocrx_word' id='word_1_353' title='bbox 1451 1481 1523 1514; x_wconf 87' lang='lat' dir='ltr'>Sedi</span> <span class='ocrx_word' id='word_1_354' title='bbox 1546 1482 1728 1522; x_wconf 86' lang='lat' dir='ltr'>reservatis,</span> <span class='ocrx_word' id='word_1_355' title='bbox 1752 1493 1818 1514; x_wconf 89' lang='lat' dir='ltr'>non</span> 
     </span>
     <span class='ocr_line' id='line_1_72' title="bbox 1081 1533 1819 1578; baseline 0.005 -14"><span class='ocrx_word' id='word_1_356' title='bbox 1081 1538 1187 1565; x_wconf 81' lang='lat' dir='ltr'>tamen</span> <span class='ocrx_word' id='word_1_357' title='bbox 1212 1533 1244 1565; x_wconf 91' lang='lat' dir='ltr'>in</span> <span class='ocrx_word' id='word_1_358' title='bbox 1271 1533 1424 1566; x_wconf 86' lang='lat' dir='ltr'>iudicium</span> <span class='ocrx_word' id='word_1_359' title='bbox 1442 1534 1601 1575; x_wconf 85' lang='lat' dir='ltr'>deductis,</span> <span class='ocrx_word' id='word_1_360' title='bbox 1621 1545 1727 1578; x_wconf 87' lang='lat' dir='ltr'>neque</span> <span class='ocrx_word' id='word_1_361' title='bbox 1746 1546 1819 1568; x_wconf 92' lang='lat' dir='ltr'>con-</span> 
     </span>
     <span class='ocr_line' id='line_1_73' title="bbox 1082 1586 1818 1622; baseline 0.004 -4"><span class='ocrx_word' id='word_1_362' title='bbox 1082 1586 1177 1619; x_wconf 86' lang='lat' dir='ltr'>tentis</span> <span class='ocrx_word' id='word_1_363' title='bbox 1203 1586 1235 1618; x_wconf 92' lang='lat' dir='ltr'>in</span> <span class='ocrx_word' id='word_1_364' title='bbox 1260 1586 1375 1620; x_wconf 86' lang='lat' dir='ltr'>litteris</span> <span class='ocrx_word' id='word_1_365' title='bbox 1409 1587 1440 1619; x_wconf 92' lang='lat' dir='ltr'>in</span> <span class='ocrx_word' id='word_1_366' title='bbox 1466 1587 1517 1620; x_wconf 93' lang='lat' dir='ltr'>die</span> <span class='ocrx_word' id='word_1_367' title='bbox 1543 1588 1668 1622; x_wconf 88' lang='lat' dir='ltr'>Coenae</span> <span class='ocrx_word' id='word_1_368' title='bbox 1694 1588 1818 1622; x_wconf 86' lang='lat' dir='ltr'>Domini</span> 
     </span>
     <span class='ocr_line' id='line_1_74' title="bbox 1082 1639 1819 1684; baseline 0.004 -13"><span class='ocrx_word' id='word_1_369' title='bbox 1082 1639 1145 1681; x_wconf 75' lang='lat' dir='ltr'>legi</span> <span class='ocrx_word' id='word_1_370' title='bbox 1171 1639 1283 1680; x_wconf 79' lang='lat' dir='ltr'>solitis,</span> <span class='ocrx_word' id='word_1_371' title='bbox 1309 1641 1411 1673; x_wconf 87' lang='lat' dir='ltr'>semel</span> <span class='ocrx_word' id='word_1_372' title='bbox 1437 1640 1470 1673; x_wconf 91' lang='lat' dir='ltr'>in</span> <span class='ocrx_word' id='word_1_373' title='bbox 1495 1640 1643 1684; x_wconf 79' lang='lat' dir='ltr'>ingressu</span> <span class='ocrx_word' id='word_1_374' title='bbox 1666 1642 1742 1674; x_wconf 87' lang='lat' dir='ltr'>dicti</span> <span class='ocrx_word' id='word_1_375' title='bbox 1761 1642 1819 1675; x_wconf 90' lang='lat' dir='ltr'>ho-</span> 
     </span>
     <span class='ocr_line' id='line_1_75' title="bbox 1080 1692 1817 1735; baseline 0.005 -11"><span class='ocrx_word' id='word_1_376' title='bbox 1080 1692 1166 1735; x_wconf 80' lang='lat' dir='ltr'>spitii</span> <span class='ocrx_word' id='word_1_377' title='bbox 1193 1693 1374 1735; x_wconf 84' lang='lat' dir='ltr'>apostolici,</span> <span class='ocrx_word' id='word_1_378' title='bbox 1402 1698 1433 1726; x_wconf 86' lang='lat' dir='ltr'>et</span> <span class='ocrx_word' id='word_1_379' title='bbox 1456 1694 1575 1728; x_wconf 90' lang='lat' dir='ltr'>iterum</span> <span class='ocrx_word' id='word_1_380' title='bbox 1601 1694 1640 1728; x_wconf 86' lang='lat' dir='ltr'>ab</span> <span class='ocrx_word' id='word_1_381' title='bbox 1666 1695 1817 1728; x_wconf 88' lang='lat' dir='ltr'>omnibus</span> 
     </span>
     <span class='ocr_line' id='line_1_76' title="bbox 1081 1746 1817 1791; baseline 0.005 -14"><span class='ocrx_word' id='word_1_382' title='bbox 1081 1746 1288 1788; x_wconf 80' lang='lat' dir='ltr'>supradietis,</span> <span class='ocrx_word' id='word_1_383' title='bbox 1314 1747 1405 1779; x_wconf 90' lang='lat' dir='ltr'>nullo</span> <span class='ocrx_word' id='word_1_384' title='bbox 1431 1757 1566 1790; x_wconf 85' lang='lat' dir='ltr'>prorsus</span> <span class='ocrx_word' id='word_1_385' title='bbox 1599 1753 1751 1791; x_wconf 81' lang='lat' dir='ltr'>excepto,</span> <span class='ocrx_word' id='word_1_386' title='bbox 1785 1748 1817 1781; x_wconf 91' lang='lat' dir='ltr'>in</span> 
     </span>
     <span class='ocr_line' id='line_1_77' title="bbox 1081 1799 1819 1841; baseline 0.005 -10"><span class='ocrx_word' id='word_1_387' title='bbox 1081 1799 1194 1832; x_wconf 88' lang='lat' dir='ltr'>mortis</span> <span class='ocrx_word' id='word_1_388' title='bbox 1219 1799 1369 1841; x_wconf 82' lang='lat' dir='ltr'>articulo,</span> <span class='ocrx_word' id='word_1_389' title='bbox 1396 1800 1600 1834; x_wconf 75' lang='lat' dir='ltr'>consessione</span> <span class='ocrx_word' id='word_1_390' title='bbox 1634 1807 1740 1834; x_wconf 85' lang='lat' dir='ltr'>tamen</span> <span class='ocrx_word' id='word_1_391' title='bbox 1766 1813 1819 1835; x_wconf 91' lang='lat' dir='ltr'>eo-</span> 
     </span>
     <span class='ocr_line' id='line_1_78' title="bbox 1080 1853 1817 1895; baseline 0.005 -11"><span class='ocrx_word' id='word_1_392' title='bbox 1080 1862 1151 1884; x_wconf 87' lang='lat' dir='ltr'>rum</span> <span class='ocrx_word' id='word_1_393' title='bbox 1177 1853 1352 1895; x_wconf 78' lang='lat' dir='ltr'>diligenter</span> <span class='ocrx_word' id='word_1_394' title='bbox 1376 1853 1492 1894; x_wconf 63' lang='lat' dir='ltr'>auditu,</span> <span class='ocrx_word' id='word_1_395' title='bbox 1531 1854 1563 1886; x_wconf 93' lang='lat' dir='ltr'>in</span> <span class='ocrx_word' id='word_1_396' title='bbox 1589 1853 1658 1887; x_wconf 86' lang='lat' dir='ltr'>soro</span> <span class='ocrx_word' id='word_1_397' title='bbox 1695 1859 1817 1888; x_wconf 81' lang='lat' dir='ltr'>tantum</span> 
     </span>
     <span class='ocr_line' id='line_1_79' title="bbox 1081 1904 1818 1947; baseline 0.005 -10"><span class='ocrx_word' id='word_1_398' title='bbox 1081 1904 1302 1938; x_wconf 81' lang='lat' dir='ltr'>conscientiae</span> <span class='ocrx_word' id='word_1_399' title='bbox 1339 1906 1526 1947; x_wconf 85' lang='lat' dir='ltr'>absolvere,</span> <span class='ocrx_word' id='word_1_400' title='bbox 1561 1906 1703 1940; x_wconf 65' lang='lat' dir='ltr'>iniuncta</span> <span class='ocrx_word' id='word_1_401' title='bbox 1742 1907 1818 1941; x_wconf 84' lang='lat' dir='ltr'>inde</span> 
     </span>
     <span class='ocr_line' id='line_1_80' title="bbox 1081 1958 1818 2004; baseline 0.005 -14"><span class='ocrx_word' id='word_1_402' title='bbox 1081 1958 1127 1990; x_wconf 90' lang='lat' dir='ltr'>eis</span> <span class='ocrx_word' id='word_1_403' title='bbox 1153 1969 1213 2001; x_wconf 92' lang='lat' dir='ltr'>pro</span> <span class='ocrx_word' id='word_1_404' title='bbox 1236 1958 1332 1991; x_wconf 88' lang='lat' dir='ltr'>modo</span> <span class='ocrx_word' id='word_1_405' title='bbox 1357 1959 1471 2002; x_wconf 84' lang='lat' dir='ltr'>culpae</span> <span class='ocrx_word' id='word_1_406' title='bbox 1497 1970 1553 1992; x_wconf 89' lang='lat' dir='ltr'>suo</span> <span class='ocrx_word' id='word_1_407' title='bbox 1578 1960 1715 1993; x_wconf 87' lang='lat' dir='ltr'>arbitrio</span> <span class='ocrx_word' id='word_1_408' title='bbox 1741 1971 1818 2004; x_wconf 82' lang='lat' dir='ltr'>poe-</span> 
     </span>
     <span class='ocr_line' id='line_1_81' title="bbox 1080 2011 1815 2056; baseline 0.005 -13"><span class='ocrx_word' id='word_1_409' title='bbox 1080 2011 1216 2044; x_wconf 70' lang='lat' dir='ltr'>nitentia</span> <span class='ocrx_word' id='word_1_410' title='bbox 1244 2011 1387 2051; x_wconf 84' lang='lat' dir='ltr'>salutari,</span> <span class='ocrx_word' id='word_1_411' title='bbox 1418 2017 1577 2056; x_wconf 84' lang='lat' dir='ltr'>perpetuo</span> <span class='ocrx_word' id='word_1_412' title='bbox 1609 2013 1815 2047; x_wconf 85' lang='lat' dir='ltr'>concedimus</span> 
     </span>
     <span class='ocr_line' id='line_1_82' title="bbox 1081 2064 1354 2106; baseline -0.004 -8"><span class='ocrx_word' id='word_1_413' title='bbox 1081 2070 1112 2098; x_wconf 89' lang='lat' dir='ltr'>et</span> <span class='ocrx_word' id='word_1_414' title='bbox 1135 2064 1354 2106; x_wconf 76' lang='lat' dir='ltr'>indulgemus.</span> 
     </span>
     <span class='ocr_line' id='line_1_83' title="bbox 1123 2117 1941 2164; baseline 0.004 -15"><span class='ocrx_word' id='word_1_415' title='bbox 1123 2117 1203 2161; x_wconf 46' lang='lat'>§⁹222</span> <span class='ocrx_word' id='word_1_416' title='bbox 1223 2117 1497 2161; x_wconf 82' lang='lat' dir='ltr'>Quotiescumque</span> <span class='ocrx_word' id='word_1_417' title='bbox 1515 2124 1623 2152; x_wconf 80' lang='lat' dir='ltr'>autem</span> <span class='ocrx_word' id='word_1_418' title='bbox 1640 2131 1815 2164; x_wconf 81' lang='lat' dir='ltr'>pauperes,</span> <span class='ocrx_word' id='word_1_419' title='bbox 1854 2131 1883 2152; x_wconf 63' lang='lat' dir='ltr'>nn</span> <span class='ocrx_word' id='word_1_420' title='bbox 1908 2132 1941 2152; x_wconf 55' lang='grc' dir='ltr'>ευρ-ι</span> 
     </span>
    </p>
   </div>
   <div class='ocr_carea' id='block_1_12' title="bbox 1827 2213 1963 2237">
    <p class='ocr_par' dir='ltr' id='par_1_13' title="bbox 1827 2213 1963 2237">
     <span class='ocr_line' id='line_1_84' title="bbox 1827 2213 1963 2237; baseline 0 -5"><span class='ocrx_word' id='word_1_421' title='bbox 1827 2213 1963 2237; x_wconf 54' lang='lat' dir='ltr'>pauperibus.</span> 
     </span>
    </p>
   </div>
   <div class='ocr_carea' id='block_1_13' title="bbox 1080 2278 1815 2324">
    <p class='ocr_par' dir='ltr' id='par_1_14' title="bbox 1080 2278 1815 2324">
     <span class='ocr_line' id='line_1_85' title="bbox 1080 2278 1815 2324; baseline 0.003 -13"><span class='ocrx_word' id='word_1_422' title='bbox 1080 2279 1196 2321; x_wconf 72' lang='lat' dir='ltr'>tigerit,</span> <span class='ocrx_word' id='word_1_423' title='bbox 1222 2278 1260 2310; x_wconf 80' lang='lat' dir='ltr'>ad</span> <span class='ocrx_word' id='word_1_424' title='bbox 1278 2279 1465 2311; x_wconf 83' lang='lat' dir='ltr'>nosocomia</span> <span class='ocrx_word' id='word_1_425' title='bbox 1484 2279 1629 2312; x_wconf 85' lang='lat' dir='ltr'>eiusdem</span> <span class='ocrx_word' id='word_1_426' title='bbox 1647 2280 1739 2313; x_wconf 81' lang='lat' dir='ltr'>Urbis</span> <span class='ocrx_word' id='word_1_427' title='bbox 1757 2293 1815 2324; x_wconf 88' lang='lat' dir='ltr'>pro</span> 
     </span>
    </p>
   </div>
   <div class='ocr_carea' id='block_1_14' title="bbox 299 2332 1816 2432">
    <p class='ocr_par' dir='ltr' id='par_1_15' title="bbox 299 2332 1816 2432">
     <span class='ocr_line' id='line_1_86' title="bbox 300 2332 1816 2376; baseline 0.001 -11"><span class='ocrx_word' id='word_1_428' title='bbox 300 2332 450 2366; x_wconf 79' lang='lat' dir='ltr'>valetudo</span> <span class='ocrx_word' id='word_1_429' title='bbox 464 2337 518 2365; x_wconf 85' lang='lat' dir='ltr'>aut</span> <span class='ocrx_word' id='word_1_430' title='bbox 532 2333 678 2376; x_wconf 82' lang='lat' dir='ltr'>eorporis</span> <span class='ocrx_word' id='word_1_431' title='bbox 694 2334 851 2367; x_wconf 86' lang='lat' dir='ltr'>habitudo</span> <span class='ocrx_word' id='word_1_432' title='bbox 867 2334 1036 2376; x_wconf 84' lang='lat' dir='ltr'>ieiunium,</span> <span class='ocrx_word' id='word_1_433' title='bbox 1078 2332 1273 2375; x_wconf 77' lang='lat' dir='ltr'>pauperibus</span> <span class='ocrx_word' id='word_1_434' title='bbox 1299 2332 1438 2374; x_wconf 72' lang='lat' dir='ltr'>aegrotis</span> <span class='ocrx_word' id='word_1_435' title='bbox 1464 2337 1573 2365; x_wconf 86' lang='lat' dir='ltr'>erecta</span> <span class='ocrx_word' id='word_1_436' title='bbox 1599 2339 1630 2366; x_wconf 91' lang='lat' dir='ltr'>et</span> <span class='ocrx_word' id='word_1_437' title='bbox 1647 2333 1816 2375; x_wconf 84' lang='lat' dir='ltr'>destinata,</span> 
     </span>
     <span class='ocr_line' id='line_1_87' title="bbox 299 2385 1816 2432; baseline 0.002 -14"><span class='ocrx_word' id='word_1_438' title='bbox 299 2397 356 2419; x_wconf 75' lang='lat' dir='ltr'>seu</span> <span class='ocrx_word' id='word_1_439' title='bbox 383 2386 527 2419; x_wconf 85' lang='lat' dir='ltr'>carnium</span> <span class='ocrx_word' id='word_1_440' title='bbox 554 2391 586 2418; x_wconf 84' lang='lat' dir='ltr'>et</span> <span class='ocrx_word' id='word_1_441' title='bbox 610 2387 846 2420; x_wconf 81' lang='lat' dir='ltr'>lacticiniorum</span> <span class='ocrx_word' id='word_1_442' title='bbox 873 2388 1036 2422; x_wconf 90' lang='lat' dir='ltr'>abstinen-</span> <span class='ocrx_word' id='word_1_443' title='bbox 1056 2428 1058 2432; x_wconf 17' lang='grc' dir='ltr'><em>Α</em></span> <span class='ocrx_word' id='word_1_444' title='bbox 1079 2396 1159 2429; x_wconf 83' lang='lat' dir='ltr'>quae</span> <span class='ocrx_word' id='word_1_445' title='bbox 1185 2385 1258 2418; x_wconf 89' lang='lat' dir='ltr'>illos</span> <span class='ocrx_word' id='word_1_446' title='bbox 1284 2386 1370 2418; x_wconf 76' lang='lat' dir='ltr'>iuxta</span> <span class='ocrx_word' id='word_1_447' title='bbox 1388 2397 1500 2419; x_wconf 86' lang='lat' dir='ltr'>eorum</span> <span class='ocrx_word' id='word_1_448' title='bbox 1521 2386 1663 2419; x_wconf 78' lang='lat' dir='ltr'>instituta</span> <span class='ocrx_word' id='word_1_449' title='bbox 1683 2388 1816 2422; x_wconf 89' lang='lat' dir='ltr'>omnino</span> 
     </span>
    </p>
   </div>
   <div class='ocr_carea' id='block_1_15' title="bbox 1056 2434 1058 2455">
    <p class='ocr_par' dir='ltr' id='par_1_16' title="bbox 1056 2434 1058 2455">
     <span class='ocr_line' id='line_1_88' title="bbox 1056 2434 1058 2455; baseline 0 0"><span class='ocrx_word' id='word_1_450' title='bbox 1056 2434 1058 2455; x_wconf 83' lang='lat' dir='ltr'>l</span> 
     </span>
    </p>
   </div>
   <div class='ocr_carea' id='block_1_16' title="bbox 1718 217 1997 244">
    <p class='ocr_par' dir='ltr' id='par_1_17' title="bbox 1718 217 1997 244">
     <span class='ocr_line' id='line_1_89' title="bbox 1718 217 1997 244; baseline 0.032 -9"><span class='ocrx_word' id='word_1_451' title='bbox 1718 219 1768 237; x_wconf 57' lang='grc' dir='ltr'>ω’.)</span> <span class='ocrx_word' id='word_1_452' title='bbox 1816 217 1862 242; x_wconf 60' lang='lat' dir='ltr'>Au.</span> <span class='ocrx_word' id='word_1_453' title='bbox 1880 217 1905 242; x_wconf 82' lang='lat' dir='ltr'>C.</span> <span class='ocrx_word' id='word_1_454' title='bbox 1932 217 1997 244; x_wconf 64' lang='lat' dir='ltr'>ins-:³</span> 
     </span>
    </p>
   </div>
   <div class='ocr_carea' id='block_1_17' title="bbox 1837 2133 2011 2179">
    <p class='ocr_par' dir='ltr' id='par_1_18' title="bbox 1837 2133 2011 2179">
     <span class='ocr_line' id='line_1_90' title="bbox 1945 2133 2011 2158; baseline 0.015 -6"><span class='ocrx_word' id='word_1_455' title='bbox 1945 2133 1993 2153; x_wconf 63' lang='lat' dir='ltr'>riri!</span> <span class='ocrx_word' id='word_1_456' title='bbox 2005 2149 2011 2158; x_wconf 83' lang='grc'>,</span> 
     </span>
     <span class='ocr_line' id='line_1_91' title="bbox 1837 2160 2002 2179; baseline 0.012 -2"><span class='ocrx_word' id='word_1_457' title='bbox 1837 2160 2002 2179; x_wconf 61' lang='lat' dir='ltr'>conmisso-111¹·-</span> 
     </span>
    </p>
   </div>
   <div class='ocr_carea' id='block_1_18' title="bbox 105 2171 1997 2216">
    <p class='ocr_par' dir='ltr' id='par_1_19' title="bbox 105 2171 1997 2216">
     <span class='ocr_line' id='line_1_92' title="bbox 105 2171 1997 2216; baseline 0.002 -15"><span class='ocrx_word' id='word_1_458' title='bbox 105 2182 153 2201; x_wconf 80' lang='lat' dir='ltr'>cuto</span> <span class='ocrx_word' id='word_1_459' title='bbox 168 2183 240 2202; x_wconf 71' lang='lat' dir='ltr'>mom,</span> <span class='ocrx_word' id='word_1_460' title='bbox 261 2182 287 2202; x_wconf 61' lang='lat' dir='ltr'>ab</span> <span class='ocrx_word' id='word_1_461' title='bbox 300 2184 356 2206; x_wconf 63' lang='lat' dir='ltr'>seu</span> <span class='ocrx_word' id='word_1_462' title='bbox 384 2173 453 2206; x_wconf 79' lang='lat' dir='ltr'>eius</span> <span class='ocrx_word' id='word_1_463' title='bbox 489 2174 579 2213; x_wconf 66' lang='lat' dir='ltr'>locis,</span> <span class='ocrx_word' id='word_1_464' title='bbox 606 2175 656 2207; x_wconf 80' lang='lat' dir='ltr'>vel</span> <span class='ocrx_word' id='word_1_465' title='bbox 694 2174 951 2208; x_wconf 53' lang='lat' dir='ltr'>luibitutjonibtjg</span> <span class='ocrx_word' id='word_1_466' title='bbox 985 2186 1036 2208; x_wconf 88' lang='lat' dir='ltr'>su-</span> <span class='ocrx_word' id='word_1_467' title='bbox 1079 2172 1111 2203; x_wconf 90' lang='lat' dir='ltr'>in</span> <span class='ocrx_word' id='word_1_468' title='bbox 1138 2171 1319 2204; x_wconf 85' lang='lat' dir='ltr'>huiusmodi</span> <span class='ocrx_word' id='word_1_469' title='bbox 1345 2171 1490 2214; x_wconf 88' lang='lat' dir='ltr'>hospitio</span> <span class='ocrx_word' id='word_1_470' title='bbox 1516 2173 1650 2216; x_wconf 87' lang='lat' dir='ltr'>eiusque</span> <span class='ocrx_word' id='word_1_471' title='bbox 1675 2174 1756 2207; x_wconf 87' lang='lat' dir='ltr'>locis</span> <span class='ocrx_word' id='word_1_472' title='bbox 1785 2180 1899 2208; x_wconf 55' lang='lat' dir='ltr'>etham</span> <span class='ocrx_word' id='word_1_473' title='bbox 1924 2189 1997 2206; x_wconf 59' lang='lat' dir='ltr'>amrin.</span> 
     </span>
    </p>
   </div>
   <div class='ocr_carea' id='block_1_19' title="bbox 298 2439 1059 2646">
    <p class='ocr_par' dir='ltr' id='par_1_20' title="bbox 298 2439 1059 2646">
     <span class='ocr_line' id='line_1_93' title="bbox 299 2439 1035 2485; baseline 0.005 -15"><span class='ocrx_word' id='word_1_474' title='bbox 299 2439 374 2471; x_wconf 85' lang='lat' dir='ltr'>tiam</span> <span class='ocrx_word' id='word_1_475' title='bbox 401 2439 483 2471; x_wconf 84' lang='lat' dir='ltr'>serre</span> <span class='ocrx_word' id='word_1_476' title='bbox 509 2449 576 2471; x_wconf 90' lang='lat' dir='ltr'>non</span> <span class='ocrx_word' id='word_1_477' title='bbox 601 2440 728 2482; x_wconf 89' lang='lat' dir='ltr'>poterit,</span> <span class='ocrx_word' id='word_1_478' title='bbox 755 2446 798 2481; x_wconf 90' lang='lat' dir='ltr'>ut,</span> <span class='ocrx_word' id='word_1_479' title='bbox 813 2441 851 2473; x_wconf 92' lang='lat' dir='ltr'>de</span> <span class='ocrx_word' id='word_1_480' title='bbox 871 2441 1035 2485; x_wconf 84' lang='lat' dir='ltr'>utriusque</span> 
     </span>
     <span class='ocr_line' id='line_1_94' title="bbox 298 2491 1035 2537; baseline 0.007 -15"><span class='ocrx_word' id='word_1_481' title='bbox 298 2491 413 2523; x_wconf 82' lang='lat' dir='ltr'>medici</span> <span class='ocrx_word' id='word_1_482' title='bbox 453 2491 599 2532; x_wconf 87' lang='lat' dir='ltr'>consilio,</span> <span class='ocrx_word' id='word_1_483' title='bbox 626 2493 792 2535; x_wconf 81' lang='lat' dir='ltr'>quibusvis</span> <span class='ocrx_word' id='word_1_484' title='bbox 823 2495 1035 2537; x_wconf 69' lang='lat' dir='ltr'>quadragesi-</span> 
     </span>
     <span class='ocr_line' id='line_1_95' title="bbox 298 2536 1059 2618; baseline 0.007 -41"><span class='ocrx_word' id='word_1_485' title='bbox 298 2544 449 2585; x_wconf 79' lang='lat' dir='ltr'>malibus,</span> <span class='ocrx_word' id='word_1_486' title='bbox 475 2555 511 2578; x_wconf 85' lang='lat' dir='ltr'>ae</span> <span class='ocrx_word' id='word_1_487' title='bbox 532 2552 667 2588; x_wconf 84' lang='lat' dir='ltr'>quatuor</span> <span class='ocrx_word' id='word_1_488' title='bbox 691 2547 766 2579; x_wconf 79' lang='lat' dir='ltr'>anni</span> <span class='ocrx_word' id='word_1_489' title='bbox 787 2548 984 2590; x_wconf 85' lang='lat' dir='ltr'>temporibus</span> <span class='ocrx_word' id='word_1_490' title='bbox 1006 2555 1036 2581; x_wconf 87' lang='lat' dir='ltr'>et</span> <span class='ocrx_word' id='word_1_491' title='bbox 1056 2536 1059 2618; x_wconf 61' lang='grc'>1</span> 
     </span>
     <span class='ocr_line' id='line_1_96' title="bbox 300 2598 1037 2646; baseline 0.009 -17"><span class='ocrx_word' id='word_1_492' title='bbox 300 2598 426 2646; x_wconf 68' lang='lat' dir='ltr'>vigiliis,</span> <span class='ocrx_word' id='word_1_493' title='bbox 464 2598 599 2642; x_wconf 82' lang='lat' dir='ltr'>aliisque</span> <span class='ocrx_word' id='word_1_494' title='bbox 625 2599 756 2641; x_wconf 86' lang='lat' dir='ltr'>dicbus,</span> <span class='ocrx_word' id='word_1_495' title='bbox 785 2600 814 2632; x_wconf 90' lang='lat' dir='ltr'>in</span> <span class='ocrx_word' id='word_1_496' title='bbox 853 2602 969 2645; x_wconf 57' lang='lat' dir='ltr'>quibus</span> <span class='ocrx_word' id='word_1_497' title='bbox 994 2602 1037 2636; x_wconf 81' lang='lat' dir='ltr'>ie—</span> 
     </span>
    </p>
   </div>
   <div class='ocr_carea' id='block_1_20' title="bbox 1079 2439 1817 2642">
    <p class='ocr_par' dir='ltr' id='par_1_21' title="bbox 1079 2439 1817 2642">
     <span class='ocr_line' id='line_1_97' title="bbox 1079 2439 1815 2484; baseline 0.004 -14"><span class='ocrx_word' id='word_1_498' title='bbox 1079 2439 1226 2482; x_wconf 81' lang='lat' dir='ltr'>recipere</span> <span class='ocrx_word' id='word_1_499' title='bbox 1238 2439 1387 2479; x_wconf 81' lang='lat' dir='ltr'>debeant,</span> <span class='ocrx_word' id='word_1_500' title='bbox 1406 2439 1680 2481; x_wconf 82' lang='lat' dir='ltr'>transmittantur;</span> <span class='ocrx_word' id='word_1_501' title='bbox 1696 2441 1815 2484; x_wconf 86' lang='lat' dir='ltr'>quique</span> 
     </span>
     <span class='ocr_line' id='line_1_98' title="bbox 1079 2493 1817 2536; baseline 0.001 -10"><span class='ocrx_word' id='word_1_502' title='bbox 1079 2493 1314 2532; x_wconf 75' lang='lat' dir='ltr'>convaluerint,</span> <span class='ocrx_word' id='word_1_503' title='bbox 1332 2493 1447 2525; x_wconf 88' lang='lat' dir='ltr'>iterum</span> <span class='ocrx_word' id='word_1_504' title='bbox 1474 2493 1506 2525; x_wconf 89' lang='lat' dir='ltr'>in</span> <span class='ocrx_word' id='word_1_505' title='bbox 1532 2493 1708 2536; x_wconf 88' lang='lat' dir='ltr'>hospitium</span> <span class='ocrx_word' id='word_1_506' title='bbox 1733 2495 1817 2527; x_wconf 90' lang='lat' dir='ltr'>eius-</span> 
     </span>
     <span class='ocr_line' id='line_1_99' title="bbox 1080 2547 1815 2590; baseline 0.001 -11"><span class='ocrx_word' id='word_1_507' title='bbox 1080 2559 1142 2590; x_wconf 85' lang='lat' dir='ltr'>que</span> <span class='ocrx_word' id='word_1_508' title='bbox 1168 2549 1240 2580; x_wconf 86' lang='lat' dir='ltr'>loca</span> <span class='ocrx_word' id='word_1_509' title='bbox 1264 2553 1295 2580; x_wconf 90' lang='lat' dir='ltr'>et</span> <span class='ocrx_word' id='word_1_510' title='bbox 1321 2547 1540 2580; x_wconf 79' lang='lat' dir='ltr'>habitationes</span> <span class='ocrx_word' id='word_1_511' title='bbox 1572 2548 1733 2590; x_wconf 74' lang='lat' dir='ltr'>praefatas</span> <span class='ocrx_word' id='word_1_512' title='bbox 1766 2559 1815 2580; x_wconf 90' lang='lat' dir='ltr'>re—</span> 
     </span>
     <span class='ocr_line' id='line_1_100' title="bbox 1080 2600 1815 2642; baseline 0.001 -8"><span class='ocrx_word' id='word_1_513' title='bbox 1080 2602 1257 2642; x_wconf 82' lang='lat' dir='ltr'>ducantur;</span> <span class='ocrx_word' id='word_1_514' title='bbox 1278 2600 1354 2634; x_wconf 76' lang='lat' dir='ltr'>itaut</span> <span class='ocrx_word' id='word_1_515' title='bbox 1376 2611 1524 2634; x_wconf 73' lang='lat' dir='ltr'>accessus</span> <span class='ocrx_word' id='word_1_516' title='bbox 1546 2607 1575 2634; x_wconf 86' lang='lat' dir='ltr'>et</span> <span class='ocrx_word' id='word_1_517' title='bbox 1597 2611 1741 2635; x_wconf 86' lang='lat' dir='ltr'>recessus</span> <span class='ocrx_word' id='word_1_518' title='bbox 1758 2602 1815 2635; x_wconf 88' lang='lat' dir='ltr'>hu-</span> 
     </span>
    </p>
   </div>
   <div class='ocr_carea' id='block_1_21' title="bbox 1055 2457 1058 2532">
    <p class='ocr_par' dir='ltr' id='par_1_22' title="bbox 1055 2457 1058 2532">
     <span class='ocr_line' id='line_1_101' title="bbox 1055 2457 1058 2532; baseline 0 693"><span class='ocrx_word' id='word_1_519' title='bbox 1055 2457 1058 2532; x_wconf 95' lang='lat' dir='ltr'> </span> 
     </span>
    </p>
   </div>
  </div>
 </body>
</html>
