2254 3225
234 185 283 212 An.
304 186 332 212 c.
352 187 419 215 1095
466 180 529 214 710

253 619 303 641 nam
319 622 344 642 do
361 622 404 644 eie.
415 611 606 646 removimus
642 620 674 647 ct
707 616 916 652 abolevimus.

221 648 291 666 ctione
332 652 404 670 votan—

221 674 270 692 uum
282 674 312 699 sig

335 704 355 722 et
365 709 402 723 no-

424 247 485 271 nae
502 238 613 274 Curiae
632 246 664 275 et
683 245 887 287 praelaturae
909 247 1068 292 decorem,
1087 263 1158 287 nec·

423 300 488 323 non
507 293 632 327 vlrtutis
646 295 895 334 incitamentum
918 307 949 334 et
967 304 1155 348 praemium,

422 345 523 386 gratis
549 351 580 380 et
610 349 701 383 nullo
734 358 866 396 recepto
899 356 1005 398 pretio
1040 368 1156 392 conce-

421 397 587 443 derentur,
613 413 673 446 per
697 404 776 438 alias
795 406 918 441 similes
936 414 1077 451 nostras,
1100 422 1154 445 eo-

420 449 494 485 dem
519 464 613 496 anno,
631 466 648 489 x
667 457 820 492 kalendas
846 462 1039 503 novembris,
1058 474 1153 507 expe-

419 502 501 538 ditas
532 506 688 550 litteras¹,
719 512 938 554 praefatorum
973 515 1150 550 officiorum

417 558 625 593 venalitatem
650 565 899 607 suppressimus,
924 566 1148 610 extinguimus,

943 620 981 653 Et
1014 621 1150 665 insuper

316 671 452 698 numnwex
490 668 564 697 tunc
599 666 695 700 etiam
721 669 761 701 ad
794 676 939 704 nostrum
964 673 1147 716 signaturae

221 698 321 723 iustitiae,

220 730 245 743 v„
258 731 400 751 mmmm.
411 715 708 753 referendariorum
733 724 905 766 collegium
933 726 1032 769 (quod
1066 727 1145 761 alias

218 750 231 770 l«
240 758 258 776 gt
267 760 283 773 ›-

410 767 512 802 felicis
536 774 769 809 recordationis
795 778 979 813 Alexander
1002 780 1061 814 ΡΡ.
1095 782 1145 814 Vll

408 822 648 862 praedecessor
667 834 778 861 noster
795 830 827 862 in
846 831 911 864 suis
929 832 1144 867 similibuslit—

408 874 484 906 teris
509 877 566 908 sub
589 878 698 912 datum
719 881 869 916 videlicet
893 895 978 918 anno
997 886 1141 921 eiusdem

404 924 640 964 incarnationis
660 943 786 975 iincmx,
812 937 919 970 idibus
946 938 1034 980 iunii,
1056 940 1142 974 inter

404 984 511 1014 cetera
537 985 641 1017 erexit
666 991 696 1018 et
720 987 869 1031 instituit,
896 1002 931 1023 ac
956 1003 991 1025 ex
1018 993 1139 1027 duode-

402 1031 463 1064 cim
488 1034 675 1077 signaturae
705 1039 844 1075 iustitiae
869 1045 1053 1079 votantibus
1078 1049 1137 1081 sub

401 1095 514 1119 eorum
548 1090 652 1132 capite
686 1097 717 1124 et
748 1096 953 1130 moderatore
989 1099 1135 1133 eiusdem

399 1137 582 1180 signaturae
606 1154 667 1186 pro
694 1150 839 1190 tempore
862 1150 1022 1185 existente
1047 1163 1136 1195 prae-

398 1189 480 1224 secto
494 1198 732 1236 repraesentari
748 1200 859 1244 voluit)
873 1203 990 1236 mentis
1004 1211 1132 1240 nostrae

396 1243 498 1277 aciem
523 1254 758 1289 convertentes
785 1258 817 1285 et
836 1260 870 1286 ut
888 1256 926 1288 ad
952 1258 1131 1299 praefatum

394 1296 569 1340 collegium
581 1301 639 1333 viri
657 1303 807 1338 similiter
824 1307 1014 1351 dignissimi,
1026 1314 1129 1354 quoad

391 1348 461 1382 fieri
486 1358 618 1394 posset,
644 1365 774 1400 semper
798 1360 1050 1397 admitterentur
1075 1377 1130 1399 cu-

391 1403 528 1445 pientes,
545 1408 830 1453 consideravimus,
843 1417 940 1458 quod,
952 1417 1029 1451 licet
1042 1419 1127 1454 idem

390 1455 574 1491 Alexander
591 1463 821 1502 praedecessor
842 1468 874 1500 in
891 1471 1046 1511 praefatis
1060 1474 1125 1507 suis

387 1507 506 1542 litteris
533 1511 718 1548 huiusmodi
749 1524 896 1553 volantes
923 1522 960 1554 de
985 1534 1125 1568 corpore

388 1566 419 1593 et
456 1573 590 1597 numero
630 1567 788 1603 dictorum
828 1573 1123 1612 referendariorum

386 1613 555 1657 eligendos
592 1629 662 1653 esse
696 1624 879 1666 statuisset,
918 1630 1007 1662 nulla
1044 1632 1122 1666 sacta

384 1668 551 1702 mentione
591 1682 631 1703 an
674 1674 816 1717 eligendi
853 1687 961 1714 essent
996 1683 1120 1726 priores

383 1728 438 1752 seu
479 1722 678 1766 antiquiores
718 1729 911 1772 retendant,
949 1735 1119 1771 diuturnus

381 1776 492 1807 tamen
517 1787 595 1810 usus
621 1785 693 1813 ante
718 1786 748 1814 et
771 1790 847 1826 post
871 1788 1002 1821 easdem
1033 1790 1116 1824 litte-

379 1835 431 1858 ras
472 1827 654 1864 invaluerat
694 1833 725 1866 in
765 1841 912 1871 votantes
955 1844 1116 1884 praefatos

378 1882 563 1914 assumendi
603 1894 659 1917 seu
686 1886 826 1929 eligendi
853 1891 954 1926 dictos
990 1897 1115 1938 priores

377 1940 434 1964 seu
459 1933 661 1977 antiquiores
683 1940 935 1986 referendarios;
962 1949 1114 1991 quocirca

376 1994 435 2018 nos
457 1986 584 2021 virtutis
621 1995 852 2033 praestantiam
890 2009 955 2031 non
986 2001 1019 2034 in
1043 2005 1112 2037 sola

375 2041 517 2073 muneris
541 2042 710 2085 prioritate
736 2057 790 2080 seu
817 2050 1008 2094 antiquitate
1037 2067 1133 2090 con-¹

373 2091 495 2134 sistere,
522 2100 554 2127 et
578 2097 753 2140 aliquando
782 2104 982 2144 posteriores
1007 2108 1038 2141 in
1064 2112 1110 2144 os—

373 2144 446 2179 ticio
484 2148 652 2190 prioribus
697 2153 861 2190 doctiores
898 2164 929 2191 et
966 2163 1108 2204 aptiores

373 2198 509 2233 existere
534 2204 788 2248 perpendentes,
814 2214 845 2241 et
866 2218 1039 2255 propterea
1057 2228 1109 2250 an-

373 2250 531 2294 tiquitatis
556 2255 715 2290 rationem
749 2264 879 2296 nonnisi
911 2268 1026 2302 ceteris
1050 2281 1107 2313 pa-

369 2304 458 2338 ribus
497 2307 678 2344 habendam
712 2322 780 2347 esse
823 2319 990 2361 volentes,
1018 2330 1104 2357 motu

368 2359 513 2402 proprio,
536 2367 568 2394 et
592 2373 629 2396 ex
655 2369 742 2398 certa
767 2368 900 2404 scientia
926 2380 956 2406 et
980 2381 1104 2411 matura

368 2411 605 2448 deliberatione
631 2420 760 2460 nostris,
781 2422 885 2465 deque
906 2430 1102 2469 apostolicae

365 2466 535 2507 potestatis
560 2469 787 2514 plenitudine,
813 2485 848 2508 cx
877 2483 951 2511 tunc
982 2493 1103 2517 memo-

365 2523 469 2551 ratum
503 2521 679 2565 collegium
717 2526 871 2572 deinceps
907 2532 974 2566 sore
1000 2546 1098 2579 mere,

400 2580 413 2607 1
433 2581 504 2608 Edit¹
523 2582 602 2611 Main,
622 2584 704 2613 habet
718 2590 859 2623 empedi'lis
875 2592 981 2623 litteris
996 2604 1033 2633 μὶ.
1051 2601 1099 2634 Τ.).

980 195 982 202 ‘
1002 201 1180 229 EULLARiUM
1204 206 1357 235 ROMANUM

1200 256 1391 300 simpliciter
1415 267 1446 295 et
1471 263 1633 301 dumtaxat
1658 271 1835 315 electivum,
1872 289 1933 312 nec

1177 307 1230 344 ,in
1270 311 1426 347 eiusmodi
1461 320 1636 354 votantium
1669 326 1848 371 electione,
1875 342 1932 365 seu

1197 366 1418 408 assumptione
1450 374 1595 407 muneris
1632 379 1680 411 vel
1716 381 1810 415 officii
1848 385 1931 419 rese-

1196 417 1347 460 rendarii,
1372 422 1575 464 prioritatem
1612 429 1680 464 sore
1716 437 1854 478 amplius
1879 444 1928 472 at-

1195 470 1397 514 tendendam,
1423 478 1479 510 sed
1505 485 1651 516 vetantes
1676 485 1862 524 huiusmodi
1888 494 1927 526 ad

1193 516 1336 556 nostram
1363 532 1394 559 et
1416 538 1475 571 pro
1502 535 1648 576 tempore
1671 539 1837 575 existentis
1866 545 1928 579 Ro-

1942 233 1989 260 An.
2011 236 2040 263 C.
2059 240 2125 267 1(Ωὸ

1192 576 1277 608 mani
1302 577 1467 614 Pontificis
1492 585 1685 623 electionem
1706 598 1737 624 et
1756 597 1926 637 providam
1950 636 1955 639 ,

1191 626 1473 675 deliberationem,
1500 637 1611 673 habito
1632 643 1671 675 ad
1693 644 1818 681 virtutis
1834 660 1926 693 prae·

1190 681 1368 723 rogativam
1405 691 1437 718 et
1472 691 1662 728 meritorum
1698 699 1924 738 excellentiam

1190 740 1347 776 respectu,
1368 739 1536 781 eligendos
1550 750 1582 778 et
1606 753 1816 787 assumendos
1842 767 1922 799 esse,

1188 788 1367 831 statuimus,
1389 792 1588 832 decrevimus
1613 806 1645 834 et
1666 803 1920 852 declaravimus;

1187 844 1229 880 et,
1248 852 1307 884 pro
1324 846 1437 880 maiori
1456 849 1639 888 huiusmodi
1657 859 1776 900 statuti,
1799 862 1919 898 decreti

1185 898 1217 925 et
1256 895 1485 935 declarationis
1518 905 1668 942 firmitate
1702 922 1737 944 ac
1771 920 1920 960 prompta

1184 952 1216 978 et
1240 955 1422 992 opportuna
1448 959 1648 1002 executione,
1675 965 1842 1009 antiquum
1861 980 1918 1004 seu

1183 1002 1257 1032 tunc
1274 1002 1413 1038 existens
1435 1007 1616 1050 signaturae
1643 1014 1785 1051 iustitiae
1809 1027 1918 1055 votan-

1182 1051 1259 1086 tium
1284 1056 1457 1100 collegium
1482 1064 1613 1105 penitus
1645 1074 1676 1101 et
1708 1072 1842 1107 omnino
1863 1085 1917 1108 su-

1179 1107 1353 1147 pressimus
1393 1122 1429 1144 ac
1472 1116 1664 1153 extinximus
1677 1120 1696 1162 ¹,
1728 1134 1914 1171 novumque

1176 1159 1296 1200 partim
1322 1173 1358 1196 ex
1386 1169 1463 1200 tunc
1498 1171 1624 1205 noviter
1655 1179 1828 1221 assumptis
1861 1193 1914 1215 vo-

1176 1214 1319 1249 tantibus
1345 1217 1476 1261 pietate,
1503 1223 1660 1268 doctrina,
1686 1232 1860 1273 prudentia
1882 1241 1913 1269 et

1175 1275 1284 1301 rerum
1320 1279 1378 1303 usu
1410 1278 1702 1315 praestantioribus
1737 1286 1910 1329 collegium

1174 1318 1381 1365 huiusmodi,
1414 1337 1487 1361 cum
1523 1333 1676 1367 omnibus
1712 1341 1741 1371 et
1772 1339 1909 1383 singulis

1173 1371 1278 1407 eidem
1303 1377 1444 1421 collegio
1475 1386 1722 1425 quomodolibet
1743 1395 1908 1428 concessis

1172 1434 1227 1457 seu
1252 1433 1510 1472 competentibus
1535 1436 1672 1480 iuribus,
1692 1443 1906 1489 facultatibus,

1170 1483 1420 1525 praerogativis,
1446 1492 1714 1530 praeeminentiis
1748 1503 1779 1531 et
1809 1500 1906 1542 privi-

1168 1531 1271 1573 legiis,
1298 1537 1455 1572 ereximus
1480 1548 1511 1574 et
1536 1546 1775 1584 constituimus.

1209 1585 1223 1627 ἕ
1256 1586 1286 1619 02.
1326 1589 1403 1623 Cum
1439 1599 1545 1628 autem
1582 1608 1679 1642 super
1714 1607 1901 1645 praemissis

1165 1636 1287 1673 litterae
1308 1646 1506 1685 apostolicae
1528 1650 1633 1685 adhue
1651 1656 1816 1691 consectae
1836 1671 1900 1693 non

1163 1690 1293 1733 suerint,
1318 1700 1349 1728 et
1373 1708 1584 1736 memoratam
1609 1708 1744 1748 praefati
1770 1713 1898 1755 collegii

1162 1747 1408 1782 renovationem
1439 1763 1495 1786 seu
1513 1756 1789 1803 reformationem,
1806 1765 1897 1800 cuius

1162 1804 1304 1833 exactam
1339 1804 1498 1839 rationem
1539 1809 1570 1842 in
1611 1814 1830 1851 vacationibus
1866 1825 1896 1852 et

1160 1851 1377 1888 electionibus
1414 1862 1594 1902 respective
1618 1865 1747 1901 interim
1783 1871 1895 1905 subse-

1159 1904 1265 1944 quutis
1290 1907 1471 1952 habuimus,
1505 1915 1777 1955 administrationi
1803 1924 1893 1958 iusti-

1159 1956 1219 1989 tiae
1244 1960 1335 1993 valde
1360 1964 1547 2008 proficuam,
1570 1975 1602 2002 et
1619 1972 1726 2008 decori
1746 1977 1892 2013 eiusdem

1157 2010 1286 2053 collegii
1312 2015 1487 2051 admodum
1507 2030 1770 2069 consentaneam,
1797 2033 1890 2065 trium

1154 2073 1235 2105 pene
1267 2075 1424 2102 annorum
1457 2075 1654 2116 experientia
1691 2081 1796 2116 edocti
1823 2085 1890 2118 suc-

1154 2116 1261 2151 rimus:
1275 2119 1360 2161 hinc,
1375 2130 1471 2165 motu,
1491 2128 1635 2170 scientia,
1654 2133 1887 2171 deliberatione

1152 2174 1182 2201 ct
1206 2175 1378 2213 potestatis
1403 2178 1604 2219 plenitudine
1621 2187 1763 2227 paribus,
1791 2191 1887 2225 etiam

1151 2226 1262 2257 tenore
1298 2232 1518 2269 praesentium
1557 2239 1735 2278 praeniissa
1766 2243 1887 2284 plenis-

1149 2275 1229 2310 sime
1266 2284 1297 2311 et
1320 2282 1515 2325 amplissime
1541 2291 1770 2335 approbamus,
1809 2307 1885 2330 con-

1148 2328 1313 2365 firmamus
1340 2340 1371 2366 et
1395 2335 1594 2380 innovamus,
1615 2342 1744 2388 illisque
1769 2359 1885 2393 perpe-

1148 2385 1220 2415 tuae
1246 2384 1443 2422 inviolabilis
1468 2390 1628 2427 firmitatis
1646 2398 1746 2431 robur
1770 2403 1882 2436 adiici-

1146 2444 1234 2476 mus;
1261 2442 1291 2470 et
1314 2439 1527 2477 nihilominus
1560 2449 1666 2482 omnia
1700 2457 1731 2484 et
1755 2454 1882 2497 singula

1145 2491 1323 2530 praemissa
1347 2494 1464 2529 iterum
1501 2504 1532 2530 et
1560 2510 1596 2532 ex
1629 2502 1756 2547 integro
1782 2510 1878 2544 etiam

1146 2541 1258 2576 harum
1283 2546 1366 2579 serie
1396 2550 1574 2590 statuimus,
1609 2554 1814 2593 decernimus
1847 2570 1879 2597 et

1182 2605 1188 2629 1
1214 2605 1283 2633 Edit.
1305 2606 1380 2634 Maiu.
1405 2610 1464 2645 legit
1485 2614 1682 2648 arll'nssicimus
1701 2627 1738 2656 μ’..
1755 2623 1805 2658 Τ.).

1958 1620 2094 1642 Cuntirmatio

1913 1647 1933 1665 et
1988 1651 2095 1669 innovatio

1913 1673 2078 1697 praedictorum.
