2254 3225
219 227 271 254 An.
291 224 319 257 c.
338 227 405 256 1693
449 219 516 253 494

241 1442 362 1469 Exordium.

243 2182 325 2203 Canum
337 2183 398 2203 tinius

217 2210 352 2231 visitationis.

984 225 1161 252 BULLARIUM

411 276 529 310 notarii
546 277 671 321 publici
687 277 889 321 subscriptis,
901 280 933 310 et
951 275 1059 319 sigillo
1077 285 1147 319 per-

410 340 510 363 sonae
531 330 564 363 in
581 331 799 364 ecclesiastica
816 330 974 373 dignitate
990 328 1147 362 constitu-

411 387 461 415 tae
481 383 623 424 munitis,
649 384 764 417 eadem
781 393 916 426 prorsus
932 383 1012 416 fides
1028 387 1093 415 tam
1112 381 1147 413 in

410 435 530 470 iudicio
551 447 646 480 quam
664 441 755 470 extra
775 436 853 469 illud
875 435 1045 475 habeatur,
1064 443 1147 477 quae

410 488 491 532 ipsis
516 491 745 533 praesentibus
776 489 951 523 haberetur
981 487 1007 521 si
1040 486 1148 519 ibrent

411 541 575 575 exhibitae
596 543 646 575 vel
672 547 835 575 ostensae.

454 594 568 627 Datum
593 594 724 633 Romae,
756 593 841 636 apud
867 592 899 626 S.
930 592 1061 625 Mariam
1086 591 1149 623 Ma-

410 646 532 686 iorem,
556 646 615 679 sub
640 647 761 679 annulo
787 645 978 685 piscatoris,
998 643 1051 678 die
1065 654 1089 677 11
1106 644 1148 676 ia-

409 699 516 732 nuarii
541 708 703 739 nncxcin,
732 698 940 742 pontificatus
964 698 1068 731 nostri
1092 707 1148 730 an-

410 762 453 784 uo
475 762 510 785 Π.

444 812 504 841 Dat.
525 813 569 841 die
588 814 604 841 2
623 814 739 841 ianuarii
760 814 843 848 1693,
865 813 960 849 pontif.
981 819 1052 840 anno
1072 818 1101 839 ιι,

1165 1369 1168 1382 .

732 956 821 989 XLII.

409 1032 574 1068 Indicium·
585 1036 729 1069 visitatio
746 1036 923 1078 apostolica
939 1035 1147 1068 ecclesiarum

453 1093 481 1121 et
507 1089 649 1122 locorum
678 1089 810 1132 piorum
837 1089 932 1121 Urbis
956 1099 1029 1121 cum
1054 1098 1148 1130 expo-

451 1142 569 1174 sitione
585 1141 641 1175 SS.
661 1141 866 1175 Sacramenli
886 1146 914 1175 et
938 1141 1148 1184 indulqentz'd

450 1195 603 1238 plenaria
616 1195 638 1227 ¹.

587 1275 785 1303 Innocentius
806 1277 884 1309 Papa
902 1276 969 1308 ΧΠ,

451 1317 577 1348 Dilectis
597 1320 669 1347 filiis
690 1321 771 1348 clero
792 1324 822 1347 et
841 1322 951 1354 populo
970 1328 1110 1355 romano,

408 1367 539 1392 salutem
577 1369 609 1393 et
648 1366 846 1399 apostoticam
894 1366 1145 1394 benedictionem.

454 1436 575 1477 Agrum
600 1435 790 1468 universalis
814 1435 984 1475 Ecclesiae,
1003 1437 1145 1479 superna

409 1488 557 1521 caelestis
582 1488 825 1531 patrisfamilias
857 1489 1144 1532 praeordinatione

409 1551 505 1574 curae
523 1546 655 1574 nostrae
675 1542 914 1581 demandatum,
933 1541 1020 1574 omni
1039 1541 1144 1574 studio

409 1599 504 1637 atque
531 1594 699 1633 industria,
717 1600 871 1637 quantum
898 1594 990 1627 nobis
1016 1605 1054 1627 ex
1079 1595 1144 1627 alto

409 1646 607 1686 conceditur,
632 1647 794 1679 custodire
817 1653 912 1690 atque
931 1648 1080 1680 excolere
1099 1647 1146 1679 iu-

408 1699 492 1740 giter
516 1704 708 1742 satagentes,
735 1700 957 1742 spiritualibus
981 1700 1077 1733 huius
1103 1701 1167 1763 al-¹

408 1762 480 1785 mae
506 1752 599 1785 Urbis
632 1758 783 1793 nostrae,
810 1764 892 1796 quac
917 1754 1146 1797 proprioribus

408 1805 574 1838 charitatis
611 1806 744 1839 vinculis
782 1806 874 1839 nobis
911 1807 1143 1849 coniungitur,

408 1869 568 1902 quamque
581 1859 651 1902 ipse
665 1858 808 1892 Christus
823 1859 976 1892 Dominus
996 1865 1041 1892 tot
1058 1870 1147 1902 prae-

407 1911 503 1944 claris
529 1911 647 1944 amoris
672 1911 964 1953 significationibus
991 1922 1066 1955 prae
1095 1922 1146 1944 ce-

409 1963 485 1996 teris
500 1963 649 1996 dilexisse
664 1964 747 1996 visus
768 1969 824 2003 est,
840 1964 997 2007 augendis
1017 1975 1146 2008 promo-

408 2016 585 2059 vendisque
618 2016 712 2049 bonis
744 2017 943 2060 peculiarem
976 2018 1145 2060 apostolici

409 2069 551 2102 muneris
576 2070 681 2102 nostri
700 2069 950 2103 sollicitudinem
969 2070 1145 2114 impensius

410 2121 566 2155 adhibere
591 2132 657 2155 non
682 2123 981 2165 praetermittimus.

453 2175 468 2218 §
492 2174 523 2206 1.
551 2174 628 2207 Cum
652 2175 738 2208 enim
762 2181 871 2209 sancta
897 2176 976 2209 haec
1002 2176 1146 2210 Romana

410 2226 553 2260 Ecclesia
570 2228 667 2261 veluti
685 2228 795 2261 civitas
813 2239 909 2272 supra
927 2235 1068 2262 montem
1090 2241 1146 2273 po-

410 2280 479 2320 sita,
508 2290 544 2313 ac
573 2291 670 2323 supra
702 2281 947 2315 fundamentum
972 2283 1146 2325 Apostolo-

1164 2348 1167 2367 t

449 2389 458 2412 1
483 2386 629 2421 Praecepta
657 2385 708 2412 fuit
734 2386 899 2413 continuatio
926 2387 1084 2414 visitationis
1113 2388 1146 2415 ab

411 2430 560 2458 Alexandro
581 2429 638 2457 Vlll
658 2430 763 2457 constit.
785 2430 849 2457 edit.
871 2438 968 2463 uncae,
992 2431 1035 2459 die
1058 2440 1084 2458 ix
1105 2432 1145 2459 fe-

412 2475 523 2506 bruarii,
536 2474 629 2509 pontif.
647 2480 653 2500 1
668 2483 673 2505 ;
691 2477 717 2500 et
733 2474 766 2500 ab
782 2475 832 2501 hoc
849 2474 988 2506 Pontit'ice,
1000 2476 1027 2502 in
1038 2476 1144 2503 constit.

412 2519 455 2545 cd.
479 2525 607 2549 sinerem,
623 2518 667 2544 die
683 2525 724 2545 xvi
740 2519 865 2551 ianuarii,
883 2520 977 2554 pontif.
992 2527 1019 2551 tt,
1036 2529 1147 2547 conces-

412 2572 457 2590 sae
478 2564 552 2590 tuere
567 2571 652 2589 novae
667 2563 805 2589 facultates
825 2565 1007 2591 cardinalibus
1027 2566 1145 2591 visitatu—

411 2607 495 2634 ribus.

1187 224 1341 251 ROMANUM

1189 285 1260 306 rum
1274 272 1453 312 aedificata,
1469 271 1610 306 omnium
1629 272 1662 305 in
1682 281 1715 305 se
1734 271 1847 305 oculos
1865 281 1923 305 un-

1189 327 1359 370 dequaque
1382 331 1565 367 convertat,
1592 336 1628 358 ex
1659 326 1695 358 ea
1718 326 1923 369 potissimum

1188 389 1254 411 non
1278 380 1383 411 solum
1407 378 1590 419 doctrinae,
1611 379 1668 412 sed
1692 379 1774 411 vitae
1802 389 1838 412 ac
1861 379 1923 412 vir-

1189 435 1291 463 tutum
1306 431 1450 464 omnium
1466 432 1613 474 exempla
1631 431 1663 464 in
1682 433 1823 475 reliquas
1841 432 1923 466 chri-

1188 483 1283 516 stiani
1307 483 1396 516 orbis
1420 484 1581 524 ecclesias,
1603 495 1739 527 quarum
1763 489 1864 520 mater
1891 491 1923 520 et

1188 536 1342 578 magistra
1366 541 1424 576 est,
1443 541 1573 579 oportet
1589 546 1794 579 promanare.
1809 538 1923 577 Quam-

1189 589 1234 622 vis
1272 589 1381 632 itaque
1421 599 1490 622 eam
1526 599 1621 630 esse,
1655 590 1828 624 miserante
1853 591 1920 625 Do-

1188 642 1304 682 mino,
1332 642 1476 676 eiusdem
1509 642 1602 675 Urbis
1636 643 1716 676 cleri
1748 649 1780 677 et
1810 645 1923 688 populi

1188 695 1342 738 pietatem
1374 700 1585 739 reputemus,
1609 701 1644 729 ut
1668 696 1788 730 Christi
1817 698 1923 731 bonus

1188 748 1270 781 odor
1294 748 1410 782 exinde
1428 749 1460 781 in
1479 754 1601 782 exteras
1619 759 1746 793 quoque
1771 751 1922 793 regiones

1189 800 1323 835 diffundi
1348 802 1468 845 possit,
1500 802 1727 843 nihilominus,
1750 803 1826 846 quia
1850 809 1924 847 post

1189 854 1284 897 primi
1310 855 1453 898 parentis
1485 856 1590 888 lahem
1623 866 1756 899 semper
1780 856 1819 889 ad
1843 857 1925 890 inse-

1188 907 1276 940 riora
1299 918 1358 940 nos
1383 907 1534 950 deprimit
1561 913 1692 941 nostrae
1717 908 1924 942 mortalitatis

1188 960 1369 1000 infirmitas,
1387 966 1419 993 et
1438 961 1544 993 carnis
1570 961 1743 1004 fragilitate
1763 962 1925 995 austerior

1189 1014 1347 1056 paulatim
1365 1013 1570 1046 observantia
1593 1015 1764 1055 relaxatur,
1790 1016 1876 1048 unde
1893 1020 1926 1048 et

1189 1065 1228 1098 de
1247 1066 1411 1099 mundano
1428 1068 1560 1109 pulvere
1576 1067 1671 1100 etiam
1690 1067 1842 1110 religiosa
1857 1078 1926 1102 cor-

1189 1118 1228 1151 da
1241 1119 1443 1158 sordescere,
1464 1124 1495 1152 et
1516 1119 1547 1151 in
1573 1130 1651 1162 agro
1669 1119 1796 1153 Domini
1813 1120 1924 1164 spinas

1188 1177 1219 1204 et
1248 1172 1382 1204 tribulos
1412 1172 1588 1205 identidem
1614 1173 1794 1215 germinare
1822 1175 1926 1217 quoti-

1188 1225 1284 1257 diana
1302 1226 1501 1268 experientia
1514 1226 1740 1269 perdocemur,
1766 1238 1925 1262 memores

1189 1288 1246 1310 nos
1260 1278 1332 1311 idco
1347 1278 1379 1310 in
1394 1278 1522 1311 sublimi
1542 1279 1819 1322 hocApostolicae
1833 1281 1925 1314 Sedis

1188 1331 1317 1373 fastigio
1346 1332 1540 1364 constitutos
1561 1337 1596 1364 ut
1625 1333 1721 1365 noxia
1747 1334 1926 1367 evellamus-

1188 1389 1282 1426 atque
1309 1384 1399 1417 utilia
1424 1385 1621 1426 plantemus,
1647 1385 1729 1419 nihil
1751 1397 1808 1420 nos
1838 1389 1924 1421 satu-

1188 1436 1276 1469 brius
1294 1436 1427 1478 aggredi
1443 1447 1537 1480 posse
1553 1437 1771 1479 cogitavimus,
1787 1450 1881 1482 quam
1896 1440 1924 1473 si

1187 1490 1248 1522 iam
1266 1500 1368 1532 usquc
1384 1500 1401 1522 a
1418 1490 1528 1532 primis
1543 1491 1610 1523 sere
1624 1491 1784 1525 Ecclesiae
1802 1499 1925 1536 tempo-

1188 1542 1275 1574 ribus
1302 1542 1472 1581 traditum,
1500 1549 1532 1575 et
1556 1543 1593 1575 ab
1620 1544 1689 1586 ipsa
1719 1548 1925 1579 sacrosancta

1187 1594 1373 1626 Tridentini}
1386 1594 1513 1637 Synodo
1534 1600 1700 1638 tantopere
1719 1598 1923 1631 commenda-

1189 1652 1265 1686 tum,
1286 1647 1440 1690 quodque
1459 1657 1523 1679 non
1542 1648 1646 1681 minus
1668 1649 1834 1692 sapienter
1851 1661 1924 1684 con-

1188 1701 1344 1740 stitutum,
1364 1711 1458 1743 quam
1485 1711 1517 1733 rc
1544 1707 1638 1743 atque
1656 1712 1714 1734 usu
1733 1703 1923 1746 frugiferum

1188 1758 1386 1796 compertum
1405 1763 1537 1796 semper
1562 1754 1622 1786 suit
1645 1765 1681 1787 ac
1713 1756 1852 1789 salutare
1870 1767 1925 1799 pa-

1187 1806 1316 1839 storalis
1347 1806 1541 1839 visitationis
1572 1807 1725 1841 auxilium
1751 1809 1925 1842 adhibere-

1187 1870 1281 1899 mus·,
1309 1870 1371 1902 qua
1397 1859 1525 1902 quidem
1551 1860 1710 1903 spirituali
1736 1861 1834 1894 veluti
1856 1863 1924 1896 eul-

1187 1911 1257 1945 turti
1282 1918 1314 1944 et
1339 1913 1488 1945 vitiorum
1513 1913 1645 1953 zizania,
1669 1925 1750 1956 quae
1767 1914 1925 1948 suffocant

1187 1970 1364 1997 sementem
1389 1965 1638 2008 patrisfamilias,
1658 1966 1875 2008 eradicentur,
1893 1973 1925 2001 et

1188 2018 1329 2053 uberior,
1344 2018 1557 2051 benedicente
1575 2018 1722 2060 Domino,
1745 2020 1839 2054 electi
1854 2031 1925 2054 san-

1188 2076 1310 2104 ctorum
1325 2081 1462 2113 operum
1480 2071 1632 2104 frumenti
1647 2072 1761 2105 messis
1777 2080 1920 2115 exurgat.

1188 2124 1227 2156 Ut
1244 2124 1340 2166 igitur
1365 2123 1489 2156 divinus
1511 2125 1542 2156 iu
1564 2123 1646 2157 Urbe
1665 2124 1805 2167 praefata
1819 2128 1923 2159 cultus

1188 2176 1426 2219 amplificetur,
1450 2177 1666 2210 ecclesiastica
1691 2178 1801 2211 floreat
1826 2179 1924 2212 disci-

1188 2231 1297 2273 plina,
1329 2229 1405 2263 boni
1431 2230 1598 2262 firmentur
1621 2241 1750 2271 moros,
1777 2232 1922 2275 corrupti

1188 2283 1412 2325 corrigantur,
1439 2283 1606 2326 omnisque
1638 2285 1778 2326 populus
1810 2285 1841 2317 in
1874 2283 1922 2317 via

1187 2336 1323 2375 Domini,
1341 2336 1551 2378 praelucente
1570 2337 1668 2376 clero,
1687 2337 1825 2370 feliciter
1847 2347 1923 2380 pro-

1188 2389 1378 2433 grediatur,
1409 2388 1525 2421 summi
1560 2395 1592 2422 et
1626 2390 1748 2422 aeterni
1781 2391 1921 2433 pastoris

1189 2443 1337 2486 exemplo
1357 2441 1492 2481 excitati,
1515 2442 1604 2474 cuius
1628 2442 1684 2474 illa
1709 2449 1783 2475 sunt
1804 2445 1919 2477 verba:

1188 2496 1263 2529 Ecce
1288 2506 1341 2538 eye
1357 2495 1523 2538 requiram
1542 2505 1611 2527 oties
1627 2506 1723 2535 meas,
1741 2500 1768 2528 el
1789 2496 1921 2530 visitabo

1188 2560 1238 2580 rus
1263 2548 1345 2580 sicut
1369 2547 1479 2580 visitat
1509 2552 1620 2590 pastor
1653 2558 1780 2591 yressem
1803 2559 1918 2590 suum,

1189 2602 1367 2641 stituiinus,
1385 2601 1449 2633 Deo
1476 2601 1583 2641 dante,
1613 2601 1698 2632 huni·
1724 2602 1920 2643 peculiarem

1925 222 1977 249 An.
1999 222 2029 250 C.
2046 222 2113 250 1093
