2254 3225
212 238 259 268 An,
280 237 307 264 e.
332 237 397 264 icae
443 227 506 261 75⁹2

401 286 458 319 sed
483 285 505 318 ii
532 284 757 319 tantummodo
794 285 843 319 ius
878 284 1055 318 accedendi
1081 285 1138 317 ha-

400 340 508 380 beant,
535 339 652 383 quibus
678 345 836 372 consueto
862 339 959 372 sortis
993 344 1136 381 tempore

402 403 473 426 sors
497 393 697 435 contigerit3
724 393 811 436 quod
832 393 857 425 si
874 392 981 435 aliqua
1006 402 1043 424 ex
1064 401 1138 423 cau-

402 447 444 486 sa,
471 456 694 490 quaecumque
720 446 777 479 illa
801 445 909 485 suerit,
932 446 1021 477 nulla
1046 453 1138 476 exce-

402 500 465 542 pta,
488 498 604 532 electio
620 498 742 531 vocalis
758 508 824 531 non
844 497 909 537 fiat,
925 502 957 529 et
977 501 1137 529 extractus

403 553 501 585 suerit
525 552 669 586 calculus
692 551 823 590 vocalis,
849 556 926 583 tunc
953 558 1059 592 neque
1083 558 1139 580 vo-

404 605 499 646 calis,
526 615 634 648 neque
666 603 868 647 praepositus
900 603 939 635 ad
964 601 1140 644 capitulum

404 659 557 702 generale
571 657 704 691 accedat
719 668 747 696 »3
762 656 929 689 decretum
944 664 1019 688 vero
1034 653 1141 686 huius-

403 712 491 746 modi
509 722 579 744 cum
599 710 781 744 executioni
799 709 942 742 nondum
969 707 1140 741 demanda-

403 771 472 799 tum
497 765 620 806 suisset,
649 774 687 797 eo
714 763 791 807 quia
824 763 946 796 formae
971 760 1139 794 electionis

404 818 561 852 vocalium
599 816 731 861 capituli
753 815 931 858 -generalis
956 814 1140 856 Congrega-

404 871 501 904 tionis
526 870 712 904 huiusmodi
742 879 828 902 anno
858 877 1025 902 noemin
1049 877 1142 910 prae-

404 924 542 967 scriptae
569 934 605 956 ac
638 933 655 955 a
680 921 783 955 felicis
811 920 1046 954 recordationis
1071 919 1141 953 Cle-

404 982 511 1010 mente
529 977 587 1009 PP.
606 975 646 1008 IX
670 975 925 1018 praedecessore
951 978 1064 1006 nostro
1082 983 1141 1016 per

405 1029 561 1073 quasdam
598 1038 673 1061 suas
711 1027 744 1060 in
782 1026 879 1060 simili
904 1027 1009 1059 forma
1030 1026 1139 1058 Brevis

403 1083 528 1116 litteras
563 1081 764 1124 approbatae
798 1080 1045 1120 adversabatur,
1081 1088 1142 1111 nec

403 1137 471 1169 ullo
495 1135 696 1178 apostolicae
722 1133 978 1167 confirmationis
1003 1131 1143 1176 patroci-

404 1189 459 1222 nio
495 1189 684 1221 roboratum
719 1186 967 1230 reperiebatur:
994 1184 1143 1218 definito-

404 1242 490 1275 rium
515 1241 667 1284 generale
692 1239 858 1273 novissimi
891 1239 1025 1282 capituli
1051 1248 1144 1280 gene-

404 1295 483 1329 ralis
523 1294 671 1327 eiusdem
710 1293 1000 1335 Congregafioffis,
1037 1291 1144 1334 agnita

405 1347 599 1382 necessitate
625 1347 657 1379 in
683 1347 753 1379 dies
790 1346 905 1379 maiori
938 1346 1058 1378 dictum
1091 1345 1145 1377 de-

405 1407 529 1436 cretum
547 1400 728 1434 executioni
747 1399 964 1432 demandandi
977 1399 1015 1431 ad
1030 1399 1144 1431 tollen-

407 1455 464 1488 das
499 1452 764 1497 perturbationes
800 1461 880 1495 quae
916 1451 949 1484 in
986 1451 1144 1493 gubernio

406 1506 611 1550 superiorum
630 1504 782 1537 localium
800 1503 984 1536 cessionem
998 1508 1144 1536 votorum

407 1559 468 1592 sibi
493 1569 510 1591 a
533 1558 699 1591 vocalibus
724 1555 970 1600 procurantium
997 1555 1075 1588 oriri
1095 1566 1146 1588 so-

409 1614 488 1653 lent,
515 1611 680 1644 mandavit
711 1616 748 1642 ut
771 1620 830 1654 pro
861 1610 949 1642 illius
975 1609 1146 1642 confirma-

411 1666 498 1699 tione
518 1664 697 1698 obtinenda
722 1663 816 1697 nobis
843 1663 1094 1706 supplicaretur.

453 1719 467 1762 g
484 1718 515 1750 ⁶2.
532 1718 609 1751 Cum
627 1722 744 1757 autem,
761 1717 844 1750 sicut
858 1716 970 1749 eadem
986 1715 1145 1759 expositio

409 1770 638 1813 subiungebat,
664 1774 864 1812 exponentes
890 1769 1037 1812 praefati,
1062 1770 1146 1801 ultra

409 1823 631 1868 supradictum
656 1823 752 1855 etiam
778 1822 841 1855 alia
867 1821 930 1855 duo
957 1822 1086 1855 decreta
1107 1822 1145 1854 ad

411 1876 621 1910 diminuenda
645 1875 864 1916 incommoda,
889 1885 971 1918 quae
997 1875 1146 1908 domibus

409 1929 614 1973 regularibus
646 1933 845 1961 memoratae
880 1927 1148 1971 Congregationis

410 1988 442 2017 et
461 1983 593 2016 illarum
609 1981 774 2014 vocalibus
789 1980 950 2020 eveniunt,
968 1991 1069 2024 aeque
1092 1991 1149 2013 ne-

412 2036 550 2069 cessaria
575 2034 725 2067 addenda
751 2044 822 2067 esse
848 2039 1011 2074 censeant,
1047 2044 1148 2066 unum

412 2088 543 2132 quidem
573 2093 672 2120 totam
704 2087 806 2130 ipsam
837 2086 1147 2129 Congregationem,

413 2144 551 2176 alterum
577 2151 655 2173 vero
690 2141 805 2173 domos
840 2141 1007 2182 regulares
1032 2140 1064 2173 S.
1090 2140 1150 2173 Sil-

413 2194 508 2228 vestri
532 2194 566 2226 in
590 2193 694 2226 Monte
711 2193 868 2231 Quirinali
894 2198 925 2225 et
949 2193 980 2226 S.
1001 2193 1149 2226 Andreae

415 2249 455 2281 de
490 2247 578 2280 Valle
610 2252 814 2290 nuncupatas
851 2247 889 2279 de
925 2246 1010 2279 Urbe
1047 2247 1149 2279 dictae

272 2311 363 2348 prinu-11¹1,
378 2310 403 2331 rie
415 2299 681 2343 Congregationis
698 2299 918 2342 respicientia:
936 2299 1077 2332 Primum
1093 2300 1151 2332 sci-

223 2338 500 2395 ?L‘i'iiiffliaf‘wmslicet,
526 2353 613 2397 quod
639 2352 861 2396 imposterum,
880 2353 913 2385 in
935 2353 1071 2394 singulis
1096 2353 1151 2386 do-

414 2409 521 2442 mibus
546 2407 656 2439 Italiae
684 2411 713 2439 et
735 2407 914 2439 insularum
936 2407 1149 2440 adiacentium

415 2462 466 2495 die
492 2472 515 2496 11
541 2460 736 2499 novembris,
763 2461 794 2492 in
819 2460 955 2503 reliquis
988 2471 1062 2493 vero
1094 2461 1152 2494 do-

413 2515 520 2548 mibus
547 2514 646 2546 totius
670 2513 940 2555 Congregationis
966 2513 1149 2547 huiusmodi

416 2569 468 2602 die
493 2568 597 2611 prima
621 2567 690 2600 iulii
716 2567 877 2599 mensium
896 2566 1072 2609 capitulum
1098 2577 1151 2609 ge-

414 2623 525 2655 nerale
552 2620 655 2654 dictae
678 2619 943 2663 Congregationis
972 2619 1149 2663 respective

244 1733 289 1751 Ami
306 1730 346 1750 ¹iuu
364 1729 399 1749 dt·-

217 1760 283 1778 creta.

982 235 1158 260 BULLARIUM
1184 235 1336 260 Romxmt

1915 230 1964 257 An.
1981 229 2011 258 C.
2035 227 2101 257 1¹29ss

1180 283 1455 328 praecedentium,
1483 282 1600 316 electio
1626 281 1747 315 vocalis
1769 291 1833 314 non
1852 290 1915 313 am·

1179 337 1264 381 plius
1288 338 1374 370 iuxta
1399 338 1534 370 sormam
1575 337 1660 369 sicut
1694 334 1914 379 praemittitur

1179 390 1410 434 praescriptam
1436 400 1471 423 ac
1503 401 1520 423 a
1547 394 1723 423 memorato
1747 388 1914 422 Clemente

1180 444 1432 486 praedecessore
1455 443 1668 486 approbatam
1692 441 1757 481 fiat,
1774 440 1830 474 scd
1848 440 1913 473 duo

1181 496 1304 537 calculi,
1330 506 1412 528 unus
1438 495 1529 528 albus
1554 494 1740 537 significans
1775 503 1915 537 praepo-

1181 548 1287 588 situm,
1314 549 1398 581 alter
1421 548 1515 591 niger
1539 548 1686 581 vocalem
1716 546 1914 589 significans,

1182 601 1214 633 in
1231 601 1362 634 urnam¹
1385 601 1576 641 mittantur;
1597 600 1683 643 quod
1701 599 1727 632 si
1747 599 1831 632 sorte
1856 599 1918 631 cal-

1182 655 1274 687 culus
1305 654 1398 696 niger
1429 658 1589 687 extractus
1626 652 1741 693 suerit,
1766 662 1804 685 eo
1841 662 1918 685 casu

1182 707 1330 747 subinde,
1355 717 1473 750 nempe
1499 706 1550 739 die
1582 717 1606 740 11
1630 706 1751 739 mensis
1777 704 1917 738 ianuarii

1182 761 1346 804 sequentis
1373 761 1405 793 in
1432 760 1580 794 domibus
1605 760 1715 793 Italiae
1740 764 1773 792 et
1795 757 1918 791 insula-

1183 824 1255 847 rum
1279 814 1505 853 adiacentium,
1532 814 1584 847 die
1619 823 1694 846 vero
1730 812 1834 856 prima
1869 822 1919 845 se-

1184 868 1311 911 quentis
1335 867 1454 900 mensis
1481 866 1676 910 septembris
1712 866 1746 899 in
1780 864 1916 909 reliquis

1184 921 1333 953 domibus
1358 920 1550 964 praedictis,
1577 919 1616 952 ad
1649 919 1841 953 electionem
1865 929 1920 952 vo-

1184 973 1262 1006 calis
1294 984 1383 1006 more
1415 972 1513 1006 solito
1545 971 1757 1012 deveniatur3
1784 971 1810 1004 si
1842 981 1918 1005 vero

1184 1026 1324 1058 calculus
1350 1026 1440 1058 albus
1475 1024 1661 1067 significans
1697 1023 1919 1067 praepositum

1185 1083 1343 1112 extractus
1368 1078 1471 1118 suerit,
1498 1088 1536 1111 eo
1561 1087 1635 1110 casu
1660 1077 1751 1109 nulla
1772 1076 1834 1109 alia
1859 1076 1919 1109 ele-

1185 1133 1247 1166 ctio
1272 1132 1345 1172 fiat;
1372 1136 1527 1172 ceterum,
1555 1141 1618 1174 quo
1644 1131 1675 1163 in
1699 1135 1784 1163 sorte
1810 1130 1921 1163 huius-

1186 1185 1272 1218 modi
1299 1189 1400 1217 totum
1425 1184 1590 1227 negotium
1614 1183 1755 1217 fideliter
1788 1193 1921 1227 peraga-

1187 1244 1247 1278 tur,
1284 1238 1368 1271 fraus
1407 1232 1448 1270 et*
1475 1237 1580 1271 omnis
1617 1237 1711 1270 dolus
1750 1236 1827 1270 inde
1859 1237 1919 1269 sub

1187 1292 1342 1326 nullitatis
1379 1302 1415 1324 ac
1450 1290 1794 1325 excommunicationis
1838 1291 1921 1323 latae

1188 1345 1367 1379 sententiae
1395 1345 1510 1389 poenis
1536 1345 1609 1388 ipso
1639 1345 1724 1377 sacto
1755 1343 1923 1376 incurren-

1189 1398 1236 1431 dis
1270 1398 1437 1441 prohibita
1480 1398 1566 1430 sint:
1605 1396 1788 1430 Secundum
1821 1406 1920 1437 vero,
1984 1434 1987 1436 ,
2083 1433 2088 1438 ,

1190 1452 1297 1495 quod,
1324 1462 1395 1484 cum
1434 1450 1538 1483 dictae
1576 1450 1691 1483 domus
1722 1449 1752 1482 S.
1778 1432 2116 1490 Silvestriffsssslssff’tssssg‘l'dl

1190 1510 1221 1537 et
1255 1504 1286 1537 S.
1314 1504 1461 1536 Andreae
1499 1503 1622 1535 duabus
1659 1501 1856 1545 provinciis,
1889 1485 2114 1533 indmwd'w‘m

1190 1567 1268 1601 quas
1286 1561 1351 1589 tota
1365 1555 1579 1598 Congregatio
1595 1555 1740 1598 praefata
1760 1554 1923 1594 dividitur,

1189 1619 1376 1643 communes
1407 1608 1493 1648 sint,
1518 1614 1549 1641 et
1573 1618 1728 1641 numerus
1764 1606 1924 1640 vocalium

1188 1664 1356 1706 utriusque
1392 1662 1578 1705 provinciae
1604 1661 1750 1704 aequalis
1777 1671 1848 1693 esse
1874 1660 1926 1693 de·

1189 1716 1284 1755 beat,
1308 1715 1474 1758 ideoque,
1502 1714 1576 1746 dum
1614 1713 1790 1756 aliquando
1824 1714 1926 1746 altera

1190 1771 1326 1802 alteram
1357 1767 1558 1811 provinciam
1596 1775 1732 1798 numero
1763 1765 1925 1798 vocalium

1191 1821 1377 1855 huiusmodi
1396 1825 1538 1863 superat,
1560 1829 1695 1852 necesse
1720 1818 1774 1859 sit,
1801 1823 1854 1850 aut
1874 1818 1926 1851 ali-

1191 1875 1246 1918 qui
1270 1885 1348 1907 voce
1375 1873 1476 1906 activa
1503 1879 1533 1906 et
1557 1872 1686 1916 passiva
1714 1871 1836 1915 absque
1861 1871 1927 1904 ulla

1191 1929 1334 1972 ipsorum
1360 1928 1455 1970 culpa
1479 1925 1624 1960 destituti
1649 1930 1848 1965 remaneant,
1873 1929 1928 1957 aut

1192 1981 1340 2024 superior
1365 1979 1540 2022 generalis,
1571 1989 1611 2011 ne
1646 1978 1797 2021 cuiquam
1833 1987 1928 2020 prae-

1192 2035 1346 2067 iudicium
1364 2033 1430 2073 siat,
1455 2038 1501 2065 tot
1527 2032 1697 2074 religiosos
1722 2041 1782 2074 per
1808 2041 1928 2063 annum

1192 2088 1353 2130 integrum
1387 2086 1479 2119 dictis
1507 2085 1673 2125 domibus,
1699 2095 1773 2117 cum
1808 2093 1927 2126 magno

1192 2141 1320 2174 illarum
1345 2138 1553 2172 incommodo
1569 2165 1576 2177 ,
1597 2147 1661 2170 non
1688 2137 1751 2170 alio
1776 2136 1839 2169 fine
1864 2136 1926 2168 nisi

1193 2199 1228 2226 ut
1251 2193 1410 2226 vocalium
1446 2191 1617 2233 utriusque
1656 2189 1841 2232 provinciae
1874 2199 1929 2221 nu-

1193 2257 1300 2280 merus
1326 2251 1475 2288 tempore
1509 2243 1680 2276 electionis
1715 2242 1834 2275 vocalis
1867 2253 1927 2285 pro

1194 2300 1336 2343 capitulo
1362 2297 1507 2341 generali
1526 2296 1567 2329 sit
1587 2295 1742 2338 aequalis,
1763 2294 1929 2338 assignare

1193 2358 1360 2393 teneatur,
1389 2351 1431 2384 ita
1457 2351 1487 2383 in
1522 2353 1690 2392 posterum
1723 2347 1777 2380 fiat
1808 2353 1844 2380 ut
1868 2359 1927 2391 pro

1194 2407 1317 2440 duabus
1342 2402 1558 2438 electiorilms
1590 2401 1623 2434 in
1650 2400 1742 2434 dictis
1778 2400 1930 2434 domibus

1194 2459 1264 2492 fieri
1289 2458 1394 2492 solitis
1417 2457 1546 2489 vocales
1578 2464 1693 2488 omnes
1728 2454 1823 2487 unius
1854 2465 1930 2497 pro-

1194 2512 1326 2552 vinciae,
1353 2510 1407 2554 qui
1433 2519 1493 2553 pro
1520 2512 1664 2551 tempore
1699 2507 1732 2539 in
1758 2507 1851 2540 dictis
1878 2508 1930 2540 do-

1193 2565 1298 2598 mibus
1324 2563 1543 2606 reperientur,
1566 2561 1695 2593 insimul
1715 2561 1927 2601 conveniant;

1982 1407 2073 1427 Alterum
2089 1405 2115 1426 de

1230 2628 1240 2654 1
1264 2625 1335 2653 Edit.
1354 2624 1432 2651 alain.
1451 2622 1515 2658 legit
1530 2629 1613 2649 unam
1635 2630 1682 2657 pro
1702 2630 1808 2650 urnam
1824 2624 1862 2657 (R.
1879 2622 1928 2657 T.).
