2227 3225
141 233 188 260 An.
211 232 238 258 C.
260 230 328 259 tuso

324 285 356 312 et
380 289 439 323 pro
469 283 615 321 ternpore
649 276 814 310 existentis
845 275 1063 317 Portugalliae

326 338 357 366 et
393 332 622 375 Algarbioruin
647 330 734 373 regis
772 329 911 362 consilio
949 333 980 361 et
1016 339 1064 360 as—

324 397 432 425 sensu,
457 396 493 418 ac
518 385 649 429 praevia
675 395 786 418 eorum
808 385 952 425 congrua
977 383 1064 415 dota-

326 439 423 478 tione,
449 438 684 482 quamprimum
705 437 774 470 sieri
800 436 928 480 poterit,
961 436 1065 477 erigat

326 497 358 525 et
381 491 545 532 instituat,
574 501 699 524 necnon
725 490 947 534 episcopalem
971 488 1064 520 iuris-

325 545 512 584 dictionem,
545 545 771 578 auctoritatem
802 548 835 576 ct
871 547 1062 586 potestatem

325 608 504 638 exercerc,
532 598 706 640 omniaque
739 602 771 630 et
806 596 954 638 singula,
981 605 1084 638 quae¹

326 652 467 692 ordinis,
494 661 642 695 quaeque
674 649 923 689 iurisdictionis,
951 654 982 682 et
1011 659 1065 681 cu-

326 704 460 737 iuslibet
501 703 638 737 alterius
680 703 824 736 muneris
867 701 1065 745 episcopalis

326 763 413 796 sunt,
440 763 471 790 et
496 768 578 800 quae
604 756 657 789 alii
685 763 747 788 tam
781 756 812 788 in
848 754 1063 796 Portugalliae

326 817 358 844 et
375 811 603 853 Algarbiorum
622 810 731 853 regnis
750 816 782 842 et
798 808 950 842 dominiis
969 818 1064 850 quain
1084 806 1086 810 ’

326 864 403 897 alibi
429 865 624 908 ubicumque
652 862 819 897 constituti
853 861 999 904 episcopi
1032 860 1065 892 in

326 918 391 952 suis
411 917 568 957 ecclesiis,
588 917 773 951 civitatibus
800 921 831 949 et
849 915 1065 953 dioecesibus,

327 973 367 1006 de
392 971 461 1004 iure
487 975 519 1004 et
543 970 791 1010 consuetudine,
808 969 858 1001 vel
884 968 962 1001 alias
988 977 1067 1010 quo-

327 1024 507 1057 modolibet
531 1034 568 1057 ex
592 1022 784 1067 privilegiis,
819 1020 929 1064 gratiis
963 1025 993 1052 et
1018 1019 1066 1051 in-

328 1077 425 1110 dultis
460 1088 496 1110 ac
532 1075 829 1119 dispensationibus
867 1072 1065 1116 apostolicis,

328 1140 549 1173 quaecumque
586 1129 706 1161 suerint
736 1128 833 1160 etiam
868 1136 928 1170 per
964 1124 1065 1158 alias¹

329 1182 525 1225 apostolicas
557 1182 604 1214 eis
635 1181 780 1224 desuper
814 1179 1003 1212 nominatim
1037 1183 1067 1210 et

329 1236 362 1268 in
387 1235 493 1278 specie
527 1232 720 1274 concessa2,
747 1233 938 1266 auctoritate
964 1237 995 1264 et
1024 1232 1067 1263 sa-

329 1290 448 1322 cultate
473 1287 593 1320 suffulti
619 1287 738 1326 facere,
763 1292 794 1319 et
818 1286 934 1328 quibus
954 1284 1002 1316 uti
1019 1294 1068 1316 so-

329 1342 398 1374 lent
435 1346 467 1385 et
502 1345 654 1383 possunt,
692 1338 930 1382 parisormiter,
965 1346 1066 1380 aeque

329 1394 573 1437 principaliter,
606 1398 638 1426 et
673 1393 797 1436 absque
832 1392 899 1424 ulla
932 1400 1067 1434 prorsus

330 1446 520 1487 differentia,
546 1446 682 1489 perinde
719 1456 756 1478 ac
791 1444 815 1477 si
842 1444 904 1476 sibi
937 1453 1066 1486 qnoque

329 1500 526 1534 nominatim
563 1505 595 1532 et
631 1499 664 1531 in
700 1498 808 1542 specie
844 1506 1001 1530 concessa
1037 1501 1068 1528 et

330 1564 484 1597 expressa
501 1553 655 1593 fuissent,
677 1551 801 1584 etiamsi
817 1552 893 1584 talia
905 1551 968 1583 sint
985 1559 1067 1593 qnae

331 1607 506 1650 specialem
534 1611 643 1639 notam
668 1610 699 1638 et
731 1605 934 1638 mentionem
958 1604 1067 1647 requi-

330 1666 403 1693 rant
435 1665 467 1693 et
498 1660 560 1693 suh
592 1659 737 1702 generali
766 1658 976 1692 concessione
1001 1667 1067 1690 non

330 1714 469 1753 veniant,
491 1713 523 1746 in
550 1714 608 1745 sua
632 1712 776 1745 dioecesi
800 1712 838 1744 de
865 1711 1000 1744 Nankim
1026 1710 1068 1742 sa-

331 1778 416 1807 cere,
433 1777 546 1810 gerere
565 1771 597 1799 et
621 1776 775 1799 exercere
800 1765 901 1799 libere
924 1770 955 1797 et
980 1764 1067 1797 licite

331 1821 434 1864 possit
458 1825 491 1853 et
515 1820 643 1859 debeat,
672 1830 708 1852 ac
739 1829 799 1862 pro
836 1824 980 1861 tempore
1005 1818 1068 1850 exi-

331 1873 429 1906 stenti
455 1872 704 1916 archiepiscopo
730 1871 890 1905 Goanensi
915 1872 986 1904 iure
1003 1881 1069 1903 me-

333 1927 534 1970 tropolitico,
560 1932 659 1970 prout
682 1931 756 1958 ante
781 1925 1019 1968 separationem
1038 1929 1069 1957 et

334 1979 656 2013 dismembrationem
681 1978 868 2011 huiusmodi
894 1978 1068 2017 existebat,

333 2032 446 2072 subsit,
462 2043 535 2065 cum
553 2032 630 2065 sede
649 2036 682 2065 et
698 2034 818 2070 mensa,
834 2031 972 2074 aliisque
993 2031 1070 2064 insi-

334 2085 418 2128 gniis
433 2084 683 2128 episcopalibus,
697 2095 825 2117 necnon
844 2085 1070 2128 praeeminen-

335 2138 387 2171 tiis
415 2144 447 2171 et
471 2137 672 2178 honoribus,
699 2137 895 2181 privilegiis,
921 2138 1071 2171 immuni-

334 2192 464 2231 tatibus,
480 2196 512 2225 et
525 2191 647 2234 gratiis
662 2191 887 2235 spiritualibus
902 2197 933 2224 et
951 2197 1071 2235 tempo-

334 2245 468 2286 ralibus,
488 2243 728 2288 personalibus,
745 2244 888 2278 realibus
907 2250 938 2278 et
955 2245 1069 2285 mixtis,

336 2299 452 2343 quibus
477 2303 604 2332 ceterae
625 2298 830 2332 cathedrales
849 2299 1005 2332 ecclesiae
1023 2310 1072 2332 re-

337 2362 475 2395 gnorum
507 2356 539 2385 et
575 2351 793 2385 dominiorum
829 2352 1071 2394 praedictorum

337 2405 486 2438 similiter
511 2404 550 2438 de
574 2404 646 2437 iure
677 2405 727 2437 vel
760 2405 992 2438 consuetudine
1019 2411 1073 2438 aut

337 2457 470 2501 speciali
495 2457 666 2501 privilegio
697 2468 754 2490 seu
786 2458 913 2491 indulto
942 2464 1073 2501 aposto-

337 2510 409 2551 lico,
440 2511 490 2544 vel
527 2510 605 2544 alias
640 2511 900 2554 quomodolibet,
924 2515 1070 2553 utuntur,

376 2581 386 2607 1
408 2580 503 2615 Aptius
522 2580 581 2616 lege
602 2581 714 2608 litteras
734 2589 781 2616 pro
802 2582 877 2608 alias
896 2584 934 2615 (R.
951 2582 1001 2617 τ.).

374 2624 392 2652 2
409 2623 479 2653 Edit.
495 2624 574 2654 Main.
591 2625 654 2660 legit
669 2633 810 2653 concessas
829 2627 866 2660 (R.
883 2625 931 2659 T.).

916 226 994 250 Marx
1005 225 1101 248 xxnnr.
1128 226 1182 249 vni
1209 227 1256 249 ΓΡ.
1764 220 1806 252 53

1107 275 1275 318 potiuntur
1300 279 1331 307 ct
1356 275 1514 317 gaudent,
1543 286 1576 306 ac
1601 276 1662 311 uti,
1690 278 1787 319 potiri
1814 283 1845 309 ct

1107 330 1248 371 gaudere
1276 334 1431 371 poterunt
1467 329 1714 371 quomodolibet
1743 331 1774 362 in
1800 332 1846 363 su—

1108 388 1234 423 turum,
1262 382 1301 414 (le
1333 382 1495 414 similibus
1526 382 1664 414 consilio
1701 388 1731 414 ct
1757 389 1847 425 pote-

1106 436 1195 468 statis
1220 435 1437 479 plenitudine,
1457 435 1636 478 apostolica
1653 437 1845 469 auctoritate

1106 489 1279 532 praedicta,
1291 489 1476 522 earumdem
1490 494 1601 521 tenore
1616 489 1846 531 praesentium,

1106 544 1203 576 etiam
1228 548 1386 586 perpetuo
1412 542 1565 585 erigimus
1584 548 1615 575 et
1631 542 1843 575 instituimus.

1149 596 1163 639 g
1187 595 1219 629 3.
1247 597 1289 628 Ac
1315 595 1420 628 eidem
1446 596 1493 628 sic
1525 601 1651 628 erectae
1684 595 1845 628 ecclesiae

1106 648 1264 692 oppidum
1298 649 1337 682 de
1371 648 1507 681 Nankim
1545 649 1590 681 sie
1621 649 1653 681 in
1685 648 1844 681 civitatem

1106 708 1249 735 erectum
1286 712 1346 745 pro
1379 702 1519 743 civitate,
1546 707 1578 734 et
1613 702 1676 734 alia
1711 702 1842 745 oppida,

1106 761 1229 796 castra,
1266 756 1376 795 villas,
1414 755 1578 788 territoria
1614 760 1641 787 et
1680 755 1845 788 districtus

1107 809 1212 842 dictae
1239 809 1397 842 dioecesis
1417 808 1674 848 Madxaonensis,
1692 807 1781 840 iuxta
1800 807 1846 840 di-

1106 862 1263 896 visionem
1288 873 1348 906 per
1373 862 1524 895 eumdem
1550 872 1670 904 regem,
1701 862 1750 894 vel
1784 861 1845 893 Ma-

1106 916 1338 956 chaonensem,
1354 926 1389 948 ac
1406 915 1444 948 de
1458 914 1605 955 Nauium,
1620 921 1651 946 et
1668 915 1706 947 de
1724 914 1846 954 Petam,

1107 969 1257 1002 similiter
1271 969 1303 1001 in
1318 968 1475 1001 civitatem
1493 967 1650 1010 erigendi,
1672 968 1846 1011 episcopos

1108 1023 1146 1056 de
1171 1022 1316 1056 eiusdem
1339 1022 1425 1065 regis
1450 1021 1678 1054 commissione
1704 1021 1789 1053 inter
1812 1030 1846 1053 se

1107 1074 1316 1115 faciendam¹,
1340 1085 1400 1118 pro
1421 1074 1575 1114 dioecesi,
1594 1084 1724 1107 necnon
1746 1074 1849 1106 eccle-

1107 1129 1251 1161 siasticas
1263 1138 1322 1171 pro
1335 1129 1434 1165 clero,
1446 1133 1477 1160 ct
1489 1128 1673 1160 saeculares
1686 1137 1846 1170 personas

1107 1181 1139 1213 in
1165 1181 1293 1214 civitate
1319 1185 1350 1213 ct
1386 1180 1525 1213 dioecesi
1560 1179 1751 1213 huiusmodi
1784 1191 1845 1223 pro

1109 1239 1255 1277 tempore
1281 1234 1438 1275 degentes
1464 1243 1522 1276 pro
1548 1234 1683 1276 populo,
1710 1234 1748 1266 de
1774 1244 1847 1266 con-

1107 1287 1188 1326 silio,
1215 1292 1375 1330 potestate
1402 1292 1432 1319 et
1458 1287 1649 1318 auctoritate
1669 1286 1843 1326 similibus,

1108 1341 1204 1372 etiam
1228 1344 1388 1382 perpetuo
1413 1339 1623 1371 concedimus
1650 1344 1682 1371 et
1706 1339 1848 1381 assigna-

1108 1403 1194 1433 mus,
1221 1392 1463 1434 civitatemque,
1491 1393 1611 1424 clerum
1637 1397 1668 1424 et
1691 1393 1846 1435 populum

1109 1445 1293 1478 huiusmodi
1320 1445 1476 1488 episcopo
1503 1444 1542 1477 de
1572 1444 1708 1476 Nankim
1740 1447 1846 1488 quoad

1109 1499 1340 1541 episcopalem,
1361 1503 1393 1530 et
1410 1497 1658 1540 archiepiscopo
1684 1497 1846 1531 Goanensi

1109 1562 1167 1596 pro
1194 1557 1342 1595 tempore
1360 1550 1511 1584 existenti
1531 1551 1637 1593 quoad
1656 1552 1848 1594 metropoli-

1109 1605 1205 1638 ticam
1230 1604 1430 1637 ordinariam
1456 1603 1713 1637 iurisdictionem
1743 1610 1774 1637 et
1798 1615 1848 1637 su-

1109 1659 1349 1702 perioritatem,
1368 1658 1407 1690 de
1427 1657 1585 1690 dictorum
1612 1657 1747 1690 fratrum
1772 1668 1847 1690 con-

1109 1713 1182 1746 silio
1207 1718 1239 1745 et
1262 1711 1430 1755 potestatis
1463 1711 1668 1754 plenitudine
1699 1711 1845 1754 paribus,

1110 1766 1206 1799 etiam
1230 1771 1392 1809 perpetuo
1418 1764 1620 1797 subiicimus.

1153 1820 1222 1863 §4
1260 1819 1394 1852 Necnon
1428 1828 1559 1851 mensae
1596 1818 1775 1861 episcopali
1809 1819 1847 1852 de

1109 1873 1246 1907 Nankim
1270 1871 1465 1911 huiusmodi,
1492 1881 1552 1914 pro
1578 1871 1646 1904 eius
1672 1872 1758 1912 dote,
1776 1872 1849 1905 red-

1111 1928 1195 1960 ditus
1212 1935 1337 1959 annuos
1358 1925 1612 1968 quingentorum
1631 1925 1850 1958 cruciatorum

1110 1985 1258 2013 monetae
1274 1978 1504 2020 Portugalliac,
1526 1977 1780 2020 quadringentos
1794 1980 1851 2012 du-

1111 2038 1198 2066 catos
1213 2032 1282 2064 anri
1295 2032 1335 2064 de
1348 2030 1482 2064 Camera
1498 2031 1778 2072 constituentium,
1793 2043 1850 2075 per

1111 2085 1215 2128 ipsum
1232 2084 1364 2117 Petrum
1385 2093 1494 2126 regem
1511 2083 1734 2126 assignandos,
1754 2095 1850 2127 quam

1112 2138 1245 2182 quidem
1269 2147 1427 2170 summam
1462 2136 1549 2169 idem
1581 2136 1692 2169 Petrus
1723 2147 1778 2170 rex
1811 2138 1851 2171 de

1112 2192 1178 2226 suis
1202 2195 1234 2224 et
1257 2200 1317 2234 pro
1340 2195 1485 2233 tempore
1510 2189 1718 2223 existentium
1740 2191 1852 2224 Portu-

1113 2245 1264 2289 tugalliae
1289 2248 1321 2277 et
1345 2243 1573 2286 Algarbiorum
1598 2253 1710 2286 regum
1736 2243 1850 2277 huius-

1112 2299 1200 2332 modi
1232 2297 1329 2331 bonis
1355 2297 1496 2340 gratiose
1529 2301 1560 2329 et
1590 2296 1851 2331 irrevocabiliter

1113 2353 1152 2386 ad
1177 2353 1264 2385 hunc
1288 2350 1434 2384 effectum
1459 2350 1590 2384 donavit
1615 2356 1647 2383 et
1667 2351 1792 2391 obtulit,
1814 2362 1851 2385 ac

1113 2407 1241 2439 solvere
1266 2403 1438 2448 quotannis
1463 2402 1616 2446 promisit
1638 2413 1693 2436 seu
1717 2404 1851 2447 promit-

1115 2459 1161 2499 tit,
1182 2468 1218 2491 ex
1235 2463 1324 2497 tunc,
1342 2460 1440 2500 prout
1456 2466 1494 2489 ex
1512 2457 1548 2489 ea
1569 2455 1619 2489 die
1638 2461 1670 2489 et
1686 2466 1721 2489 ex
1740 2466 1826 2489 nunc
1839 2457 1850 2473 ²

1114 2515 1284 2554 postquam
1309 2508 1465 2552 assignati
1494 2508 1623 2550 suerint,
1648 2514 1683 2541 ut
1706 2509 1850 2554 praeser-

1150 2582 1161 2607 1
1184 2580 1250 2607 Male
1264 2579 1330 2607 edit.
1345 2579 1426 2607 Maia.
1441 2579 1503 2615 legit
1518 2579 1644 2614 faciendi
1658 2580 1697 2614 (n.
1714 2580 1764 2614 Τ.).

1148 2625 1165 2652 2
1180 2625 1307 2661 Legerem
1320 2627 1410 2660 prout
1425 2633 1460 2652 eac
1475 2633 1550 2652 nunc
1565 2627 1592 2653 et
1602 2632 1638 2652 ex
1648 2625 1680 2651 εᾰ
1692 2624 1736 2652 die
1750 2626 1786 2659 (R.
1799 2624 1846 2658 r.)-

1853 229 1900 255 An⁴
1923 230 1952 256 C.
1974 230 2039 256 mtto

1881 608 1970 629 Termini
1981 610 2001 630 di
2019 616 2040 630 o·

1857 642 1911 654 cesis
1927 636 1976 656 durii
1997 643 2039 662 epi-

1857 665 1964 688 scopans.

1885 1827 1972 1848 Mensae
