2227 3225
150 256 198 282 An.
216 255 244 281 C.
267 255 334 282 1696

919 254 1127 279 INNOCENTIUS
1152 255 1194 278 xtt
1217 255 1266 278 1³1³.

343 304 382 337 de
407 303 516 336 Pekim
543 309 574 336 et
604 303 738 336 Nankiin
767 303 946 346 respective
978 303 1076 335 deuo-

341 357 553 396 minarentur,
573 362 603 390 et
620 357 652 389 iu
678 356 723 390 eis
751 356 1076 397 ecclesias,beatissi-

342 419 411 441 mae
435 408 559 452 Virgini
591 409 707 442 Mariae
730 410 904 453 utrobique
934 409 1074 449 dicatas,

341 460 375 493 in
392 461 595 495 cathedrales
618 463 768 496 ecclesias
788 464 846 495 sub
872 462 1076 495 invocatione

343 513 489 547 eiusdem
503 514 864 557 beatissimael'irginis,
878 526 937 558 pro
951 515 1076 547 duobus

342 567 516 610 episcopis,
533 578 597 602 uno
621 568 746 601 seilicet
770 568 955 608 Pekinensi,
975 568 1076 600 altero

342 629 421 653 vero
445 620 643 654 Nankineusi
673 622 852 664 respective
888 631 1077 664 nuncupan-

343 672 392 705 dis
410 699 418 712 ,
446 673 501 717 qui
528 674 590 706 illis
614 679 821 717 praeessent,
855 685 891 707 ac
927 673 1098 706 ecclesias

342 724 430 767 ipsas
451 726 489 759 ad
509 726 644 759 sormam
669 727 905 760 cathedralium
924 725 1078 759 ecelesia-

342 788 413 811 rum
438 779 543 822 redigi
569 780 721 820 facerent,
740 780 800 812 sub
821 780 915 813 certis
934 780 1028 813 modo
1047 784 1078 812 et

343 830 444 863 forma
466 836 541 865 tunc
558 833 731 876 expressis,
753 832 901 865 similiter
917 837 1076 876 perpetuo

342 882 445 915 erexit
468 887 500 916 et
524 883 681 924 instituit;
701 894 736 916 ac
756 883 875 917 eisdem
901 883 945 916 sic
962 883 1076 916 erectis

342 940 374 968 et
393 935 550 969 institutis
575 936 721 970 ecclesiis
747 937 868 980 oppida
885 936 1075 980 supradicta,

342 987 374 1021 in
400 988 564 1029 civitates,
590 989 673 1023 sicut
697 989 929 1033 praemittitur,
956 995 1074 1029 crecta,

341 1051 401 1085 pro
426 1041 627 1083 civitatibus,
643 1042 705 1076 alia
719 1053 794 1075 vero
813 1043 943 1086 oppida,
963 1048 1075 1082 eastra,

342 1093 453 1135 villas,
480 1095 645 1128 territoria
670 1101 700 1128 et
725 1096 888 1129 districtus
917 1095 1077 1128 dioecesis

343 1145 601 1189 Machaonensis,
629 1148 715 1181 iuxta
740 1148 931 1182 divisionem
957 1159 1015 1191 per
1032 1149 1077 1181 di-

343 1205 430 1233 ctum
455 1201 583 1234 Petrum
616 1211 725 1244 regem
753 1202 803 1235 vel
839 1212 898 1245 per
930 1201 1076 1234 Machao—

343 1263 479 1287 nensem
496 1265 532 1287 ac
549 1254 765 1288 Pekinensem
783 1260 814 1288 et
837 1255 1076 1288 Nankinensem

344 1307 516 1350 episcopos
542 1308 582 1340 de
600 1308 701 1351 ipsius
719 1308 804 1341 Petri
823 1309 907 1351 regis
932 1308 1078 1341 commis-

343 1360 436 1393 sione
451 1360 535 1393 inter
548 1371 581 1394 se
596 1360 854 1404 faciendam,pro
873 1361 1077 1394 dioecesibus

343 1411 455 1445 itidem
472 1418 634 1456 perpetuo
653 1413 811 1446 concessit
835 1419 866 1446 et
887 1413 1074 1456 assignavit.

343 1464 443 1498 Porro
478 1465 599 1499 mensis
639 1465 880 1509 episcopalibus
920 1466 1075 1499 dictarum

343 1517 556 1551 ecclesiarum
584 1518 623 1551 de
656 1518 766 1551 Peltim
796 1524 828 1550 et
858 1517 992 1551 Nanlzim
1018 1529 1076 1562 pro

342 1570 517 1604 cuiuslibet
541 1581 653 1604 earum
677 1571 751 1604 dote
776 1571 920 1604 redditus
952 1582 1077 1604 annuos

343 1623 595 1667 quingentorum
609 1624 825 1658 cruciatorum
840 1631 990 1661 monetae
1005 1625 1077 1658 Por-

343 1677 505 1719 tugalliae,
529 1677 782 1721 quadringentos
800 1679 933 1712 ducatos
948 1678 1017 1711 auri
1038 1679 1076 1712 de

343 1731 471 1763 camera
487 1730 764 1770 constituentium,
783 1741 843 1774 per
860 1731 1008 1764 eumdem
1025 1731 1077 1764 Pe·
1097 1739 1098 1759 l

344 1786 430 1814 trum
451 1792 559 1825 regem
580 1782 805 1825 assignandos,
825 1794 861 1816 ex
883 1790 959 1816 tune
979 1788 1078 1826 prout

343 1840 517 1878 postquam
532 1835 684 1878 assignati
698 1835 1001 1876 fuissent,similiter
1011 1847 1078 1879 per·
1097 1838 1098 1843 ’

343 1892 442 1931 petuo
467 1888 641 1931 applicavit
660 1893 691 1921 et
715 1889 956 1932 appropriavit3
983 1899 1018 1921 ac
1035 1889 1078 1921 in-

344 1950 443 1985 super
468 1941 575 1974 eidem
592 1940 688 1974 Petro
710 1947 741 1974 et
758 1951 816 1985 pro
843 1947 989 1985 tempore
1015 1942 1078 1974 exi-

344 1993 503 2026 stentibus
539 1993 755 2036 portugalliae
785 1999 817 2027 et
852 1993 1077 2036 Algarbiorum

344 2046 476 2090 regibus
500 2046 743 2090 iuspatronatus
770 2057 825 2080 seu
846 2047 1077 2090 praesentandi

344 2099 405 2132 sibi
431 2105 462 2133 et
486 2099 631 2133 Romano
656 2099 804 2133 Pontifici
840 2111 900 2144 pro
934 2105 1078 2143 tempore

345 2153 495 2186 existenti
520 2153 559 2186 ad
584 2153 736 2186 ecclesias
761 2153 799 2186 de
824 2153 933 2186 Pelzim
950 2160 981 2187 et
998 2153 1080 2186 Nan-

345 2206 410 2240 kim
427 2207 617 2250 praedictas,
636 2212 699 2240 tam
717 2209 753 2240 ea
769 2207 875 2251 prima
894 2207 971 2248 vice,
984 2218 1079 2251 quam

345 2260 473 2303 quoties
501 2261 572 2294 illas
605 2261 758 2304 deinceps
795 2261 890 2294 etiam
916 2261 999 2304 apud
1026 2261 1080 2294 Se-

346 2313 419 2346 dem
443 2314 620 2357 praefatam
646 2324 758 2347 vacare
779 2313 977 2356 contigisset,
997 2314 1080 2346 intra

346 2376 474 2407 annum,
496 2367 537 2400 ob
558 2368 704 2400 locorum
716 2367 910 2407 distantiam,
925 2373 987 2399 tam
1006 2367 1080 2400 iude

347 2429 443 2462 quam
460 2431 477 2454 a
494 2421 545 2454 die
570 2421 801 2465 cuiuscumque
827 2420 999 2454 vacationis
1022 2421 1080 2453 hu-

346 2470 484 2507 iusmodi
515 2474 692 2518 respective
717 2475 981 2518 computandum,
1006 2485 1081 2518 per-

348 2535 446 2559 sonas
471 2528 648 2561 secundum
673 2538 839 2561 sacrorum
864 2538 1024 2561 canonum
1051 2533 1081 2561 et

1747 245 1809 278 765

1118 302 1223 344 ipsum
1249 302 1466 335 Alexandrum
1502 303 1791 345 praedecessorem
1821 307 1853 335 et

1118 365 1178 398 pro
1204 360 1350 398 tempore
1368 356 1555 389 existentem
1574 355 1753 388 Romanum
1771 356 1853 388 Pon-

1120 407 1235 440 tilicetu
1269 408 1308 441 ad
1337 408 1631 451 praesentationem
1668 408 1852 441 huiusmodi

1119 460 1353 503 praeficiendus
1379 461 1501 505 pariter
1525 466 1683 504 perpetuo
1708 472 1853 494 reserva-

1119 512 1162 545 vit
1185 519 1216 546 et
1241 514 1420 555 concessit3
1439 519 1471 548 et
1488 514 1578 553 alias,
1597 519 1695 557 prout
1718 514 1749 546 in
1770 513 1854 546 binis

1120 566 1262 600 eiusdem
1275 567 1448 601 Alexandri
1463 566 1725 611 praedecessoris
1739 566 1855 600 litteris

1120 619 1262 664 desuper
1279 621 1337 653 sub
1355 621 1497 664 plumbo,
1516 631 1546 654 1v
1564 621 1636 654 idus
1651 619 1762 663 aprilis
1779 618 1855 651 anni

1119 672 1354 706 incarnationis
1379 673 1559 706 dominicae
1592 682 1699 706 1⁸11)ch
1725 671 1856 715 expedi-

1120 725 1180 765 tis,
1207 736 1341 768 quarum
1375 730 1504 759 tenores
1534 725 1763 769 praesentibus
1794 734 1853 767 pro

1118 779 1215 821 plene
1242 783 1274 812 et
1298 778 1497 812 sufficienter
1522 778 1683 822 expressis
1703 782 1734 810 et
1759 777 1856 810 inser-

1121 831 1159 864 tis
1185 831 1300 864 haberi
1326 833 1484 873 volumus,
1503 832 1633 875 plenius
1654 831 1852 864 continetur.

1119 882 1262 917 Subinde
1287 895 1362 917 vero
1381 885 1566 928 (postquam
1592 884 1696 917 dictus
1722 884 1856 916 Alexan-

1120 937 1176 970 der
1200 938 1432 980 praedecesso‘:
1457 937 1602 971 ecclesiis
1628 938 1667 971 de
1692 937 1801 970 Pekim
1824 941 1856 969 et

1120 991 1158 1023 de
1176 989 1310 1023 Nankim
1335 990 1530 1034 supradictis
1556 991 1595 1024 de
1620 990 1771 1034 personis
1795 989 1856 1023 sibi

1120 1048 1151 1075 et
1169 1048 1244 1075 tunc
1270 1043 1483 1077 existentibus
1509 1044 1540 1077 S.
1567 1043 1604 1076 R.
1627 1043 1661 1076 Ε.
1685 1042 1857 1076 cardinali-

1119 1095 1177 1127 bus
1202 1096 1243 1128 ob
1270 1106 1405 1129 suorum
1436 1096 1631 1139 exigentiam
1664 1095 1855 1128 meritorum

1120 1148 1273 1191 acceptis,
1294 1154 1325 1182 et
1345 1160 1425 1192 quas
1451 1154 1647 1182 memoratus
1671 1149 1783 1182 Petrus
1800 1159 1855 1181 rex

1120 1201 1148 1234 ei
1176 1201 1215 1234 ad
1243 1202 1303 1234 lioc
1334 1213 1393 1245 per
1417 1213 1489 1235 suas
1515 1203 1641 1236 litteras
1667 1207 1856 1245 praesenta-

1120 1260 1215 1295 verat,
1239 1256 1276 1288 de
1303 1256 1490 1289 eorumdem
1516 1256 1729 1289 cardinalium
1755 1255 1857 1289 consi-

1119 1307 1163 1340 lio
1200 1309 1389 1342 auctoritate
1430 1309 1608 1353 apostolica
1643 1308 1852 1352 providerat,

1119 1360 1257 1404 illasque
1291 1362 1438 1394 ecclesiis
1470 1363 1501 1394 in
1528 1362 1700 1405 episcopos
1734 1362 1855 1404 praese-

1119 1418 1204 1446 cerat
1237 1419 1268 1446 et
1299 1419 1464 1456 pastores,
1495 1424 1625 1454 curam,
1652 1414 1798 1456 regimen
1824 1419 1856 1446 et

1120 1466 1433 1499 administrationem
1469 1467 1612 1509 ipsarum
1645 1466 1854 1499 ecclesiarum

1120 1518 1157 1551 de
1176 1518 1285 1551 Pekim
1311 1524 1343 1551 et
1367 1519 1405 1551 de
1430 1518 1566 1551 Nankim
1593 1518 1688 1551 eisin
1707 1519 1855 1562 spiritua-

1119 1571 1202 1604 libus
1227 1576 1259 1605 et
1284 1571 1517 1614 temporalibus
1544 1571 1690 1614 plenarie
1716 1572 1857 1605 commit-

1121 1624 1242 1667 tendo),
1260 1625 1349 1665 facta,
1368 1624 1450 1658 sicut
1462 1624 1656 1668 accepimus,
1674 1635 1731 1668 per
1748 1624 1857 1667 ipsum

1121 1677 1249 1710 Petrum
1264 1688 1387 1719 regem,
1409 1677 1520 1720 vigore
1547 1677 1707 1710 facultatis
1731 1677 1790 1710 sibi
1816 1678 1855 1710 ab

1120 1730 1235 1764 eodem
1250 1731 1434 1763 Alexandro
1449 1730 1701 1773 praedecessore
1720 1735 1754 1762 ut
1768 1740 1857 1773 prae-

1121 1784 1219 1816 fertur
1232 1783 1415 1823 attributae,
1431 1783 1588 1816 divisione
1606 1783 1799 1826 supradicta,
1818 1783 1857 1816 de

1120 1836 1250 1875 Polum,
1277 1837 1425 1878 Xantung
1458 1841 1489 1868 et
1514 1836 1703 1878 Leoatung,
1729 1845 1855 1868 necnon

1121 1889 1216 1921 Xausi
1234 1916 1241 1929 ‚
1267 1889 1390 1928 Nonan,
1417 1889 1515 1921 Xensi
1541 1894 1573 1922 et
1595 1889 1756 1929 Juchuen,
1784 1899 1855 1922 cum

1120 1941 1231 1974 insulis
1249 1947 1280 1974 et
1302 1942 1396 1977 terris
1414 1941 1647 1981 adiacentibus,
1665 1941 1855 1982 I‘ekiuensi3

1121 1994 1159 2027 de
1171 1993 1305 2026 Nankim
1319 2004 1404 2033 vero,
1416 1994 1585 2036 Cliikiang,
1599 1993 1731 2034 Fokieu,
1745 1994 1858 2035 Kiaug-

1121 2046 1156 2086 si,
1183 2046 1358 2089 Huguang,
1383 2045 1549 2083 Queiclieu
1575 2052 1606 2078 et
1627 2046 1766 2079 Junaum
1785 2057 1857 2089 pro-

1120 2099 1244 2132 vinciae
1271 2099 1346 2131 dicti
1365 2098 1455 2140 regni
1473 2098 1633 2139 Sinarum,
1651 2109 1724 2131 cum
1742 2098 1856 2131 insulis

1121 2152 1232 2185 itidem
1258 2151 1501 2191 adiacentibus,
1526 2152 1721 2185 Nankinensi
1749 2163 1858 2196 respe-

1122 2206 1204 2239 ctive
1225 2206 1386 2249 episcopis
1403 2206 1586 2248 praedictis,
1605 2216 1664 2248 pro
1683 2206 1859 2241 cuiuslibet

1098 2293 1100 2307 Ι
1122 2271 1235 2294 eorum
1261 2260 1412 2299 dioecesi,
1438 2260 1618 2304 praemisso
1635 2287 1642 2300 ‚
1669 2270 1724 2292 seu
1751 2260 1857 2292 forsan

1098 2309 1100 2323 ⁴
1123 2314 1186 2346 alio
1211 2313 1347 2354 veriori,
1373 2324 1468 2357 quem
1492 2313 1605 2346 iisdem
1630 2313 1857 2356 praesentibus

1098 2344 1100 2404 i
1122 2378 1181 2411 pro
1207 2377 1358 2410 expresso
1385 2366 1499 2400 haberi
1525 2366 1675 2399 similiter
1699 2367 1854 2405 volumus,

1123 2421 1221 2454 modo
1258 2421 1446 2464 praefinita,
1477 2420 1659 2462 assignatae
1696 2429 1858 2453 remanse-

1124 2479 1211 2506 runt.

1167 2528 1182 2570 g
1206 2526 1237 2560 ⁶2.
1266 2526 1343 2560 Cum
1367 2531 1487 2564 autem,
1509 2526 1591 2559 sicut
1617 2535 1682 2558 non
1699 2525 1768 2559 sine
1791 2536 1857 2558 ma=

1859 255 1906 280 Au.
1925 254 1952 280 C.
1977 254 2025 278 1139
2038 254 2043 277 l

1928 894 2047 920 E=»=111==.1.1‹i

1910 928 1975 940 *1¹4¹<VN'
2013 927 2048 941 tid·

1904 931 1907 941 ι
1967 938 1969 940 .

1867 949 1995 968 >(ϊ,1-ιιι.1ιιι“.

1888 2532 2049 2553 Disnimnhratio

1868 2562 1888 2578 et
1918 2565 2047 2583 runiutiaiu,

348 2577 483 2612 Concilii
517 2580 697 2614 Tridentini
731 2582 935 2615 decretorum
973 2581 1081 2624 dispo-
1123 2581 1205 2615 xima
1230 2580 1328 2613 animi
1354 2581 1456 2613 nostri
1482 2579 1703 2613 consolatione
1734 2579 1925 2622 paritorum
1943 2586 2036 2608 runi-10³.

348 2632 498 2666 sitiouem
531 2633 663 2668 idoneas
701 2635 814 2669 iisdem
842 2634 986 2669 ecclesiis
1022 2645 1081 2678 per

1125 2633 1340 2678 acccepimus,
1368 2636 1495 2667 strenua
1523 2638 1552 2666 et
1581 2632 1733 2666 laudabili
1761 2642 1857 2665 cvan-
