2227 3225
139 215 186 241 An.
203 215 231 243 C.
256 215 322 242 ¹690

520 264 683 292 Alexander
703 264 783 297 Papa
803 263 882 295 VIII,

444 309 479 335 ad
500 312 677 343 perpetuam
700 308 745 334 rei
771 308 954 334 memoriam.

374 371 390 413 ἓ
410 370 440 403 l.
463 371 550 409 Cum,
570 370 651 402 sicut
675 369 871 413 accepimus,
898 370 1068 412 quamplu-
1088 389 1090 398 i

333 424 435 457 rimae.
460 430 491 457 et
527 434 605 456 sane
643 423 848 465 gravissimae
886 433 1066 465 expensae,

331 488 409 519 quas
430 477 593 520 hospitale
611 476 714 514 sancti
736 475 865 508 loannis
885 475 1068 517 Hierosoly-

330 530 452 569 mitani,
478 530 564 562 iuxta
590 529 765 562 laudabilia
787 528 888 572 ipsius
910 529 1066 566 instituta,

331 588 396 616 tam
417 594 474 626 pro
492 583 631 616 assiduis
659 582 888 625 hospitalitatis
906 582 1021 615 ossieiis
1036 581 1067 614 in

332 637 498 680 proximos
512 635 714 675 exercendis,
726 646 820 678 quam
832 646 891 678 pro
907 635 1068 667 diuturnis

332 691 371 723 ad
397 690 577 722 catholicae
603 688 677 721 fidei
697 689 922 721 defensionem
942 693 973 721 et
994 699 1069 731 pro-

332 743 539 786 pagationem
565 742 718 775 adversus
740 741 908 774 christiani
927 741 1067 774 nont'nis

333 796 445 828 hostes
465 796 616 838 gerendis
635 795 731 828 bellis
750 795 912 827 sustinere
931 795 1066 836 cogitur,

333 855 440 882 certos
466 849 610 882 eiusdem
641 849 813 892 hospitalis
840 848 1008 888 redditus,
1036 848 1067 880 in

332 902 640 941 contributionibus,
669 902 950 945 responsionibus,
983 901 1069 934 aliis-

333 967 395 999 que
421 957 534 999 quovis
555 956 686 989 nomine
705 956 896 998 mmcupatis
914 955 1068 988 oneribus

332 1019 391 1051 per
415 1010 564 1052 priores,
591 1008 748 1042 baluliros
778 1019 813 1040 ae
838 1013 1066 1051 praeceptores

333 1072 389 1094 seu
404 1062 698 1095 conunendatarios
708 1061 783 1094 dicti
798 1061 971 1104 hospitalis
984 1072 1068 1094 com-

332 1115 421 1147 muni
461 1116 588 1148 aerario
627 1115 728 1158 ipsius
773 1115 943 1158 hospitalis
989 1114 1066 1147 solvi

333 1169 507 1207 consuetis,
533 1179 569 1201 ae
593 1169 713 1201 dudum
738 1179 836 1211 super
860 1167 1066 1211 prioratibus,

332 1222 556 1254 baiulivatibus
582 1227 614 1255 et
637 1222 882 1265 praeceptoriis,
909 1232 963 1254 seu
981 1232 1068 1254 com-

333 1275 459 1306 mendis
488 1275 658 1317 hospitalis
684 1275 818 1317 praefati
842 1275 951 1316 vigore
970 1280 1068 1306 statu-

334 1332 438 1358 torum
467 1337 523 1359 sen
547 1327 840 1361 stabilimentorum
862 1338 897 1360 ac
917 1327 1067 1359 ordinum

331 1379 558 1422 capitularium
584 1380 729 1413 eiusdem
761 1379 930 1422 hospitalis
958 1385 1068 1411 aucto-

330 1432 425 1464 ritate
452 1432 630 1475 apostoliea
656 1432 932 1472 confirmatorum,
958 1442 1014 1464 seu
1036 1442 1067 1464 a·

330 1485 388 1517 lias
414 1485 604 1518 auctoritate
629 1486 772 1528 praefata
802 1485 962 1528 impositis
991 1495 1067 1517 eon-

331 1538 492 1576 sistentes,
517 1540 612 1581 longe
638 1540 812 1571 excedant:

135 1600 319 1651 ΡΓΊΜΗῐζὮὴᾟιῡιιικ
375 1592 389 1634 ξ
413 1591 444 1623 9..
464 1592 538 1632 Nos,
558 1592 702 1625 eiusdem
723 1592 893 1635 hospitalis
911 1591 1066 1625 indemni-

135 1640 317 1700 ἓιξῖέρᾙωῑκςια
331 1646 395 1684 tati,
432 1656 468 1677 ao
500 1646 612 1686 simul,
639 1657 680 1678 ne
707 1646 885 1679 maioribus
909 1646 1065 1679 oneribus

134 1687 466 1752 ‘gffariunnmfiss‘e’spriores,
478 1698 609 1731 baiulivi
621 1710 656 1731 ac
669 1705 900 1742 praeceptores
915 1710 971 1731 seu
987 1710 1066 1731 com-

164 1748 168 1752 ’
328 1752 523 1784 mendatarii
549 1753 694 1795 praefati,
722 1753 771 1785 liis
796 1753 988 1796 praesertim
1014 1764 1066 1785 ea-

328 1804 485 1837 lamitosis
523 1806 746 1848 temporibus,
785 1810 1063 1848 praegraventur,

329 1863 484 1900 quantum
506 1868 579 1890 cum
604 1858 739 1891 Domino
759 1869 941 1902 possumus,
959 1859 1065 1902 provi-

328 1910 405 1942 dere
421 1910 576 1950 volentes,
592 1916 678 1943 motu
692 1911 840 1953 proprio,
864 1915 895 1943 et
916 1921 953 1943 ex
978 1913 1063 1944 certa

327 1963 463 1996 scientia
481 1974 516 1996 ae
533 1966 656 1996 matura
677 1964 915 1997 deliberatione
934 1964 1063 2004 nostris,

327 2016 432 2059 deque
448 2017 646 2059 apostolicae
662 2017 832 2060 potestatis
849 2017 1062 2059 plenitudine,

326 2079 367 2101 ne
389 2069 428 2101 de
446 2075 556 2102 cetero
575 2080 712 2112 magnus
737 2070 906 2113 magister,
928 2081 963 2103 ac
988 2081 1064 2103 eon-

326 2128 453 2162 ventus,
480 2122 607 2162 fratres,
624 2123 804 2163 consilium,
822 2123 995 2166 capitulum
1011 2135 1063 2166 ge-

325 2177 458 2216 nerale,
484 2181 515 2209 et
538 2176 602 2209 alia
627 2176 802 2209 tribunalia
827 2187 1061 2220 quaecumque,

325 2229 446 2262 aliaeve
476 2229 643 2272 quaelibet
671 2229 782 2273 quavis
808 2229 1063 2272 praeeminentia

326 2287 357 2314 et
373 2287 533 2325 potestate
550 2283 722 2325 fungentes
747 2293 926 2326 personae,
952 2284 1063 2326 hospi-

325 2335 398 2368 talis
412 2335 549 2378 praefati
567 2337 625 2368 sub
640 2336 754 2379 quovis
775 2337 921 2380 quaesito
938 2338 1060 2377 colore,

326 2391 422 2421 causa
446 2390 494 2422 vel
520 2395 700 2432 praetextu,
725 2390 845 2432 absque
870 2392 983 2423 nostra
1007 2401 1062 2423 seu

326 2441 462 2474 Romani
478 2442 642 2475 Pontifieis
657 2453 715 2486 pro
732 2449 879 2486 tempore
894 2444 1062 2476 existentis

325 2494 477 2535 licentia,
511 2495 777 2535 constitutiones,
811 2497 1060 2539 responsiones,

327 2547 452 2589 aliaque
466 2558 566 2580 onera
580 2550 734 2591 praefata,
744 2560 842 2592 super
854 2550 1061 2592 prioratibus,

325 2599 562 2640 bainus-atibus,
580 2603 814 2645 praeceptoriis
830 2613 885 2635 seu
900 2613 1062 2636 commen-
1082 2619 1084 2631 ι

164 382 230 401 (lausa
244 383 320 403 consti-

138 411 175 428 tuti
193 415 232 429 uis.

140 776 153 786 n

918 214 1105 239 ALExaxmztt
1131 214 1186 238 vili
1211 215 1257 237 ΓΡ.

1770 209 1805 241 71

1111 262 1167 299 dis,
1183 267 1214 294 et
1231 261 1302 294 aliis
1321 262 1576 306 quibuscumque
1601 265 1768 299 benefieiis
1791 269 1847 301 lio-

1110 314 1234 357 spitalis
1247 316 1417 358 praedicti,
1433 322 1465 347 ut
1480 317 1668 358 praefertur,
1683 319 1844 361 imposita,

1111 379 1231 410 augere
1250 369 1298 401 rel
1318 369 1509 408 diminuere,
1533 380 1588 402 seu
1609 375 1643 401 ut
1668 378 1847 413 augeantur

1111 431 1163 453 seu
1182 420 1403 453 diminuantur
1429 422 1617 463 permittere
1635 429 1688 455 aut
1712 435 1847 458 consen-

1112 473 1169 506 tire
1182 474 1321 506 audeaut
1337 484 1391 506 seu
1412 479 1627 517 praesumant,
1642 476 1701 508 snb
1720 487 1847 510 excom-

1110 527 1337 560 municationis
1355 528 1437 560 latae
1456 529 1635 561 sententiae
1661 532 1767 572 poena
1791 541 1848 573 per

1110 580 1382 614 contrafacientes
1404 592 1442 614 eo
1468 582 1538 624 ipso
1564 583 1690 625 absque
1716 583 1776 615 alia
1796 584 1834 615 de

1110 633 1285 666 elaratione
1311 633 1518 675 incnrrendd,
1549 640 1661 667 tenore
1696 646 1847 678 praesen-

1112 687 1188 718 tium
1206 686 1434 720 interdicimus
1457 692 1489 720 et
1509 688 1734 731 prohibemus.
1756 690 1847 721 Prae-

1112 746 1212 780 terea,
1246 741 1331 783 quod
1364 741 1403 773 de
1435 746 1545 774 cetero
1577 742 1845 783 contributiomts,

1110 793 1356 836 responsiones,
1395 794 1522 837 aliaque
1554 805 1653 827 onera
1682 795 1846 837 praedicta

1111 846 1272 879 communi
1299 847 1422 880 aerario
1448 847 1524 880 dieti
1551 848 1729 891 hospitalis,
1752 854 1848 891 prout

1112 900 1266 933 hactenus
1292 901 1501 933 observatum
1519 901 1589 941 suit,
1611 902 1745 934 omnino
1764 902 1846 935 solii

1110 953 1260 993 debeant,
1280 954 1466 986 earumdem
1492 959 1604 986 tenore
1628 955 1847 996 praesentium

1110 1007 1280 1039 statuimus
1306 1012 1338 1040 et
1362 1007 1562 1040 ordinamus.

1154 1061 1168 1103 g
1192 1060 1224 1093 3.
1252 1060 1439 1093 Mandantes
1463 1067 1638 1103 propterea
1664 1060 1790 1094 dilectis·
1812 1060 1847 1092 1]-

1110 1113 1161 1146 liis
1188 1125 1304 1155 magno
1334 1114 1488 1156 magistro
1525 1120 1556 1146 et
1595 1114 1733 1147 consilio
1770 1115 1845 1147 dicti

1111 1167 1304 1209 hospitalis,
1340 1168 1557 1210 omnibusmie
1582 1168 1674 1207 aliis,
1699 1169 1737 1201 ad
1764 1179 1845 1211 quos

1110 1225 1234 1262 spectat.
1268 1226 1299 1252 et
1324 1231 1383 1262 pro
1421 1226 1566 1263 tempore
1603 1222 1774 1264 spectabit,
1812 1227 1847 1254 ut

1111 1273 1240 1305 easdem
1264 1280 1454 1315 praesentes
1479 1275 1602 1307 litteras
1627 1275 1658 1307 in
1684 1276 1846 1308 cancella-

1111 1324 1155 1356 ria
1181 1325 1326 1357 eiusdem
1354 1326 1523 1369 hospitalis
1555 1327 1713 1371 recipiant
1737 1334 1769 1361 et
1793 1329 1846 1361 ad-

1110 1378 1238 1410 mittant
1261 1390 1297 1411 ae
1322 1379 1516 1421 registrent,
1542 1381 1711 1424 recipique
1737 1388 1768 1414 et
1792 1382 1847 1415 ad-

1110 1431 1192 1463 mitti
1229 1443 1264 1464 ae
1297 1432 1460 1474 registrari
1497 1439 1610 1466 curent
1639 1440 1670 1466 et
1703 1435 1844 1475 saciant,

1111 1495 1146 1517 ac
1170 1484 1384 1518 decernentes
1414 1485 1502 1529 ipsas
1533 1493 1725 1530 praesentes
1759 1489 1845 1521 litte-

1110 1547 1181 1577 ras,
1209 1538 1295 1571 etin
1328 1539 1373 1571 eis
1407 1545 1563 1572 contenta
1598 1551 1843 1584 quaecumque,

1111 1591 1149 1623 de
1190 1591 1413 1634 subreptionis
1455 1594 1505 1625 vel
1550 1593 1754 1636 obreptionis
1790 1601 1845 1627 atu

1110 1643 1267 1676 nullitatis
1292 1645 1378 1682 vitio,
1416 1656 1470 1678 sen
1504 1651 1634 1679 nostrae
1668 1652 1723 1678 aut
1752 1647 1844 1680 Sedis

1110 1697 1318 1739 Apostolicae
1344 1698 1544 1738 intentionis,
1565 1700 1613 1732 vel
1639 1711 1846 1744 quocumque

1109 1750 1171 1782 alio
1189 1750 1315 1783 defectu
1330 1752 1447 1792 notari,
1469 1753 1631 1795 redargui,
1650 1754 1843 1796 impugnari,

1108 1802 1140 1835 in
1165 1803 1213 1836 ius
1240 1805 1289 1837 vel
1315 1805 1566 1838 controversiam
1599 1808 1755 1846 revocari,
1790 1813 1844 1839 aut

1108 1857 1263 1890 adversus
1289 1858 1360 1891 illas
1387 1859 1614 1902 quodcumque
1640 1859 1732 1899 iuris,
1768 1860 1843 1892 sacti

1107 1912 1154 1943 vel
1181 1911 1302 1953 gratiae
1328 1912 1506 1944 remedium
1525 1912 1691 1955 impetrari
1710 1913 1843 1946 minime

1107 1975 1220 2007 posse,
1254 1965 1364 2007 sieque
1397 1966 1436 1997 ab
1469 1965 1620 1998 omnibus
1655 1966 1780 1999 censeri
1813 1972 1844 1999 et

1106 2028 1164 2061 per
1193 2029 1414 2061 quoscumque
1444 2018 1567 2051 iudices
1596 2020 1779 2053 ordinarios
1813 2026 1846 2052 et

1107 2072 1294 2113 delegatos,
1324 2071 1421 2104 etiam
1443 2082 1613 2104 causarum
1635 2073 1746 2115 palatii
1768 2084 1844 2116 apo-

1106 2125 1211 2158 stolici
1244 2125 1429 2165 auditores,
1457 2135 1492 2157 ac
1517 2136 1740 2169 quaecumque
1767 2126 1842 2159 dicti

1106 2179 1275 2221 hospitalis
1310 2178 1494 2218 tribunalia,
1520 2189 1649 2211 necnon
1681 2180 1712 2213 S.
1741 2180 1778 2212 R.
1805 2180 1840 2213 E.

1106 2232 1297 2271 cardinales,
1324 2232 1421 2265 etiam
1448 2233 1486 2264 de
1512 2233 1613 2265 latere
1635 2233 1773 2275 legatos,
1801 2234 1842 2266 di-

1105 2291 1240 2328 ctaeque
1266 2286 1357 2318 Sedis
1383 2285 1528 2325 nuntios,
1552 2291 1583 2318 et
1607 2286 1738 2328 quosvis
1763 2287 1842 2320 alius

1106 2348 1307 2380 quacumque
1340 2339 1533 2371 auctoritate
1560 2339 1743 2381 fungentes,
1770 2339 1843 2371 sub-

1105 2393 1168 2424 lata
1194 2392 1240 2424 eis
1272 2398 1304 2424 et
1328 2402 1440 2425 eorum
1462 2392 1596 2425 cuilibet
1617 2393 1728 2435 quavis
1749 2392 1843 2426 aliter

1105 2445 1269 2477 iudicandi
1300 2451 1332 2478 et
1361 2446 1600 2488 interpretandi
1626 2447 1774 2478 facultate
1810 2452 1843 2478 et

1105 2499 1310 2538 auctoritate,
1339 2498 1475 2530 iudicari
1501 2503 1533 2531 et
1557 2498 1685 2531 definiri
1711 2499 1840 2537 debere,

1105 2561 1140 2582 ac
1164 2550 1292 2582 irritum
1317 2556 1349 2583 et
1372 2551 1468 2583 inane
1493 2551 1519 2583 si
1547 2562 1638 2583 secus
1664 2561 1762 2593 super
1792 2550 1841 2582 liis

1105 2614 1122 2635 a
1152 2615 1330 2646 quoquam,
1364 2605 1473 2646 quavis
1500 2604 1703 2644 auctoritate,
1741 2603 1843 2636 scien-

1857 219 1904 243 An.
1922 217 1950 244 C.
1975 219 2040 248 ¹090

1883 1075 2005 1097 cumulas.
