2227 3225
157 225 206 251 An.
222 223 251 251 C.
272 223 340 251 ¹695

200 916 336 937 Confirmatio

153 943 214 964 rel-iti
229 944 317 965 decreti.

183 2444 303 2467 clausulae.

927 217 1140 242 INNOCENTIUS
1165 219 1211 243 xit
1233 220 1281 243 Pt’.

348 279 406 303 nas
430 267 526 301 alicui
552 266 591 300 de
616 264 768 309 negando
801 264 954 308 sum-agio
979 266 1086 298 inten-

348 327 465 360 tantes,
491 330 613 364 poenas
638 319 670 352 in
696 319 882 363 apostolicis
908 324 939 352 et
956 318 1085 351 Ordinis

348 373 639 408 constitutionibus
664 378 832 405 contentas
857 372 1033 412 incurrant,
1053 382 1086 403 a-

347 427 466 470 liisque
488 427 527 459 ad
553 425 722 459 arbitrium
747 425 887 458 ministri
915 426 964 458 vel
991 435 1086 467 prae-

346 481 403 514 lati
429 480 592 523 generalis
609 479 796 521 gravissime
814 478 1002 522 puniamur.
1023 477 1086 510 no-

347 543 433 573 mae,
459 533 493 565 in
518 538 680 566 conventu
705 537 816 565 nostro
843 531 1082 570 Aracaelitano‚

349 585 400 619 die
425 596 443 619 v
464 585 591 627 augusti
616 594 755 618 iincxcv.
782 584 894 617 Frater
919 584 1086 616 Boxum-

350 649 433 672 ‘rt'na
450 638 588 672 Poiiruus
605 638 756 671 minister
773 637 937 679 generalis
955 642 985 669 et
1004 646 1085 668 com-

347 691 514 725 missarius
539 692 750 735 apostolicus.
770 691 813 723 De
838 690 990 723 mandato
1007 699 1084 721 suae

347 746 555 790 paternitatis
583 745 876 778 reverendissimae
906 744 1003 776 frater
1027 743 1086 775 Lu-

349 808 487 832 novicus
511 808 551 831 DE
577 809 614 831 LA
641 798 751 831 Torum
777 797 969 831 secretarius
990 806 1086 839 gene-

347 853 424 886 ralis
450 852 578 885 Ordinis
604 864 634 884 i.

391 905 406 948 §
431 904 462 937 ⁶2.
489 905 566 938 Cum
586 910 704 945 autem,
727 904 809 937 sicut
833 903 1029 947 guardianus
1055 907 1085 935 et

348 958 482 991 discreti
509 957 645 1001 praefati
672 957 767 990 nobis
786 958 892 990 denuo
910 966 1012 999 nuper
1030 966 1084 988 ex-

346 1011 425 1056 poni
447 1012 603 1051 fecerunt,
619 1010 679 1054 ipsi
700 1011 866 1043 decretum
884 1009 1083 1048 huiusmodi,

348 1075 412 1108 quo
437 1064 561 1096 firmius
598 1064 751 1096 subsistat
785 1069 816 1096 et
846 1069 990 1096 servetur
1016 1073 1085 1095 exa-

347 1117 652 1161 ctius‚apostolicae
674 1116 928 1149 confirmationis
953 1121 1084 1149 nostrae

346 1171 528 1216 patrocinio
554 1170 748 1204 communiri
775 1180 981 1213 summopere
1008 1168 1087 1201 desi-

347 1225 478 1258 derent:
504 1234 573 1260 nos.
593 1224 679 1266 ipsos
707 1228 909 1266 exponentes
936 1222 1085 1266 speciali-

347 1279 408 1312 bus
435 1278 597 1312 savoribus
622 1285 653 1312 et
677 1278 788 1320 gratiis
806 1278 961 1321 prosequi
980 1278 1088 1310 volen-

348 1337 414 1371 tes,
442 1337 474 1364 et
509 1341 621 1364 eorum
658 1330 839 1373 singulares
874 1340 1032 1374 personas
1069 1340 1086 1361 a

348 1383 516 1427 quibusvis
535 1382 888 1423 excommunicationis,
906 1382 1087 1425 suspensio-

347 1436 398 1469 nis
420 1441 452 1469 et
483 1435 668 1475 interdicti,
693 1435 830 1478 aliisque
856 1435 1086 1468 ecelesiasticis

347 1488 520 1521 sententiis
536 1515 544 1529 ,
571 1488 718 1521 censuris
743 1494 774 1521 et
808 1488 923 1531 poenis
940 1515 947 1528 ,
974 1499 991 1520 a
1016 1488 1085 1520 iure

345 1543 396 1576 vel
432 1543 472 1575 ab
509 1542 654 1582 homine,
692 1542 803 1585 quavis
838 1542 1010 1575 occasione
1037 1543 1086 1574 vel

346 1597 441 1629 causa
465 1596 548 1633 latis,
573 1595 598 1628 si
620 1595 739 1638 quibus
764 1595 1014 1638 quomodolibet
1039 1595 1087 1626 in-

346 1649 486 1682 nodatae
513 1649 664 1688 existunt,
693 1649 731 1681 ad
759 1647 907 1681 effectum
933 1659 1086 1692 praesen-

347 1701 428 1734 tium
464 1702 630 1734 dumtaxat
667 1702 943 1744 consequendum,
971 1702 1085 1734 harum

347 1754 432 1787 serie
457 1754 662 1787 absolventes
689 1759 722 1786 et
743 1754 910 1787 absolutas
930 1755 998 1787 sore
1016 1765 1087 1786 cen-

347 1811 468 1847 sentes,
493 1806 788 1850 supplicationibus
813 1817 926 1839 corum
952 1807 1084 1839 nomine

347 1859 441 1892 nobis
466 1870 566 1902 super
591 1859 653 1892 lioc
677 1859 844 1892 humiliter
863 1860 1022 1902 porrectis
1041 1860 1086 1892 in-

349 1912 474 1952 clinati,
513 1912 678 1945 decretum
716 1912 956 1955 praeinsertum
981 1923 997 1944 a
1022 1923 1086 1945 me-

347 1970 473 1997 morato
487 1964 635 1997 ministro
650 1965 795 2007 generali
811 1965 943 2003 editum,
955 1970 986 1996 ut
997 1975 1087 2008 prae-
1107 1967 1109 1978 ¹

347 2017 460 2056 fertur,
498 2027 569 2049 cum
595 2017 746 2049 omnibus
771 2020 800 2050 et
825 2016 959 2059 singulis
991 2017 1022 2049 in
1048 2028 1085 2049 eo

347 2070 509 2102 contentis
534 2076 567 2103 et
591 2070 768 2113 expressis,
796 2070 986 2103 anctoritate
1012 2080 1108 2114 apo-¹

347 2123 471 2163 stolica‚
485 2128 599 2156 tenore
614 2124 845 2167 praesentium,
861 2123 1087 2156 confirmamus
1107 2139 1109 2147 v

347 2182 380 2210 et
404 2178 635 2220 approbamus,
654 2177 766 2220 illique
785 2177 983 2210 inviolabilis
1009 2189 1087 2221 apo·
1107 2174 1109 2191 ⁷

1107 2227 1109 2250 1
1130 2231 1209 2274 ipsis
1226 2231 1451 2274 praesentibus
1469 2231 1492 2263 si
1512 2230 1618 2263 forent
1635 2230 1799 2263 exhibitae
1817 2230 1865 2263 vel

346 2229 484 2263 stolicae
511 2229 672 2262 firmitatis
697 2231 797 2263 robur
829 2231 1023 2270 adiicimns3
1050 2242 1087 2263 ac

347 2292 460 2315 omnes
478 2288 510 2315 et
527 2283 674 2325 singulos
695 2283 772 2316 iuris
789 2289 821 2316 et
838 2283 908 2316 sacti
928 2284 1083 2325 desectus,

347 2335 375 2367 si
399 2335 454 2379 qui
473 2336 615 2379 desuper
640 2336 890 2380 quomodolibet
909 2337 1086 2370 intervene-

347 2387 423 2427 rint,
448 2390 648 2432 supplemus.

392 2442 408 2484 ἓ
428 2441 460 2476 3.
486 2442 720 2484 Deceruentes,
746 2443 876 2477 easdem
894 2449 1086 2487 praesentes
1107 2461 1109 2480 1

348 2493 476 2528 litteras
501 2506 633 2539 semper
664 2496 792 2532 firmas.
817 2497 940 2530 validas
965 2502 997 2530 et
1022 2498 1087 2530 esti-

350 2557 442 2580 caces
460 2549 600 2582 existere
618 2554 649 2582 et
666 2550 746 2591 sore,
762 2561 904 2594 suosque
922 2551 1086 2594 plenarios
1107 2570 1109 2579 ‹

351 2605 383 2634 et
406 2600 550 2644 integros
574 2602 706 2636 effectus
732 2603 840 2637 sortiri
871 2610 903 2637 et
925 2604 1084 2644 obtinere,

1760 212 1823 245 715

1126 277 1163 299 ac
1187 267 1262 307 illis,
1277 267 1317 299 ad
1342 278 1424 310 quos
1449 272 1574 311 spectat
1591 273 1622 301 et
1637 279 1696 312 pro
1715 274 1860 312 tempore

1127 320 1398 363 quandocumque
1424 321 1596 363 spectabit,
1614 322 1644 353 in
1662 323 1812 354 omnibns
1830 327 1861 354 et

1127 382 1186 414 per
1209 372 1316 405 omnia
1341 373 1531 416 plenissime
1556 374 1741 415 suffragari,
1769 380 1797 405 et
1823 374 1861 406 ab

1128 426 1174 458 eis
1198 426 1379 469 respective
1418 426 1651 459 invielabiliter
1683 427 1859 466 observari,

1127 480 1239 522 sicque
1271 479 1301 511 in
1339 479 1529 522 praemissis
1556 490 1614 522 pcr
1639 489 1861 522 quoscumque

1127 532 1252 564 iudices
1285 532 1467 565 ordinarios
1505 537 1535 565 ct
1566 532 1742 574 delegatos,
1768 532 1863 564 etiam

1128 596 1297 618 causarum
1333 585 1443 628 palatii
1480 585 1651 628 apostolici
1677 585 1862 625 auditores,

1127 639 1264 672 iudicari
1298 644 1328 672 ct
1362 639 1489 672 deliniri
1516 639 1653 677 debere,
1679 649 1713 671 ac
1738 638 1863 670 irritum

1128 697 1159 724 et
1182 693 1290 732 inane,
1308 692 1333 724 si
1351 702 1446 724 secus
1464 702 1564 734 super
1583 691 1634 724 bis
1653 702 1668 723 a
1690 701 1862 734 quoquam,

1127 745 1241 788 quavis
1262 745 1466 783 auctoritate,
1488 745 1630 777 scienter
1647 745 1697 777 vel
1715 745 1866 786 ignoran-

1129 802 1189 837 ter,
1216 797 1388 839 contigerit
1412 797 1578 829 attentari.

1171 851 1186 894 ἓ
1211 850 1242 883 4.
1266 850 1333 883 Non
1352 850 1556 883 obstantibus
1576 849 1864 882 constitutionibus
1901 864 2056 884 canu-:mmm

1128 908 1159 935 et
1182 902 1443 935 ordinationibus
1474 902 1671 945 apostolicis,
1694 908 1734 941 et,
1754 892 1992 945 quate-‘¹⁴'¹⁰⁸⁸‘¹⁰'

1127 966 1187 988 nus
1212 966 1292 999 opus
1317 956 1365 992 sit,
1393 955 1520 987 Ordinis
1554 961 1585 988 et
1610 955 1795 998 provinciae
1828 966 1863 988 ar,

1127 1015 1346 1041 conventuum
1371 1008 1624 1051 praedictorum,
1654 1008 1767 1040 aliisve
1795 1008 1864 1050 qui-

1128 1062 1247 1101 busvis,
1280 1062 1376 1095 etiam
1403 1062 1594 1101 iuramento,
1620 1061 1864 1094 confirmatione

1128 1115 1317 1158 apostolica,
1340 1116 1388 1148 rel
1414 1115 1524 1158 quavis
1549 1114 1699 1146 firmitate
1727 1113 1787 1147 alia
1814 1124 1866 1146 ro-

1128 1168 1259 1207 boratis,
1275 1168 1402 1200 statutis
1426 1174 1457 1200 et
1475 1167 1775 1206 consuetudinibus,
1802 1166 1866 1209 pri-

1130 1221 1255 1263 vilegiis
1281 1231 1421 1264 quoque,
1444 1220 1576 1253 indultis
1602 1225 1634 1253 et
1651 1220 1766 1253 littoris
1790 1230 1867 1262 apo-

1129 1275 1253 1308 stolicis
1298 1275 1328 1306 in
1370 1274 1570 1307 eontrarium
1610 1273 1865 1317 praemissorum

1130 1328 1375 1372 quomodolibet
1400 1327 1586 1367 concessis,
1614 1326 1809 1359 confirmatis
1834 1330 1867 1358 et

1129 1381 1311 1421 innovatis;
1339 1381 1456 1423 quibus
1482 1380 1632 1413 omnibus
1657 1385 1687 1411 et
1712 1378 1863 1420 singulis,

1129 1434 1261 1467 illorum
1286 1439 1414 1466 tenores
1438 1433 1665 1476 praesentibus
1684 1442 1742 1474 pro
1766 1433 1864 1474 plene

1131 1492 1162 1519 et
1186 1487 1385 1519 sufficienter
1409 1486 1570 1529 expressis
1603 1496 1638 1517 ac
1668 1485 1707 1517 ad
1732 1484 1864 1516 verbum

1130 1539 1261 1572 insertis
1288 1538 1534 1578 babentes‚illis
1551 1538 1630 1571 alias
1649 1538 1679 1570 in
1699 1548 1755 1570 suo
1775 1537 1868 1569 robo-

1129 1602 1162 1625 re
1181 1592 1412 1635 permansuriS,
1442 1592 1481 1624 ad
1506 1592 1761 1635 praemissorum
1792 1589 1867 1622 cll'e-

1129 1652 1225 1685 ctum,
1254 1646 1314 1678 hac
1337 1645 1403 1678 rice
1429 1645 1600 1683 dumtaxat,
1631 1644 1816 1686 specialiter
1837 1648 1868 1675 et

1130 1709 1282 1741 expresse
1315 1699 1545 1740 derogamuss;
1581 1697 1761 1739 ceterisque
1787 1705 1866 1728 ron-

1130 1752 1238 1784 trariis
1264 1753 1534 1795 quibuscumque.

1173 1805 1243 1847 35.
1277 1805 1432 1838 Volumus
1466 1810 1572 1837 autem
1607 1809 1641 1836 ut
1679 1803 1866 1836 earumdem

1128 1858 1349 1900 praesentium
1367 1858 1546 1891 litterarum
1568 1857 1789 1900 transumptis,
1810 1867 1867 1889 seu

1130 1911 1294 1954 exemplis,
1316 1912 1410 1944 etiam
1441 1911 1616 1954 impressis,
1646 1921 1741 1943 manu
1771 1911 1867 1943 alicu-

1129 1964 1177 1996 ius
1202 1964 1320 1998 notarii
1339 1964 1460 2007 publici
1485 1964 1683 2006 subscriptis,
1703 1970 1734 1996 et
1757 1963 1866 2005 sigillo

1129 2027 1287 2059 personae
1312 2017 1344 2049 in
1371 2017 1588 2050 ecclesiastica
1609 2017 1766 2059 dignitate
1791 2027 1867 2049 eon-

1130 2070 1257 2103 stitutae
1294 2071 1446 2110 munitis,
1481 2071 1594 2103 eadem
1628 2081 1761 2113 prorsus
1787 2071 1866 2103 fides

1130 2129 1192 2156 tam
1224 2124 1256 2156 in
1290 2123 1410 2156 iudicio
1442 2134 1536 2166 quam
1571 2129 1660 2156 extra
1691 2123 1772 2156 illud
1797 2123 1867 2156 uhi-

1130 2188 1190 2220 que
1212 2178 1357 2210 locorum
1384 2176 1552 2216 habeatur,
1581 2187 1662 2219 quae
1688 2177 1867 2209 haberetur

1870 221 1916 247 Λη.
1934 220 1961 247 C.
1985 221 2051 247 ¹005

1930 1815 1991 1836 Fide<
2007 1818 2061 1836 tran.

1875 1846 2012 1868 sinnptornru.

1107 2292 1109 2327 ξ
1129 2289 1291 2317 ostensae.

1107 2528 1110 2551 l

1107 2554 1110 2568 l

1172 2338 1285 2370 Datum
1310 2337 1452 2377 Romae,
1477 2337 1564 2380 apud
1591 2337 1622 2370 S.
1649 2337 1779 2370 Mariam
1805 2337 1869 2370 Ma—

1128 2391 1240 2430 iorem,
1267 2390 1327 2423 sub
1354 2391 1474 2423 annulo
1506 2389 1693 2429 piscatoris,
1725 2390 1777 2422 die
1804 2400 1867 2424 xxu

1129 2443 1324 2487 septembris
1350 2452 1488 2483 uncxcv,
1517 2442 1727 2486 pontificatus
1759 2442 1866 2475 nostri

1128 2507 1214 2530 anno
1239 2506 1270 2530 v.

1164 2558 1211 2585 Dat
1242 2558 1285 2586 die
1300 2558 1333 2585 22
1348 2557 1514 2594 septembris
1531 2557 1608 2588 1695,
1626 2556 1720 2592 pontif.
1737 2563 1807 2583 anno
1824 2561 1849 2581 v.
