2254 3225
210 267 260 293 An.
283 266 311 293 e.
330 265 396 293 1699
444 256 507 291 868

230 329 263 349 Cla
270 329 350 349 asulae.

984 266 1164 291 BULLARIUM
1187 266 1342 291 11οΜΑΝ11Μ
1933 265 1982 292 An.
1999 265 2028 292 c.
2051 264 2119 293 1699

1224 316 1391 349 Μίνιονιωη
1410 316 1514 350 sancti
1533 315 1704 350 Francisci
1723 315 1922 350 Conventua-

1228 369 1341 403 lium'.

440 316 455 360 g
478 316 510 350 3.
537 316 765 357 Decernentes,
792 316 920 350 easdem
947 322 1139 360 praesentes

397 369 522 403 litteras
549 380 679 413 semper
703 370 823 411 firmas,
843 369 964 403 validas
984 374 1015 402 et
1034 370 1139 402 effica-

397 434 449 456 ces
469 423 607 456 existere
626 429 657 456 et
675 424 760 463 sore,
777 433 916 466 suosque
930 422 1095 466 plenarios
1110 427 1139 454 et

397 477 541 519 integros
567 476 698 510 eftectus
723 477 829 510 sortiri
856 483 887 509 et
913 476 1075 516 obtinere,
1102 486 1139 507 ac

396 531 473 570 illis,
501 531 538 564 ad
570 541 651 574 quos
689 536 813 573 spectat
840 535 871 562 ct
904 540 963 573 pro
990 534 1137 571 tempore

397 584 671 627 quandocumque
697 583 868 626 spectabit,
887 583 917 614 in
936 582 1089 615 omnibus
1108 587 1139 613 et

395 647 456 680 per
481 637 590 670 omnia
618 636 808 679 plenissime
834 636 1013 677 sull'ragari,
1042 640 1074 666 et
1099 635 1138 666 ab

396 691 442 723 eis
474 690 655 732 respective
686 689 920 722 inviolabiliter
946 687 1136 728 observari,

396 744 507 786 sicque
527 744 557 775 in
576 742 759 786 praemissis
779 753 838 786 per
853 752 1078 785 quoscumque
1097 741 1139 773 iu-

1359 444 1560 487 Innocentius
1581 460 1660 494 Papa
1679 460 1742 491 xn,

1323 505 1360 531 ad
1380 505 1514 531 futuram
1534 505 1581 531 rei
1601 507 1783 532 memoriam.

1226 584 1240 626 g
1258 583 1289 615 1.
1309 583 1479 615 Emanavit
1500 593 1606 625 nuper
1623 593 1640 615 a
1665 582 1924 625 Congregatione
1945 595 2121 626 111119111φοοῃ-

1182 636 1416 668 venerabilium
1436 636 1569 667 fratrum
1588 641 1775 667 nostrorum
1793 635 1824 668 S.
1837 635 1874 667 R.
1887 635 1922 668 E.
1936 627 2120 679 {iffii'llllfrrfl‘l

1183 688 1395 721 cardinalium
1422 688 1562 730 negotiis
1581 693 1613 720 et
1630 687 1923 721 consultationibus
1936 677 2121 748 }R{,{.0l‚2?5'25}.}3‘5

1935 733 1958 747 sii
1969 732 2067 748 flectione
2089 735 2120 749 ιι-

1183 742 1413 784 episcoporum
1440 746 1473 773 et
1497 742 1695 783 regularium
1721 741 1963 784 praeposita,0u
1979 755 2085 776 coenobii.

1183 795 1214 827 in
1240 796 1336 827 causa
1369 795 1517 827 Ianuensi
1551 794 1761 827 subiectionis
1786 804 1925 827 conven-

397 797 484 830 dices
502 797 687 830 ordinarios
707 802 739 828 ct
757 796 934 838 delegatos,
954 795 1051 827 etiam
1071 805 1139 827 cau-

395 861 502 883 sarum
529 850 640 894 palatii
667 849 839 893 apostolici
859 849 1036 887 auditores,
1055 847 1140 880 iudi-

395 904 460 937 cari
496 910 527 937 et
555 903 683 936 deliniri
709 904 851 943 debere,
887 913 923 935 ae
948 902 1074 934 irritum
1108 906 1140 934 et

395 958 502 998 inane,
533 958 557 990 si
584 968 676 990 secus
702 968 801 1000 super
833 957 884 989 his
911 967 928 989 a
954 966 1137 999 quoquam,

395 1011 505 1054 quavis
533 1011 732 1050 auctoritate,
755 1010 894 1042 scienter
914 1010 962 1041 vel
990 1009 1138 1051 ignoran·

396 1070 453 1104 ter,
469 1065 643 1107 contigerit
658 1064 821 1097 attentari.
842 1063 913 1096 Non
932 1061 1135 1096 obstantibus

394 1118 684 1151 constitutionibus
713 1123 745 1150 et
775 1116 1036 1150 ordinationibus
1063 1126 1139 1158 apo-

395 1171 532 1209 stolicis,
549 1181 594 1211 ae,
617 1176 776 1213 quatenus
795 1181 874 1213 opus
893 1169 941 1209 sit,
957 1169 1139 1211 Congrega-

396 1225 520 1256 tionum
554 1224 654 1257 sancti
693 1224 814 1257 Patritii
846 1229 878 1256 et
908 1222 1138 1255 Lateranensis

394 1289 431 1311 ac
456 1278 585 1311 Ordinis
610 1279 842 1322 praelatorum,
869 1278 980 1311 aliisve
1007 1277 1140 1321 quibus—

395 1331 442 1364 vis
460 1359 467 1372 ‚
506 1331 602 1364 etiam
643 1331 828 1364 iuramento
845 1358 852 1370 ,
891 1330 1137 1364 confirmatione

394 1385 586 1427 apostoliea.
607 1385 654 1417 vel
683 1384 795 1428 quavis
820 1384 973 1417 firmitate
1000 1383 1063 1416 alia
1087 1394 1138 1416 ro-

393 1438 528 1478 boratis,
555 1438 686 1470 statutis
710 1444 741 1471 et
757 1437 1057 1477 consuctudinibus,
1073 1437 1138 1480 pri-

394 1491 522 1534 vilegiis
550 1502 692 1534 quoque,
714 1491 850 1523 indultis
873 1496 905 1523 et
924 1491 1040 1524 litteris
1062 1500 1138 1533 apo-

395 1544 517 1576 stolicis
561 1544 593 1576 in
639 1544 842 1577 contrarium
882 1543 1138 1587 praemissorum

395 1597 643 1640 quomodolibet
669 1597 844 1637 concessis,
872 1595 1073 1629 confirmatis
1107 1601 1139 1628 et

394 1651 576 1691 innovati53
605 1651 722 1694 quibus
753 1651 906 1684 omnibns
929 1655 960 1682 et
985 1649 1135 1692 singulis,

394 1704 527 1738 illorum
547 1710 687 1743 tenores,
703 1704 935 1748 praesentibus
958 1714 1018 1747 pro
1040 1704 1137 1746 plene

395 1763 428 1791 et
451 1757 654 1791 sufficienter
685 1757 848 1801 expressis
879 1763 910 1790 et
935 1757 973 1789 ad
1003 1757 1137 1789 verbum

393 1811 523 1845 insertis
549 1813 718 1852 habentes,
745 1811 808 1844 illis
834 1811 914 1844 alias
941 1811 971 1843 in
998 1820 1056 1844 suo
1089 1821 1138 1843 ro-

393 1865 473 1899 bore
491 1865 722 1910 permansuris,
742 1866 779 1897 ad
795 1864 1048 1908 praemissorum
1067 1864 1138 1897 0110-

395 1924 491 1959 ctum,
510 1920 570 1952 hac
595 1919 662 1951 rice
690 1919 872 1958 dumtaxat,
894 1918 1082 1961 specialiter
1107 1923 1138 1951 et

394 1983 547 2016 expresse
574 1974 785 2016 desogamus;
805 1972 986 2016 ceterisque
1013 1978 1138 2005 contra-

393 2027 450 2060 riis
468 2027 740 2071 quibuscumque.

436 2079 553 2112 Datum
573 2080 705 2120 Romae,
725 2080 812 2123 apud
830 2079 861 2113 S.
885 2079 1016 2112 Mariam
1040 2079 1140 2112 Maio-

393 2144 470 2173 rem,
497 2134 557 2166 sub
583 2133 703 2166 annulo
731 2133 911 2173 Piscatoris,
939 2134 990 2166 die
1016 2144 1073 2167 xxx
1097 2134 1138 2166 ia-

393 2187 510 2228 nuarii,
539 2197 691 2227 Mncxctx,
717 2187 927 2230 pontificatus
952 2187 1055 2219 nostri
1082 2198 1138 2220 an-

393 2251 436 2274 no
451 2251 519 2273 vin.

430 2302 489 2328 Dat.
511 2302 554 2329 die
571 2302 604 2330 30
620 2302 734 2330 ianuarii
750 2303 829 2335 1699,
848 2302 943 2337 pontif.
961 2310 1031 2329 anno
1046 2308 1104 2329 vni.

689 2473 842 2506 CLXXVI.

395 2562 612 2605 Confirmalur
661 2561 824 2595 decretum
867 2562 1135 2605 Conpreyationz's

1183 854 1232 881 tus
1258 849 1321 882 loci
1349 848 1481 887 Albarii,
1497 848 1583 880 inter
1608 848 1744 881 dilectos
1762 847 1846 880 filios
1864 847 1926 880 sra-

1184 908 1246 935 tres
1271 901 1637 941 emiventuslanuensis,
1658 912 1693 934 ex
1712 903 1788 941 una,
1812 907 1843 934 et
1860 912 1926 934 mo-

1183 957 1320 989 dernum
1337 955 1520 987 ministrnm
1539 955 1774 998 provincialem
1795 954 1926 998 provin-

1182 1010 1250 1041 ciae
1268 1008 1418 1041 lanuensi
1445 1007 1574 1040 Ordinis
1600 1008 1757 1040 Minorum
1776 1007 1807 1040 S.
1826 1007 1926 1040 Fran-

1182 1062 1258 1095 eisci
1296 1062 1565 1095 Conventualium
1592 1066 1862 1104 nuncupatorum,
1887 1070 1941 1093 eX‘

1182 1117 1283 1148 altera
1308 1115 1464 1159 partibus,
1489 1119 1656 1155 vertente,
1685 1114 1851 1147 decretum
1879 1118 1925 1147 te-

1183 1170 1270 1201 noris
1292 1168 1345 1211 qui
1361 1168 1523 1211 sequitur,
1543 1168 1715 1200 videlieet:
1741 1180 1753 1198 a
1771 1167 1805 1200 ln
1831 1169 1925 1200 causa

1182 1221 1330 1255 lanuensi
1358 1221 1573 1254 subiectionis
1599 1226 1776 1254 conventus
1801 1219 1923 1253 Albarii

1183 1276 1269 1309 inter
1290 1280 1398 1319 patres
1425 1281 1600 1309 conventus
1626 1274 1755 1315 lamiae,
1783 1285 1820 1307 ex
1838 1276 1922 1314 una,

1183 1336 1214 1363 et
1245 1336 1369 1373 patrem
1396 1329 1630 1373 provincialem
1664 1329 1768 1361 dictae
1793 1328 1925 1371 provin-

1182 1386 1251 1417 ciae
1287 1384 1415 1417 Ordinis
1440 1383 1598 1417 Minorum
1631 1383 1922 1423 conventualium,

1183 1438 1332 1481 partibus
1360 1449 1395 1470 ex
1424 1439 1541 1477 altera,
1570 1437 1608 1470 de
1640 1442 1671 1470 et
1697 1447 1797 1480 super
1826 1437 1924 1469 infra-

1183 1491 1312 1534 scriptis
1338 1491 1452 1529 dubiis,
1481 1502 1620 1534 nempe:
1647 1490 1696 1523 10:
1715 1491 1762 1523 An
1784 1500 1926 1523 eonven-

1184 1551 1234 1577 tus
1266 1544 1327 1577 loci
1357 1544 1478 1576 Albai-ii
1509 1544 1549 1576 sit
1577 1544 1708 1587 proprie
1739 1543 1921 1575 membrum

1183 1608 1342 1629 annexum
1367 1608 1403 1630 ac
1429 1598 1619 1640 dependens
1654 1608 1670 1630 a
1696 1602 1854 1630 conventu
1879 1596 1925 1629 la-

1184 1662 1276 1691 1111110,
1303 1662 1358 1684 seu
1392 1651 1499 1694 potius
1531 1651 1572 1683 sit
1600 1656 1777 1684 conventus
1808 1650 1924 1683 sorma-

1184 1711 1233 1737 tus
1266 1716 1303 1738 ae
1338 1705 1583 1748 independens,
1616 1704 1667 1736 2⁰:
1696 1705 1744 1736 An
1776 1704 1923 1747 patribus

1182 1759 1297 1791 Ianuae
1323 1762 1484 1801 competat
1511 1757 1560 1789 ius
1594 1757 1733 1790 faciendi
1759 1761 1848 1789 actus
1874 1766 1925 1789 ea-

1182 1812 1349 1855 pitulares‚
1377 1817 1408 1844 et
1433 1811 1600 1853 signanter
1624 1811 1759 1854 petendi
1795 1809 1925 1843 revisio-

1183 1877 1239 1899 nes
1264 1871 1501 1909 computorum,
1529 1875 1565 1897 ae
1598 1863 1799 1897 redditiones
1825 1864 1925 1896 ratio-

1183 1931 1270 1960 num,
1295 1930 1350 1952 seu
1368 1919 1476 1962 potius
1494 1919 1555 1951 1100
1573 1923 1698 1961 spectet
1718 1918 1756 1950 ad
1779 1918 1924 1961 guardia-

1182 1984 1257 2006 num
1285 1973 1404 2006 Albarii
1443 1977 1474 2005 et
1499 1972 1568 2005 eius
1608 1971 1781 2010 familiam,
1807 1972 1858 2004 vel
1884 1971 1923 2004 ad

1182 2027 1221 2059 ad
1257 2026 1439 2059 ministrum
1476 2024 1737 2069 provincialem;
1770 2023 1835 2057 3⁰:
1874 2024 1922 2056 Λη

1181 2080 1377 2122 guardianus
1403 2079 1524 2111 Alharii
1546 2079 1587 2111 sit
1613 2078 1783 2120 eligendus
1800 2089 1837 2110 ex
1856 2087 1923 2110 cor-

1181 2144 1259 2176 pore
1286 2133 1420 2176 capituli
1447 2132 1584 2171 lanuae;
1612 2131 1666 2163 4⁰:
1695 2131 1741 2163 An
1772 2129 1923 2172 guardia-

1181 2197 1240 2219 nus
1258 2187 1373 2219 Ianuae
1402 2185 1507 2229 possit
1532 2185 1570 2217 ad
1597 2184 1645 2216 sui
1672 2184 1799 2217 libitum
1821 2189 1922 2216 trans-

1181 2240 1307 2273 mittere
1333 2245 1441 2282 patres
1467 2238 1662 2281 capitulares
1681 2237 1799 2269 ianuae
1817 2236 1857 2268 ad
1875 2236 1922 2268 di-

1180 2298 1266 2325 ctum
1291 2297 1500 2331 conventum,
1528 2291 1607 2323 itaut
1632 2295 1827 2323 censeantur
1845 2294 1922 2321 tam·

1180 2357 1277 2390 quam
1302 2347 1341 2379 de
1367 2345 1498 2385 familia,
1524 2355 1564 2377 an
1589 2354 1666 2377 vero
1692 2344 1723 2376 id
1742 2347 1866 2386 spectet
1882 2342 1921 2375 ad

1179 2400 1362 2433 ministrum
1379 2398 1613 2443 provincialem
1632 2408 1667 2430 ae
1685 2396 1919 2437 definitorium3

1215 2499 1224 2523 1
1249 2497 1279 2524 111
1300 2496 1445 2523 Alexandri
1464 2495 1522 2522 Vttt
1544 2498 1630 2522 const.
1651 2494 1694 2521 ed.
1715 2500 1821 2527 Momm,
1842 2493 1886 2520 die
1905 2493 1923 2520 5

1176 2542 1279 2577 aprilis,
1292 2541 1385 2577 pontif.
1399 2549 1418 2575 1,
1430 2544 1521 2567 extant
1535 2539 1669 2575 quaedam
1684 2540 1794 2565 decreta
1810 2537 1922 2574 capituli

1176 2587 1310 2622 generalis
1321 2607 1327 2619 ‚
1351 2590 1378 2613 et
1405 2587 1432 2612 in
1453 2585 1533 2612 huius
1556 2584 1693 2611 Pontificis
1721 2583 1827 2610 constit,
1854 2583 1921 2609 edit.

437 2617 657 2660 episcoporum
681 2620 708 2649 ‘35
733 2615 939 2659 reflabarium
960 2626 1019 2658 pro
1043 2615 1134 2648 inde·
1177 2638 1302 2665 mnchtx,
1317 2631 1360 2658 die
1384 2631 1415 2658 16
1436 2631 1511 2664 maii,
1532 2628 1627 2665 pontif.
1645 2635 1700 2663 vul,
1717 2629 1805 2664 agitur
1820 2627 1853 2655 de
1868 2627 1922 2663 pri-

434 2670 610 2714 pendettlid
644 2669 784 2704 coenobii
820 2669 956 2703 Αἰὺανῖί
997 2668 1133 2703 Ordinis
1177 2682 1250 2706 matu
1272 2678 1341 2704 inter
1363 2676 1519 2704 definitores
1539 2678 1685 2710 perpetuos
1705 2673 1919 2710 provinciarum.
