2227 3225
137 234 187 260 An.
208 233 235 260 C.
256 233 321 260 1604

135 749 178 770 ΨΜ
189 751 208 764 ιιι
225 733 318 765 rubi-ica.

907 228 1114 253 INNOCENTIL'S
1139 229 1183 253 xit
1209 231 1255 253 ΓΡ.

330 291 383 315 sex
404 279 561 324 cappellis
591 283 623 312 ct
654 279 742 311 sacra
776 277 1002 321 suppellectile
1028 277 1066 309 ad

332 334 439 368 divina
464 332 663 376 peragenda,
689 340 754 364 non
782 336 888 363 tamen
905 331 943 363 ad
964 329 1068 374 ponti-

330 385 435 419 ficalia
449 385 639 425 exercenda,
649 385 806 417 decenter
818 383 1067 423 ornatam,aliis-

330 450 393 482 que
410 438 578 483 requisitis
593 438 669 471 satis
687 438 893 481 instructam)
911 438 943 470 in
958 438 1067 470 cathe-

331 492 467 532 dralem,
493 491 604 535 ibique
623 491 732 529 sedem
759 491 980 534 episcopalem
1006 490 1067 523 cri-

330 555 410 587 gere
436 549 467 578 et
490 545 662 583 collocare,
688 553 725 576 ac
749 543 827 576 alias
852 543 993 586 desuper
1013 553 1067 586 op-

330 602 471 640 portune
496 597 670 641 providere
698 597 737 630 de
760 595 962 639 benignitate
991 606 1069 639 apo-

330 651 445 684 stolica
468 651 696 693 dignaremur:

375 704 390 748 ἓ
414 703 445 737 ⁶2.
478 703 561 742 Nos,
590 703 657 736 cui'
684 702 767 736 nihil
792 703 894 745 magis
918 713 994 735 cura
1019 707 1068 735 est

330 767 427 800 quam
451 762 485 789 ut
510 756 590 789 fides
614 756 773 790 catholica
797 756 920 789 illibata
946 755 1066 799 ubique

329 810 444 843 floreat
465 815 496 842 et
513 815 676 852 augeatur,
698 820 764 842 non
790 809 829 842 de
854 809 983 842 inventa
998 820 1065 849 ove,

328 863 385 896 sed
417 861 477 896 de²
508 862 629 904 integri
661 873 744 905 pene
773 863 880 905 gregis
913 862 951 894 ad
983 862 1065 895 ovile

327 915 447 950 Christi
467 916 655 949 reductione
681 916 932 958 congaudentes,
950 925 985 947 ac
1004 915 1064 958 ipsi

328 970 490 1004 Ludovico
508 970 575 1012 regi
594 969 812 1012 congratulati
822 968 841 1009 ⁸,
860 979 900 1002 ne
919 968 1000 1001 desit
1014 968 1065 1001 his

326 1022 490 1056 Ecclesiae
516 1023 608 1055 novis
632 1021 708 1055 siliis
729 1022 783 1065 qui
800 1022 925 1064 frangat
949 1032 1065 1065 panem

327 1085 493 1118 puraeque
514 1074 682 1108 doetrinae
703 1075 822 1117 pabula
846 1075 1009 1118 praebeat,
1031 1085 1065 1107 ae

326 1128 529 1170 singulorum
555 1129 671 1167 vultus,
689 1133 724 1160 ut
748 1127 938 1170 episcopum
963 1128 1064 1167 decet,
1085 1156 1086 1161 ,

327 1181 478 1224 inspiciat
502 1186 534 1214 et
557 1185 724 1223 agnoscat,
748 1182 874 1213 matura
899 1180 1066 1223 superbis

325 1236 358 1268 in
383 1234 642 1277 Cougregatione
671 1234 906 1267 venerabilium
930 1234 1064 1266 fratrum

325 1292 510 1320 nostrorum
537 1286 569 1319 S.
595 1286 632 1319 R.
660 1286 695 1319 E.
731 1286 944 1319 cardinalium
970 1287 1065 1319 rebus

325 1339 607 1373 consistorialibus
622 1338 880 1382 praeposita,cui
899 1339 1064 1381 negotium
1083 1355 1085 1389 3

325 1392 621 1425 dismembrationis
639 1396 671 1424 et
688 1391 860 1424 erectionis
875 1391 1063 1424 huiusmodi

325 1445 567 1479 discutiendum
587 1455 604 1477 a
621 1444 714 1477 nobis
731 1444 932 1477 commissum
950 1445 1062 1484 suerat,

325 1499 436 1532 habita
461 1497 718 1537 deliberatione,
747 1497 903 1540 oppidum
927 1498 1061 1540 praedi-

1108 287 1180 310 mus
1204 283 1236 311 et
1261 278 1454 320 liberamus3
1474 291 1509 312 ac
1534 282 1690 324 oppidum
1715 286 1846 327 praedi-

1109 334 1197 362 ctum
1223 330 1380 371 cit·itatiS‚
1407 331 1557 376 illiusque
1583 333 1704 368 incolas
1728 337 1842 370 civium

1109 383 1248 423 nomine,
1271 383 1364 418 titulo
1390 390 1422 417 et
1446 385 1573 419 honore
1591 387 1792 430 decoramus,
1812 391 1846 424 il-

1110 435 1228 478 ludque
1248 436 1279 468 in
1298 436 1459 470 civitatem
1478 439 1676 472 Alesienscm
1698 442 1845 475 denomi-

1109 489 1258 528 nandam,
1278 494 1310 522 et
1327 489 1359 521 in
1378 500 1417 523 eo
1436 492 1635 525 saecularem
1651 499 1683 526 et
1699 495 1845 537 collegia-

1111 546 1173 573 tam
1199 542 1380 584 ecclesiam,
1408 550 1520 577 sancto
1546 544 1656 578 loanni
1685 546 1844 590 Baptistae

1110 594 1261 636 dicatam,
1285 596 1426 640 duasque
1453 597 1638 639 dignitates,
1653 599 1844 634 decanatum

1109 648 1260 682 videlicet
1280 655 1311 682 et
1335 650 1525 691 sacristiam,
1545 662 1615 685 cum
1645 653 1714 686 aliis
1733 654 1845 688 decern

1109 701 1354 736 canonicatibus
1386 703 1584 745 habentem,
1609 706 1643 738 in
1675 707 1846 741 cathedra-

1109 755 1172 787 lem
1198 755 1367 788 ecclesiam
1386 757 1445 789 sub
1467 757 1672 792 invocatione
1698 759 1844 794 eiusdem

1108 808 1210 840 sancti
1224 808 1350 842 Ioannis
1363 810 1523 853 Baptistae
1536 822 1598 854 pro
1613 823 1677 846 uuo
1691 813 1844 857 episcopo

1109 861 1267 893 Alcsiensi
1292 863 1527 906 nuncupando,
1559 864 1613 907 qui
1639 865 1686 898 illi
1712 867 1844 909 praesit,

1109 923 1144 946 ac
1168 914 1337 948 ecclesiam
1368 916 1472 959 ipsam
1501 917 1539 950 ad
1569 918 1703 951 sormam
1728 921 1842 954 callie-

1108 967 1205 1001 dralis
1219 969 1375 1002 ecclesiae
1394 969 1497 1013 redigi
1514 971 1616 1012 faciat,
1636 982 1763 1006 necnon
1782 974 1845 1017 epi-

1107 1022 1272 1064 scopalem
1290 1022 1560 1063 iurisdictionem,
1576 1026 1799 1060 auctoritatem
1814 1033 1846 1061 et

1107 1080 1302 1117 potestatem
1329 1086 1504 1118 exercere,
1530 1078 1703 1122 omniaque
1726 1085 1758 1113 et
1782 1080 1846 1113 sin-

1108 1129 1183 1170 gula
1207 1139 1290 1171 quae
1315 1129 1439 1162 ordinis
1457 1157 1464 1169 ‚
1486 1130 1715 1165 iurisdictionis
1741 1138 1772 1166 et
1791 1144 1846 1166 cu·

1108 1181 1204 1214 ius-vis
1222 1181 1355 1214 alterius
1385 1183 1529 1216 muneris
1549 1184 1741 1228 episcopalis
1758 1192 1844 1228 sunt,

1107 1239 1139 1267 et
1163 1235 1202 1267 ad
1228 1235 1283 1268 illa
1310 1245 1347 1268 ac
1381 1236 1495 1279 synodi
1529 1237 1743 1271 dioecesanae
1769 1250 1844 1273 con-

1106 1288 1308 1322 vocationem
1344 1293 1375 1321 et
1409 1290 1663 1323 celebrationem
1696 1298 1845 1334 spectant

1107 1346 1137 1374 et
1162 1341 1348 1384 pertinent,
1375 1352 1411 1374 ac
1437 1353 1519 1385 quae
1552 1343 1605 1376 alii
1632 1349 1694 1377 tam
1720 1345 1752 1377 in
1778 1346 1843 1380 illis

1106 1395 1213 1437 regnis
1232 1400 1264 1427 et
1284 1395 1473 1437 provinciis,
1490 1407 1584 1439 quam
1606 1397 1682 1430 alibi
1703 1399 1845 1433 ubicum-

1105 1458 1166 1490 que
1191 1447 1352 1481 constituti
1379 1448 1522 1492 episcopi
1542 1450 1572 1481 in
1594 1450 1660 1483 suis
1685 1452 1843 1494 ecclesiis,

1105 1501 1285 1534 civitatibus
1302 1506 1334 1533 ct
1351 1501 1555 1534 dioecesibus
1576 1503 1614 1535 de
1634 1503 1703 1537 iure
1722 1510 1753 1537 et
1769 1516 1845 1538 con-

1744 228 1808 260 OE‘z')
1854 239 1903 265 An.
1923 238 1950 265 c.
1969 239 2036 266 1⁶92

324 1557 410 1585 ctum
437 1550 599 1594 epicopali
614 1556 646 1583 et
662 1549 800 1582 civitatis
818 1550 912 1583 titulo
931 1550 1063 1593 dignum
1104 1553 1276 1586 suetudine
1296 1559 1351 1586 aut
1367 1554 1444 1586 alias
1464 1555 1713 1597 quomodolibet
1727 1557 1843 1600 facere,

324 1604 517 1645 iudicantes,
540 1603 668 1647 piisque
696 1603 773 1637 dicti
798 1603 952 1637 Ludorici
977 1604 1062 1647 regis
1082 1560 1085 1690 l
1105 1611 1137 1639 et
1161 1606 1279 1649 quibus
1300 1606 1344 1638 uti
1361 1606 1469 1639 solent
1494 1612 1525 1640 et
1549 1614 1695 1651 possunt,
1713 1611 1846 1653 parisor-

324 1658 496 1692 desideriis
517 1658 662 1691 libenter
675 1662 868 1699 annuentes,
884 1658 922 1691 de
938 1669 1064 1691 eorum·
1104 1659 1217 1701 miter,
1245 1669 1349 1702 aeque
1382 1659 1627 1703 principaliter,
1655 1669 1686 1695 et
1719 1664 1844 1707 absque

324 1712 398 1745 dem
427 1722 464 1744 ac
490 1712 628 1745 aliorum
659 1711 896 1744 venerabilium
927 1711 1062 1744 fratrum
1104 1713 1169 1746 ulla
1194 1723 1327 1756 prorsus
1347 1712 1541 1753 dill'erentia,
1562 1714 1594 1746 in
1611 1715 1677 1748 suis
1694 1717 1844 1758 ecclesia,

324 1769 509 1796 nostrorum
533 1763 698 1806 praefatae
723 1763 754 1796 S.
784 1763 822 1796 R.
851 1763 884 1796 E.
915 1764 1063 1797 cardina·
1104 1765 1232 1798 civitate
1251 1771 1283 1798 ct
1308 1765 1450 1799 dioecesi
1477 1767 1638 1801 Alesiensi
1663 1770 1844 1813 respective

324 1817 402 1850 lium
428 1816 565 1849 consilio
585 1821 615 1849 et
631 1826 776 1855 assensu,
795 1816 951 1858 oppidum
975 1827 1063 1859 prae·
1082 1840 1084 1846 >
1104 1818 1221 1858 facere,
1248 1828 1363 1861 gerere
1389 1822 1418 1852 et
1445 1829 1611 1862 exercere,
1637 1831 1674 1854 ac
1698 1822 1754 1863 uti,
1780 1823 1844 1856 frui

325 1869 445 1902 dictum
471 1869 510 1901 ab
536 1869 701 1901 ordinaria
734 1868 954 1902 iurisdictione
986 1870 1061 1902 dicti
1104 1878 1134 1904 et
1158 1872 1299 1913 gaudere
1324 1871 1427 1905 libere
1446 1877 1475 1905 et
1492 1873 1580 1907 licite
1606 1875 1709 1917 possit
1733 1881 1764 1909 et
1788 1877 1845 1910 de-

327 1922 473 1966 episcopi
499 1922 732 1962 Nemausensis,
756 1922 795 1955 de
814 1932 967 1965 expresso
993 1923 1061 1956 eius
1082 1957 1083 1973 χ
1103 1924 1193 1964 beat,
1222 1935 1258 1957 ac
1283 1935 1343 1967 pro
1370 1930 1516 1968 tempore
1542 1926 1693 1960 existenti
1719 1929 1845 1963 archie-

324 1986 361 2008 ac
385 1975 473 2008 illius
506 1975 703 2008 cathedralis
735 1975 869 2018 capituli
903 1981 934 2008 et
967 1986 1063 2009 cano·
1103 1978 1235 2020 piscopo
1258 1977 1461 2011 Narbonensi
1486 1979 1556 2012 iure
1580 1982 1842 2024 metropolitico,

324 2028 471 2061 nieorum
504 2038 684 2068 consensu,
711 2028 888 2071 apostolica
923 2030 1063 2062 auctori·
1103 2035 1200 2072 prout
1224 2036 1298 2063 ante
1324 2031 1564 2074 separationem
1583 2037 1615 2065 ct
1633 2033 1844 2069 dismembra-

325 2086 410 2122 tate,
436 2087 548 2114 tenore
573 2081 807 2124 praesentium,
831 2087 994 2124 perpetuo
1013 2093 1062 2115 se·
1081 2117 1082 2140 ¹
1104 2081 1224 2115 tionem
1261 2083 1446 2116 huiusmodi
1471 2085 1628 2126 suberat,
1663 2087 1840 2130 subiaceat,

324 2145 508 2177 gregamus,
530 2134 710 2174 dividimus,
728 2144 918 2177 separamus
944 2141 974 2168 et
999 2136 1063 2169 dis·
1081 2153 1082 2175 3
1103 2146 1175 2168 eum
1209 2136 1284 2168 sede
1319 2141 1351 2168 et
1381 2139 1490 2169 mensa
1523 2138 1660 2181 aliisque
1691 2139 1842 2182 insigniis

322 2188 563 2228 membramus3
590 2186 750 2230 illudque,
783 2198 819 2220 ae
844 2187 913 2220 eius
939 2189 1061 2221 clerum
1081 2178 1082 2193 ¹
1104 2189 1354 2232 episcopalibus,
1377 2200 1506 2223 necnon
1532 2193 1840 2235 praeei‘ninentiaess

322 2245 355 2273 et
379 2241 544 2283 populum,
565 2240 672 2283 quoad
697 2241 803 2282 legem
825 2240 1059 2282 dioecesanam,
1103 2248 1134 2275 et
1160 2242 1341 2275 bonoribus
1369 2248 1400 2275 et
1423 2243 1603 2286 privilegiis
1620 2271 1627 2285 ,
1655 2245 1842 2285 immunitas

323 2291 362 2325 ab
388 2292 536 2336 episcopi
560 2292 790 2326 Nemausensis
816 2294 1058 2336 superioritate‚
1104 2296 1187 2328 tibus
1212 2301 1243 2328 et
1268 2295 1380 2338 gratiis
1413 2296 1633 2339 spiritualibus
1660 2304 1691 2331 et
1717 2305 1841 2343 tempo-

321 2345 556 2386 iurisdictione,
571 2350 741 2388 potestate,
766 2346 967 2380 subiectione
983 2375 990 2388 ,
1017 2348 1062 2380 vi·
1080 2380 1081 2402 Χ
1103 2349 1235 2390 ralibus,
1253 2349 1494 2392 personalibus,
1512 2350 1654 2384 realibus
1672 2357 1703 2384 et
1722 2353 1839 2393 mixtis,

322 2398 473 2431 sitatione
498 2403 531 2431 et
555 2398 760 2432 correctione
790 2410 925 2442 prorsus
950 2400 1061 2434 eximi·
1080 2434 1081 2463 1
1103 2403 1218 2446 quibus
1236 2407 1361 2435 ceterae
1387 2403 1592 2437 cathedrales
1619 2406 1777 2439 ecclesiae
1795 2418 1840 2440 re-

480 2487 485 2492 ,
627 2488 632 2492 ,
740 2489 744 2493 ,
779 2489 783 2493 ,
1080 2471 1081 2490 ι
1103 2466 1240 2498 gnorum
1265 2461 1296 2488 et
1320 2456 1560 2499 provinciarum
1586 2458 1773 2493 huiusmodi
1799 2460 1840 2492 si-

358 2489 370 2514 ¹
393 2487 433 2514 Ita
451 2492 531 2536 ²¹¹³¹3¹
553 2488 651 2515 Gallza
672 2488 843 2537 chrismate
862 2490 901 2522 (R’
922 2491 971 2523 T‘)'
1101 2509 1221 2542 militer
1238 2509 1276 2542 de
1295 2509 1365 2542 iure
1403 2511 1641 2544 consuetudine
1666 2512 1838 2555 priviteoio

357 2532 373 2559 2
392 2533 543 2567 Praeposit.
560 2533 593 2558 de
613 2541 662 2559 nos
678 2533 800 2560 addimus
819 2540 857 2567 tn.
873 2536 923 2568 T.).
1212 2562 1231 2572 η
1369 2536 1376 2550 ’
1435 2573 1438 2575 μ
1463 2563 1467 2568 ,
1646 2539 1653 2552 '
1770 2539 1802 2571 ,ὓ

356 2577 374 2603 3
391 2576 460 2603 Mate
480 2575 523 2602 ed·
544 2576 624 2603 Main.
645 2577 711 2611 legi,
731 2578 953 2612 conyraculari3
970 2580 1059 2615 aptius
1101 2567 1153 2595 aut
1178 2563 1256 2595 altas
1281 2563 1527 2606 quomodolibet
1550 2570 1693 2605 utuntur,
1710 2571 1839 2609 potiun-

324 2622 422 2650 Gallt'a
443 2620 613 2648 Christiana
633 2620 685 2655 leg.
702 2623 936 2656 coum-titulantes
951 2626 991 2657 (n.
1008 2626 1056 2660 11).

411 2675 492 2703 Buta.
509 2674 594 2703 Rom.
613 2689 648 2695 ·—
671 2676 730 2703 l'ol.
751 2676 811 2704 XX.
958 2677 991 2704 79

1137 2626 1148 2651 1
1171 2624 1267 2660 Aptius
1287 2624 1344 2660 lege
1362 2626 1604 2660 praeeminenliis
1623 2627 1660 2663 (a.
1676 2628 1725 2662 T.)-
