2254 3225
246 186 298 211 An.
313 185 332 209 c
366 183 426 209 icet
477 175 542 208 sitit.

435 232 536 265 Ostiis,
561 233 786 272 exprovincialis
814 243 846 263 ac
871 233 1007 263 definitor
1028 233 1171 271 generalis

1016 184 1193 209 BULLAmUM
1218 184 1369 207 uonANUM
1952 182 2001 208 An.
2017 181 2046 208 C.
2070 181 2134 210 ¹69¹

1259 233 1272 273 ,Q
1295 233 1327 265 lt.
1354 232 1573 265 Deeernentes
1604 230 1732 264 easdem
1756 234 1946 275 praesentes
1983 246 2101 268 nimum,

272 529 383 558 Attestatlo
393 533 428 549 sc-

244 558 339 576 cretam.

298 831 356 844 rect-e
378 830 427 850 pro-

244 855 348 872 curalurts
363 858 427 877 gent·-

245 879 302 898 ratis.

292 1139 392 1160 Consu-tna
399 1141 426 1160 tio

244 1167 324 1187 relatio
348 1167 426 1193 compi·

244 1193 329 1214 {annuis

435 280 609 316 Vandaliae3
633 282 681 311 Fr.
704 282 843 321 Iosephus·
866 283 995 317 lirineno,
1019 281 1172 320 exprovin-

435 329 518 358 cialis
540 330 704 365 Chilensis3
727 331 773 360 Fr,
803 331 957 360 ltamianus
985 330 1148 369 Stephanus
1163 353 1170 366 ‚
1191 345 1193 349 ν

435 378 572 408 definitor
601 379 746 416 generalis
776 379 942 416 Valentiam
975 379 1022 408 Fr.
1052 378 1171 408 Micbael

436 426 471 455 de
493 426 590 461 I'late,
614 430 832 466 praesentatus,
857 427 1001 465 huiusque
1026 425 1172 464 generalis

437 474 595 504 deiinitorii
612 475 795 504 secretarius.

478 525 548 554 Cum
569 535 617 554 suo
639 525 780 563 originali,
798 525 868 563 quod
889 526 918 553 in
938 523 1110 562 generalium
1127 532 1172 552 ca-

436 573 590 610 pitulorum
613 572 681 602 libro
703 577 791 601 manet
812 579 968 605 erumnam,
986 576 1056 600 recte
1078 571 1172 600 cohae-

438 625 497 650 rel:
520 622 549 650 in
570 621 649 650 cuius
669 622 710 650 ret*
731 621 916 650 testimoniium
931 630 972 649 me
993 621 1075 650 lolius
1092 619 1173 651 Ordi-

438 669 481 698 nis
495 669 651 707 generalem
673 669 850 698 seerelart'ztm
872 669 1032 708 subscripsi.

478 717 524 748 Fr.
546 718 671 748 lomnes
693 717 856 755 Navanna,
880 719 1008 756 magister
1030 718 1170 756 definitor,

438 770 463 796 et
483 768 646 796 secretarius
661 767 809 804 generalis.

481 815 496 858 ξ)
520 815 552 847 ⁶2.
579 814 680 853 Quare
705 815 868 858 praefatus
894 815 1047 848 Martinus
1071 814 1173 847 Salva·

439 872 491 900 tor
506 873 702 911 procurator
715 868 875 910 generalis
894 867 986 900 nobis
1005 867 1172 899 humiliter

437 921 612 964 supplicari
638 921 714 953 feeit
738 925 774 952 ut
793 920 1040 953 constitutiones
1063 920 1173 952 huius-

438 973 525 1006 modi
551 973 747 1016 apostolicae
780 972 1032 1005 confirmationis
1065 977 1172 1015 patro-

437 1027 522 1059 cinio
547 1026 747 1059 communire
763 1026 801 1059 de
821 1026 1022 1068 benignitate
1048 1030 1172 1068 aposto-

437 1079 498 1111 lica
523 1079 745 1121 dignaremur.

480 1132 494 1175 ἓ
519 1131 549 1164 3.
577 1131 639 1164 Nos
666 1131 773 1174 igitur⁷
793 1131 891 1174 ipsius
915 1131 1041 1164 Marlini
1066 1130 1172 1164 Salva-

438 1184 516 1216 toris
536 1184 756 1227 procuraforis
777 1184 938 1226 generalis
959 1184 1039 1217 votis
1064 1184 1171 1216 bacin

437 1247 480 1277 re,
496 1242 648 1280 quantum
675 1247 745 1268 cum
771 1237 906 1270 Domino
931 1246 1109 1280 possumus,
1129 1237 1173 1269 sa-

436 1290 624 1323 vorabiliter
648 1300 791 1323 annuere
818 1291 975 1330 volentes,
997 1299 1137 1333 eumque
1155 1301 1172 1323 a

437 1343 603 1385 quibusvis
634 1343 978 1375 excommtuiicationis
995 1370 1002 1383 ‚
1029 1352 1167 1385 suspen—

436 1395 536 1428 sionis
554 1401 584 1428 et
597 1395 772 1435 interdicti,
791 1396 927 1438 aliisque
945 1395 1171 1428 ecelesiasticis

436 1448 624 1487 sententiis,
661 1448 805 1480 censuris
836 1453 867 1481 et
903 1449 1038 1491 poenis,
1063 1458 1080 1480 a
1104 1448 1172 1480 iure

436 1500 486 1532 vel
500 1500 539 1532 ab
553 1500 695 1539 homine,
707 1500 817 1543 quavis
833 1500 999 1533 occasione
1016 1501 1064 1533 vel
1079 1501 1173 1532 causa

437 1553 524 1592 latis,
546 1553 570 1585 si
589 1552 705 1595 quibus
730 1553 974 1596 quomodolibet
997 1553 1172 1586 innodatus

438 1606 557 1647 existit,
576 1606 614 1638 ad
632 1605 781 1638 effectum
798 1606 1021 1649 praesentium
1048 1606 1173 1639 dumta-

438 1665 490 1692 xat
513 1659 788 1703 consequendum,
813 1659 927 1692 harum
959 1660 1040 1693 serie
1064 1659 1174 1693 absol-

438 1717 551 1745 ventes
567 1717 598 1744 et
617 1712 800 1744 absolutum
817 1712 885 1745 sore
904 1717 1076 1745 censentes
1089 1739 1096 1752 ‚
1113 1712 1174 1744 hu-

438 1764 577 1798 iusmodi
589 1764 885 1807 supplicationibus
897 1764 1051 1803 inclinati⁷
1062 1774 1172 1797 omnes

439 1822 471 1851 et
493 1817 637 1860 singulas
661 1816 912 1850 constitutiones
937 1816 1171 1859 praeinsertas,

440 1876 471 1904 et
487 1870 520 1903 in
542 1870 587 1904 eis
605 1875 757 1903 contenta
778 1880 1017 1913 quaecumque,
1035 1870 1174 1902 auctori-

439 1929 504 1957 tate
520 1923 709 1967 apostolica,
728 1927 839 1956 tenore
857 1923 1086 1966 praesentium,
1105 1933 1174 1966 per-

439 1982 537 2020 petuo
554 1976 786 2009 confirmamus
805 1982 837 2010 et
852 1976 1083 2018 approbamus,
1098 1975 1174 2008 illis-

439 2040 502 2073 que
519 2029 717 2062 inviolabilis
737 2029 935 2072 apostolicae
952 2028 1110 2062 firmitatis
1126 2035 1175 2061 ro-

438 2084 501 2117 bur
517 2082 698 2123 adiicimus;
715 2093 751 2115 ac
764 2092 878 2116 omnes
891 2087 923 2116 et
935 2082 1080 2125 singulos
1095 2082 1173 2115 iuris

441 2140 473 2169 et
491 2135 564 2168 sacti
582 2146 618 2169 ac
635 2135 881 2168 solemnitatum
899 2145 1173 2179 quarumcumque

439 2188 472 2221 in
493 2187 654 2221 similibus
671 2188 767 2221 etiam
785 2188 825 2220 de
845 2188 1039 2221 necessitate
1064 2188 1175 2221 obser-

437 2241 633 2280 vandarum,
658 2240 777 2273 aliosve
798 2240 960 2283 quoslibet
985 2241 1081 2274 etiam
1109 2241 1175 2274 sor-

438 2295 541 2327 males
566 2298 598 2326 et
621 2293 849 2326 substantiales
881 2293 1043 2334 desectus,
1070 2293 1094 2326 si
1119 2294 1173 2337 qui

438 2345 471 2379 in
495 2345 680 2389 praemissis
705 2345 941 2389 principaliter,
960 2347 1010 2380 vcl
1030 2357 1176 2380 accesso-

438 2399 499 2440 rie,
518 2404 572 2432 aut
588 2399 666 2432 alias
683 2398 798 2441 quovis
815 2399 912 2432 modo
931 2399 1173 2441 intervenerint,

439 2463 497 2485 seu
522 2451 736 2485 intervenisse
757 2452 831 2491 dici,
863 2453 988 2485 censeri
1010 2454 1058 2486 rel
1084 2462 1176 2496 prae-

440 2505 530 2538 tendi
554 2506 706 2548 possent,
735 2505 866 2548 penitus
890 2510 922 2538 et
941 2506 1073 2538 omnino
1099 2516 1176 2549 snp-

438 2560 564 2602 plemus
589 2563 620 2592 et
645 2568 805 2592 sanamus.

1214 284 1336 317 litteras
1372 295 1408 317 ac
1444 284 1692 317 constitutiones
1728 283 1947 327 praeinsertas

1213 347 1345 380 semper
1366 337 1484 376 sirmas,
1510 337 1630 370 validas
1657 342 1690 370 et
1713 337 1859 370 efficaces
1884 337 1949 370 exi-

1215 394 1302 422 stere
1328 395 1359 422 et
1384 390 1463 429 sore,
1490 400 1628 432 suosque
1652 390 1818 432 plenarios
1844 394 1876 422 et
1898 389 1948 422 in-

1214 446 1323 484 tegros
1349 442 1481 475 effectus
1515 442 1621 475 sortiri
1652 447 1684 475 et
1707 442 1879 482 obtinere,
1911 453 1948 476 ae

1214 494 1287 534 illis,
1312 495 1351 528 ad
1384 505 1464 538 quos
1494 499 1618 537 spectat
1652 499 1684 527 et
1717 504 1777 538 pro
1803 500 1948 539 tempore

1215 547 1486 590 quandocumque
1522 547 1706 589 spectabit,
1737 547 1769 579 in
1800 548 1948 581 omnibus

1216 603 1248 631 et
1264 609 1322 641 per
1338 600 1446 632 omnia
1464 600 1650 643 plenissime
1668 599 1842 643 suffragari,
1861 605 1892 633 et
1908 601 1948 634 ab

1215 651 1261 684 eis
1285 653 1464 695 respective
1496 652 1724 686 inviolabiliter
1759 654 1947 694 observari,

1215 703 1326 747 sicque
1352 705 1383 737 in
1415 705 1600 748 praemissis
1636 716 1697 749 per
1725 714 1949 749 quoscumque

1214 757 1339 791 iudices
1363 758 1545 792 ordinarios
1571 763 1602 792 et
1634 759 1821 802 delegat05‚
1850 760 1949 794 etiam

1215 820 1381 843 causarum
1399 811 1509 854 palatii
1531 811 1702 854 apostolici
1723 812 1896 851 auditores,
1913 821 1950 844 ac

1214 862 1245 895 S.
1264 863 1301 896 R.
1325 863 1358 896 Ε.
1383 864 1574 903 cardinales,
1601 865 1696 897 etiam
1721 865 1759 898 de
1777 866 1876 898 latere
1905 866 1950 898 le-

1214 920 1305 958 gatos
1316 916 1561 959 etApostolicae
1571 916 1661 950 Sedis
1675 917 1819 957 nuncios,
1829 917 1948 950 aliosve

1214 969 1377 1011 quoslibet
1403 980 1605 1013 quacumque
1635 970 1894 1013 praeeminentia
1917 975 1950 1003 et

1191 992 1195 1071 i
1214 1027 1374 1065 potestate
1392 1023 1561 1066 fungentes
1581 1028 1613 1055 et
1629 1024 1806 1063 iuncturos,
1824 1023 1950 1056 sublata

1192 1073 1260 1109 leis
1287 1080 1319 1107 et
1343 1085 1454 1108 eorum
1480 1076 1615 1108 cuilibet
1645 1076 1756 1118 quavis
1791 1075 1884 1109 aliter
1905 1075 1950 1108 iu-

1215 1128 1342 1162 dicandi
1381 1134 1412 1161 et
1447 1128 1685 1171 interpretandi
1731 1129 1880 1162 facultate
1917 1132 1949 1162 et

1215 1181 1417 1221 auctoritate,
1440 1181 1580 1214 iudicari
1607 1186 1638 1214 et
1663 1180 1788 1214 definiri
1814 1181 1946 1222 debere,

1214 1244 1249 1266 ac
1274 1233 1399 1266 irritum
1424 1238 1456 1267 et
1479 1234 1583 1274 inane,
1609 1233 1634 1266 si
1658 1244 1752 1266 secus
1778 1243 1877 1277 super
1896 1234 1947 1267 his

1214 1296 1231 1319 a
1255 1297 1423 1329 quoquam,
1443 1286 1555 1329 quavis
1580 1286 1782 1326 auctoritate,
1808 1286 1950 1319 scienter

1214 1341 1262 1372 vel
1288 1339 1484 1381 ignoranter,
1502 1338 1673 1381 eontigerit
1691 1339 1857 1372 attentari.

1257 1392 1317 1436 {5-
1337 1394 1406 1424 Non
1428 1392 1632 1425 obstantibus
1660 1392 1950 1426 constitutionibus
1960 1402 2142 1452 ueig¹¹²i³5³m¹⁰

2014 1437 2039 1456 ga
2051 1437 2056 1451 ι
2073 1446 2079 1453 .

1214 1450 1245 1478 et
1269 1444 1528 1478 ordinationibus
1553 1445 1744 1488 apostolicis
1760 1472 1768 1486 ‚
1793 1456 1840 1484 ac,
1872 1455 1951 1488 qua-

1215 1503 1307 1530 tenus
1336 1505 1417 1541 opus
1442 1497 1498 1536 sit,
1526 1497 1600 1530 dieti
1626 1497 1778 1538 Ordinis,
1811 1497 1949 1541 aliisque

1214 1551 1391 1594 quibusvis,
1416 1551 1514 1584 etiam
1538 1551 1742 1591 iuramento,
1777 1550 1952 1584 confirma-

1214 1603 1302 1637 tione
1319 1604 1500 1647 apostolica
1515 1604 1565 1637 vel
1584 1603 1696 1647 quavis
1714 1603 1867 1636 firmitate
1886 1596 1960 1636 alia*

1213 1657 1393 1697 roboratis,
1422 1657 1552 1689 statutis
1584 1662 1615 1689 et
1637 1656 1927 1690 consuetudinibus
1943 1683 1950 1697 ,

1213 1710 1392 1753 privilegiis
1428 1719 1558 1753 quoque
1578 1736 1585 1749 ‚
1619 1709 1754 1742 indultis
1779 1715 1811 1742 et
1835 1709 1951 1742 litteris

1214 1763 1402 1806 apostolicis
1433 1763 1529 1795 etiam
1567 1762 1679 1796 Ordini
1712 1762 1880 1806 praedicto
1911 1762 1951 1795 il-

1214 1817 1341 1859 liusque
1366 1816 1600 1859 superioribus,
1622 1816 1773 1850 fratribus
1791 1820 1823 1849 et
1838 1824 1951 1859 perso-

1214 1870 1275 1909 nis,
1297 1869 1356 1902 sub
1381 1869 1640 1912 quibuscumque
1664 1870 1836 1903 verborum
1861 1874 1951 1903 teno-

1215 1922 1302 1955 ribus
1328 1928 1360 1955 et
1384 1922 1506 1963 formis,
1528 1933 1562 1955 ac
1582 1933 1653 1955 cum
1671 1922 1838 1966 quibusvis
1854 1922 1951 1956 etiam

1215 1975 1494 2018 derogatoriarum
1516 1975 1738 2018 derogatoriis,
1752 1975 1889 2020 aliisque
1910 1975 1953 2009 es-

1214 2027 1442 2068 ficacioribus,
1476 2028 1707 2062 efficacissimis
1743 2033 1777 2063 et
1808 2028 1951 2062 insolitis

1214 2081 1369 2115 clausulis
1395 2087 1427 2115 et
1450 2081 1608 2122 decretis,
1641 2082 1675 2114 in
1700 2091 1819 2124 genere
1842 2082 1892 2115 vel
1916 2081 1950 2114 in

1214 2134 1331 2178 specie,
1350 2144 1405 2167 seu
1420 2133 1498 2167 alias
1512 2135 1760 2177 quomodolibet
1775 2134 1808 2168 in
1827 2139 1952 2169 contra·

1214 2189 1297 2222 rium
1321 2188 1576 2231 praemissorum
1600 2188 1851 2231 quomodolibet
1873 2198 1952 2222 con-

1215 2242 1323 2282 cessis,
1345 2251 1380 2274 ac
1396 2240 1521 2284 pluries
1538 2240 1744 2282 confirmatis,
1764 2241 1950 2285 approbatis

1215 2300 1248 2328 et
1264 2293 1438 2335 innovatis;
1454 2294 1572 2337 quibus
1587 2293 1738 2327 omnibus
1755 2299 1787 2327 et
1800 2293 1948 2338 singulis,

1216 2348 1341 2381 etiamsi
1365 2356 1424 2390 pro
1449 2346 1579 2380 illorum
1610 2346 1780 2380 sufficienti
1812 2348 1951 2390 deroga-

1216 2401 1302 2434 tione
1332 2400 1371 2433 de
1395 2400 1458 2433 illis
1483 2408 1659 2443 eorumque
1683 2399 1758 2436 totis
1781 2401 1950 2434 tenoribus

1216 2453 1383 2497 specialis,
1407 2453 1575 2496 specifica,
1601 2463 1757 2497 expressa
1780 2458 1812 2487 et
1836 2454 1951 2488 indivi-

1217 2508 1289 2547 dua,
1307 2518 1343 2540 ac
1360 2507 1399 2539 de
1424 2507 1522 2540 verbo
1540 2507 1578 2540 ad
1596 2507 1741 2547 verbum,
1753 2517 1818 2540 non
1843 2512 1949 2541 autem

1217 2570 1276 2603 per
1296 2560 1455 2593 clausulas
1475 2561 1644 2602 generales
1660 2559 1746 2595 idem
1771 2560 1951 2604 importan-
