2254 3225
239 286 289 313 An.
311 285 338 312 c.
358 284 424 312 1698
471 274 535 309 898
837 296 851 303 -

241 1175 329 1196 dorreti.

432 333 558 376 augusti
577 342 750 372 nncxcvni,
765 331 974 375 pontificatus
993 331 1094 364 nostri
1117 341 1172 364 an-

432 397 474 419 no
491 397 560 420 VIII.

468 449 526 475 liat.
544 449 589 476 die
606 449 621 475 t
640 447 745 483 augusti
769 448 847 481 1698,
867 447 966 482 pontis.
989 455 1061 473 anno
1077 453 1122 473 vn.

759 593 846 626 CLX.

432 675 652 718 Confirmatur
696 673 856 706 decretum
905 668 1173 713 Conqreyaliom's

475 729 695 773 episcoporum
723 731 749 759 et
775 725 981 769 rryulrwium
1015 724 1052 756 cle
1077 723 1174 755 inler-

474 786 573 816 ventu
596 781 771 825 qeneralis,
797 778 1053 823 provincialium
1082 781 1109 809 ct
1131 787 1173 808 re-

477 840 601 869 ctorum
621 846 693 867 cum
712 834 861 866 discretis
879 833 915 865 in
935 831 1090 875 capitalis
1104 840 1174 873 pro-

476 888 674 922 vincialibus
701 886 969 930 Consyt‘eqationis
999 884 1174 917 Doctrinae

478 943 688 977 Christianae
713 941 749 973 in
777 939 890 974 Gallia
907 938 926 972 ¹.

618 1021 813 1049 Innocentius
834 1021 913 1053 Papa
932 1019 996 1051 XII,

589 1068 625 1094 ad
646 1067 778 1093 futuram
799 1065 844 1092 rei
864 1063 1048 1091 memoriam.

478 1139 541 1183 gi.
560 1138 678 1182 Nuper⁷
704 1146 770 1181 pro¹
788 1142 881 1180 parto
908 1135 1016 1169 dilecti
1043 1133 1100 1166 filii
1126 1132 1175 1165 lo-

434 1193 527 1237 sephi
559 1193 725 1231 Bellisen,
752 1190 975 1234 procuratoris
1013 1186 1175 1230 generalis

434 1246 700 1289 Congregationis
720 1244 892 1277 Doctrinae
914 1242 1116 1275 Christianae
1143 1241 1175 1273 in

434 1299 547 1339 Gallia,
568 1298 820 1341 Congregationi
847 1296 1085 1329 venerabilium
1113 1296 1175 1327 sra-

436 1359 520 1386 trum
543 1359 732 1386 nostrorum
767 1351 799 1384 S.
822 1351 859 1382 P..
887 1351 922 1383 E.
959 1348 1175 1382 cardinalium

434 1407 577 1450 negotiis
610 1412 641 1439 et
673 1404 973 1438 consultationibus
1007 1403 1177 1446 episcopo-

435 1470 506 1493 rum
531 1466 563 1493 et
595 1460 794 1502 regularium
835 1457 1043 1500 praepositae
1082 1467 1177 1499 expo-

435 1513 513 1554 sito,
536 1514 622 1556 quod
642 1513 731 1554 (licet
755 1511 834 1544 alias
861 1511 892 1542 in
919 1511 1056 1553 quadam
1083 1511 1176 1541 causa

437 1565 609 1598 parisiensi
628 1592 635 1605 ,
671 1563 897 1597 concordatis²
922 1562 1050 1595 dubiis:
1081 1562 1112 1594 1⁰
1138 1572 1177 1594 an

438 1619 615 1662 capitulum
641 1618 842 1661 provinciale
882 1616 1064 1649 parisiense
1096 1620 1179 1648 esset

437 1673 596 1712 validum3
623 1671 658 1703 ΞΟ
683 1682 722 1703 an
756 1669 982 1704 determinatio
1017 1668 1178 1702 vocalium

438 1725 519 1758 sacta
550 1725 583 1757 in
615 1724 902 1757 constitutionibus
937 1733 996 1767 pro
1034 1721 1178 1764 capitulo

438 1777 628 1821 provinciali
654 1782 737 1810 esset
761 1777 987 1820 approbanda,
1014 1775 1076 1818 ipsi
1101 1774 1180 1807 Con-

439 1830 620 1873 gregationi
646 1830 859 1863 cardinalium
885 1829 1084 1872 respondere
1110 1829 1177 1871 pla-

439 1884 578 1917 cuisset:
605 1884 652 1916 Ad
685 1884 741 1916 1⁰⁰¹
767 1883 941 1923 sustineri;
969 1883 1008 1915 ad
1041 1882 1098 1914 Ξιυῐι
1125 1892 1179 1914 ne-

439 1938 560 1979 gative,
599 1943 732 1980 excepto
764 1937 909 1980 generali
935 1935 1066 1978 actuali)
1093 1935 1179 1967 nilii-

438 1990 579 2023 lominus
603 1991 658 2023 illa
683 1991 781 2024 verba
804 1996 931 2033 excepto
954 1989 1103 2033 yenerali
1127 1999 1178 2021 ac-

440 2044 537 2084 tuali,
560 2044 620 2076 nisi
646 2045 733 2077 clare
758 2044 961 2077 reserrentur
986 2044 1024 2076 ad
1050 2054 1106 2076 eos
1124 2042 1177 2086 qui

440 2097 605 2130 debebant
628 2098 785 2130 interesse
813 2097 955 2140 capitulo
978 2097 1177 2140 provinciali,

440 2155 472 2183 et
494 2151 532 2183 ad
556 2161 611 2183 eos
633 2151 686 2194 qui
705 2152 744 2183 ab
774 2151 890 2184 eodem
911 2151 1052 2193 capitulo
1080 2150 1179 2183 debe-

440 2204 520 2236 bant
554 2204 702 2245 excludi,
729 2215 838 2237 secum
864 2205 1012 2237 serebant
1035 2204 1179 2247 aliquam

441 2257 653 2297 dubietatem,
674 2268 712 2290 an
739 2258 860 2291 scilicet
885 2258 1112 2291 determinatio
1130 2268 1181 2290 vo-

441 2311 556 2343 calium
582 2311 663 2343 sacta
687 2310 720 2342 in
745 2311 1030 2344 constitutionibus
1047 2322 1106 2354 pro
1128 2322 1179 2344 ca-

440 2363 544 2407 pitulo
580 2364 771 2407 provinciali
796 2365 984 2398 huiusmodi
1010 2364 1180 2408 eligenda³

478 2473 489 2498 1
513 2470 542 2497 ln
562 2474 647 2498 const.
665 2470 706 2498 ed.
724 2477 859 2503 nncxcx'lt,
877 2471 919 2498 die
940 2472 974 2498 Ξ3
994 2472 1094 2505 martii,
1110 2480 1179 2506 pon-

441 2514 482 2542 tif.
498 2521 534 2549 Vl,
555 2516 642 2550 agitur
658 2516 691 2542 de
707 2516 881 2550 abrogatione
897 2516 1091 2549 discretorum3
1114 2521 1140 2543 et
1155 2516 1180 2542 in

442 2560 586 2587 Clementis
605 2559 640 2586 xt
661 2564 747 2587 const.
769 2560 812 2587 ed.
833 2567 962 2595 nocetum,
984 2561 1027 2588 die
1048 2562 1082 2588 ‘25
1100 2560 1178 2596 iunii,

442 2604 614 2640 pontificatus
634 2611 688 2638 vin,
704 2605 739 2632 de
759 2613 823 2632 voce
843 2605 994 2633 delinitoris
1014 2606 1144 2633 adiuncti.

478 2648 494 2675 Ξ
514 2648 616 2676 Forsan
632 2650 788 2685 propositis
807 2651 844 2685 (R.
861 2652 911 2686 τ.).

477 2694 495 2722 3
514 2694 614 2722 Forsan
634 2695 765 2730 elz'yendo
786 2695 823 2731 (n.
840 2695 889 2730 τ.).

1015 281 1196 306 BULLARIUM
1219 280 1374 305 ROMANUM

1216 336 1302 363 esset
1337 329 1548 373 approbanda
1582 334 1702 362 tautum
1742 328 1775 360 in
1811 328 1954 371 persona

1217 384 1379 426 generalis
1404 383 1545 422 actualis,
1565 393 1629 415 non
1655 393 1731 415 vero
1759 382 1790 414 in
1815 381 1887 414 aliis
1905 391 1956 414 vo·

1216 437 1339 469 Calibus
1364 436 1416 479 qui
1451 442 1543 469 erant
1568 436 1600 468 in
1626 436 1740 468 eadem
1766 434 1956 468 determina-

1217 490 1306 523 tione
1331 490 1610 529 constitutionum,
1630 499 1749 532 nempe
1766 489 1798 521 in
1824 488 1956 532 provin-

1217 543 1302 583 ciali,
1329 543 1513 576 rectoribus
1533 548 1563 575 et
1580 543 1739 581 discretis,
1757 553 1828 574 cum
1848 547 1954 574 tamen

1217 607 1310 629 mens
1336 596 1479 629 eiusdem
1505 595 1774 638 Congregationis
1811 595 1958 628 cardina-

1218 650 1296 682 lium
1312 649 1422 682 suissct
1442 648 1563 682 tamen¹
1580 649 1754 682 excludere
1770 649 1808 681 ab
1827 649 1887 681 hac
1904 649 1958 681 de-

1219 703 1447 735 terminatione
1461 702 1730 742 commissarium,
1746 702 1958 744 exgenerales

1217 767 1329 788 omnes
1354 761 1385 788 et
1411 755 1686 798 exprovincialem
1711 755 1956 795 immediatum3

1218 811 1428 853 ideoquopro
1442 815 1533 853 parte
1555 809 1630 842 dicti
1650 809 1780 852 losephi
1803 819 1959 852 procura-

1219 864 1297 896 toris
1316 864 1482 907 generalis
1499 864 1604 896 eidem
1619 863 1874 905 Congregationi
1889 873 1958 895 car-

1219 918 1377 951 dinalium
1393 917 1586 961 supplicato,
1604 923 1647 957 ut,
1663 918 1700 950 ad
1718 916 1866 950 effectum
1882 927 1959 951 con-

1219 971 1316 1004 dendi
1339 972 1445 1013 lcgcni
1468 971 1597 1009 claram,
1623 981 1659 1003 ae
1682 970 1792 1011 dandi,
1817 970 1958 1014 quietem

1219 1024 1442 1067 supraedictae
1490 1023 1741 1066 Congregationi
1788 1023 1958 1055 Doctrinae

1219 1077 1429 1117 Christiatnae,
1446 1077 1595 1120 explicite
1615 1077 1833 1110 determinare
1848 1077 1960 1119 digna-

1219 1137 1318 1171 retur,
1335 1131 1423 1173 quod
1440 1130 1471 1162 in
1492 1136 1658 1173 posterum
1675 1130 1706 1162 in
1725 1130 1868 1173 capitulo
1886 1140 1961 1172 pro·

1219 1185 1348 1218 vinciali
1375 1184 1575 1217 interessent
1600 1189 1742 1224 tantum,
1773 1189 1804 1216 et
1828 1183 1960 1227 quidem

1220 1250 1277 1282 per
1302 1249 1357 1278 se,
1387 1238 1550 1280 generalis
1584 1238 1741 1278 actualis,
1777 1237 1961 1280 provincia-

1221 1294 1270 1333 lis,
1290 1304 1326 1326 ac
1347 1298 1490 1325 rectores
1515 1303 1629 1325 omnes
1647 1303 1718 1324 cum
1745 1302 1802 1324 suo
1821 1291 1960 1334 quisque

1221 1347 1362 1379 discreto
1389 1357 1405 1379 a
1430 1347 1569 1390 capitulo
1596 1345 1808 1385 conventuali,
1834 1344 1889 1378 ubi
1907 1355 1962 1377 sex

1220 1402 1347 1435 vocales
1384 1400 1592 1439 resedissent,
1620 1399 1790 1442 eligendo,
1818 1398 1963 1441 quando·

1221 1455 1352 1499 quidem
1372 1454 1403 1486 lii
1424 1464 1548 1494 omneS‚
1572 1453 1712 1485 exclusis
1730 1451 1961 1491 commissario,

1221 1508 1473 1551 cxgeneralibus
1493 1512 1523 1539 et
1542 1506 1963 1549 exprovincialibus,rema-

1221 1562 1343 1595 nebant
1367 1561 1399 1593 in
1426 1559 1697 1593 determinatione
1724 1560 1806 1592 saeta
1831 1558 1863 1591 in
1885 1569 1963 1591 con-

1221 1615 1453 1654 stitutionibus,
1481 1618 1513 1646 et
1537 1613 1568 1646 id
1595 1618 1665 1646 erat
1681 1613 1768 1656 quod
1794 1612 1833 1645 ab
1858 1611 1963 1646 omni-

1222 1669 1280 1701 bus
1305 1668 1476 1711 petebatur
1502 1667 1540 1699 ad
1567 1677 1679 1710 pacem
1709 1665 1960 1705 conciliandam,

1223 1728 1254 1754 et
1275 1727 1309 1754 ut
1334 1723 1383 1754 lex
1406 1726 1591 1753 remaneret
1607 1721 1694 1753 clara
1712 1725 1743 1752 et
1759 1719 1962 1759 inconcussa,

1222 1776 1265 1808 ita
1290 1781 1397 1808 tamen
1423 1780 1456 1807 ut
1480 1775 1512 1807 in
1538 1774 1680 1816 reliquas
1710 1773 1963 1807 constitutiones

1223 1830 1408 1873 praedictae
1419 1826 1966 1871 CongregationisDoctrinaeChri-

1223 1883 1344 1915 stianae
1370 1882 1502 1915 minime
1523 1881 1722 1925 approbatae
1741 1879 1965 1922 intelligeren-

1223 1936 1302 1970 tur²t
1320 1937 1507 1970 emanavita
1524 1935 1690 1979 praedicta
1705 1934 1964 1977 Congregatione

1223 1990 1435 2023 cardinalium
1468 1990 1635 2023 decretum
1671 1988 1793 2022 tenoris
1829 1988 1882 2032 qui
1917 1998 1966 2021 se-

1223 2044 1355 2087 quitur,
1381 2043 1546 2076 videlicet:
1585 2055 1597 2074 α
1630 2042 1725 2076 Sacra
1749 2041 1964 2085 Congregatio

1223 2096 1553 2129 eminentissimorum
1568 2102 1599 2129 et
1612 2095 1964 2129 reverendissimorum

1222 2151 1253 2184 S.
1271 2150 1353 2182 RE.
1376 2149 1586 2182 cardinalium
1612 2148 1752 2190 negotiis
1779 2154 1810 2181 et
1835 2149 1965 2181 consul-

1223 2203 1399 2236 tationibus
1436 2203 1664 2245 episcoporum
1702 2207 1733 2235 et
1764 2201 1964 2244 regularium

1222 2257 1419 2300 praeposita,
1445 2256 1574 2289 attentis
1600 2256 1750 2295 narratis,
1776 2255 1904 2288 censuit
1928 2265 1964 2287 ac

1224 2310 1411 2350 declaravit,
1440 2309 1525 2352 quod
1552 2309 1584 2340 in
1610 2308 1760 2351 capitulis
1785 2307 1965 2351 provincia-

1223 2363 1308 2396 libus
1325 2363 1481 2395 iuteresse
1502 2367 1655 2405 poterunt
1674 2361 1836 2404 generalis
1855 2366 1965 2394 actua-

1223 2417 1271 2456 lis,
1297 2416 1506 2460 provincialis
1533 2421 1564 2448 et
1587 2421 1731 2448 rectores
1755 2426 1866 2448 omnes
1891 2425 1964 2448 cum

1223 2481 1281 2504 suo
1298 2470 1436 2514 quisque
1457 2470 1606 2510 discreto,
1625 2480 1642 2502 a
1663 2469 1805 2512 capitulo
1823 2479 1965 2502 conven-

1226 2525 1320 2565 tuali,
1345 2524 1401 2556 ubi
1427 2534 1481 2557 sex
1515 2523 1639 2556 vocales
1670 2523 1881 2565 residebunt,
1907 2523 1964 2556 eli-

1261 2606 1271 2630 1
1295 2603 1409 2631 Videtur
1427 2602 1573 2639 legendum
1595 2605 1706 2631 lantum
1725 2602 1764 2637 (a.
1785 2601 1834 2636 τ.).

1259 2649 1275 2676 Ξ
1296 2649 1404 2676 Videtur
1423 2648 1566 2684 legendum
1587 2648 1711 2676 minime
1733 2647 1896 2683 approbata
1918 2646 1964 2674 in-

1225 2695 1400 2729 telliyerelur
1418 2695 1454 2728 (nt
1468 2695 1517 2727 T.).

1959 277 2013 305 An.
2033 277 2062 306 C.
2079 278 2146 307 1698
