2254 3225
219 233 267 261 An.
288 233 317 261 c.
342 232 407 260 1093
453 224 516 258 5:38

304 2038 350 2057 limi

355 2037 417 2061 matio

236 2068 314 2085 euntia!
323 2070 396 2085 turum,

408 285 578 324 praetextu
603 284 635 314 et
658 278 763 323 capite
779 307 787 320 ,
820 277 915 312 etiam
949 279 982 311 in
1006 286 1144 321 corpore

409 334 488 367 iuris
513 335 644 375 clauso,
672 335 740 367 ullo
764 343 907 377 unquam
934 336 1079 374 tempore
1105 330 1144 363 de

411 387 631 431 subreptionis
663 387 712 420 vel
741 384 944 428 obreptionis
969 395 1025 417 seu
1049 383 1147 416 nulli-

411 441 486 473 tatis
512 440 603 480 vitio,
629 444 682 473 aut
706 438 896 472 intentionis
932 442 1063 470 nostrae
1098 436 1147 468 vcl

412 492 572 525 interesse
598 491 787 526 habentium
808 490 999 530 consensus,
1019 489 1148 532 alioque

413 545 562 589 quolibet
592 545 688 578 ctiam
720 543 922 586 quantumvis
957 551 1076 585 magno
1113 552 1150 574 ac

413 599 539 632 formali
566 603 598 631 et
622 596 827 631 substantiali
864 596 993 629 defectu
1017 595 1147 635 notari,

414 651 620 695 impugnari,
654 650 808 692 infringi,
839 649 873 682 in
898 649 1149 685 controversiam

414 704 569 744 revocari,
588 703 628 736 ad
654 703 807 736 terminos
831 701 910 734 iuris
931 700 1064 741 reduci,
1092 711 1150 733 seu

415 756 567 790 adversus
591 755 663 788 illas
688 754 877 798 aperitionis
902 754 968 787 oris
983 781 991 795 ‚
1026 753 1152 786 restitu-

416 809 514 843 tionis
539 809 571 842 in
596 809 767 851 integrum,
793 808 947 851 aliudque
973 808 1153 851 quodcum-

417 873 479 906 que
505 862 600 903 iuris,
625 861 700 894 facti
733 862 783 894 vel
813 861 935 904 gratiae
972 860 1153 895 remedium

417 915 571 950 intentari
590 915 640 948 vel
658 914 824 958 impetrari
842 915 1027 947 nullatenus
1045 919 1152 957 posse,

417 969 475 1002 sed
500 977 628 1011 semper
653 972 685 1000 et
709 972 868 1010 perpetuo
892 966 1023 1007 validas,
1048 966 1154 999 firmas

419 1026 451 1054 et
475 1020 619 1056 efficaces
653 1020 795 1053 existere
826 1025 858 1052 et
888 1020 979 1061 fore,
1012 1030 1154 1063 suosque

418 1073 595 1117 plenarios,
622 1073 852 1107 irrevocabiles
870 1079 900 1106 et
919 1077 1093 1117 perpetuos
1111 1073 1156 1106 ef-

418 1127 522 1159 fectus
549 1126 662 1159 sortiri
697 1130 730 1159 et
761 1126 912 1159 obtinere
948 1126 1094 1166 debere,
1125 1131 1156 1159 et

419 1180 459 1214 ab
491 1179 662 1219 omnibus,
692 1179 732 1212 ad
764 1189 845 1222 quos
876 1184 1002 1222 spectat
1033 1184 1064 1212 et
1095 1189 1154 1222 pro

419 1237 566 1275 tempore
603 1232 876 1276 quandocumque
911 1237 943 1265 et
975 1232 1156 1275 quomodo-

420 1295 558 1329 cumque
590 1285 762 1328 spectabit,
790 1285 1021 1319 inviolabiliter
1044 1285 1157 1318 obser-

419 1339 501 1380 vari,
520 1338 630 1382 sicque
655 1343 687 1372 et
710 1349 776 1372 non
792 1338 886 1372 aliter
906 1349 966 1382 per
988 1347 1159 1382 quoscum-

421 1401 486 1435 que
518 1391 640 1425 iudices
679 1391 861 1426 ordinarios
898 1397 929 1425 et
968 1391 1156 1434 delegatos,

422 1445 534 1489 quavis
559 1444 750 1478 auctoritate
776 1450 830 1478 aut
847 1449 1007 1489 potestate
1029 1445 1159 1488 fungen-

424 1504 473 1532 tes
498 1503 529 1532 et
554 1499 732 1539 functuros‚
751 1498 847 1531 etiam
865 1508 1034 1532 causarum
1048 1497 1159 1541 palatii

423 1551 593 1595 apostolici
619 1551 790 1591 auditores,
820 1551 981 1594 praefatae
1007 1550 1159 1585 Gamerae

423 1605 675 1646 thesaurarium,
703 1610 735 1638 et
760 1605 896 1638 clericos
920 1605 1158 1648 praesidentes,

426 1664 458 1692 et
481 1657 512 1691 S.
540 1657 575 1690 R.
600 1657 635 1690 E.
663 1657 856 1698 cardinales,
876 1657 972 1691 etiam
998 1658 1037 1691 de
1062 1658 1162 1691 latere

424 1713 569 1754 legatos,
594 1710 722 1744 sublata
758 1711 803 1743 eis
836 1716 868 1744 et
893 1721 1004 1744 eorum
1030 1711 1163 1744 cuilibet

426 1764 539 1809 quavis
565 1764 661 1797 aliter
686 1763 849 1800 iudicandi
869 1769 900 1797 et
924 1764 1162 1807 interpretandi

426 1818 589 1857 facultate,
610 1816 746 1851 iudicari
767 1822 799 1850 et
819 1817 947 1850 definiri
974 1818 1104 1858 debere,
1124 1818 1164 1850 ir-

427 1871 525 1906 ritum
550 1881 681 1914 quoque
708 1876 740 1903 et
763 1871 868 1911 inane,
896 1870 921 1903 si
947 1881 1041 1904 secus
1067 1880 1164 1914 super

428 1925 480 1957 his
494 1935 512 1957 a
524 1934 696 1968 quoquam,
712 1924 824 1968 quavis
843 1923 1044 1964 auctoritate,
1062 1924 1165 1957 scicn-

430 1983 477 2010 ter
501 1979 550 2011 vel
576 1978 774 2020 ignoranter,
800 1977 975 2020 contigerit
1000 1977 1163 2011 attentari.

473 2031 487 2074 g
511 2030 565 2063 27.
591 2030 661 2063 Nou
686 2030 889 2064 obstantibus
915 2030 1111 2074 praemissis,
1130 2035 1164 2063 ac

431 2094 709 2127 quorumcumque
737 2089 932 2123 testatorum,
960 2084 1166 2121 fundatorum

431 2141 463 2170 et
487 2136 613 2179 piorum
638 2136 831 2179 largitorum
859 2137 954 2170 etiam
982 2136 1102 2174 ultimis
1118 2147 1167 2170 vo-

431 2189 618 2229 luntatibus,
646 2199 724 2232 quas
750 2189 854 2232 quoad
880 2189 1059 2233 praeniissa
1084 2189 1168 2223 suffi-

433 2242 595 2275 cienteret
610 2252 763 2285 expresse
781 2248 1027 2283 commutamus,
1042 2248 1081 2283 et,
1097 2253 1167 2286 qua·
1188 2263 1189 2268 =

433 2300 529 2328 tenus
554 2305 636 2338 opus
661 2295 723 2335 sit,
748 2298 858 2328 nostra
888 2301 919 2328 et
951 2295 1167 2330 Cancellariac
1188 2287 1189 2304 ³

435 2348 641 2393 Apostolicac
659 2349 771 2392 regula
791 2349 829 2382 de
848 2349 918 2383 iure
937 2350 1083 2393 quaesito
1104 2361 1168 2384 non

436 2402 606 2443 tollendo,
631 2412 758 2435 necnon
784 2402 1010 2436 Lateranensis
1036 2402 1167 2436 Concilii

435 2455 610 2489 novissime
635 2454 787 2488 celebrati
813 2455 949 2488 uniones
974 2462 1168 2500 perpetuas,

438 2509 500 2543 nisi
532 2509 564 2541 in
595 2508 724 2541 casibus
759 2519 775 2541 a
808 2508 878 2541 iure
903 2509 1077 2551 permissis,
1102 2509 1169 2542 fieri

439 2562 660 2607 prohibentis,
692 2568 790 2605 prout
815 2562 910 2595 etiam
936 2563 1068 2605 praefati
1095 2563 1170 2596 sixti

440 2615 721 2659 praedmessoris,
746 2624 873 2648 necnon
901 2615 1001 2649 felicis
1027 2616 1173 2649 recorda-

987 229 1165 255 BULLARIUM
1190 229 1344 253 ROMANUM

1188 276 1286 309 tionis
1312 275 1513 320 Symmachi,
1539 276 1627 310 Pauli
1650 277 1685 317 11,
1710 276 1801 310 Pauli
1824 276 1861 309 lv
1890 281 1921 309 et

1187 329 1323 362 aliorum
1344 329 1561 362 Romanorum
1580 329 1768 363 Pontificum
1787 328 1921 373 praede-

1188 393 1353 416 cessorum
1378 387 1561 416 nostrorum
1585 383 1625 416 de
1652 383 1746 416 rebus
1760 383 1922 416 Ecclesiae

1190 441 1221 468 et
1239 435 1391 469 Gamerae
1417 436 1624 479 Apostolicae
1649 446 1714 469 non
1731 435 1921 475 alienandis,

1191 494 1223 521 et
1247 488 1285 521 de
1311 489 1460 521 alienatis
1486 488 1725 531 recuperandis,
1747 488 1923 531 itidemque

1190 541 1325 584 praefati
1348 541 1395 574 Pii
1420 541 1455 574 lV
1480 541 1519 574 de
1552 541 1662 583 gratiis
1687 542 1923 584 qualecumque

1191 594 1347 627 interesse
1366 593 1529 637 praefatae
1553 593 1702 626 Gamerae
1719 594 1924 636 Apostolicae

1192 645 1494 687 concernentibus¹,
1520 646 1553 679 in
1577 646 1663 679 dicta
1686 645 1818 680 Camera
1841 646 1927 680 intra

1193 704 1314 734 certum
1338 699 1418 732 inibi
1434 698 1669 743 praescriptum
1694 704 1822 743 tempus
1838 709 1928 743 prae-

1193 753 1359 786 sentandis
1376 758 1408 785 et
1427 752 1649 795 registrandis,
1671 753 1751 785 itaut
1774 763 1927 796 praesen-

1195 811 1242 839 tes
1255 806 1287 839 in
1306 808 1343 839 ea
1359 806 1562 850 praesentari
1587 811 1619 839 et
1643 806 1809 849 registrari
1835 807 1926 840 nullo

1194 869 1336 902 unquam
1362 864 1512 903 tempore
1530 859 1580 892 vel
1597 859 1695 892 modo
1720 869 1854 892 necesse
1873 860 1926 900 sit,

1196 922 1323 945 necnon
1348 912 1420 945 aliis
1447 911 1704 955 quibuscumque
1729 912 1928 955 apostolicis,

1197 976 1232 998 ac
1257 966 1354 998 etiam
1380 965 1412 997 in
1437 965 1645 1008 generalibus
1670 965 1816 998 conciliis
1833 965 1929 998 editis

1198 1024 1230 1051 et
1248 1018 1383 1054 edendis
1400 1017 1696 1058 constitutionibus,
1715 1018 1932 1051 ordinationi-

1196 1072 1268 1112 bus,
1290 1082 1326 1104 ac
1345 1071 1439 1105 Urbis
1458 1076 1588 1104 nostrae
1610 1076 1640 1104 et
1657 1081 1932 1115 quorumcumque

1198 1125 1351 1168 superius
1388 1124 1540 1168 explicite
1571 1125 1621 1157 vel
1647 1124 1804 1168 implicite
1830 1125 1933 1158 nomi-

1198 1184 1348 1211 natorum
1366 1182 1397 1211 et
1415 1178 1730 1221 comprehensorum
1751 1178 1932 1221 quibusvis,

1199 1231 1296 1265 etiam
1322 1231 1504 1264 iuramento
1530 1226 1579 1263 vel
1604 1230 1667 1263 alia
1697 1231 1807 1273 quavis
1837 1230 1935 1264 firmi-

1201 1288 1263 1317 tate
1286 1283 1459 1323 roboratis,
1478 1283 1615 1321 statutis,
1641 1283 1767 1324 usibus,
1790 1284 1880 1327 stylis
1904 1288 1936 1316 et

1199 1336 1498 1375 consuctudinibus,
1525 1336 1703 1380 privilegiis
1728 1345 1869 1380 quoque,
1887 1337 1935 1369 in-

1201 1391 1311 1432 dultis,
1339 1390 1435 1424 etiam
1460 1391 1493 1423 in
1518 1391 1630 1424 limine
1656 1390 1852 1425 fundationis
1879 1401 1935 1423 seu

1201 1443 1378 1477 dotationis
1403 1443 1575 1484 concessis,
1594 1442 1652 1476 sub
1678 1443 1936 1487 quibuscumque

1202 1497 1377 1530 verborum
1412 1496 1580 1532 tenoribus
1614 1501 1645 1529 et
1677 1496 1814 1536 formis,
1841 1496 1937 1530 etiam

1202 1556 1303 1590 motu,
1321 1549 1453 1582 scientia
1479 1554 1510 1581 et
1533 1548 1706 1592 potestatis
1732 1548 1937 1592 plenitudine

1202 1604 1345 1647 paribus,
1372 1602 1468 1636 etiam
1494 1602 1780 1640 consistorialiter,
1807 1612 1843 1634 ac
1868 1612 1938 1634 cum

1204 1657 1371 1701 quibusvis
1389 1656 1484 1689 etiam
1508 1655 1788 1698 derogatori-arum
1808 1655 1940 1697 deroga-

1205 1710 1304 1750 toi-iis,
1324 1709 1462 1752 aliisque
1488 1708 1731 1744 efficacioribus,
1759 1719 1772 1739 c
1802 1707 1941 1740 icacissi-

1204 1762 1263 1797 niis
1288 1768 1319 1795 ct
1344 1762 1485 1795 insolitis
1512 1761 1664 1794 clausulis
1686 1767 1717 1793 et
1737 1761 1885 1801 decretis,
1908 1761 1940 1793 in

1205 1824 1326 1858 genere
1351 1815 1401 1847 vel
1426 1815 1459 1847 in
1484 1814 1603 1857 specie,
1633 1819 1665 1846 et
1689 1813 1727 1846 ad
1754 1814 1941 1856 quorumvis

1206 1867 1410 1908 instantiam,
1437 1868 1485 1900 vet
1518 1866 1596 1900 alias
1632 1867 1880 1910 quomodolibet
1909 1866 1941 1899 in

1207 1922 1404 1955 contrarium
1441 1920 1655 1954 eorumdem²
1686 1920 1942 1963 praemissorum

1207 1976 1380 2016 concessis,
1408 1985 1445 2008 ac
1470 1974 1565 2007 etiam
1591 1973 1712 2017 pluries
1737 1973 1939 2017 approbatiS‚

1208 2028 1418 2069 confirmatis,
1445 2027 1569 2061 iteratis
1584 2033 1615 2060 ct
1631 2027 1809 2068 innovatis;
1826 2027 1942 2070 quibus

1209 2081 1358 2116 omnibus
1377 2086 1407 2114 et
1430 2081 1577 2123 singulis,
1591 2080 1718 2113 etiamsi
1736 2088 1795 2123 pro
1812 2080 1943 2113 illorum

1209 2134 1381 2170 sufficienti
1408 2133 1618 2176 derogatione
1652 2133 1691 2165 de
1717 2132 1782 2165 illis
1815 2143 1944 2165 eorum-

1210 2200 1271 2233 que
1291 2188 1366 2221 totis
1391 2186 1557 2221 tenoribus
1584 2185 1757 2230 specialiS,
1780 2185 1942 2229 specifica,

1210 2241 1385 2282 individua,
1403 2251 1438 2273 ac
1459 2240 1496 2273 de
1522 2240 1621 2273 verbo
1647 2239 1685 2272 ad
1712 2238 1855 2279 verbum,
1876 2248 1943 2272 non

1210 2301 1314 2329 autem
1334 2305 1392 2338 per
1409 2293 1568 2327 clausulas
1592 2291 1762 2334 generales
1789 2291 1872 2325 idem
1891 2291 1945 2325 im-

1210 2354 1396 2394 portanteS,
1422 2347 1543 2380 mentio
1568 2354 1624 2378 seu
1650 2345 1781 2389 quaevis
1806 2345 1867 2378 alia
1891 2356 1945 2379 ex-

1211 2401 1336 2447 pressio
1361 2399 1528 2440 habenda,
1557 2403 1610 2431 aut
1634 2408 1858 2442 quaecumque
1883 2398 1946 2432 alia

1212 2455 1370 2498 exquisita
1396 2453 1496 2486 forma
1521 2452 1559 2485 ad
1585 2452 1647 2485 hoc
1672 2453 1828 2485 servanda
1854 2452 1946 2492 foret,

1212 2509 1342 2542 illorum
1368 2505 1510 2540 omnium
1531 2510 1562 2538 et
1579 2505 1780 2548 singulorum
1802 2510 1946 2546 tenores,

1251 2582 1259 2606 1
1284 2579 1355 2606 Edit.
1376 2578 1455 2605 Μαίη.
1474 2578 1541 2613 legit
1559 2577 1796 2606 concurrentibus
1814 2580 1854 2613 (tt.
1871 2578 1920 2613 r.).

1249 2625 1264 2650 2
1286 2623 1353 2650 Edit.
1375 2621 1451 2649 Main.
1475 2621 1538 2658 legit
1557 2630 1655 2649 eorum
1679 2622 1717 2657 (u.
1739 2623 1787 2656 12).

1924 229 1972 254 Λη.
1993 227 2023 254 C.
2046 226 2112 254 1093
