2254 3225
223 214 269 241 An.
292 214 321 240 c,
345 212 407 240 1691
456 204 519 238 280

992 213 1167 236 ssssLLAtttttit

415 266 447 294 et
469 263 613 295 anteacta
638 262 698 294 vua
714 288 722 302 ‚
749 260 788 293 de
814 260 917 304 patria
941 265 973 294 et
996 259 1149 303 legitimi-

414 319 479 347 tate
493 319 676 357 parentum.
695 313 851 352 Quocirca
865 313 1064 347 strictissime
1079 323 1150 346 con-

415 367 578 400 stituimus
602 372 637 399 ut
661 367 826 400 decretum
847 377 883 399 ex
909 371 998 399 motu
1016 365 1149 409 proprio

415 419 446 454 S.
474 420 509 452 D.
535 420 572 454 N.
599 419 677 453 Sixti
703 420 725 452 V
751 425 943 463 exequatur,
970 419 1057 462 quod
1084 418 1150 450 nul-

417 474 466 506 lus
491 483 528 506 ex
553 472 711 515 sacrilego
737 478 792 505 aut
815 472 999 506 incestuoso
1032 481 1151 504 concu-

416 525 484 558 bitu
509 536 611 569 usque
637 526 675 558 ad
701 525 831 559 tertium
864 523 1150 567 consanguinitatis

416 582 470 611 aut
494 576 655 611 affinitatis
681 577 814 620 gradum
832 582 1020 621 procreatus
1038 577 1075 609 ad
1095 576 1151 608 lia-

418 630 520 663 bitum
554 630 586 663 in
626 630 734 673 aliqua
769 629 926 672 religione
962 628 1151 662 admittatur

418 684 493 725 (sub
520 683 734 726 professionis
764 683 911 716 nullitate
943 682 1019 715 alibi
1045 682 1151 726 expri-

417 736 561 779 menda),
579 735 638 768 nisi
660 735 859 769 solummodo
877 735 908 768 in
929 735 1059 768 fratrem
1076 746 1151 768 con—

415 799 543 822 versum
569 794 622 822 aut
646 789 773 829 laicum,
788 789 875 822 omni
894 790 1022 822 seclusa
1042 799 1151 821 ascen-

417 841 515 874 dendi
548 842 586 874 ad
624 841 770 875 altiorem
799 841 933 884 gradum
960 841 990 874 in
1016 841 1147 874 Ordine.

416 894 505 928 Alios
528 905 605 927 vero
630 894 830 936 illegitimos,
849 894 975 937 spurios
993 895 1042 927 vel
1061 900 1151 926 natu-

414 948 511 986 rales,
525 947 621 980 etiam
646 947 946 989 aliaslegitimatos,
965 947 1088 990 pariter
1112 947 1150 979 ab

415 999 534 1033 Ordine
569 999 789 1042 prohibemus,
816 999 877 1031 nisi
906 999 994 1041 prius
1021 999 1060 1032 de
1085 1000 1151 1031 illo-

416 1063 486 1085 rum
517 1052 581 1084 vita
613 1056 645 1084 et
680 1051 822 1083 moribus
854 1062 889 1083 ac
923 1051 962 1083 de
993 1051 1150 1083 universis

415 1104 487 1137 aliis
512 1103 676 1146 requisitis
701 1103 738 1135 ad
764 1102 915 1136 Ordinem
933 1102 986 1135 flat
1004 1109 1150 1135 accurata

415 1155 590 1195 discussio,
618 1160 649 1188 et
672 1155 816 1198 alioquin
848 1155 992 1198 receptio
1018 1156 1149 1188 illorum

415 1219 451 1242 ex
477 1208 539 1241 fide
565 1207 671 1251 dignis
698 1207 890 1240 testimoniis
915 1208 1084 1241 universae
1102 1218 1150 1240 rc-

415 1260 546 1304 ligionis
572 1261 743 1294 commodo
779 1266 810 1293 et
835 1260 963 1293 utilitati
995 1267 1151 1304 appareat

414 1313 595 1357 profutura.
622 1312 690 1351 Oua
719 1313 758 1346 de
793 1323 827 1345 rc
862 1313 892 1345 in
922 1313 1064 1356 generali
1094 1324 1148 1346 seu

414 1366 605 1410 provinciali
630 1367 772 1409 capitulo
797 1368 922 1398 matura
947 1366 1150 1399 deliberatio-

414 1429 455 1452 ne
480 1419 601 1459 habita,
626 1424 658 1452 et
674 1419 816 1451 unanimi
831 1418 1006 1451 definitorii
1025 1420 1150 1462 provin·
1170 1409 1172 1420 Ι

415 1472 503 1505 cialis
528 1473 576 1505 vel
594 1471 755 1515 generalis
768 1481 927 1505 consensu
946 1472 984 1504 ad
1003 1472 1149 1505 habitum

415 1525 647 1568 approbentur.

460 1588 518 1611 xtt.
540 1578 755 1611 Nihilominus
775 1583 879 1611 tamen
899 1578 945 1611 sic
963 1578 1095 1621 recepti,
1110 1579 1149 1611 ad

416 1631 542 1672 gradus,
577 1631 719 1663 bonores
750 1636 783 1663 et
819 1630 992 1673 dignitates
1021 1631 1149 1664 Ordinis

416 1688 575 1727 perpetuo
600 1683 664 1716 sint
689 1683 863 1724 inhabiles,
890 1683 951 1716 nisi
978 1695 994 1716 a
1015 1684 1046 1717 S.
1066 1684 1172 1718 Sede*

1170 1739 1172 1755 ⁵
1193 1737 1298 1769 alieno
1323 1747 1419 1780 supra
1443 1736 1526 1769 vires
1552 1736 1738 1770 facultatum
1770 1748 1899 1770 suarum
1916 1765 1923 1778 ‚

416 1736 603 1778 Apostoliea
628 1736 867 1779 indulgeantur.
896 1737 1019 1769 Poterit
1044 1744 1148 1770 autem

416 1788 634 1821 definitorium
661 1789 859 1831 provinciale
879 1794 932 1821 aut
948 1790 1098 1831 generale
1118 1790 1148 1822 iu

416 1841 557 1883 capitulo
589 1847 820 1884 congregatum
837 1868 843 1881 ,
881 1842 1006 1883 cognita
1045 1848 1148 1874 tamen

416 1893 504 1935 prius
521 1892 576 1926 ex⁴
595 1896 746 1936 expressa
763 1893 794 1926 in
820 1894 1063 1936 dispensatione
1078 1905 1149 1937 spc-

415 1945 464 1978 cie
483 1945 726 1988 illegitimitatis,
742 1956 813 1979 cum
828 1947 876 1986 iis,
891 1946 984 1979 etiam
1000 1947 1037 1979 ad
1059 1957 1150 1989 prae-

416 1998 497 2030 fatos
514 1998 668 2038 honores,
691 1998 808 2041 gradus
827 2004 858 2031 et
877 1999 1050 2041 dignitates
1069 1999 1150 2032 obti-

415 2050 551 2091 nendas,
573 2051 770 2093 dispensare,
790 2057 1013 2095 praeterquam
1029 2052 1066 2085 ad
1085 2063 1149 2085 ma-

416 2104 583 2146 gistratum
616 2103 745 2137 Ordinis
786 2110 817 2138 et
853 2105 1119 2147 provincialatum
1138 2117 1145 2146 ;

415 2167 509 2199 quam
526 2157 801 2199 dispensationem
820 2164 849 2190 et
868 2158 937 2190 eius
954 2168 1080 2191 causam
1098 2169 1148 2191 au·
1168 2159 1170 2192 l

417 2209 557 2242 theutice
583 2209 614 2241 in
645 2210 761 2242 librum
786 2210 916 2243 Ordinis
943 2211 1147 2244 referendam

415 2272 483 2295 esse
502 2262 719 2295 decernimus.
746 2263 836 2296 Circa
862 2264 977 2296 fratres
1004 2275 1079 2297 vero
1105 2266 1148 2298 al-

416 2314 514 2347 terius
539 2314 667 2347 Ordinis
683 2342 690 2354 ,
717 2325 756 2347 an
786 2321 817 2347 et
850 2316 981 2358 quando
1006 2317 1148 2349 debeant

415 2367 454 2399 ad
479 2371 625 2400 nostrum
649 2366 792 2407 admitti,
819 2378 890 2410 cap.
918 2378 953 2401 ιιι
979 2379 1046 2411 seq.
1073 2379 1147 2412 spe-

415 2419 541 2453 cialiter
566 2419 793 2452 declarabitur.
817 2453 819 2461 Ι

456 2481 524 2505 Χιιι.
544 2464 665 2505 ffeinde
679 2473 850 2505 salubriter
867 2473 898 2506 in
916 2473 1050 2506 Domino
1072 2484 1146 2507 con—
1166 2476 1168 2485 ¹

411 2525 634 2564 stituimus,ne
646 2524 716 2567 quis
731 2525 768 2557 ad
785 2525 929 2558 habiturn
945 2536 1143 2570 quacumque
1166 2537 1167 2574 j

450 2588 459 2615 1
483 2586 594 2614 Videtur
615 2586 757 2622 legendum
774 2590 801 2616 e!
821 2596 867 2623 pro
888 2596 923 2614 ea:
941 2589 978 2624 (a.
997 2590 1046 2623 in).

1195 205 1348 236 noilA-MJM

1191 260 1316 292 ratione
1333 260 1380 292 vel
1405 261 1498 292 causa
1523 260 1718 301 admittatur,
1746 262 1797 305 qui
1825 262 1922 305 origi-

1192 323 1264 345 ncm
1278 312 1374 345 ducat
1385 323 1402 345 a
1414 323 1600 346 maurorum
1616 324 1742 356 genere,
1759 325 1924 348 saraceno-

1192 376 1272 404 rum,
1286 365 1504 398 hebraeorum
1514 367 1564 399 vel
1579 366 1675 399 etiam
1685 367 1923 401 haereticorum

1193 423 1247 450 aut
1271 418 1407 451 aliorum
1433 419 1679 462 quomodolibet.
1696 430 1712 453 a
1736 419 1798 453 fide
1816 423 1925 454 nostra

1193 470 1424 510 aberrantium,
1451 476 1482 503 et
1510 476 1647 514 propter
1679 483 1775 515 quam
1802 473 1925 506 directe

1193 523 1241 555 vel
1267 522 1422 556 indirecte
1457 523 1576 556 fuerint
1603 535 1621 557 a
1645 524 1676 557 S.
1711 524 1925 568 Inquisitione

1192 575 1319 618 puniti,
1353 576 1437 619 quod
1475 581 1579 609 tamen
1611 576 1657 609 sic
1690 577 1866 620 accipimus
1891 584 1924 611 ut

1192 639 1374 661 maurorum
1409 628 1584 662 illustrium
1623 634 1654 662 et
1686 629 1926 664 haereticorum

1193 681 1340 714 sobolem
1366 692 1403 714 eo
1429 692 1532 725 usque
1557 681 1690 715 vitemus
1709 682 1813 716 donec
1831 694 1927 726 gene-

1194 735 1355 767 rationum
1371 740 1484 774 tractu‚
1499 736 1547 768 vel
1569 735 1670 775 aliter,
1694 735 1773 768 baec
1790 736 1879 769 labes
1896 743 1927 770 et

1196 792 1270 820 nota
1296 787 1400 820 deleta
1421 787 1468 827 sit,
1488 793 1519 820 et
1539 787 1664 820 habitus
1680 787 1752 821 fidei
1770 788 1927 829 firmatus,

1194 841 1236 873 ita
1261 840 1412 874 videlieet
1435 846 1469 873 ut
1493 841 1579 884 quod
1609 841 1694 884 apud
1720 842 1834 884 vulgus
1859 843 1929 875 nul-

1194 895 1254 927 lam
1288 893 1451 926 infamiam
1492 898 1546 926 aut
1577 899 1686 926 notam
1717 894 1848 927 vilitatis
1873 905 1928 928 seu

1193 945 1414 989 despectionis
1441 946 1613 989 patiantur,
1633 957 1738 990 neque
1756 957 1868 980 eorum
1887 948 1929 981 af-

1194 997 1333 1031 finitates
1368 1004 1500 1031 caveant
1531 999 1580 1031 vel
1613 999 1813 1032 abhorreant
1847 1000 1928 1033 aliae

1193 1052 1309 1094 stit‘pes
1334 1051 1515 1093 ingenuae;
1542 1051 1678 1094 reliquis
1699 1057 1805 1084 autem
1830 1063 1929 1096 supra

1193 1108 1338 1146 quartam
1365 1103 1461 1135 etiam
1480 1103 1722 1145 generationem
1741 1103 1925 1147 ingressum

1193 1157 1230 1188 ad
1255 1156 1408 1189 Ordinem
1431 1156 1688 1197 intercludimus,
1709 1156 1734 1189 si
1753 1157 1929 1200 quomodo-

1193 1209 1272 1242 libet
1296 1209 1477 1242 innotuerit
1494 1213 1523 1243 et
1543 1220 1607 1242 non
1627 1209 1809 1253 sitpenitus
1828 1210 1930 1244 aboli-

1194 1268 1223 1295 ta
1248 1273 1361 1295 corum
1385 1262 1515 1295 infamia
1541 1264 1590 1296 vel
1616 1264 1717 1296 labes.

1238 1325 1299 1348 xiv.
1326 1315 1468 1348 Ulterius
1505 1316 1544 1348 ab
1569 1315 1689 1348 Ordine
1713 1321 1826 1349 nostro
1852 1326 1929 1360 pro-

1194 1368 1344 1401 hibemus
1371 1368 1505 1401 omnino
1525 1369 1728 1409 criminosos,
1752 1370 1803 1402 vel
1829 1369 1925 1411 furto,

1193 1421 1386 1461 latrocinio,
1421 1421 1611 1461 homicidio,
1634 1423 1685 1455 vel
1722 1433 1926 1466 quocumque

1193 1473 1256 1506 alio
1292 1473 1389 1506 simili
1422 1479 1475 1506 aut
1503 1473 1617 1507 maiori
1643 1475 1799 1516 crimine,
1818 1475 1926 1507 eiusve

1193 1526 1323 1568 publica
1347 1526 1514 1569 punitione
1535 1554 1541 1566 ‚
1569 1526 1637 1559 iure
1663 1527 1711 1559 vel
1739 1527 1822 1560 facto
1845 1527 1927 1560 infa-

1192 1589 1269 1611 mes.
1297 1578 1374 1611 Item
1399 1579 1423 1611 si
1447 1578 1510 1611 sint
1527 1579 1702 1621 coniugati,
1723 1585 1755 1612 et
1771 1590 1787 1611 a
1803 1579 1926 1613 iuribus

1193 1631 1387 1664 matrimonii
1413 1631 1566 1664 canonice
1593 1642 1657 1664 non
1682 1631 1788 1672 soluti,
1813 1632 1839 1664 si
1864 1631 1927 1665 sint

1193 1685 1241 1716 vel
1264 1683 1381 1716 fuerint
1398 1684 1491 1723 servi,
1510 1684 1536 1716 si
1552 1684 1835 1727 tenenturingenti
1851 1695 1925 1718 aere

1192 1789 1216 1821 si
1242 1789 1416 1822 reddendis
1434 1789 1611 1822 rationibus
1631 1788 1674 1822 ita
1691 1789 1810 1823 fuerint
1825 1790 1926 1823 obno-

1193 1841 1243 1879 xii,
1270 1848 1303 1874 ut
1327 1852 1363 1874 ex
1391 1841 1575 1874 huiusmodi
1609 1843 1703 1875 causa
1727 1842 1767 1875 lis
1790 1844 1838 1876 vel
1864 1853 1926 1875 mo-

1192 1894 1284 1927 lestia
1310 1894 1356 1927 cis
1380 1895 1442 1927 iam
1463 1895 1550 1928 illata
1575 1895 1679 1935 suerit,
1693 1896 1743 1928 vel
1765 1906 1860 1939 qnam
1878 1896 1925 1929 in-

1193 1947 1266 1979 ferri
1293 1948 1450 1980 timeatur.

1234 2010 1285 2032 xv.
1312 2000 1403 2032 lllum
1429 2000 1579 2043 insuper,
1607 2000 1662 2043 qui
1689 2000 1813 2033 ratione
1839 2001 1925 2034 abie-

1192 2053 1233 2085 cti
1268 2053 1408 2085 muneris
1441 2059 1472 2086 et
1507 2052 1605 2085 officii
1631 2053 1672 2086 sit
1696 2053 1728 2086 in
1755 2054 1923 2097 republica

1192 2106 1327 2145 infamis,
1352 2106 1406 2148 qui
1440 2106 1563 2139 occulta
1601 2106 1710 2148 aliqua
1734 2106 1922 2140 infirmitate

1191 2158 1278 2200 gravi
1305 2163 1336 2190 et
1360 2158 1547 2200 contagiosa
1572 2163 1627 2191 aut
1643 2158 1816 2192 incurabili
1834 2160 1922 2193 labo-

1192 2217 1248 2251 ret,
1276 2211 1328 2254 qui
1355 2212 1395 2243 sit
1418 2211 1578 2244 lunaticus
1596 2211 1645 2244 vel
1663 2211 1782 2251 ebrius,
1800 2212 1854 2255 qui
1873 2223 1921 2246 se-

1191 2265 1253 2297 mel
1278 2276 1295 2297 a
1320 2269 1432 2297 nostro
1458 2263 1613 2296 novitiatu
1639 2264 1687 2296 vel
1713 2264 1846 2297 alterius
1867 2265 1923 2298 Or-

1191 2317 1273 2349 dinis
1292 2317 1384 2349 fuerit
1403 2317 1568 2359 expulsus,
1583 2317 1631 2348 vel
1646 2316 1724 2349 alias
1742 2316 1780 2349 de
1798 2316 1864 2350 iure
1882 2317 1921 2350 ab

1190 2370 1337 2412 ingressu
1363 2368 1490 2402 Ordinis
1514 2368 1760 2411 quomodolibet
1783 2370 1823 2402 sit
1847 2381 1922 2413 pro-

1167 2426 1169 2464 ξ
1190 2422 1323 2461 bibitus,
1345 2423 1434 2455 nullo
1448 2421 1594 2454 modoad
1615 2421 1758 2454 habitum
1774 2428 1919 2456 nostrum

1189 2475 1410 2517 recipiendum
1428 2483 1509 2514 esse,
1532 2473 1664 2506 firmiter
1681 2474 1917 2508 constituimus.

1232 2538 1292 2561 xri.
1320 2527 1350 2560 Si
1376 2527 1446 2570 quis
1472 2532 1579 2560 autem
1605 2527 1783 2559 informans
1809 2527 1846 2560 de
1872 2539 1914 2560 su·

1187 2580 1339 2625 pradictis
1366 2580 1514 2613 omnibus
1545 2579 1786 2614 conditionibus
1811 2586 1842 2613 et
1874 2591 1908 2613 re

1927 216 1974 240 An.
1996 215 2025 241 C.
2050 215 2113 242 ¹691
