2227 3225
76 216 122 240 An.
140 214 169 240 (ἶ.
190 213 259 242 1693

269 262 357 296 dices
375 262 557 296 ordinarios
576 266 608 294 et
625 261 800 303 delegatos,
819 260 914 293 etiam
933 270 1000 292 cau-

269 326 374 348 sarum
405 315 514 357 palatii
546 313 713 357 apostolici
739 313 919 352 auditores,
957 312 1005 344 iu-

269 367 366 401 dicari
393 373 425 400 et
449 366 575 400 definiri
602 367 742 405 debere,
767 377 803 398 ac
827 365 954 398 irritum
974 370 1006 398 et

268 421 374 460 inane,
401 420 426 453 si
452 430 544 453 secus
570 430 670 464 super
702 419 751 452 his
777 430 795 452 a
830 429 1003 461 quoquam,

268 474 377 517 quavis
402 473 602 512 auctoritate,
624 472 763 518 scienter
788 472 836 505 rel
856 471 1006 515 ignoran-

270 532 331 568 ter,
357 525 530 569 contigerit
554 525 716 559 attentari.

312 580 327 622 ἓ
350 579 382 612 4.
410 579 479 613 Non
496 579 699 612 obstantibus
722 577 1005 611 constitutionibus

269 637 301 665 et
321 631 580 665 ordinationibus
605 630 803 675 apostolicis,
823 630 1005 674 ceterisque

269 685 441 718 contrariis
467 685 741 728 quibuscumque.

323 739 338 782 ἓ
375 738 406 771 5.
450 738 604 771 'Volumus
641 743 749 771 autem
788 742 824 770 ut
863 737 1007 781 ipsarum

269 791 490 834 praesentium
508 791 689 824 litterarum
711 790 933 833 transumptis,
949 800 1007 823 seu

271 843 435 886 exemplis,
451 844 545 876 etiam
563 843 740 886 impressis,
756 854 852 876 manu
870 842 1008 876 alicuius

270 896 388 929 notarii
406 895 527 940 publici
539 896 743 939 subscriptis,
759 901 790 928 et
810 895 918 938 sigillo
939 905 1009 939 per-

270 959 368 982 sonae
393 949 425 982 in
459 949 678 982 ecelesiastica
708 948 866 991 dignitate
892 947 1008 981 consti-

272 1007 358 1034 tutae
386 1001 538 1042 munitis,
563 1001 677 1034 eadem
707 1011 840 1044 prorsus
872 1001 951 1034 tides
976 1001 1008 1034 in

271 1054 391 1087 iudicio
423 1059 455 1087 et
487 1060 576 1087 extra
600 1054 680 1087 illud
717 1054 890 1094 habeatur,
925 1064 1008 1097 quae

272 1107 450 1139 haberetur
477 1106 557 1150 ipsis
588 1106 815 1150 praesentibus
847 1107 874 1139 si
903 1107 1009 1140 forent

271 1160 435 1192 exhibitae
452 1161 503 1192 vel
529 1164 691 1192 ostensae.

315 1212 426 1245 Datum
453 1213 584 1253 Romae,
610 1213 697 1256 apud
714 1212 746 1246 S.
765 1212 894 1245 Mariam
911 1212 1009 1245 Maio-

271 1276 352 1306 rem,
379 1266 439 1298 sub
465 1266 583 1298 annulo
600 1265 787 1306 piscatoris,
807 1265 858 1298 die
875 1275 906 1299 lv
924 1265 1010 1309 apri-

271 1318 310 1350 lis
329 1327 492 1359 imcxcni,
518 1317 727 1361 pontificatus
745 1317 847 1351 nostri
869 1328 953 1351 anno
971 1328 1007 1351 11.

308 1379 366 1406 Dat.
383 1378 428 1406 die
451 1380 466 1405 4
485 1379 579 1414 aprilis
599 1378 677 1413 1693,
698 1378 796 1414 pontif.
813 1387 884 1406 anno
902 1385 928 1406 11.

101 590 257 611 Contrariorum

75 616 193 643 derogatio.

110 747 258 774 Tranmmpto-

73 780 120 795 rum
135 774 194 795 tides.

524 1520 571 1553 Lv
597 1520 656 1564 (ai.
683 1520 751 1564 53).

272 1600 497 1643 Confirmatur
538 1600 700 1634 decretum
742 1601 1008 1643 Conqreyate'onis

312 1654 525 1697 particularis
543 1664 640 1697 super
655 1654 882 1696 reformatione
900 1653 1007 1686 indul-

315 1707 483 1740 ditllorum
508 1709 673 1740 canonicis
699 1713 726 1740 el
744 1708 937 1750 beneficiatis
952 1708 1009 1742 Ur-

316 1760 364 1792 bis
388 1770 619 1793 concessorum.

448 1840 645 1866 Innocentius
666 1840 743 1873 Papa
763 1841 827 1870 xil,

414 1885 450 1911 ad
471 1885 604 1911 futuram
623 1885 666 1911 rei
686 1885 865 1911 memoriam.

119 1962 186 1983 Causa
203 1962 263 1982 insti-

79 1991 166 2009 tntiuuis
187 1992 206 2008 tt
226 1989 262 2009 tie·

78 2018 183 2035 cri-turum
192 2014 261 2035 dietae

79 2042 261 2066 unngrrgatiouis.

317 1954 379 1998 gi.
399 1954 626 1988 Sanctissimus
650 1954 805 1987 Dominus
829 1961 940 1988 noster
963 1954 1011 1987 In-
1030 1959 1032 1969 ⁴

273 2008 442 2040 nocentius
455 2008 540 2050 Papa
552 2007 668 2050 >111<ad
683 2007 772 2040 cuius
781 2008 928 2040 notitiam
942 2018 1011 2051 per-

274 2061 362 2093 venit
387 2060 550 2093 servitium
575 2060 782 2093 basilicarum
805 2067 836 2093 et
860 2061 1012 2103 collegia-

275 2118 377 2146 tarum
403 2113 496 2146 Urbis
520 2113 611 2146 valde
643 2113 778 2146 diminui
805 2119 939 2157 propter
963 2114 1011 2146 in-

274 2165 362 2198 dulta
387 2165 521 2198 concedi
549 2165 645 2198 solita
680 2166 846 2198 nonnullis
882 2166 1008 2199 illarum

274 2218 437 2252 canonicis
463 2225 493 2251 et
510 2219 709 2252 beneficiatis
730 2230 936 2263 quocumque
954 2230 1011 2252 no·
1030 2242 1031 2246 ,

275 2271 360 2303 mine
385 2272 589 2315 nuncupatis,
618 2273 668 2304 vel
691 2273 815 2305 ratione
841 2283 1008 2305 munerum

274 2324 390 2367 quibus
413 2325 598 2367 funguntur,
614 2326 663 2358 rel
689 2329 785 2357 causa
812 2325 918 2365 studii,
938 2336 1009 2358 eum

276 2377 480 2420 exemptione
506 2378 544 2410 ab
577 2377 761 2411 huiusmodi
793 2378 944 2420 servitio⁷
981 2384 1011 2411 et

276 2439 345 2461 eum
371 2430 541 2472 privilegio
567 2430 711 2463 lucrandi
736 2431 858 2463 fructus
885 2436 915 2462 et
948 2431 1009 2463 dis-

278 2483 470 2515 tributiones
502 2484 598 2516 etiam
631 2484 857 2527 quotidianas,
887 2484 1010 2516 tametsi

277 2534 391 2568 iisdem
416 2536 563 2569 ecclesiis
594 2547 659 2569 non
689 2537 879 2579 inserviant)
912 2537 1012 2579 depu-

279 2588 354 2621 tavit
379 2589 605 2632 particularem
631 2589 921 2634 Congregationem
941 2589 1011 2622 emi—

834 211 1043 236 INNOCENTIUS
1068 211 1114 235 XII
1138 212 1186 235 1³1³.

1675 202 1739 234 517
1786 211 1835 236 An.
1853 209 1881 235 (τ.
1904 210 1972 235 nezi

1045 258 1309 291 nentissimorum
1337 258 1541 291 dominorum
1568 257 1779 290 cardinalium

1045 310 1205 354 Carpinei‚
1232 310 1423 349 Marescotti‚
1450 311 1487 343 de
1512 309 1677 350 Norsosth,
1703 309 1776 342 Cot-

1046 363 1150 396 loredi
1176 368 1208 396 et
1232 363 1414 403 Panciatici‚
1450 372 1576 395 necnon
1603 361 1782 394 illustrissi-

1046 427 1169 449 morum
1199 416 1404 450 dominorum
1436 414 1596 460 Sperelli,
1623 413 1755 447 Altoviti
1772 440 1780 454 ,

1047 469 1232 503 Pallavicini
1259 475 1290 502 et
1314 469 1519 512 Sacripantis,
1545 468 1599 511 qui
1636 466 1782 500 eiusdem

1048 521 1312 565 Congregationis
1337 521 1529 554 secretarius
1553 521 1603 559 sit,
1634 519 1672 552 ad
1707 518 1784 552 effe-

1048 580 1134 607 ctum
1150 574 1354 608 examinandi
1376 574 1490 607 eadem
1510 573 1642 612 indulta,
1664 577 1696 605 et
1712 581 1784 616 pro-

1048 627 1193 671 ponendi
1218 628 1290 660 illas
1308 627 1560 667 moderationes,
1578 625 1783 659 reformatio-

1049 690 1121 722 nes,
1159 680 1380 714 revocationes
1416 686 1447 712 et
1480 677 1780 717 considerationeS,

1049 744 1130 777 quae
1145 733 1284 776 desuper
1302 738 1504 776 opportunae
1520 730 1617 765 visae⁴
1631 731 1780 764 fuissent.

1092 786 1106 829 g
1131 786 1160 818 ΕΖ.
1187 786 1273 824 Oetae
1299 797 1375 819 sane
1405 786 1620 829 Congregatio
1657 785 1690 817 in
1726 794 1782 827 pa-
1794 795 1977 825 neereiasran-

1049 840 1126 873 latio
1163 839 1318 883 praedicti
1358 838 1604 872 eminentissimi
1633 825 1922 881 Carpineii‘erretffitiiifm
1944 829 1977 842 ’Ὢ

1051 898 1098 926 ter
1114 898 1236 933 coacta,
1251 891 1402 925 nimirum
1418 893 1477 924 sub
1497 891 1609 925 diebus
1621 901 1679 924 xiii
1697 895 1728 924 et
1745 900 1785 924 xx

1050 945 1160 990 aprilis
1177 946 1322 989 proxime
1347 944 1513 989 praeteriti
1535 950 1566 978 et
1585 954 1630 978 vii
1651 953 1784 979 curren-

1051 999 1089 1031 tis
1115 999 1235 1032 mensis
1259 998 1346 1037 maii,
1371 998 1507 1039 censuit,
1527 997 1551 1030 si
1578 997 1684 1031 eidem
1711 1007 1785 1030 san-

1051 1051 1193 1085 ctissimo
1219 1051 1351 1085 domino
1376 1057 1489 1084 nostro
1513 1050 1694 1095 placuerit:

1095 1115 1117 1138 l.
1144 1104 1336 1137 Huiusmodi
1354 1104 1490 1144 indulta,
1513 1103 1617 1147 quoad
1646 1103 1783 1136 nuncios

1051 1157 1269 1201 apostolicos,
1294 1167 1421 1190 necnon
1453 1157 1581 1190 intimos
1614 1162 1646 1189 et
1678 1156 1785 1189 eidem

1050 1210 1259 1243 Sanctissimo
1275 1215 1346 1242 actu
1366 1210 1578 1243 inservientes
1598 1209 1782 1249 familiares,

1050 1275 1086 1297 ac
1111 1263 1332 1296 subdatarium
1358 1268 1389 1296 et
1405 1263 1558 1296 Gamerae
1577 1262 1784 1306 Apostolicae

1051 1315 1322 1354 commissarium,
1349 1326 1415 1348 non
1441 1326 1510 1348 esse
1531 1315 1751 1354 immutanda;

1093 1379 1128 1403 11.
1166 1368 1275 1407 Quoad
1315 1369 1550 1410 gubernatores
1591 1373 1622 1400 et
1662 1368 1783 1401 vicele-

1050 1427 1141 1465 gatos
1166 1421 1428 1465 provinciarum,
1455 1421 1619 1453 civitatum
1644 1426 1676 1454 et
1700 1421 1788 1454 loco-

1049 1486 1119 1508 rum
1149 1474 1253 1508 Status
1279 1474 1519 1514 Ecclesiastici,
1556 1473 1609 1516 qui
1648 1473 1785 1506 durante

1049 1527 1194 1560 absentia
1218 1537 1385 1570 nunquam
1409 1531 1548 1569 possunt
1571 1525 1717 1559 ecclesiis
1740 1525 1787 1558 in-

1049 1585 1179 1620 teresse,
1196 1589 1322 1613 necnon
1337 1584 1582 1622 procuratorem
1597 1579 1786 1621 generalem

1049 1632 1218 1671 montium,
1246 1643 1282 1665 ac
1308 1631 1485 1664 familiares
1513 1637 1644 1665 sanctae
1670 1631 1788 1664 Roma-

1049 1697 1107 1719 nae
1126 1685 1292 1719 Ecclesiae
1311 1686 1526 1719 cardinalium
1541 1684 1648 1728 (firmo
1669 1690 1787 1718 tamem

1050 1739 1158 1783 quoad
1185 1739 1373 1771 eorumdem
1399 1738 1611 1771 cardinalium
1638 1738 1789 1771 caudata-

1050 1793 1115 1825 rios
1142 1799 1332 1825 remanente
1352 1793 1482 1826 decreto
1501 1791 1722 1825 moderatorio
1740 1802 1789 1824 sa-

1050 1855 1121 1878 crae
1146 1845 1415 1889 Congregationis
1453 1844 1788 1878 eminentissimorum

1051 1899 1261 1931 cardinalium
1288 1899 1368 1931 sacri
1388 1898 1522 1931 Coiirilii
1544 1897 1723 1931 Tridentini
1745 1897 1789 1930 in-

1053 1957 1232 1995 terpretum
1258 1953 1307 1985 die
1333 1963 1383 1985 xix
1401 1952 1529 1995 augusti
1552 1961 1656 1985 iincxc
1672 1951 1787 1993 edito),

1052 2015 1122 2037 esse
1159 2006 1357 2045 revocanda,
1392 2011 1423 2038 et
1457 2005 1611 2048 expedire
1645 2005 1730 2048 quod
1755 2005 1788 2036 in

1052 2063 1220 2101 posterum
1246 2069 1311 2091 non
1337 2059 1579 2097 concedantur-3

1095 2121 1142 2144 111.
1170 2111 1332 2143 Indultum
1365 2110 1566 2143 inserviens*
1595 2111 1787 2143 secretariae

1031 2164 1322 2207 ,congregationis
1357 2164 1687 2198 eminentissimorum
1721 2174 1789 2197 car-

1052 2217 1206 2249 dinalium
1242 2217 1534 2250 consultationibus
1578 2216 1788 2260 negociorum

1052 2270 1183 2303 ditionis
1209 2270 1396 2313 temporalis
1423 2270 1569 2303 eiusdem
1607 2270 1638 2302 S.
1677 2270 1714 2303 R.
1750 2269 1784 2302 E.

1052 2323 1314 2366 praepositorum
1351 2334 1551 2363 concessum,
1577 2333 1649 2356 esse
1686 2323 1790 2355 resor-

1052 2377 1203 2409 mandum
1229 2382 1260 2409 et
1284 2376 1315 2408 in
1340 2381 1503 2419 posterum
1525 2375 1788 2418 restringendum

1053 2430 1091 2463 ad
1118 2430 1190 2463 illos
1218 2430 1286 2462 dies
1311 2436 1342 2463 et
1362 2430 1459 2462 horas
1479 2430 1653 2469 dumtaxat,
1672 2429 1788 2472 quibus

1054 2483 1178 2516 ratione
1225 2482 1412 2516 huiusmodi
1457 2482 1576 2515 servitii
1619 2482 1789 2515 actualiter

1091 2555 1101 2579 1
1124 2553 1194 2580 Edit*
1214 2553 1293 2580 Maia.
1316 2553 1381 2587 legit
1400 2561 1483 2580 verae
1504 2561 1552 2587 pro
1572 2554 1648 2580 visae
1667 2553 1703 2586 (n.
1721 2554 1769 2583 τ.).

1089 2597 1104 2623 2
1118 2597 1163 2624 Vei
1177 2598 1344 2626 inservit-uti
1357 2597 1395 2624 vel
1408 2598 1557 2624 sec-telaria
1575 2595 1679 2632 legend,
1691 2597 1718 2631 (tt
1737 2595 1787 2631 T.).
