2227 3225
187 211 228 237 An
263 211 291 238 C.
311 211 377 238 linis)

211 1113 331 1136 nectat-atto
346 1119 367 1136 et

183 1142 300 1161 enuntiatio.
326 1142 367 1162 Ea-

184 1167 230 1186 dem
243 1169 367 1189 interdicun-

183 1195 216 1213 tur
238 1194 368 1215 ecclesiasti-

183 1224 213 1239 cis
228 1220 266 1240 sub
277 1222 366 1243 maxima

182 1248 261 1272 poena.

959 214 1143 236 ALEXANDER
1171 214 1222 236 titt
1248 214 1293 237 ΙΨ.

382 262 603 304 probibemus,
615 263 760 294 volentes
777 266 808 293 et
822 261 1011 294 mandantes
1030 261 1115 304 quod

382 313 575 356 quicumque
600 314 631 346 in
655 314 738 347 Urbe
764 320 796 346 et
820 314 966 347 districtu
992 314 1116 357 praesa—

382 366 439 402 tis.
467 366 560 399 etiam
586 367 617 399 in
644 367 721 400 locis
747 367 956 400 baronalibus
980 378 1116 400 eommo-

380 425 505 460 rantes,
530 420 613 452 intra
639 421 750 463 viginti
784 421 907 453 dierum
934 421 1072 463 spatium
1098 432 1114 453 a

380 473 431 506 die
457 474 685 516 publicationis
711 476 890 517 praesentis
915 475 1115 508 constitutio-

379 527 429 559 nis
454 526 485 558 in
512 526 722 570 infrascriptis
742 528 821 560 locis
848 528 1013 561 faciendae
1032 540 1115 562 com-

379 579 571 622 putandum,
590 579 627 612 ad
660 580 801 612 tribunal
831 581 994 623 praefatae
1020 581 1113 614 Urbis

380 632 624 675 gubernatoris,
650 633 681 664 in
708 633 779 666 aliis
804 643 879 666 vcro
911 634 990 666 locis
1015 635 1113 667 totius

379 684 486 717 Status
520 685 621 718 nostri
652 685 887 726 Ecclesiastici,
921 687 1017 720 etiam
1048 699 1112 720 me·

380 737 467 778 diati,
482 738 564 770 intra
584 738 712 780 triginta
731 739 854 774 dierum
873 740 1009 782 spatium
1028 751 1044 773 a
1062 741 1113 774 die

379 791 608 833 publicationis
630 792 833 834 supradictae
851 794 1113 836 computandum,

379 844 417 875 ad
443 843 565 886 legatos
592 850 623 877 et
647 846 882 887 gubernatores
911 847 1113 889 superiorem

378 897 409 928 in
434 897 595 940 provincia
616 908 681 931 non
701 905 981 940 recognoscentes,
1000 900 1112 933 eadem

378 960 464 982 arma
490 950 616 984 deferre
643 956 821 992 teneantur,
841 958 875 984 ut
900 954 1006 986 statim
1034 953 1115 985 sran-

378 1008 505 1044 gantur,
523 1009 554 1035 et
572 1004 672 1036 fracta
689 1005 825 1038 subinde
844 1005 883 1038 ad
908 1005 1113 1038 dominorum

377 1055 619 1099 beneplacitum
646 1058 870 1091 restituantur.

422 1109 436 1151 g
456 1109 487 1142 5.
504 1109 754 1143 Considerantes
770 1117 944 1154 propterea
961 1118 1113 1154 quantum

379 1162 480 1194 sacris
505 1163 686 1195 canonibus
710 1164 908 1204 adversetur,
932 1171 1112 1208 nocentque

379 1215 568 1257 disciplinae
594 1216 844 1255 ecclesiasticae,
874 1218 959 1260 quod
991 1219 1111 1258 clerici,

378 1277 515 1309 quorum
541 1278 629 1300 arma
655 1274 730 1301 sunt
754 1270 914 1312 lacrymae
941 1276 971 1303 et
996 1272 1114 1304 oratio-

376 1329 444 1358 nes,
464 1320 650 1353 huiusmodi
677 1332 765 1354 arma
787 1323 942 1361 deserant,
968 1324 1113 1357 declara-

375 1381 455 1411 mus,
475 1377 516 1411 et,
534 1378 692 1415 quatenus
719 1384 799 1416 opus
824 1375 874 1413 sit,
893 1376 1110 1416 decernimus,

375 1424 434 1455 sub
457 1425 620 1467 praesenti
658 1437 694 1458 ac
720 1428 916 1471 supradictis
946 1429 991 1461 Pii
1018 1430 1053 1461 lv
1078 1441 1113 1462 ac

375 1476 422 1509 Pii
453 1478 475 1509 V
508 1479 795 1520 praedecessorum
828 1482 1113 1516 constitutionibus

376 1534 438 1562 tam
465 1531 604 1563 clericos
630 1542 724 1574 quam
750 1533 831 1566 alios
855 1545 968 1567 omnes
994 1542 1025 1568 et
1049 1537 1114 1569 siu-

375 1583 467 1624 gulas
481 1594 640 1626 personas
653 1586 900 1625 ecclesiasticas,
920 1589 1015 1621 etiam
1035 1601 1111 1632 quo-

374 1636 556 1669 modolibet
567 1644 740 1680 exemptas,
750 1644 811 1671 tam
824 1643 1004 1674 saeculares
1016 1653 1111 1685 quam

374 1687 515 1721 cuiusvis
541 1688 682 1730 Ordinis,
710 1694 990 1735 congregationis,
1016 1696 1111 1728 socie-

373 1741 447 1774 tatis
479 1748 510 1775 et
545 1743 696 1782 instituti,
722 1746 818 1778 etiam
850 1747 888 1779 de
922 1749 1110 1781 necessitate

373 1795 560 1837 specialiter
584 1798 802 1840 exprimendi,
832 1811 955 1833 necnon
982 1802 1111 1834 militia-

373 1857 445 1879 rum
477 1845 771 1893 quarumcumque,
804 1853 897 1886 etiam
937 1854 1109 1897 hospitalis

373 1899 404 1931 S.
417 1899 544 1933 Ioannis
563 1902 857 1946 Hierosolymitani,
869 1907 1043 1947 regulares,
1060 1909 1107 1940 vel

373 1952 452 1985 alias
468 1954 668 1987 immunitate
683 1957 846 1998 personali
866 1960 1110 2001 quomodolibet

371 2006 518 2038 fruentes
554 2013 585 2039 et
616 2009 793 2050 gaudentes
813 2037 820 2050 ,
846 2013 1106 2054 coiuprehendi3

371 2060 561 2092 mandantes
597 2065 772 2103 propterea
797 2068 825 2095 et
853 2065 990 2097 maxime
1016 2077 1109 2109 prae-

371 2112 530 2154 cipientes
551 2115 790 2148 venerabilibus
810 2117 960 2151 fratribus
985 2120 1109 2152 archie-

370 2164 514 2208 piscopis
540 2171 572 2198 et
597 2166 772 2210 episcopis,
799 2170 934 2213 aliisque
961 2172 1107 2204 locorum

369 2217 560 2259 Ordinariis,
578 2230 624 2258 ae,
643 2227 791 2264 respectu
813 2224 1020 2266 regularium,
1048 2236 1107 2268 pro

370 2271 533 2304 delatione
555 2278 660 2306 tamen
676 2285 730 2307 seu
753 2277 932 2309 retentione
948 2278 1105 2311 dictorum

369 2323 452 2356 intra
469 2325 608 2358 claustra
634 2327 906 2371 delinquentium,
926 2340 1034 2363 eorum
1056 2342 1107 2363 su-

369 2377 555 2419 perioribus
571 2380 774 2421 regularibus
793 2382 925 2423 ibidem,
945 2391 1104 2427 quatenus

368 2430 548 2473 praemissa
583 2433 690 2465 onmia
724 2435 837 2477 exequi
869 2441 981 2470 curent
1006 2443 1037 2469 et
1063 2438 1106 2469 sa-

369 2482 465 2522 ciant,
480 2488 512 2516 et
535 2490 647 2517 contra
674 2491 933 2529 transgressores
952 2489 989 2521 ad
1006 2491 1105 2522 maio—

368 2544 435 2566 rem
462 2545 622 2577 poenam,
650 2548 743 2580 quam
768 2539 909 2572 tribunal
936 2542 1104 2574 ecclesias-

369 2586 465 2620 ticum
483 2599 542 2632 pro
561 2600 762 2635 quocumque
788 2593 927 2634 graviori
946 2599 975 2626 et
1001 2596 1101 2628 atroci

1159 261 1277 294 delicto
1309 263 1455 305 imponat
1479 275 1535 296 seu
1568 265 1735 308 imponere
1767 268 1890 308 valeat,

1158 313 1429 348 irremissibiliter
1453 317 1643 359 procedant.

1201 367 1215 409 ξ
1239 367 1270 400 6.
1299 367 1506 401 Declarantes
1533 375 1564 402 et
1589 372 1778 404 mandantes
1804 375 1890 416 quod
1924 388 2085 411 Contravvnien-

1752 436 1755 437 γ
1828 427 1836 433 s
1869 427 1873 432 .
1903 415 1958 435 tibus
1974 417 2023 436 niliil
2046 419 2085 437 —u⁴-

1742 429 1891 467 lll'llsslillss
1904 441 1980 467 fragam
1993 446 2076 469 pulutat.

1157 420 1196 451 ad
1223 431 1293 453 sese
1320 421 1525 454 eximendum
1560 433 1576 455 a
1602 425 1716 466 poeuis

1157 473 1290 515 allegari
1318 483 1382 506 non
1409 475 1633 518 suffragabitur
1653 488 1715 510 non
1743 485 1891 512 constare

1157 525 1195 557 de
1223 526 1298 558 dolo
1318 528 1365 559 vel
1388 529 1471 561 mala
1491 532 1804 565 contravenientium
1822 544 1894 575 qua-

1157 578 1254 618 litate,
1272 589 1331 613 nec
1357 582 1544 615 relevabunt
1568 594 1624 616 seu
1650 587 1830 628 proderunt
1852 588 1894 620 sa-

1157 632 1372 674 miliaritates,
1399 635 1527 668 litterae
1548 643 1707 679 patentes,
1727 639 1894 674 inhibitio-

1157 696 1213 719 nes
1237 692 1267 718 et
1288 686 1440 721 licentiae
1466 699 1637 723 concessae
1663 698 1695 724 et
1718 694 1895 727 conceden-

1157 739 1225 779 dae,
1244 750 1299 772 seu
1326 741 1493 783 privilegia
1515 744 1689 777 cuiuslibet
1713 755 1893 789 congrega-

1159 791 1393 831 tionis‚iudicis
1406 796 1893 842 ettribunalis,etiamsupremi,

1157 855 1192 877 ac
1218 845 1402 879 officialium
1423 848 1645 882 ministrorum
1665 856 1696 883 et
1720 859 1894 895 exequuto-

1158 908 1224 930 rum
1252 898 1391 932 iustitiae
1410 900 1440 933 in
1459 911 1663 945 quocumque
1689 910 1759 936 actu
1782 910 1810 938 et
1828 916 1894 939 ser-

1157 950 1246 991 vitio,
1271 953 1360 984 nullo
1392 963 1528 996 prorsus
1567 961 1700 999 excr=pto
1720 984 1727 996 ,
1766 968 1893 991 necnon

1157 1003 1386 1048 cuiuscumque
1412 1006 1557 1046 militiae,
1577 1009 1672 1041 etiam
1698 1009 1786 1043 illius
1813 1022 1893 1054 qnae

1157 1057 1378 1100 nuncupatur*
1397 1059 1432 1091 di
1450 1059 1529 1100 leva,
1551 1071 1605 1094 seu
1632 1062 1762 1095 alterius
1783 1070 1893 1098 nostro

1158 1114 1187 1141 et
1213 1110 1348 1143 Romani
1375 1111 1539 1145 Pontificis
1564 1124 1623 1156 pro
1655 1120 1803 1158 tempore
1829 1117 1893 1149 exi-

1157 1163 1268 1195 stentis
1286 1164 1401 1197 actuali
1416 1165 1547 1199 servitio
1568 1167 1760 1210 destinatae,
1780 1172 1895 1204 castel-

1157 1217 1315 1257 lanorum,
1343 1217 1594 1258 gubernatorum
1621 1231 1794 1262 armorum,
1813 1223 1892 1256 alio-

1157 1279 1292 1312 rumque
1309 1270 1495 1304 officialium
1508 1272 1671 1313 maiorum,
1691 1285 1726 1306 ac
1744 1286 1894 1317 quocum-

1157 1332 1218 1363 que
1256 1323 1387 1355 militari
1424 1334 1557 1358 munere
1601 1326 1696 1358 etiam
1739 1338 1892 1371 supremo

1156 1374 1373 1417 fungentium,
1401 1377 1502 1409 almae
1528 1377 1647 1410 Domus
1679 1379 1889 1422 Lauretanae,

1156 1437 1282 1460 necnon
1303 1429 1440 1461 cuiusvis
1457 1429 1599 1470 Ordinis,
1616 1434 1892 1475 congregationis,

1155 1481 1318 1513 societatis
1350 1492 1405 1514 seu
1432 1482 1592 1523 instituti,
1618 1485 1664 1516 vel
1706 1485 1891 1519 militiarum

1156 1544 1444 1578 quarumcumque,
1460 1535 1554 1568 etiam
1570 1536 1740 1579 hospitalis
1757 1538 1788 1570 S.
1808 1539 1893 1572 loan-

1156 1587 1205 1619 nis
1230 1588 1530 1631 Iliercsolymitani,
1558 1595 1587 1621 et
1613 1591 1794 1632 quarumvis
1820 1603 1893 1635 per-

1155 1649 1306 1672 sonarum
1339 1641 1435 1674 etiam
1466 1641 1624 1674 eminenti
1659 1649 1741 1675 statu
1775 1646 1892 1677 consti-

1155 1698 1306 1733 tutaium,
1325 1699 1356 1725 et.
1370 1695 1430 1726 alia
1448 1695 1561 1737 quavis
1582 1695 1649 1728 sire
1671 1697 1892 1730 ecclesiastica

1153 1745 1216 1778 sire
1242 1746 1405 1779 mundana
1431 1747 1588 1788 dignitate
1616 1748 1831 1790 fulgentium,
1861 1756 1892 1782 et

1153 1798 1231 1831 alias
1248 1799 1495 1841 quomodolibet
1512 1800 1776 1843 qualificatarum,
1794 1803 1891 1835 sacul-

1155 1851 1224 1884 tatis
1249 1853 1429 1892 cameralis,
1448 1863 1483 1885 ac
1509 1852 1694 1893 ministerii,
1712 1865 1768 1887 seu
1795 1856 1890 1888 mini-

1153 1910 1294 1938 strorum
1335 1907 1430 1939 etiam
1470 1906 1702 1950 principalium
1738 1908 1888 1942 Gamerae

1152 1964 1279 1991 nostrae
1313 1959 1541 2001 Apostolicae,
1570 1961 1694 1992 tametsi
1731 1962 1889 2004 praedicti

1152 2013 1199 2044 rel
1225 2012 1323 2055 aliqui
1362 2024 1397 2045 ex
1431 2013 1476 2045 eis
1512 2020 1620 2046 essent
1656 2015 1789 2057 speciali
1815 2019 1889 2049 nota
1923 2061 1926 2064 Δ

1151 2075 1206 2096 seu
1233 2065 1443 2107 expressi:-ne
1470 2065 1570 2108 digni,
1591 2067 1752 2110 nullisque
1778 2079 1888 2111 perso·
1935 2081 1938 2085 ·

1151 2117 1199 2149 uis
1225 2118 1436 2160 privilegiatis
1457 2124 1487 2151 et
1511 2119 1816 2162 privilegiatissimis
1834 2132 1887 2154 ex-

1150 2171 1275 2213 ceptis3
1294 2172 1450 2210 volentes,
1470 2171 1656 2214 praemissis
1675 2183 1737 2205 non
1757 2173 1885 2207 obstan-

1152 2225 1242 2264 tibus
1258 2225 1295 2257 ad
1311 2225 1562 2268 exequutionem
1578 2227 1795 2269 praefatarum
1809 2239 1886 2271 poe—

1151 2289 1262 2310 narum
1289 2278 1556 2311 irremissibiliter
1581 2285 1693 2313 contra
1716 2291 1829 2313 omnes
1854 2287 1885 2314 et

1150 2332 1296 2374 singulos
1333 2332 1611 2365 contravenientes
1648 2343 1718 2366 esse
1751 2335 1883 2368 omnino

1150 2385 1395 2424 deveniendum,
1414 2391 1445 2417 et
1471 2390 1537 2418 tum
1559 2386 1597 2418 ad
1616 2385 1683 2419 sisci
1708 2387 1811 2419 nostri
1836 2388 1883 2420 in-

1149 2438 1307 2477 stantiam,
1327 2449 1419 2481 quam
1446 2449 1482 2471 ex
1507 2439 1622 2479 officio,
1644 2446 1676 2472 et
1700 2451 1758 2482 per
1778 2441 1867 2483 inqui

1147 2491 1323 2530 sitiouem,
1349 2502 1385 2524 ac
1417 2492 1503 2524 omni
1537 2493 1598 2525 alio
1629 2493 1758 2526 meliori
1785 2493 1880 2526 mod<-

1147 2554 1240 2587 posse
1266 2544 1412 2587 procedi.

1183 2606 1191 2632 1
1217 2605 1285 2632 Edit.
1309 2605 1384 2632 Μαίη.
1406 2606 1470 2642 legit
1491 2610 1699 2642 nuncupamur
1719 2610 1753 2638 (R.
1777 2609 1824 2641 Τ.).

1813 209 1854 242 75»
1901 220 1948 244 An.
1971 217 1998 244 C.
2020 222 2087 247 neo
