2227 3225
124 253 171 280 Αιι.
189 251 216 279 Γ..
239 251 308 279 1700

168 740 300 787 «ιιιῒὶῖιιοιιιιιι

114 773 143 841 „532

131 802 140 841 -ι,

905 252 1115 277 'INNOCENTIUS
1141 253 1184 277 ΧΠ
1210 253 1258 277 PP.

310 301 359 334 nis
384 301 566 334 dominicae
586 311 698 342 iinciv,
726 300 874 334 kalendis
898 302 1055 341 octobris,

310 354 517 398 pontificatus
531 354 576 387 sui
594 365 678 388 anno
695 365 762 393 xiii,
777 354 836 386 sub
851 354 986 398 plumbo
1002 365 1055 386 ex-

308 408 445 451 peditas,
463 409 586 448 statuit,
610 408 740 451 aliaque
767 408 824 440 sub
843 408 939 440 certis
958 408 1054 440 modo
1075 413 1077 434 t

308 467 339 494 et
363 462 465 494 forma
483 461 658 505 disposuit,
678 461 840 494 ordinavit
858 467 890 494 et
908 461 1052 499 indulsit,

308 521 405 559 prout
431 515 462 548 in
489 516 540 548 bis
560 516 799 559 posterioribus
819 517 879 548 sub
905 516 1052 560 plumbo,

309 574 340 601 et
365 569 539 612 praedictis
566 570 597 602 in
616 570 718 602 forma
738 570 846 602 Brevis
866 570 966 614 ipsius
984 570 1054 602 Cle·
1074 584 1075 587 ¹

309 623 428 655 mentis
446 624 714 666 praedecessoris
730 623 844 656 litteris
860 623 956 656 ctiam
976 624 1054 656 uhe-

311 676 378 709 rius
406 678 586 720 respective
614 678 813 710 continetur.

354 730 368 772 ξ
394 729 425 762 ⁶2.
453 730 529 763 Cum
559 736 680 768 autent,
699 730 781 763 sicut
804 730 942 763 dilectus
970 730 1052 762 tilius

309 889 410 932 polyti
437 889 532 921 nohis
558 900 662 933 nuper
696 889 814 933 exponi
843 890 940 930 fecit,
975 900 1053 923 con-

309 941 425 975 fratres
464 942 676 986 hospitalium
715 948 747 975 et
783 942 1051 985 Congregationis

309 995 509 1035 huiusmodi,
537 1006 572 1028 ex
593 1007 656 1039 quo
675 996 777 1029 dictus
796 996 944 1029 Clemens
958 1007 1053 1039 prae-
1073 1009 1074 1013 ¹

308 1049 463 1082 decessor
487 1060 542 1082 eos
568 1055 745 1082 memorata
771 1050 833 1083 duo
852 1055 977 1082 tantum
997 1051 1052 1083 ho-

310 1103 500 1145 spitalitatis
526 1108 558 1136 et
584 1103 792 1136 obedientiae
812 1109 883 1136 vota
902 1104 1052 1137 emittere

309 1156 440 1196 debere,
468 1157 548 1189 sicut
577 1158 818 1200 praemittitur,

308 1318 472 1351 dumtaxat
503 1319 738 1362 hospitalitatis
776 1324 807 1352 et
844 1319 1052 1352 obedientiae

309 1376 452 1404 votorum
479 1372 605 1404 ratione
636 1372 675 1404 ad
710 1372 985 1414 perseverandum
1019 1372 1051 1404 in

307 1477 439 1511 minime
477 1479 580 1511 teneri
618 1479 829 1518 existiment;
866 1479 940 1512 inde
977 1490 1052 1513 vero

307 1530 396 1564 varia
429 1531 694 1564 inconvenientia
731 1531 900 1564 dimanare
937 1532 1053 1574 digno-

309 1590 470 1625 scuntur;
498 1590 671 1628 praeterea
689 1610 696 1624 ‚
723 1584 799 1628 quia
829 1584 916 1617 iuxta
947 1590 1054 1628 poste-

307 1638 413 1672 riores
427 1638 573 1672 eiusdem
593 1637 770 1672 Clementis
788 1639 1053 1682 praedecessoris

307 1691 432 1724 litteras
457 1692 640 1735 praedictas
667 1692 705 1724 ad
728 1692 926 1725 electionem
944 1692 1052 1725 fratris

309 1744 440 1778 maioris
466 1745 570 1778 dictae
595 1745 866 1788 Congregationis
884 1746 1052 1779 celebran-
1072 1744 1074 1753 '

309 1798 382 1832 dam
408 1798 521 1842 viginti
557 1809 594 1832 ex
628 1798 866 1842 antiquioribus
902 1790 1073 1835 eiusdem

308 1850 577 1895 congregationis
597 1852 828 1892 confratribus,
847 1852 1052 1886 considerata
1072 1859 1073 1871 ¹

309 1910 342 1937 et
357 1908 546 1949 computata
561 1906 704 1948 ipsorum
723 1905 918 1948 antiquitate
937 1916 954 1938 a
973 1911 1051 1938 tem-

308 1969 388 2002 pore
408 1959 604 1992 emiss01um
630 1970 690 2002 pei
712 1970 767 1992 eos
789 1959 951 1992 dictorum
973 1960 1052 1993 duo-

1074 682 1075 722 }
1098 676 1340 718 indulgentiam,

844 1158 965 1197 statuit,
990 1158 1052 1191 alia
1073 1161 1075 1182 ἲ

308 1210 373 1244 duo
398 1212 564 1254 praedicta
598 1211 752 1244 castitatis
787 1217 817 1244 et
853 1212 1074 1255 paupertatis*

308 1270 380 1297 vota
406 1265 553 1298 emittere
575 1265 756 1306 omiserint,
774 1276 875 1309 seque
890 1266 1052 1299 dictorum

1098 303 1226 335 mittere
1254 307 1426 334 teneantur
1443 328 1450 342 ,
1478 302 1578 345 erigi,
1604 315 1639 336 ac
1656 331 1663 343 ,
1690 304 1762 337 loco
1792 304 1840 337 di-

1098 361 1221 388 ctorum
1248 354 1361 396 viginti
1388 354 1608 398 antiquiorum
1639 357 1838 390 confratrum

1098 409 1178 440 alios
1200 407 1328 450 viginti,
1348 407 1523 451 peritiores
1546 409 1671 441 scilicet
1691 416 1719 442 et
1739 410 1839 453 magis·

1098 462 1287 503 graduatos,
1305 461 1380 494 dicti
1402 462 1507 494 fratris
1530 462 1661 495 maioris
1679 464 1839 496 electores

1097 515 1249 547 constitui
1277 520 1308 547 et
1341 515 1517 558 deputari,
1550 525 1676 548 necnon
1711 520 1743 550 ut
1776 522 1838 549 tani

1097 568 1189 601 binas
1213 568 1388 602 Clementis
1423 579 1519 611 quam
1545 569 1622 601 Sixti
1642 569 1839 612 praedeces-

1097 632 1206 655 sorum
1233 622 1358 655 litteras
1383 622 1568 665 praedictas
1589 649 1595 661 ,
1621 633 1656 655 ac
1690 623 1810 665 gratias
1832 649 1838 661 ‚

1368 677 1556 715 facultates,
1593 676 1810 709 antelationes
1832 703 1838 715 ,

1074 730 1268 773 3privilegia
1295 737 1322 763 et
1352 731 1490 770 indulta,
1519 741 1578 773 per
1604 741 1657 763 eas
1684 730 1839 772 hospitali

264 775 268 787 ¹
251 780 448 814 sis-loannes
475 783 513 815 de
540 782 681 815 Cabrera
707 789 897 826 procurator
918 794 1054 825 genera·
1073 774 1075 809 ’ἶ

309 836 349 868 lis
383 836 569 878 praedictae
609 836 880 879 Congregationis
913 837 944 868 S.
977 837 1074 880 ttip-=

1096 789 1128 816 et
1152 784 1403 826 Congregationi
1430 784 1606 827 praedictis
1632 795 1790 817 concessa
1809 790 1837 816 et

1095 838 1348 878 communicata,
1365 838 1403 869 ad
1430 837 1700 881 Congregationis
1718 838 1762 870 sic
1780 838 1841 870 eri-

1096 890 1219 932 gendae
1248 891 1386 923 favorem
1413 890 1572 929 innovari,
1590 895 1620 923 et
1641 891 1839 933 apostolicae

1095 942 1354 976 confirmationis
1380 949 1510 976 nostrae
1537 943 1719 986 patrocinio
1755 954 1841 977 corn-

1097 997 1242 1037 muniri,
1275 1008 1311 1030 ac
1335 997 1413 1030 alias
1440 997 1470 1029 in
1497 997 1685 1040 praemissis
1712 1007 1836 1040 oppor-

1097 1055 1173 1083 tune
1195 1062 1212 1083 a
1231 1051 1324 1083 uobis
1343 1051 1504 1094 provideri
1523 1056 1554 1083 et
1571 1055 1605 1082 ut
1625 1051 1709 1084 infra
1726 1050 1836 1083 indul-

1096 1104 1164 1146 geri
1188 1105 1362 1148 plurimum
1386 1105 1572 1138 desideret:
1600 1115 1667 1144 nos,
1693 1104 1839 1137 eiusdem

1097 1157 1226 1191 loannis
1251 1158 1471 1201 procuratoris
1497 1158 1660 1201 generalis
1677 1158 1760 1191 votis
1780 1158 1840 1191 hac

1097 1211 1127 1244 in
1155 1222 1201 1250 re,
1221 1217 1375 1255 quantum
1401 1223 1473 1245 cum
1496 1212 1632 1245 Domino
1652 1222 1838 1255 possumus,

1097 1265 1317 1298 favorabiliter
1342 1275 1484 1299 annuere
1510 1266 1675 1305 volentes,
1700 1275 1839 1309 eumque

1096 1329 1112 1350 a
1137 1319 1304 1362 quibusvis
1322 1318 1676 1360 excomuninicationis,
1702 1329 1840 1363 suspen-

1073 1393 1075 1416 t
1096 1373 1196 1405 sionis
1210 1376 1239 1405 et
1253 1372 1430 1412 interdicti,
1452 1372 1591 1415 aliisque
1610 1372 1840 1405 ecclesiasticis

309 1424 530 1468 hospitalibus
549 1431 581 1458 et
598 1425 859 1468 Congregatione
878 1426 1052 1469 praedictis
1072 1417 1075 1423 Δ

1095 1427 1276 1466 sententiis,
1307 1427 1452 1459 censuris
1478 1432 1509 1459 ct
1525 1427 1651 1470 poenis,
1670 1438 1687 1459 a
1705 1426 1776 1459 iure
1790 1427 1840 1459 vcl

1096 1480 1135 1512 ab
1162 1480 1306 1518 homine,
1328 1479 1439 1523 quavis
1464 1480 1637 1512 occasione
1663 1480 1713 1512 vel
1745 1481 1841 1512 eausa

1096 1532 1178 1572 latis,
1197 1532 1223 1565 si
1246 1533 1363 1576 quibus
1392 1533 1639 1576 quomodolibet
1663 1532 1839 1566 innodatus

1096 1585 1227 1625 existit,
1257 1586 1295 1618 ad
1327 1585 1476 1619 effectum
1503 1585 1724 1629 praesentium
1751 1585 1841 1618 dum-

1096 1644 1181 1672 taxat
1211 1639 1481 1682 consequendum
1498 1667 1505 1680 ‚
1536 1639 1651 1672 barum
1677 1639 1762 1672 serie
1788 1639 1841 1672 ab·

1095 1694 1260 1727 solventes
1287 1698 1318 1726 et
1342 1694 1528 1726 absolutum
1562 1693 1629 1726 f01e
1657 1699 1841 1733 censentes

1072 1746 1389 1803 supplicationibus
1403 1747 1472 1779 eius
1488 1746 1620 1780 nomine
1636 1746 1730 1780 nobis
1741 1757 1842 1791 super

1096 1800 1159 1833 hoc
1192 1801 1362 1833 humiliter
1398 1810 1491 1843 porr
1480 1800 1558 1833 ctis
1593 1800 1760 1840 inclinati,
1799 1800 1839 1833 de

1095 1855 1332 1887 nonnullorum
1358 1854 1594 1887 venerabilium
1620 1855 1755 1888 fiatrum
1780 1864 1837 1887 no-

1072 1929 1073 1951 3
1095 1913 1235 1940 strorum
1253 1907 1284 1941 S.
1308 1907 1344 1940 R.
1368 1907 1401 1940 E.
1422 1908 1637 1940 cardinalium
1655 1918 1755 1952 super
1776 1908 1838 1941 hoc

1071 1986 1073 2003 ,ι
1096 1961 1227 2003 negotio
1246 1971 1263 1993 a
1282 1960 1377 1994 nobis
1394 1961 1583 2004 specialitel
1596 1961 1839 2004 deputatorum,

1736 245 1802 280 933
1849 255 1897 282 Αιι,
1913 255 1941 282 e.
1965 255 2033 284 1700

308 2022 379 2045 rum
400 2019 550 2046 votorum
577 2012 810 2056 hospitalitatis
836 2018 866 2045 et
892 2011 1073 2046 obedien·
1071 2032 1073 2043 ι
1071 2015 1150 2075 iqui
1176 2014 1256 2047 illud
1279 2020 1406 2047 mature
1428 2015 1687 2058 perpenderunt,
1706 2020 1737 2048 et
1754 2015 1838 2047 circa

310 2066 381 2106 tiae,
408 2066 578 2099 convocati
606 2066 743 2105 debent
766 2071 797 2099 et
815 2077 1073 2111 nonnunquam
1071 2059 1307 2101 'memoratam
1337 2067 1443 2100 fratris
1475 2068 1607 2101 maiolis
1640 2068 1836 2101 electionem

309 2120 395 2152 inter
412 2119 502 2163 ipsos
527 2119 730 2163 antiquiores
752 2120 797 2152 sic
823 2121 1051 2154 convocandos
1071 2157 1072 2160 ¹
1094 2122 1175 2154 nihil
1194 2122 1414 2155 innovandum
1441 2132 1511 2155 esse
1538 2128 1745 2163 censueiunt,
1763 2131 1839 2156 con-

309 2173 410 2216 aliqui
426 2173 572 2206 modicae
586 2173 725 2231 peritiae
741 2173 961 2216 reperiuntur,
977 2173 1051 2207 hinc
1071 2198 1072 2217 ι
1094 2175 1184 2214 silio,
1209 2175 1386 2218 praefatam
1412 2174 1708 2218 Congregationem
1734 2177 1837 2209 sancti

309 2226 439 2259 eveniat
463 2232 497 2259 ut
522 2226 638 2269 aliquis
659 2226 765 2259 minus
790 2227 914 2270 petitus
940 2226 979 2259 ad
1006 2224 1073 2259 of
1094 2228 1261 2272 Hippolyti
1287 2228 1437 2272 niart31is
1463 2228 1495 2261 in
1523 2229 1691 2262 foitnalem
1712 2230 1838 2273 regula-

308 2277 417 2312 ficium
457 2279 565 2312 fratris
602 2279 732 2312 mai01is
767 2279 956 2313 huiusmodi
993 2280 1072 2316 ali·
1071 2248 1073 2304 l
1094 2292 1162 2315 rem
1187 2282 1383 2325 religionem
1410 2282 1468 2315 sub
1495 2283 1610 2325 tegula
1641 2283 1740 2316 sancti
1775 2283 1838 2315 An-

309 2333 440 2376 quando
460 2333 611 2375 eligatur
623 2343 659 2366 ac
673 2333 834 2376 proinde
829 2344 898 2377 ipse
912 2333 1051 2366 loannes
1071 2319 1073 2371 i
1094 2336 1230 2378 gustini,
1257 2346 1327 2369 cum
1348 2336 1429 2369 votis
1447 2337 1647 2370 solemnibus
1668 2337 1836 2375 castitatis,

309 2391 505 2429 procurator
529 2386 693 2429 generalis
720 2386 836 2419 dictam
866 2386 1051 2430 Congrega-

310 2439 433 2473 tionem
459 2440 492 2473 in
517 2440 694 2484 perfectam
720 2445 751 2473 et
776 2440 942 2474 formalem
975 2441 1051 2474 reli-

310 2490 440 2535 gionem
455 2493 514 2526 sub
525 2494 638 2536 regula
652 2493 751 2526 sancti
771 2493 954 2536 Augustini,
971 2494 1051 2526 itaut

310 2543 398 2578 illius
424 2546 538 2580 fratres
562 2546 773 2580 obedientiae
794 2573 801 2587 ,
829 2547 985 2580 castitatis
1020 2552 1052 2580 et

310 2600 510 2642 paupertatis
530 2627 537 2641 ‚
564 2610 693 2634 necnon
718 2599 951 2644 hospitalitatis
976 2606 1050 2634 vota

310 2652 343 2686 in
369 2658 438 2686 actu
464 2664 576 2687 eorum
601 2654 813 2698 professionis
838 2655 998 2698 regularis
1023 2664 1050 2688 e·

1094 2389 1281 2432 pauperatis
1308 2395 1339 2422 et
1363 2389 1598 2430 obedientiae,
1622 2399 1751 2423 necnon
1777 2390 1836 2422 ho-

1094 2442 1290 2485 spitalitatis,
1305 2442 1498 2476 auctoritate
1515 2441 1703 2486 apostoliea,
1722 2448 1835 2476 tenore

1094 2495 1326 2538 praesentium,
1354 2501 1513 2540 perpetuo
1541 2495 1698 2538 erigimus
1731 2500 1764 2529 et
1788 2495 1836 2528 in-

1094 2547 1276 2589 stituimus3
1296 2559 1430 2591 eamque
1457 2549 1503 2581 sic
1528 2559 1544 2581 a
1570 2548 1664 2581 nobis
1681 2553 1833 2587 erectam,

1094 2601 1247 2646 illiusque
1273 2602 1454 2635 confratres
1471 2628 1478 2642 ‚
1505 2602 1705 2646 hospitalia,
1730 2603 1835 2636 eccle-

1093 2656 1155 2689 sias
1187 2661 1218 2688 et
1250 2665 1408 2700 personas
1441 2666 1657 2700 quascumque
1694 2656 1754 2689 sub
1780 2657 1835 2690 im-
