2254 3225
195 250 242 276 An.
259 250 290 277 c.
313 249 379 276 ¹698
426 240 490 273 862

388 299 584 332 sententiam
609 299 764 339 incurrat,
790 310 808 332 a
833 310 907 344 qua,
932 299 992 333 nisi
1020 300 1128 332 debita

389 358 420 385 et
446 352 573 396 integra
597 354 816 387 satisfactione
843 354 1011 397 praestita,
1038 364 1129 397 prae-

392 411 539 449 terquam
564 407 597 439 in
623 407 735 440 mortis
761 408 909 447 articulo,
930 413 961 440 et
980 413 1054 440 tunc
1073 417 1131 450 per

390 470 446 492 eos
468 460 507 493 de
533 460 759 494 satisfaciendo
785 472 845 504 per
870 472 912 500 se,
939 461 963 493 si
989 460 1130 503 supervi-

388 512 502 554 xerit⁴‚
519 515 569 547 vel
593 525 652 557 per
671 514 830 547 haeredes
856 519 909 547 aut
926 524 1129 546 successores

388 577 463 600 suos
501 567 581 599 sacta
619 567 850 610 promissione,
873 567 975 610 possit
1008 578 1024 599 a
1049 577 1130 610 quo-

389 630 540 662 cumque,
575 620 634 652 nisi
667 630 684 652 a
720 619 825 660 nobis,
861 625 916 652 aut
941 630 958 652 a
983 620 1128 652 Romano

389 672 544 705 Poutitice
563 683 623 715 pro
644 677 790 715 tempore
815 673 982 711 existente,
1002 673 1130 705 absolu-

390 725 485 758 tionis
515 725 710 758 beneficium
748 725 909 758 obtinere.
949 725 1066 768 Sicque
1098 730 1130 758 et

388 789 451 811 non
476 778 568 811 aliter
593 789 652 822 per
677 789 902 822 quoscumque
926 778 1052 811 iudices
1083 790 1131 811 or-

388 831 532 865 dinarios
558 843 594 864 ac
619 831 650 864 S.
682 831 719 864 R.
751 831 785 864 E.
815 831 1007 870 cardinales,
1034 831 1130 864 etiam

388 884 426 918 de
453 886 553 918 latere
580 886 714 928 legatos,
741 884 949 927 vicelegatos,
976 885 1067 918 Sedis
1093 885 1131 917 Α-

387 938 564 981 postolicae
590 938 738 979 nuucios,
767 943 799 971 et
823 949 993 971 causarum
1019 939 1130 982 palatii

387 991 560 1034 apostolici
586 992 772 1032 auditores,
799 993 924 1025 sublata
949 992 993 1025 eis
1015 997 1045 1025 ct
1070 1003 1126 1025 eo-

388 1055 456 1077 rum
483 1045 618 1078 cuilibet
643 1046 756 1089 quavis
782 1046 876 1079 aliter
909 1046 1073 1079 iudicandi
1100 1052 1128 1079 et

388 1099 624 1142 interpretandi
647 1099 809 1140 facultate,
835 1099 974 1133 iudicari
997 1105 1027 1133 et
1053 1100 1131 1133 desi-

387 1152 450 1185 niri
469 1153 607 1192 debere,
624 1163 659 1184 ac
677 1151 802 1185 irritum
820 1158 850 1186 et
865 1153 974 1194 inane,
992 1153 1017 1185 si
1036 1164 1130 1187 secus

387 1215 488 1248 super
513 1205 565 1238 bis
583 1216 600 1238 a
621 1216 794 1249 quoquam,
821 1206 935 1249 quavis
957 1207 1132 1240 auctorita-

389 1263 430 1299 te,
465 1258 610 1291 scienter
641 1259 691 1291 vel
726 1259 929 1301 ignoranter,
960 1260 1133 1302 contigerit

388 1313 551 1352 attentari,
581 1312 800 1346 decernimus.
823 1312 978 1351 Quocirca
1005 1314 1130 1347 dilectis

388 1366 461 1399 siliis
479 1367 690 1400 ecclesiarum
707 1367 944 1401 cathedralium
971 1367 1131 1401 dictorum

388 1430 566 1463 regnorum
591 1420 811 1463 Portugalliae
844 1421 976 1454 decanis
1000 1421 1130 1455 illarum

389 1474 585 1514 dioecesum,
612 1473 644 1506 in
670 1474 788 1518 quibus
819 1474 923 1508 dictae
949 1475 1133 1518 Congrega-

389 1527 487 1560 tionis
514 1527 711 1560 monasteria
739 1527 930 1568 consistunt,
955 1539 1014 1571 per
1039 1540 1133 1572 prae-

389 1586 496 1614 sentes
521 1580 752 1614 committimus
774 1586 805 1613 et
825 1581 1027 1622 mandamus,
1053 1593 1132 1625 qua-

390 1639 484 1668 tenus
509 1635 637 1668 easdem
662 1640 851 1677 praesentes
877 1635 1012 1675 litteras,
1029 1635 1084 1668 ubi
1103 1640 1134 1668 et

390 1687 521 1731 quando
557 1698 637 1731 opus
674 1687 786 1726 suerit,
828 1697 865 1720 ac
905 1687 1033 1731 quoties
1072 1699 1132 1731 pro

389 1746 484 1785 parte
524 1741 684 1774 dictorum
723 1741 886 1784 generalis
927 1747 958 1774 et
997 1742 1132 1775 aliorum

390 1794 552 1833 abbatum,
578 1794 823 1834 abbatissarum,
862 1805 899 1827 ac
924 1794 1029 1828 dictae
1054 1795 1134 1829 Con-

391 1847 590 1890 gregationis
609 1847 807 1890 regularium
826 1858 1040 1891 personarum
1068 1848 1135 1881 lue-

390 1901 455 1934 rint
479 1901 638 1945 requisiti,
676 1907 732 1934 aut
767 1901 884 1945 aliquis
922 1912 1031 1935 eorum
1069 1903 1134 1935 sue-

392 1954 434 1986 rit
454 1954 640 1998 requisitus,
675 1965 734 1998 per
764 1955 1002 1998 parochialium
1028 1956 1134 1988 eccle-

391 2007 513 2040 siarum
539 2008 687 2049 abbates,
715 2014 876 2049 rectores,
914 2009 1050 2042 vicarios
1075 2020 1135 2053 pu-

391 2061 503 2094 blicari
522 2061 642 2094 faciant
659 2066 690 2094 et
714 2067 902 2105 procurent,
921 2067 1018 2106 atque
1038 2062 1134 2095 etiam

390 2118 424 2146 ut
459 2114 491 2146 in
527 2114 719 2157 praemissis
759 2115 899 2148 efficacis
937 2115 1136 2148 defensionis

391 2167 554 2210 praesidio
580 2168 768 2202 assistentes
801 2169 920 2202 saciant
944 2170 1136 2202 auctoritate

393 2221 501 2253 nostra
526 2221 656 2253 easdem
681 2226 870 2264 praesentes
897 2222 1021 2255 litteras
1047 2227 1078 2255 et
1103 2222 1135 2254 in

393 2272 439 2306 eis
465 2279 618 2307 contenta
645 2285 873 2319 quaecumque
906 2276 1138 2310 inviolabiliter

394 2326 571 2368 observari,
608 2338 645 2360 ac
675 2329 807 2371 plenum
843 2328 992 2362 effectum
1018 2329 1136 2369 sortiri,

394 2390 522 2414 necnon
555 2381 686 2414 eosdem
717 2382 917 2424 generalem,
949 2384 1081 2416 abbates
1107 2387 1138 2416 et

394 2439 520 2467 ceteros
555 2435 724 2477 regulares
760 2445 918 2478 personas
954 2436 1138 2479 praedictas

394 2491 427 2520 et
458 2498 570 2521 eorum
602 2487 749 2531 singulos
775 2488 924 2522 omnibus
951 2490 1138 2532 praemissis

395 2540 457 2573 srui
479 2546 510 2574 et
534 2540 698 2583 gaudere3
731 2552 798 2575 non
823 2542 1063 2586 permittentes,
1085 2554 1139 2577 eos

396 2598 428 2626 et
444 2603 556 2627 eorum
572 2594 751 2638 quemlibet
765 2595 905 2638 desuper
919 2601 1033 2629 contra
1047 2607 1141 2640 prae-

431 2657 442 2683 1
466 2655 535 2683 Edit.
558 2655 638 2685 atain.
656 2656 720 2693 legit
734 2657 955 2692 supervixerint
974 2659 1011 2694 (a.
1029 2659 1077 2694 τ.).

968 251 1147 274 ΒΗιῑλῐῖἰυΜ
1173 250 1329 274 ROMANUM

1173 299 1312 332 sentium
1335 304 1480 332 tenorem
1507 298 1566 332 sul)
1591 298 1707 342 quovis
1732 302 1914 342 praetextu,

1173 354 1221 385 vel
1248 352 1484 395 subreptionis,
1509 352 1713 396 obreptionis
1738 358 1793 385 aut
1818 352 1916 385 nulli-

1176 407 1248 439 tatis
1263 406 1348 445 vitio,
1364 408 1412 439 vel
1425 407 1553 440 dcscctu
1570 406 1761 440 intentionis
1775 411 1914 447 nostrae,

1174 470 1232 501 per
1257 470 1479 503 quoscumque
1505 460 1754 503 quomodolibet
1771 460 1916 493 indebite

1175 513 1355 552 molestari,
1376 514 1573 555 perturbari,
1591 513 1765 556 inquietari
1791 514 1840 546 vel
1859 513 1917 546 im-

1174 565 1299 607 pe‹liri;
1318 566 1576 599 contradictores
1610 566 1776 610 quoslibet
1809 571 1840 599 et
1865 577 1917 599 re-

1174 618 1276 651 belles
1301 629 1361 661 per
1386 629 1540 651 censuras
1566 624 1598 652 et
1622 629 1745 662 poenas
1763 619 1917 652 ecclesia-

1173 671 1280 710 sticas,
1307 672 1435 715 aliaque
1461 678 1646 715 opportuna
1683 672 1762 705 iuris
1787 678 1818 705 et
1844 673 1918 706 sacti

1175 725 1330 764 remedia,
1347 726 1570 768 appellatione
1584 726 1775 769 postposita,
1786 736 1919 769 compe-

1173 778 1307 811 scendo.
1335 778 1403 811 Non
1423 779 1629 812 obstantibus
1653 779 1819 822 quibusvis
1839 790 1917 813 con-

1173 832 1398 865 stitutionibus
1420 838 1452 865 et
1474 832 1737 866 ordinationibus
1767 833 1919 877 apostoli-

1175 885 1232 925 cis,
1259 896 1295 919 ac
1322 886 1481 919 dictorum
1517 887 1646 920 Ordinis
1678 893 1710 919 et
1733 887 1919 930 Congrcga-

1175 939 1287 978 tionis,
1318 939 1414 972 etiam
1442 940 1645 980 iuramento,
1671 940 1918 974 confirmatione

1173 992 1365 1035 apostolica,
1388 994 1436 1026 vel
1463 993 1574 1036 quavis
1599 994 1750 1026 firmitate
1778 992 1839 1027 alia
1866 1004 1919 1026 ro-

1174 1045 1306 1085 boratis,
1330 1046 1460 1078 statutis
1483 1052 1515 1078 et
1532 1046 1842 1085 consuetudinibus,
1869 1057 1920 1079 ce-

1175 1098 1316 1142 terisque
1335 1099 1509 1132 contrariis
1527 1099 1797 1143 quibuscumque.
1817 1099 1918 1133 Volu-

1174 1162 1245 1184 mus
1271 1158 1377 1184 autem
1397 1152 1484 1195 quod
1511 1152 1733 1195 praesentium
1755 1158 1919 1185 transum-

1176 1205 1248 1248 ptis,
1264 1206 1358 1238 etiam
1378 1206 1554 1249 impressis,
1569 1212 1600 1240 et
1614 1217 1710 1239 manu
1728 1206 1847 1239 notarii
1865 1216 1921 1249 pu-

1175 1258 1250 1292 blici
1270 1265 1323 1292 aut
1344 1259 1477 1293 alicuius
1498 1260 1625 1293 scribae
1644 1259 1920 1293 monasteriorum

1176 1312 1281 1346 dictae
1307 1313 1580 1356 Congregationis
1600 1313 1801 1356 subscriptis,
1821 1319 1852 1346 et
1876 1313 1918 1345 si-

1175 1366 1254 1409 gillo
1281 1367 1383 1400 dictae
1404 1366 1684 1410 Congregationis,
1704 1372 1758 1400 aut
1783 1366 1920 1400 alicuius

1175 1420 1278 1463 ipsius
1303 1421 1490 1454 monasterii
1510 1426 1562 1453 aut
1583 1431 1743 1463 personae
1763 1421 1795 1453 in
1818 1422 1921 1455 eccle-

1175 1473 1303 1506 siastica
1321 1474 1479 1516 dignitate
1498 1474 1690 1508 constitutae
1710 1475 1852 1515 munitis,
1871 1486 1921 1508 ea-

1176 1526 1248 1559 dem
1266 1527 1398 1560 omnino
1419 1527 1499 1560 tides
1521 1528 1553 1560 in
1572 1527 1693 1561 iudicio
1715 1533 1747 1561 et
1771 1533 1863 1560 extra
1879 1528 1918 1561 il-

1177 1580 1230 1613 lud
1247 1581 1416 1621 habeatur,
1439 1592 1521 1625 quae
1536 1582 1716 1614 haberetur
1735 1581 1814 1625 ipsis
1830 1592 1921 1625 prae-

1175 1633 1322 1666 sentibus
1340 1625 1366 1666 si
1383 1634 1490 1667 forent
1507 1634 1673 1667 exhibitae
1690 1636 1738 1668 vel
1754 1640 1918 1668 ostensae.

1212 1695 1307 1722 Datum
1326 1695 1434 1730 Romae,
1455 1697 1527 1731 apud
1543 1696 1571 1723 S.
1590 1696 1698 1723 Mariam
1715 1696 1853 1731 Maiorem,
1870 1697 1920 1724 sub

1177 1740 1275 1767 annulo
1303 1740 1466 1772 Piscatoris,
1490 1741 1534 1768 die
1559 1748 1593 1768 xx
1618 1741 1685 1768 iunii
1710 1747 1828 1777 unxew,
1855 1750 1921 1777 pon-

1177 1784 1294 1812 tificatus
1311 1786 1395 1812 nostri
1412 1794 1483 1812 anno
1500 1792 1515 1811 v
1539 1795 1562 1812 ».

1221 1847 1291 1891 §2
1328 1847 1404 1881 Cum
1439 1854 1566 1889 autem,
1592 1849 1675 1881 sicut
1711 1848 1823 1882 dilecti
1861 1848 1918 1882 filii

1177 1955 1283 1995 bates,
1307 1965 1435 1988 necnon
1461 1955 1599 1989 dilectae
1624 1956 1658 1988 in
1676 1955 1803 1989 Christo
1836 1955 1919 1989 tiliae

1178 2008 1359 2042 abbatissae
1396 2014 1427 2042 et
1462 2014 1590 2042 ceterae
1616 2011 1783 2053 regulares
1807 2020 1920 2053 perso—

1178 2072 1239 2095 nae
1259 2062 1430 2106 utriusque
1452 2072 1546 2095 sexus
1564 2062 1670 2095 dictae
1691 2062 1920 2106 Congregatio-

1179 2115 1229 2148 nis
1254 2115 1350 2148 nobis
1376 2126 1479 2159 nuper
1497 2116 1613 2160 exponi
1634 2116 1788 2157 fecerunt,
1815 2116 1920 2149 adhuc

1180 2179 1244 2202 non
1262 2169 1369 2202 desint
1387 2169 1442 2213 qui
1462 2170 1601 2202 maxima
1621 2169 1739 2202 damna
1763 2175 1920 2202 monaste-

1181 2222 1235 2255 riis
1261 2222 1366 2255 dictae
1392 2222 1662 2265 Congregationis
1688 2222 1818 2263 inferre,
1845 2222 1920 2255 illo-

1181 2287 1318 2320 rumque
1335 2276 1421 2310 bona
1438 2277 1626 2320 frequenter
1648 2275 1790 2319 diripere
1809 2281 1841 2309 et
1865 2276 1921 2309 de-

1181 2336 1309 2363 struere
1333 2329 1467 2363 minime
1493 2335 1654 2369 verentur,
1681 2340 1717 2362 ac
1741 2334 1917 2373 propterea

1182 2384 1242 2428 ipsi
1279 2389 1480 2428 exponentes
1516 2383 1738 2427 praeinsertas
1771 2382 1920 2416 Clemen-

1183 2437 1222 2470 tis
1246 2436 1512 2480 praedecessoris
1537 2436 1673 2477 litteras,
1698 2446 1764 2479 quo
1789 2446 1922 2469 serven-

1182 2496 1232 2523 tur
1251 2490 1412 2530 exactius,
1438 2489 1635 2534 apostolicae
1662 2489 1919 2522 confirmationis

1181 2549 1312 2576 nostrae
1349 2543 1514 2587 praesidio
1547 2542 1741 2576 communiri
1779 2553 1922 2575 summo-

1181 2607 1261 2641 pere
1287 2597 1490 2630 desiderent:
1517 2606 1584 2636 nos,
1600 2595 1687 2639 ipsos
1717 2600 1921 2639 exponentes

1181 2650 1376 2694 specialibus
1402 2649 1562 2684 favoribus
1582 2654 1614 2683 et
1634 2649 1748 2693 gratiis
1766 2650 1921 2694 prosequi

1917 249 1965 276 An.
1988 249 2016 277 C.
2039 250 2106 278 ¹698

1978 1856 2114 1878 Conni-matio

1931 1883 2012 1904 relatae
2036 1886 2115 1906 eonsu-

1178 1901 1351 1935 modernus
1384 1902 1484 1935 abbas
1518 1902 1681 1945 generalis
1718 1902 1840 1946 aliique
1867 1902 2028 1936 ab-2uu0nis·
