2227 3225
110 227 158 253 An.
175 226 203 253 C.
228 227 295 254 1690

891 226 1076 251 ALExANDEu
1103 227 1158 249 VIII
1184 228 1231 249 l'l'.

1732 220 1774 251 ω)

1734 244 1760 253 ..η

298 276 391 310 ritate
412 276 657 320 quomodolibet.
685 275 828 308 indebite
853 273 1032 314 molestari,
1077 273 1188 312 iorem,
1214 274 1274 305 sub
1298 276 1418 307 annulo
1436 274 1619 314 piscatoris,
1635 276 1685 308 die
1704 287 1745 309 vu
1772 277 1814 309 ia-

296 329 480 373 perturbari
497 331 548 363 vel
568 329 755 372 inquietari,
777 327 1034 361 contradictores
1077 326 1182 360 nuarii
1204 336 1320 367 mccxc,
1339 327 1547 370 pontificatus
1565 329 1666 361 nostri
1685 339 1770 362 anno
1789 340 1811 363 1.

298 383 462 426 quoslibet
498 388 529 416 et
565 383 705 416 rebelles
741 390 798 425 per
833 381 1033 419 sententias,

297 446 448 469 censuras
466 441 498 469 et
517 446 638 479 poenas
656 435 890 468 ecclesiasticas
907 434 1033 477 aliaque

299 494 485 533 opportuna
509 489 587 522 iuris
605 494 637 522 et
663 489 735 521 sacti
757 488 909 527 remedia,
929 488 1036 530 appel-

297 543 418 576 latione
441 543 643 587 postposita,
669 541 925 585 compescendo,
958 541 1036 582 legi-

296 596 451 639 timisque
483 606 580 640 super
612 595 662 628 his
693 595 867 633 habendis,
901 593 1035 627 servatis

296 650 513 693 processibus
547 659 700 682 censuras
732 654 764 681 et
796 657 916 691 poenas
949 647 1035 689 ipsas

296 702 393 736 etiam
410 702 535 736 iteratis
559 702 682 734 vicibus
707 700 922 744 aggravando,
948 700 1036 731 invo-

297 762 368 789 cato
393 756 489 789 etiam
507 755 545 788 ad
572 755 643 795 hoc,
673 754 698 787 si
722 765 802 797 opus
825 753 929 792 suerit,
949 753 1036 786 auxi-

297 809 342 844 lio
362 808 487 842 brachii
513 809 698 841 saecularis.

342 864 357 906 ἓ
382 863 413 896 5.
440 862 510 895 Non
536 862 738 895 obstantibus
763 860 974 905 praemissis,
1002 871 1037 893 ac

300 915 400 950 felicis
425 915 663 949 recordationis
677 915 831 948 Boniiacii
851 915 956 958 Papae
974 915 1036 948 Vlll

299 969 562 1013 praedecessoris
598 968 722 1012 pariter
746 969 848 1001 nostri
882 969 921 1001 de
947 970 1011 1001 una
1027 996 1034 1009 ,

298 1024 333 1056 'et
358 1023 488 1056 concilii
514 1022 675 1066 generalis
695 1023 735 1055 de
761 1023 885 1056 duabus
917 1023 1034 1063 dietis,

301 1077 440 1120 aliisque
465 1076 662 1120 apostolicis,
682 1087 716 1109 ac
747 1077 780 1108 in
802 1076 1036 1109 universalibus

301 1130 621 1174 provincialibusque
655 1135 686 1162 et
723 1129 931 1173 synodalibus
963 1140 1038 1162 con-

303 1183 385 1216 ciliis
404 1182 508 1221 editis,
526 1182 731 1225 generalibus
756 1183 805 1215 vel
831 1182 1036 1225 specialibus,

302 1236 590 1269 constitutionibus
617 1240 650 1269 et
670 1235 938 1275 ordinationibus,
965 1246 1039 1268 nec-

302 1299 378 1328 non,
402 1294 558 1332 quatenus
576 1299 658 1331 opus
677 1289 726 1328 sit,
749 1290 967 1331 praefatorum
986 1289 1038 1321 Or-

303 1341 388 1373 dinis
418 1346 449 1374 et
473 1341 682 1384 provinciae,
710 1341 823 1374 aliisve
852 1342 1037 1384 quibusvis,

302 1394 398 1426 etiarn
433 1394 641 1433 iuramento,
678 1393 927 1426 confirmatione
961 1405 1038 1437 apo-

302 1447 425 1486 stolica,
453 1448 504 1480 vel
536 1446 645 1490 quavis
674 1446 825 1479 firmitate
850 1447 912 1479 alia
942 1448 1039 1480 robo-

301 1500 391 1540 ratis,
424 1500 550 1533 statutis
580 1504 612 1532 et
643 1499 943 1540 consuetudinibus,
974 1501 1039 1543 pri-

301 1554 429 1596 vilegiis
468 1564 600 1597 quoque
624 1581 631 1594 ‚
671 1553 807 1586 indultis
855 1558 887 1587 et
923 1554 1039 1587 litteris

302 1607 488 1650 apostolicis
512 1606 545 1639 in
566 1607 761 1639 eontrarium
784 1607 1039 1649 praemissorum

302 1660 551 1703 quomodolibet
574 1660 758 1699 concessis,
784 1660 983 1693 confirmatis
1010 1665 1040 1693 ct

302 1713 483 1753 innovatis,
511 1714 627 1756 quibus
650 1713 801 1746 omnibus
827 1718 859 1745 et
883 1713 1038 1755 singulis,

301 1765 431 1799 illorum
456 1771 586 1799 tenores
610 1766 836 1809 praesentibus
862 1777 920 1809 pro
945 1769 1039 1809 plene

304 1823 337 1851 et
367 1818 566 1851 sufficienter
590 1819 754 1861 expressis
773 1829 807 1851 ae
827 1820 864 1851 (le
885 1820 982 1852 verbo
1001 1820 1039 1852 ad

304 1871 437 1904 verbum
461 1871 595 1904 insertis
620 1871 791 1909 babentes,
818 1872 880 1904 illis
905 1874 983 1905 alias
1009 1873 1039 1905 iu

305 1934 362 1957 suo
380 1924 500 1957 robore
521 1925 752 1967 permansuris,
782 1926 819 1957 ad
846 1926 1042 1967 praemisso-

305 1988 375 2010 rum
396 1976 566 2017 effectum,
597 1978 657 2010 liae
682 1978 749 2010 vice
768 1978 946 2017 dumtaxat,
972 1990 1042 2022 spe-

305 2029 430 2063 cialiter
453 2036 485 2062 et
504 2040 656 2072 expresse
681 2031 890 2072 derogamus,
909 2033 1042 2064 ceteris-

306 2093 369 2126 que
393 2084 567 2117 contrariis
593 2083 864 2126 quibuscumspie.

349 2137 418 2179 §st
446 2137 597 2170 Volumus
632 2143 739 2169 atitem
775 2144 809 2169 ut
853 2140 1040 2171 earumdem

306 2189 523 2232 praesentium
548 2190 728 2223 litterarum
749 2191 970 2234 transumptis,
985 2202 1040 2224 seu

306 2242 471 2284 exemplis,
486 2242 583 2275 etiam
600 2241 775 2285 impressis,
792 2254 888 2275 manu
907 2244 1041 2277 alicuius

305 2295 423 2327 notarii
442 2295 562 2338 publici
577 2296 779 2338 subscriptis,
797 2301 828 2328 et
844 2297 951 2339 sigillo
971 2309 1042 2340 per-

305 2358 404 2380 sonae
423 2348 455 2380 in
476 2348 694 2381 ecelesiastica
712 2349 869 2391 dignitate
887 2351 1042 2383 constitu-

305 2405 356 2434 tae
378 2401 521 2441 munitis,
543 2401 656 2433 eadem
675 2412 810 2444 prorsus
828 2401 907 2434 sides
925 2407 987 2434 tam
1008 2403 1040 2435 in

305 2453 423 2486 iudicio
442 2464 536 2496 quam
555 2459 645 2486 extra
662 2453 741 2487 illud
760 2454 880 2497 ubispie
898 2455 1039 2488 locorum

306 2507 473 2547 habeatur,
492 2517 573 2549 quae
598 2507 676 2550 ipsis
698 2508 925 2550 praesentibus
945 2509 1042 2541 babe-

305 2564 395 2592 retur
419 2560 444 2591 si
470 2560 577 2592 forent
610 2560 774 2593 exhibitae
800 2562 846 2593 rel
873 2566 1038 2594 ostensae.

349 2611 463 2647 Datum
488 2612 629 2653 Romae,
656 2614 742 2656 apud
773 2613 804 2647 S.
831 2613 963 2647 Mariam
984 2615 1041 2647 illa·

131 870 288 891 contrariorum

105 897 221 922 derogatio.

151 2143 213 2162 Fides
239 2144 294 2163 iran-

111 2173 247 2194 sumptorum.

1112 385 1171 415 Dat.
1189 388 1232 415 die
1249 387 1262 414 7
1280 387 1394 415 ianuarii
1411 388 1488 420 1690,
1509 389 1603 424 pontif.
1619 397 1687 417 anuo
1702 395 1720 417 1.

1417 523 1493 556 vul.

1138 603 1365 639 Concecluncur
1386 604 1566 647 privileyia
1586 605 1756 638 nonnullis

1312 658 1539 700 flcnziliaribas
1564 657 1583 692 ¹.

1258 738 1428 765 Alexander
1447 738 1527 771 Papa
1546 715 1626 768 vni,

1203 784 1237 809 ad
1259 785 1437 815 perpetuam
1458 782 1504 808 rei
1519 782 1703 810 memoriam.

1078 837 1307 864 venerabilibus
1327 836 1473 863 fratribus
1495 837 1675 863 Bernardino
1697 838 1819 865 Peneia-

1114 881 1185 913 tico,
1197 880 1387 914 patriarchae
1399 880 1681 914 Hierosolymitano,
1693 881 1817 913 datario,

1114 925 1235 952 Herculi
1254 925 1441 958 Vicecomiti,
1458 925 1682 958 archiepiscopo
1697 926 1820 952 narnia-

1114 970 1205 1003 tensi,
1221 970 1328 1003 palatii
1344 970 1440 996 nostri
1458 970 1626 1003 apostolici,
1643 977 1677 997 ac
1693 971 1819 1003 losepho

1113 1015 1250 1047 Eusanio,
1264 1014 1487 1048 Porphyriensi,
1504 1014 1629 1041 sacrarii
1646 1015 1741 1041 nostri
1759 1023 1821 1042 res-

1114 1059 1232 1092 pective
1261 1058 1444 1092 praefectis,
1474 1065 1508 1084 ac
1531 1058 1636 1084 loanni
1666 1059 1820 1092 Baptistae

1116 1104 1252 1137 Rubino,
1273 1103 1442 1130 vicentium
1468 1103 1628 1136 episcopo,
1657 1103 1821 1130 secretario

1116 1150 1240 1182 Status,
1263 1156 1298 1175 ac
1318 1148 1438 1174 dilectis
1459 1147 1530 1174 filiis
1551 1147 1702 1182 magistris
1727 1147 1821 1174 Mario

1117 1194 1258 1228 Spinulae
1283 1192 1428 1220 lanuensi
1454 1193 1625 1219 litterarum
1650 1195 1820 1219 nostrarum

1116 1239 1147 1265 in
1167 1237 1261 1265 forma
1281 1237 1383 1264 Brevis
1412 1244 1487 1271 quae
1515 1237 1549 1263 ad
1570 1236 1721 1271 principes
1745 1236 1821 1264 scri-

1115 1283 1237 1313 buntur,
1259 1282 1364 1309 Ioanni
1384 1281 1541 1308 francisco
1561 1281 1672 1308 Albano
1693 1281 1821 1308 Urbina-

1115 1326 1195 1353 tensi
1216 1325 1353 1352 Brevium
1374 1327 1543 1351 nostrorum
1560 1327 1744 1352 secretorum
1759 1332 1823 1351 res-

1117 1370 1237 1404 pective
1258 1369 1448 1401 secretariis,
1471 1371 1501 1395 et
1527 1369 1669 1395 Marcello
1697 1369 1732 1396 de
1752 1370 1822 1395 Aste

1116 1415 1147 1441 in
1167 1413 1296 1447 utraque
1317 1412 1474 1446 signatura
1489 1412 1591 1439 nostra
1606 1413 1821 1447 referendario,

1115 1459 1249 1486 auditori
1268 1461 1388 1490 nostro,
1410 1458 1555 1491 praelatis
1577 1458 1749 1485 domesticis
1769 1465 1822 1485 no-

1116 1503 1200 1535 stris,
1218 1510 1252 1531 ac
1267 1503 1355 1530 Petro
1375 1502 1484 1535 Draphi
1505 1502 1618 1528 Bartoli
1634 1503 1756 1533 Veneto,
1772 1509 1823 1529 cu-

1116 1548 1210 1576 biculi
1230 1547 1326 1574 nostri
1346 1548 1509 1580 praefecto,
1531 1546 1664 1573 Mariano
1680 1547 1821 1574 Gabrielli

1117 1592 1322 1627 Aquileiensi,
1344 1592 1504 1626 pincernae
1518 1612 1525 1623 ,
1547 1591 1672 1624 Iosepho
1700 1591 1822 1624 Tempe-

1118 1638 1198 1664 stino
1225 1638 1373 1668 Romano,
1403 1635 1631 1668 architriclino,
1662 1636 1822 1662 Francisco

1118 1682 1214 1717 Maqqi
1235 1680 1422 1711 Aretinensi,
1443 1680 1605 1713 vestiario,
1626 1680 1752 1714 losepho
1773 1681 1823 1707 Fe-

1117 1727 1169 1755 lici
1196 1726 1389 1758 Reaffinensi,
1419 1725 1655 1759 eleemosynario
1685 1729 1820 1758 secreto,

1119 1772 1298 1799 Bernardino
1315 1771 1393 1798 Sarti
1409 1769 1598 1802 Ariminensi,
1616 1770 1738 1797 Romulo
1753 1770 1823 1803 Spe—

1118 1817 1187 1844 cioli
1217 1816 1370 1847 Firmano,
1398 1815 1513 1841 medico
1539 1817 1677 1848 secreto,
1708 1818 1737 1841 et
1767 1816 1822 1841 Ra-

1118 1861 1219 1895 phaeli
1247 1860 1386 1887 Fahretto
1413 1859 1624 1888 Urbinatensi‚
1652 1859 1821 1886 libellorum

1119 1904 1288 1938 supplicum
1308 1904 1394 1930 nohis
1414 1906 1618 1936 porrectorum
1640 1904 1820 1932 secretario.

1119 1947 1314 1976 cubiculariis
1335 1947 1462 1978 intimis,
1481 1954 1534 1973 seu
1551 1947 1687 1981 secretis,
1704 1954 1821 1974 necnon

1119 1993 1235 2020 Urbano
1258 1991 1364 2019 Roccio
1381 1991 1519 2021 Romano,
1537 1990 1645 2017 forerio
1662 1991 1775 2023 maiori,
1792 1994 1822 2018 et

1118 2037 1269 2064 Theodoro
1290 2035 1416 2062 Cellesio
1437 2034 1635 2067 Pistoriensi‚
1656 2034 1746 2061 fratri
1767 2037 1821 2061 mi-

1118 2082 1167 2108 liti
1187 2088 1309 2115 magnae
1337 2080 1433 2107 crucis
1459 2079 1619 2112 hospitalis
1649 2079 1676 2105 S.
1700 2080 1821 2107 Ioannis

1118 2125 1393 2158 Hierosolymitaui,
1415 2131 1448 2150 ac
1469 2123 1571 2150 comiti
1591 2124 1755 2151 Alexandro
1772 2126 1822 2151 Ca-

1118 2169 1273 2203 pisucchio
1290 2169 1427 2198 Romano,
1444 2167 1548 2194 itidem
1564 2168 1756 2195 cubiculariis
1774 2176 1822 2195 se-

1119 2214 1229 2243 cretis,
1252 2215 1281 2238 et
1300 2212 1427 2244 Iosepho
1448 2211 1616 2244 Sacripanti
1641 2212 1820 2246 Narniensi,

1118 2259 1206 2285 aulae
1222 2259 1341 2283 nostrae
1359 2255 1578 2283 consistorialis
1596 2256 1740 2284 advocato
1756 2259 1822 2284 sub-

1119 2303 1244 2334 datario,
1266 2304 1296 2329 et
1316 2301 1542 2328 Bartholomaeo
1562 2301 1706 2328 clementi
1723 2303 1821 2330 Came-

1120 2357 1129 2381 1
1153 2355 1224 2381 Haec
1244 2353 1400 2381 constitutio
1421 2352 1527 2379 diversa
1554 2357 1595 2380 est
1613 2354 1647 2380 ah
1667 2353 1720 2380 illis
1740 2363 1820 2390 prae-

1082 2399 1265 2430 decessorum,
1287 2402 1314 2424 ut
1334 2397 1425 2424 ridere
1445 2401 1485 2424 est
1505 2397 1649 2424 Clementis
1669 2398 1692 2424 X
1712 2400 1818 2426 constit.

1082 2445 1180 2471 editam
1197 2450 1311 2474 MDCLxx‚
1324 2443 1366 2469 die
1377 2443 1410 2469 2ss
1422 2443 1541 2477 augusti,
1560 2443 1653 2478 pontis.
1670 2449 1692 2476 13
1710 2444 1816 2470 constit.

1082 2489 1180 2515 editam
1197 2495 1319 2520 MDCLxxi,
1337 2487 1379 2514 die
1396 2489 1422 2514 11
1442 2487 1604 2520 decembris,
1625 2488 1719 2523 pontii.
1740 2495 1775 2521 113
1793 2493 1819 2515 et

1082 2535 1188 2561 constit.
1211 2533 1310 2560 editam
1327 2539 1460 2566 ninccxxii,
1477 2533 1520 2560 ‹lie
1536 2533 1552 2560 6
1572 2533 1643 2567 iulii,
1665 2533 1758 2567 pontif.
1780 2540 1816 2560 ιιι.

1084 2579 1160 2605 Extat
1178 2579 1257 2605 etiam
1278 2578 1373 2605 similis
1389 2579 1498 2605 constit.
1514 2578 1662 2605 Innocentii
1682 2578 1726 2604 xll
1748 2578 1818 2604 edita

1082 2629 1189 2657 MDCxCI,
1211 2623 1253 2650 die
1274 2623 1305 2649 27
1328 2623 1492 2658 novembris,
1514 2623 1609 2658 pontif.
1631 2630 1650 2650 1.

1821 231 1868 256 Λιι.
1886 230 1913 257 C.
1937 231 2004 257 1030
