2254 3225
227 215 273 241 Λη.
292 215 318 242 C.
340 216 408 243 1(th
455 207 517 239 (⁵108

248 2129 367 2151 (tan-ulae.

418 277 484 299 rem
509 265 645 299 aliarum
670 268 852 310 puellarum
883 277 942 310 per
969 266 1152 310 Congrega-

417 318 537 352 tionem
552 319 729 363 praefatam
749 319 830 352 sicut
846 319 1065 362 praemittitur
1080 319 1153 352 sub-

418 373 635 415 rogandarum
673 383 730 405 seu
765 372 1038 406 nominandarum
1063 372 1150 413 fieri,

417 424 596 469 iisdemque
618 426 779 469 deputatis
803 426 900 458 modo
926 431 957 458 et
980 426 1083 458 forma
1103 435 1151 457 su-

417 479 571 522 pradictis
601 479 783 522 consignari
816 480 966 512 debeant.
1001 479 1148 511 Ceterum

418 542 638 575 quaecumque
656 532 794 574 hospitii
813 531 996 564 huiusmodi
1011 531 1149 574 puellae,

418 596 498 628 quae
522 586 561 618 ad
586 585 730 617 subsidia
747 585 869 618 dotalia
892 584 1047 627 praefata,
1069 583 1151 615 sicut

416 638 655 681 praemittitur,
683 639 845 671 admissae
871 648 927 670 seu
963 636 1149 669 nominatae

416 691 545 731 suerint,
564 691 830 734 processionibus
847 690 984 734 aliisque
1008 688 1149 732 publicis

417 744 637 777 functionibus
661 743 692 776 in
719 743 945 776 distributione
964 742 1150 775 eorumdem

416 796 636 829 subsidiorum
673 797 829 829 dotalium
855 801 907 828 aut
938 795 1065 828 illarum
1102 805 1151 827 oc-

417 850 547 882 casione
566 849 632 882 fieri
656 849 758 882 solitis
776 849 936 881 interesse
954 848 1087 880 minime
1106 852 1151 879 te-

415 907 566 942 neantur,
591 902 647 934 sed
673 903 757 934 intra
782 902 864 934 idem
880 901 1056 944 hospitium
1081 910 1151 932 san-

415 955 588 988 ctissimum
606 955 825 987 Eucharistiae
843 959 1080 987 sacramentum
1103 963 1150 985 su-

415 1019 514 1048 mere,
541 1008 643 1041 aliave
669 1007 721 1050 pia
747 1018 858 1050 opera,
895 1007 962 1040 sive
995 1017 1012 1038 a
1044 1005 1149 1038 dictae

415 1061 784 1095 archiconsraternitatis
803 1060 937 1099 statutis,
957 1059 1022 1091 sive
1041 1069 1058 1090 a
1075 1068 1150 1101 quo-

414 1114 534 1146 rumvis
561 1118 749 1146 testatorum
767 1119 799 1145 et
811 1105 945 1155 pioruni'
958 1111 1150 1153 largitorum

414 1167 633 1209 praefatorum
674 1165 942 1210 dispositionibus
981 1165 1123 1197 iniuncta
1140 1190 1148 1204 ,

415 1220 596 1263 adimplere
621 1219 747 1263 possint
777 1224 808 1252 et
833 1219 984 1252 debeant.
1022 1218 1149 1251 Eisdem

413 1283 490 1306 vero
514 1273 658 1316 puellis,
692 1273 799 1304 statim
835 1282 871 1304 ac
909 1271 1151 1304 matrimonium

414 1325 651 1365 contraxerint,
678 1325 764 1368 quod
791 1325 921 1369 quidem
948 1324 1080 1368 parochi
1106 1330 1150 1356 at-

414 1378 584 1411 testa-tione
610 1389 627 1410 a
654 1378 778 1411 duobus
805 1389 841 1411 ex
867 1378 1028 1421 deputatis
1057 1387 1152 1420 prae-

414 1431 508 1465 dictis
532 1431 714 1474 subscripta
733 1430 865 1474 probari
883 1431 1029 1471 sufficiat,
1047 1431 1098 1463 vel
1120 1430 1151 1462 in

414 1483 525 1527 aliquo
551 1483 740 1517 monialium
765 1483 963 1516 monasterio
977 1483 1153 1526 professio-

413 1548 490 1570 nem
504 1539 687 1581 regularem
703 1548 763 1581 per
775 1537 862 1580 ipsas
876 1537 1032 1570 moniales
1050 1537 1150 1570 emitti

415 1595 603 1624 consuetam
630 1600 783 1634 expresse
810 1590 988 1630 emiserint,
1007 1590 1152 1623 subsidia

414 1643 536 1676 dotalia
551 1670 558 1684 ,
588 1643 634 1677 eis
651 1670 659 1684 ‚
685 1649 720 1676 ut
743 1644 927 1687 praefertur
942 1671 949 1685 ,
977 1643 1149 1686 assignata,

413 1696 527 1737 libere,
553 1701 725 1740 prompte,
765 1697 919 1740 nullaque
956 1696 1152 1740 interposita

413 1750 522 1788 mora,
548 1759 584 1781 ac
608 1749 728 1792 absque
752 1749 819 1782 ulla
850 1749 1000 1782 cautione
1025 1750 1152 1792 persol-

412 1807 538 1835 vantur.
565 1802 714 1844 singutas
747 1803 873 1835 demum
899 1804 1022 1846 puellas
1057 1813 1152 1846 prae-

414 1855 493 1887 fatas
519 1855 559 1887 ad
579 1856 673 1898 plura
695 1866 791 1898 quam
812 1856 875 1888 duo
894 1866 930 1888 ex
952 1855 1066 1898 viginti
1081 1856 1152 1888 sub-

413 1907 503 1940 sidiis
529 1907 691 1940 dotalibus
709 1908 906 1951 supradictis
923 1918 982 1951 per
997 1918 1152 1941 memora-

413 1965 477 1993 tam
491 1959 784 2003 Congregationem
796 1961 1023 2004 deputatorum
1035 1971 1152 2004 nequa-

413 2023 507 2057 quam
525 2013 649 2046 admitti
665 2023 720 2046 seu
731 2013 892 2046 nominari
907 2024 1016 2057 posse,
1037 2014 1150 2046 harum

413 2066 495 2099 serie
521 2065 725 2099 decernimus
751 2071 782 2099 et
806 2066 1006 2099 ordinamus.

456 2119 516 2163 §la
536 2120 754 2152 Decernentes
764 2120 897 2163 pariter,
914 2121 1043 2153 easdem
1057 2131 1152 2164 prae-

413 2178 521 2205 sentes
540 2172 665 2205 litteras
690 2183 821 2216 semper
845 2172 966 2213 firmas,
983 2174 1105 2206 validas
1123 2180 1153 2207 et

414 2225 560 2258 efficaces
577 2225 717 2258 existere
743 2231 774 2258 et
798 2226 888 2265 sore,
913 2236 1057 2269 suosque
1082 2227 1152 2269 ple-

413 2277 522 2310 narios
535 2282 567 2310 et
582 2277 729 2320 integros
754 2277 886 2310 effectus
910 2277 1019 2310 sortiri
1046 2283 1078 2310 et
1101 2278 1154 2310 ob-

416 2330 532 2370 tinere,
557 2340 594 2362 ac
618 2329 711 2362 dictis
737 2331 856 2373 puellis
882 2330 914 2362 in
939 2331 1089 2363 omnibus
1121 2336 1153 2364 et

414 2393 472 2427 per
511 2382 619 2416 omnia
658 2383 847 2425 plenissime
891 2382 1059 2424 suffragari
1078 2409 1085 2423 ,
1122 2390 1153 2417 et

415 2438 455 2470 ab
471 2437 546 2476 illis,
566 2436 605 2468 ad
627 2446 710 2479 quos
729 2441 854 2479 spectat
872 2440 902 2468 et
920 2446 979 2478 pro
1006 2442 1153 2480 tempore

415 2490 586 2533 spectabit,
606 2489 837 2522 inviolabiliter
850 2490 1023 2529 observari,
1039 2490 1151 2534 sicque

992 218 1171 242 BULLARIUM
1194 217 1348 242 ROMANUM

1194 267 1303 310 palatii
1331 265 1498 310 apostolici
1522 266 1697 306 auditores,
1729 265 1865 297 iudicari
1899 269 1929 298 et

1195 319 1323 353 definiri
1349 320 1487 360 debere,
1513 329 1550 352 ac
1573 319 1699 351 irritum
1724 323 1756 351 et
1779 318 1874 350 inane
1902 317 1927 349 si

1194 383 1286 406 secus
1311 382 1411 416 super
1435 372 1486 404 his
1504 382 1521 404 a
1545 382 1716 415 quoquam,
1742 370 1852 414 quavis
1872 381 1929 402 au-

1194 425 1353 465 ctoritate,
1374 424 1518 457 scienter
1541 425 1591 457 vel
1615 423 1823 466 ignoranter,
1850 432 1929 455 con-

1195 477 1303 519 tigerit
1326 477 1489 509 attentari.

1236 529 1250 571 ἓ
1275 528 1305 561 5.
1332 529 1402 561 Non
1427 529 1630 562 obstantibus
1654 528 1865 572 praemissis,
1892 539 1928 562 ac

1192 581 1450 623 supradictorum
1478 586 1664 614 testatorum
1679 586 1711 614 et
1723 582 1849 624 piorum
1866 583 1928 615 lar-

1193 633 1331 675 gitorum
1346 634 1440 666 etiam
1460 634 1582 667 ultimis
1595 634 1826 675 voluntatibus,
1839 645 1926 678 quas,

1193 692 1328 730 propter
1351 688 1549 731 praemissa,
1575 687 1776 720 sufficienter
1813 693 1845 721 ct
1875 698 1928 720 ex-

1193 750 1303 782 presse
1321 746 1563 781 commutamus,
1585 751 1621 774 ac
1637 741 1928 775 constitutionibus

1193 798 1225 825 ct
1249 794 1508 827 ordinationibus
1521 794 1720 837 apostolicis,
1738 804 1867 827 necnon
1884 794 1927 827 di-

1192 851 1261 879 ctae
1287 847 1670 888 arclticonsraternitatis,
1708 847 1818 880 aliisve
1859 847 1930 891 qui-

1192 900 1313 940 busvis,
1340 901 1435 933 etiam
1460 901 1657 941 iuramento,
1680 901 1930 934 confirmatione

1192 954 1384 995 apostolica,
1406 955 1456 987 vel
1483 954 1592 998 quavis
1616 953 1768 987 firmitate
1793 954 1855 987 alia
1878 964 1931 987 ro-

1192 1005 1326 1045 boratis,
1351 1006 1494 1046 statutis,
1518 1007 1651 1047 usibus,
1677 1006 1767 1049 stylis
1792 1012 1824 1039 et
1854 1016 1931 1039 con-

1191 1058 1426 1099 suctudinibus,
1441 1059 1622 1102 privilegiis
1636 1070 1780 1103 quoque,
1795 1059 1932 1092 indultis

1193 1116 1225 1144 et
1245 1112 1361 1145 litteris
1378 1113 1565 1156 apostolicis
1579 1113 1611 1145 in
1626 1114 1823 1157 contrarium
1837 1123 1932 1157 prae-

1192 1164 1366 1197 missorum
1381 1166 1631 1209 quomodolibet
1653 1166 1830 1206 concessis,
1856 1176 1932 1199 con-

1192 1216 1327 1250 firmatis
1347 1224 1378 1251 et
1396 1219 1578 1259 innovatis,
1599 1218 1715 1262 quibus
1731 1219 1884 1252 omnibus
1899 1225 1932 1252 et.

1193 1271 1338 1313 singulis,
1371 1271 1500 1305 illorum
1530 1278 1661 1305 tenores
1698 1273 1930 1316 praesentibus

1193 1335 1252 1367 pro
1288 1326 1384 1368 plene
1410 1330 1442 1358 et
1477 1325 1678 1358 sufficienter
1701 1325 1867 1369 expressis
1900 1332 1932 1358 et

1194 1377 1232 1409 de
1257 1378 1356 1410 verbo
1377 1378 1415 1410 ad
1440 1378 1573 1410 verbum
1598 1378 1732 1411 insertis
1759 1379 1930 1418 hahentes,

1194 1429 1258 1462 illis
1291 1431 1370 1462 alias
1401 1431 1434 1462 in
1466 1441 1523 1463 suo
1549 1431 1670 1464 robore
1699 1431 1932 1474 permansuris,

1194 1483 1231 1515 ad
1243 1483 1498 1526 praemissorum
1514 1482 1674 1523 effectum,
1686 1484 1748 1516 hac
1761 1484 1830 1516 vice
1841 1484 1931 1516 dum-

1194 1541 1289 1576 taxat,
1305 1536 1491 1580 specialiter
1503 1541 1534 1569 et
1548 1547 1701 1580 expresse
1719 1537 1929 1579 derogamus;

1193 1591 1380 1633 ceterisque
1404 1590 1579 1623 contrariis
1605 1590 1879 1634 quibuscumque.

1236 1643 1351 1676 Datum
1370 1644 1501 1682 Romae,
1518 1643 1605 1686 apud
1625 1643 1657 1676 S.
1684 1643 1816 1676 Mariam
1841 1643 1933 1677 Maio-

1194 1707 1272 1737 rem,
1286 1697 1344 1729 sub
1362 1698 1481 1730 annulo
1497 1697 1684 1737 Piscatoris,
1708 1697 1760 1730 die
1776 1708 1806 1730 v1
1826 1697 1930 1730 martii

1193 1760 1345 1791 uncxctv,
1369 1750 1576 1794 pontificatus
1602 1750 1704 1784 nostri
1733 1761 1819 1783 anno
1844 1761 1892 1784 111.

1228 1814 1288 1839 Dat.
1310 1812 1353 1840 die
1372 1813 1388 1839 6
1408 1813 1497 1840 martii
1518 1813 1585 1840 1694
1600 1813 1697 1848 pontif.
1714 1821 1784 1840 anno
1799 1819 1837 1840 111.

1489 1947 1631 1981 LXXXV.

1196 2016 1414 2058 Confirmatur
1429 2017 1624 2051 Constitutio
1643 2017 1815 2052 Clementis
1836 2018 1929 2058 VIII,

1237 2078 1302 2110 qua
1327 2067 1537 2100 interdicitur
1562 2067 1725 2100 monachis
1751 2069 1931 2111 Conyreqa-

1239 2121 1336 2153 lionis
1359 2121 1524 2163 reqularis
1549 2121 1706 2155 Castellae
1723 2121 1858 2155 Ordinis
1874 2122 1928 2156 Ci-

1237 2174 1419 2206 stet-aiensis
1442 2175 1479 2206 in
1503 2184 1600 2217 regino
1625 2174 1856 2217 Portuyalliae
1874 2186 1931 2218 ap-

1235 2226 1373 2269 pellatio
1398 2226 1440 2259 ad
1464 2231 1586 2259 eoeteros
1610 2226 1743 2267 iudices,
1771 2231 1799 2259 et
1824 2227 1931 2260 mani-

1237 2279 1366 2321 festatio
1390 2279 1592 2321 neqoliorum
1619 2279 1883 2322 Conyreqalionis
1907 2279 1928 2313 ¹.

1233 2384 1241 2410 t
1265 2383 1384 2410 Laudata
1403 2386 1488 2410 const.
1509 2382 1579 2410 edita
1608 2383 1657 2409 suit
1686 2389 1793 2418 MDxcit,
1825 2383 1867 2411 die
1896 2384 1929 2411 22

1172 2454 1175 2483 Ι
1195 2428 1311 2462 augusti,
1329 2427 1417 2463 pontif
1445 2435 1463 2454 1.
1481 2427 1509 2453 ln
1525 2427 1605 2454 huius
1624 2427 1764 2454 Pontificis
1784 2432 1869 2455 const.
1887 2429 1930 2456 ed.

1195 2479 1324 2504 itucxcut,
1344 2472 1467 2505 ianuarii,
1490 2472 1583 2506 pontis.
1604 2478 1640 2504 Π,
1662 2472 1799 2508 prohibita
1817 2473 1867 2499 fuit
1886 2482 1932 2500 ac-

1195 2517 1282 2551 ceptio
1303 2516 1502 2551 illegitimarum
1525 2520 1551 2542 et
1566 2516 1756 2551 expulsorum3
1778 2521 1804 2544 et
1829 2519 1855 2543 in
1872 2518 1932 2545 Cle-

416 2543 449 2576 in
475 2542 660 2586 praemiSSiS
684 2553 742 2586 pel*
767 2554 993 2586 (luo-*cusn‘lue
1025 2543 1151 2576 ludices
1195 2561 1291 2587 mentis
1312 2560 1343 2587 Xl
1364 2564 1450 2587 const.
1472 2560 1514 2586 ed.
1536 2567 1615 2587 mucel
1629 2582 1635 2594 ,
1657 2561 1700 2588 die
1731 2562 1759 2588 19
1780 2561 1929 2597 februarii,

418 2597 605 2630 ordinarios
621 2602 653 2631 et
667 2595 849 2640 delegatos,
865 2597 1152 2630 ctiamrcausartun
1196 2605 1289 2642 pontif.
1311 2611 1328 2640 1,
1350 2605 1437 2640 agitur
1457 2604 1489 2631 de
1510 2604 1655 2631 vocatibus.

1930 216 1982 243 An.
1998 216 2027 243 C.
2051 217 2119 244 teat

1964 541 2119 562 Contrariorum

1938 567 2057 592 ders-gano.
