<?xml version="1.0" encoding="UTF-8"?>
<!DOCTYPE html PUBLIC "-//W3C//DTD XHTML 1.0 Transitional//EN"
    "http://www.w3.org/TR/xhtml1/DTD/xhtml1-transitional.dtd">
<html xmlns="http://www.w3.org/1999/xhtml" xml:lang="en" lang="en">
 <head>
  <title>
</title>
<meta http-equiv="Content-Type" content="text/html;charset=utf-8" />
  <meta name='ocr-system' content='tesseract 3.04.00' />
  <meta name='ocr-capabilities' content='ocr_page ocr_carea ocr_par ocr_line ocrx_word'/>
</head>
<body>
  <div class='ocr_page' id='page_1' title='image "./bullarumdiplomat20cath_0842.png"; bbox 0 0 2254 3225; ppageno 0'>
   <div class='ocr_carea' id='block_1_1' title="bbox 216 234 512 271">
    <p class='ocr_par' dir='ltr' id='par_1_1' title="bbox 216 234 512 271">
     <span class='ocr_line' id='line_1_1' title="bbox 216 234 512 271; baseline -0.017 -1"><span class='ocrx_word' id='word_1_1' title='bbox 216 245 262 270; x_wconf 75' lang='lat' dir='ltr'><strong>Au.</strong></span> <span class='ocrx_word' id='word_1_2' title='bbox 282 242 310 271; x_wconf 73' lang='lat' dir='ltr'><strong>C.</strong></span> <span class='ocrx_word' id='word_1_3' title='bbox 336 242 401 270; x_wconf 66' lang='lat'><strong>1096</strong></span> <span class='ocrx_word' id='word_1_4' title='bbox 448 234 512 267; x_wconf 67' lang='grc'><strong>762</strong></span> 
     </span>
    </p>
   </div>
   <div class='ocr_carea' id='block_1_2' title="bbox 216 680 396 753">
    <p class='ocr_par' dir='ltr' id='par_1_2' title="bbox 216 680 396 753">
     <span class='ocr_line' id='line_1_2' title="bbox 236 680 396 704; baseline 0 -5"><span class='ocrx_word' id='word_1_5' title='bbox 236 680 324 700; x_wconf 66' lang='lat' dir='ltr'><strong>Decreta</strong></span> <span class='ocrx_word' id='word_1_6' title='bbox 336 683 396 704; x_wconf 79' lang='lat' dir='ltr'><strong>prae·</strong></span> 
     </span>
     <span class='ocr_line' id='line_1_3' title="bbox 216 706 396 727; baseline 0.011 -2"><span class='ocrx_word' id='word_1_7' title='bbox 216 707 272 726; x_wconf 68' lang='lat' dir='ltr'><strong>:livia</strong></span> <span class='ocrx_word' id='word_1_8' title='bbox 304 706 396 727; x_wconf 69' lang='lat' dir='ltr'><strong>raserun-</strong></span> 
     </span>
     <span class='ocr_line' id='line_1_4' title="bbox 216 735 256 753; baseline 0.025 -1"><span class='ocrx_word' id='word_1_9' title='bbox 216 735 256 753; x_wconf 78' lang='lat' dir='ltr'><strong>tur.</strong></span> 
     </span>
    </p>
   </div>
   <div class='ocr_carea' id='block_1_3' title="bbox 698 245 1159 328">
    <p class='ocr_par' dir='ltr' id='par_1_3' title="bbox 698 245 1159 328">
     <span class='ocr_line' id='line_1_5' title="bbox 983 245 1159 271; baseline -0.006 -1"><span class='ocrx_word' id='word_1_10' title='bbox 983 245 1159 271; x_wconf 65' lang='lat' dir='ltr'><strong>mmmmm}</strong></span> 
     </span>
     <span class='ocr_line' id='line_1_6' title="bbox 698 293 869 328; baseline 0 -1"><span class='ocrx_word' id='word_1_11' title='bbox 698 293 869 328; x_wconf 78' lang='lat' dir='ltr'>CXXXVII.</span> 
     </span>
    </p>
   </div>
   <div class='ocr_carea' id='block_1_4' title="bbox 408 362 1142 516">
    <p class='ocr_par' dir='ltr' id='par_1_4' title="bbox 408 362 1142 516">
     <span class='ocr_line' id='line_1_7' title="bbox 408 362 1142 409; baseline 0.001 -11"><span class='ocrx_word' id='word_1_12' title='bbox 408 362 651 407; x_wconf 76' lang='lat' dir='ltr'><strong>Confirmanlur</strong></span> <span class='ocrx_word' id='word_1_13' title='bbox 699 365 823 399; x_wconf 73' lang='lat' dir='ltr'><strong>decreta</strong></span> <span class='ocrx_word' id='word_1_14' title='bbox 875 365 1142 409; x_wconf 73' lang='lat' dir='ltr'><strong>Conqreqalionis</strong></span> 
     </span>
     <span class='ocr_line' id='line_1_8' title="bbox 447 417 1139 461; baseline 0.003 -12"><span class='ocrx_word' id='word_1_15' title='bbox 447 417 665 461; x_wconf 76' lang='lat' dir='ltr'><strong>particularis</strong></span> <span class='ocrx_word' id='word_1_16' title='bbox 692 419 779 452; x_wconf 79' lang='lat' dir='ltr'><strong>circa</strong></span> <span class='ocrx_word' id='word_1_17' title='bbox 803 418 1064 452; x_wconf 71' lang='lat' dir='ltr'><strong>iurisdictionem</strong></span> <span class='ocrx_word' id='word_1_18' title='bbox 1088 419 1139 451; x_wconf 72' lang='lat' dir='ltr'><strong>vi-</strong></span> 
     </span>
     <span class='ocr_line' id='line_1_9' title="bbox 451 470 1138 516; baseline 0 -12"><span class='ocrx_word' id='word_1_19' title='bbox 451 471 616 505; x_wconf 70' lang='lat' dir='ltr'><strong>cariorem</strong></span> <span class='ocrx_word' id='word_1_20' title='bbox 629 473 665 505; x_wconf 81' lang='lat' dir='ltr'><strong>in</strong></span> <span class='ocrx_word' id='word_1_21' title='bbox 675 471 799 516; x_wconf 68' lang='lat' dir='ltr'><strong>Anqlia</strong></span> <span class='ocrx_word' id='word_1_22' title='bbox 812 475 923 505; x_wconf 74' lang='lat' dir='ltr'><strong>contra</strong></span> <span class='ocrx_word' id='word_1_23' title='bbox 937 471 1103 515; x_wconf 72' lang='lat' dir='ltr'><strong>reyulares</strong></span> <span class='ocrx_word' id='word_1_24' title='bbox 1118 470 1138 504; x_wconf 83' lang='lat'><strong>¹.</strong></span> 
     </span>
    </p>
   </div>
   <div class='ocr_carea' id='block_1_5' title="bbox 551 551 1001 623">
    <p class='ocr_par' dir='ltr' id='par_1_5' title="bbox 551 551 1001 623">
     <span class='ocr_line' id='line_1_10' title="bbox 584 551 961 584; baseline -0.003 -5"><span class='ocrx_word' id='word_1_25' title='bbox 584 551 780 579; x_wconf 83' lang='lat' dir='ltr'><strong>Innocentius</strong></span> <span class='ocrx_word' id='word_1_26' title='bbox 800 551 878 584; x_wconf 86' lang='lat' dir='ltr'><strong>Papa</strong></span> <span class='ocrx_word' id='word_1_27' title='bbox 897 551 961 583; x_wconf 83' lang='grc' dir='ltr'><strong>ΧΠ,</strong></span> 
     </span>
     <span class='ocr_line' id='line_1_11' title="bbox 551 595 1001 623; baseline -0.002 0"><span class='ocrx_word' id='word_1_28' title='bbox 551 597 588 623; x_wconf 86' lang='lat' dir='ltr'><strong>ad</strong></span> <span class='ocrx_word' id='word_1_29' title='bbox 607 596 741 623; x_wconf 78' lang='lat' dir='ltr'><strong>futuram</strong></span> <span class='ocrx_word' id='word_1_30' title='bbox 759 595 803 623; x_wconf 84' lang='lat' dir='ltr'><strong>rei</strong></span> <span class='ocrx_word' id='word_1_31' title='bbox 822 595 1001 622; x_wconf 76' lang='lat' dir='ltr'><strong>memoriam.</strong></span> 
     </span>
    </p>
   </div>
   <div class='ocr_carea' id='block_1_6' title="bbox 404 665 1147 2561">
    <p class='ocr_par' dir='ltr' id='par_1_6' title="bbox 404 665 1145 1445">
     <span class='ocr_line' id='line_1_12' title="bbox 452 665 1141 711; baseline -0.003 -11"><span class='ocrx_word' id='word_1_32' title='bbox 452 669 466 711; x_wconf 61' lang='grc' dir='ltr'><strong>ξ</strong></span> <span class='ocrx_word' id='word_1_33' title='bbox 484 668 515 700; x_wconf 78' lang='grc'><strong>1.</strong></span> <span class='ocrx_word' id='word_1_34' title='bbox 537 667 621 701; x_wconf 74' lang='lat' dir='ltr'><strong>Alias</strong></span> <span class='ocrx_word' id='word_1_35' title='bbox 640 677 656 699; x_wconf 87' lang='lat' dir='ltr'><strong>a</strong></span> <span class='ocrx_word' id='word_1_36' title='bbox 673 665 859 710; x_wconf 80' lang='lat' dir='ltr'>particulari</span> <span class='ocrx_word' id='word_1_37' title='bbox 881 665 1141 709; x_wconf 76' lang='lat' dir='ltr'><strong>Congregatione</strong></span> 
     </span>
     <span class='ocr_line' id='line_1_13' title="bbox 407 720 1141 754; baseline -0.003 0"><span class='ocrx_word' id='word_1_38' title='bbox 407 721 641 754; x_wconf 84' lang='lat' dir='ltr'><strong>nonnullorum</strong></span> <span class='ocrx_word' id='word_1_39' title='bbox 667 731 704 753; x_wconf 86' lang='lat' dir='ltr'><strong>ex</strong></span> <span class='ocrx_word' id='word_1_40' title='bbox 725 720 967 754; x_wconf 87' lang='lat' dir='ltr'><strong>venerabilibus</strong></span> <span class='ocrx_word' id='word_1_41' title='bbox 990 720 1141 753; x_wconf 82' lang='lat' dir='ltr'><strong>fratribus</strong></span> 
     </span>
     <span class='ocr_line' id='line_1_14' title="bbox 408 773 1143 816; baseline 0 -10"><span class='ocrx_word' id='word_1_42' title='bbox 408 774 529 807; x_wconf 88' lang='lat' dir='ltr'><strong>nostris</strong></span> <span class='ocrx_word' id='word_1_43' title='bbox 544 773 658 806; x_wconf 87' lang='lat' dir='ltr'><strong>S.R.E.</strong></span> <span class='ocrx_word' id='word_1_44' title='bbox 679 773 897 807; x_wconf 76' lang='lat' dir='ltr'><strong>cardinalibus</strong></span> <span class='ocrx_word' id='word_1_45' title='bbox 914 773 1143 816; x_wconf 80' lang='lat' dir='ltr'><strong>Congregatio·</strong></span> 
     </span>
     <span class='ocr_line' id='line_1_15' title="bbox 407 827 1143 870; baseline -0.001 -10"><span class='ocrx_word' id='word_1_46' title='bbox 407 827 457 860; x_wconf 88' lang='lat' dir='ltr'><strong>nis</strong></span> <span class='ocrx_word' id='word_1_47' title='bbox 477 827 709 870; x_wconf 81' lang='lat' dir='ltr'><strong>Propagandae</strong></span> <span class='ocrx_word' id='word_1_48' title='bbox 727 827 817 860; x_wconf 84' lang='lat' dir='ltr'><strong>Fidei</strong></span> <span class='ocrx_word' id='word_1_49' title='bbox 838 827 978 870; x_wconf 82' lang='lat' dir='ltr'><strong>negotiis</strong></span> <span class='ocrx_word' id='word_1_50' title='bbox 1006 837 1143 870; x_wconf 83' lang='lat' dir='ltr'><strong>praepo-</strong></span> 
     </span>
     <span class='ocr_line' id='line_1_16' title="bbox 408 879 1143 924; baseline -0.001 -11"><span class='ocrx_word' id='word_1_51' title='bbox 408 880 488 913; x_wconf 82' lang='lat' dir='ltr'><strong>sitae</strong></span> <span class='ocrx_word' id='word_1_52' title='bbox 513 890 611 924; x_wconf 87' lang='lat' dir='ltr'><strong>super</strong></span> <span class='ocrx_word' id='word_1_53' title='bbox 635 880 731 913; x_wconf 87' lang='lat' dir='ltr'><strong>rebus</strong></span> <span class='ocrx_word' id='word_1_54' title='bbox 756 879 891 922; x_wconf 81' lang='lat' dir='ltr'><strong>Angliae</strong></span> <span class='ocrx_word' id='word_1_55' title='bbox 916 890 933 912; x_wconf 94' lang='lat' dir='ltr'><strong>a</strong></span> <span class='ocrx_word' id='word_1_56' title='bbox 957 879 1053 912; x_wconf 91' lang='lat' dir='ltr'><strong>nobis</strong></span> <span class='ocrx_word' id='word_1_57' title='bbox 1071 890 1143 922; x_wconf 87' lang='lat' dir='ltr'><strong>spe·</strong></span> 
     </span>
     <span class='ocr_line' id='line_1_17' title="bbox 406 932 1143 976; baseline -0.001 -11"><span class='ocrx_word' id='word_1_58' title='bbox 406 933 532 966; x_wconf 74' lang='lat' dir='ltr'>cialiter</span> <span class='ocrx_word' id='word_1_59' title='bbox 556 933 709 976; x_wconf 76' lang='lat' dir='ltr'><strong>deputata</strong></span> <span class='ocrx_word' id='word_1_60' title='bbox 733 937 926 965; x_wconf 83' lang='lat' dir='ltr'><strong>emanarunt</strong></span> <span class='ocrx_word' id='word_1_61' title='bbox 950 942 1048 975; x_wconf 88' lang='lat' dir='ltr'><strong>super</strong></span> <span class='ocrx_word' id='word_1_62' title='bbox 1073 932 1143 975; x_wconf 90' lang='lat' dir='ltr'><strong>qui-</strong></span> 
     </span>
     <span class='ocr_line' id='line_1_18' title="bbox 404 985 1141 1028; baseline 0 -11"><span class='ocrx_word' id='word_1_63' title='bbox 404 986 542 1018; x_wconf 82' lang='lat' dir='ltr'><strong>busdam</strong></span> <span class='ocrx_word' id='word_1_64' title='bbox 567 985 729 1018; x_wconf 77' lang='lat' dir='ltr'><strong>instantiis</strong></span> <span class='ocrx_word' id='word_1_65' title='bbox 754 995 814 1028; x_wconf 90' lang='lat' dir='ltr'><strong>pro</strong></span> <span class='ocrx_word' id='word_1_66' title='bbox 839 989 929 1028; x_wconf 87' lang='lat' dir='ltr'><strong>parte</strong></span> <span class='ocrx_word' id='word_1_67' title='bbox 948 985 1141 1018; x_wconf 87' lang='lat' dir='ltr'><strong>dilectorum</strong></span> 
     </span>
     <span class='ocr_line' id='line_1_19' title="bbox 406 1038 1143 1081; baseline 0.001 -10"><span class='ocrx_word' id='word_1_68' title='bbox 406 1039 549 1071; x_wconf 85' lang='lat' dir='ltr'><strong>filiorum</strong></span> <span class='ocrx_word' id='word_1_69' title='bbox 567 1038 758 1071; x_wconf 89' lang='lat' dir='ltr'><strong>vicariorum</strong></span> <span class='ocrx_word' id='word_1_70' title='bbox 779 1038 1032 1080; x_wconf 88' lang='lat' dir='ltr'><strong>apostolicorum</strong></span> <span class='ocrx_word' id='word_1_71' title='bbox 1050 1039 1143 1081; x_wconf 79' lang='lat' dir='ltr'><strong>regni</strong></span> 
     </span>
     <span class='ocr_line' id='line_1_20' title="bbox 406 1091 1144 1135; baseline 0.001 -12"><span class='ocrx_word' id='word_1_72' title='bbox 406 1091 542 1134; x_wconf 77' lang='lat' dir='ltr'><strong>Angliae</strong></span> <span class='ocrx_word' id='word_1_73' title='bbox 564 1091 657 1124; x_wconf 88' lang='lat' dir='ltr'><strong>nobis</strong></span> <span class='ocrx_word' id='word_1_74' title='bbox 681 1091 784 1132; x_wconf 77' lang='lat' dir='ltr'><strong>sactis,</strong></span> <span class='ocrx_word' id='word_1_75' title='bbox 802 1101 881 1134; x_wconf 86' lang='lat' dir='ltr'><strong>quas</strong></span> <span class='ocrx_word' id='word_1_76' title='bbox 902 1092 965 1124; x_wconf 82' lang='lat' dir='ltr'><strong>una</strong></span> <span class='ocrx_word' id='word_1_77' title='bbox 983 1102 1054 1124; x_wconf 88' lang='lat' dir='ltr'><strong>cum</strong></span> <span class='ocrx_word' id='word_1_78' title='bbox 1073 1102 1144 1135; x_wconf 88' lang='lat' dir='ltr'><strong>sup-</strong></span> 
     </span>
     <span class='ocr_line' id='line_1_21' title="bbox 405 1144 1142 1188; baseline 0.001 -11"><span class='ocrx_word' id='word_1_79' title='bbox 405 1144 546 1188; x_wconf 88' lang='lat' dir='ltr'><strong>plicibus</strong></span> <span class='ocrx_word' id='word_1_80' title='bbox 570 1144 692 1178; x_wconf 82' lang='lat' dir='ltr'><strong>libellis</strong></span> <span class='ocrx_word' id='word_1_81' title='bbox 713 1145 853 1188; x_wconf 75' lang='lat' dir='ltr'><strong>desuper</strong></span> <span class='ocrx_word' id='word_1_82' title='bbox 870 1145 964 1179; x_wconf 88' lang='lat' dir='ltr'><strong>nobis</strong></span> <span class='ocrx_word' id='word_1_83' title='bbox 982 1146 1142 1188; x_wconf 78' lang='lat' dir='ltr'><strong>porrectis</strong></span> 
     </span>
     <span class='ocr_line' id='line_1_22' title="bbox 406 1197 1145 1242; baseline 0.003 -12"><span class='ocrx_word' id='word_1_84' title='bbox 406 1197 446 1230; x_wconf 88' lang='lat' dir='ltr'><strong>ad</strong></span> <span class='ocrx_word' id='word_1_85' title='bbox 478 1197 625 1231; x_wconf 89' lang='lat' dir='ltr'><strong>eamdem</strong></span> <span class='ocrx_word' id='word_1_86' title='bbox 657 1198 887 1241; x_wconf 77' lang='lat' dir='ltr'><strong>particularem</strong></span> <span class='ocrx_word' id='word_1_87' title='bbox 912 1198 1145 1242; x_wconf 74' lang='lat' dir='ltr'><strong>Congregatio-</strong></span> 
     </span>
     <span class='ocr_line' id='line_1_23' title="bbox 406 1251 1144 1296; baseline 0.003 -13"><span class='ocrx_word' id='word_1_88' title='bbox 406 1260 482 1283; x_wconf 85' lang='lat' dir='ltr'><strong>nem</strong></span> <span class='ocrx_word' id='word_1_89' title='bbox 507 1251 699 1292; x_wconf 72' lang='lat' dir='ltr'><strong>remisimus,</strong></span> <span class='ocrx_word' id='word_1_90' title='bbox 720 1252 850 1285; x_wconf 86' lang='lat' dir='ltr'><strong>decreta</strong></span> <span class='ocrx_word' id='word_1_91' title='bbox 867 1252 988 1285; x_wconf 88' lang='lat' dir='ltr'><strong>tenoris</strong></span> <span class='ocrx_word' id='word_1_92' title='bbox 1016 1253 1069 1296; x_wconf 86' lang='lat' dir='ltr'><strong>qui</strong></span> <span class='ocrx_word' id='word_1_93' title='bbox 1095 1262 1144 1285; x_wconf 82' lang='lat' dir='ltr'><strong>se-</strong></span> 
     </span>
     <span class='ocr_line' id='line_1_24' title="bbox 407 1304 1144 1347; baseline 0.004 -12"><span class='ocrx_word' id='word_1_94' title='bbox 407 1304 527 1347; x_wconf 84' lang='lat' dir='ltr'><strong>quitur,</strong></span> <span class='ocrx_word' id='word_1_95' title='bbox 551 1305 726 1338; x_wconf 85' lang='lat' dir='ltr'><strong>videlicet:</strong></span> <span class='ocrx_word' id='word_1_96' title='bbox 758 1317 771 1337; x_wconf 69' lang='lat' dir='ltr'><strong>&lt;A</strong></span> <span class='ocrx_word' id='word_1_97' title='bbox 789 1305 922 1338; x_wconf 75' lang='lat' dir='ltr'><strong>Decreta</strong></span> <span class='ocrx_word' id='word_1_98' title='bbox 939 1316 1050 1338; x_wconf 88' lang='lat' dir='ltr'><strong>sacrae</strong></span> <span class='ocrx_word' id='word_1_99' title='bbox 1069 1305 1144 1339; x_wconf 86' lang='lat' dir='ltr'><strong>Con-</strong></span> 
     </span>
     <span class='ocr_line' id='line_1_25' title="bbox 408 1357 1144 1402; baseline 0.003 -13"><span class='ocrx_word' id='word_1_100' title='bbox 408 1357 610 1400; x_wconf 79' lang='lat' dir='ltr'><strong>gregationis</strong></span> <span class='ocrx_word' id='word_1_101' title='bbox 635 1358 838 1401; x_wconf 87' lang='lat' dir='ltr'><strong>particularis</strong></span> <span class='ocrx_word' id='word_1_102' title='bbox 869 1359 908 1391; x_wconf 91' lang='lat' dir='ltr'><strong>de</strong></span> <span class='ocrx_word' id='word_1_103' title='bbox 933 1359 1144 1402; x_wconf 76' lang='lat' dir='ltr'><strong>propaganda</strong></span> 
     </span>
     <span class='ocr_line' id='line_1_26' title="bbox 407 1409 1141 1445; baseline 0.003 -3"><span class='ocrx_word' id='word_1_104' title='bbox 407 1409 485 1443; x_wconf 85' lang='lat' dir='ltr'><strong>Fide</strong></span> <span class='ocrx_word' id='word_1_105' title='bbox 524 1410 652 1443; x_wconf 84' lang='lat' dir='ltr'><strong>habitae</strong></span> <span class='ocrx_word' id='word_1_106' title='bbox 689 1411 740 1443; x_wconf 90' lang='lat' dir='ltr'><strong>die</strong></span> <span class='ocrx_word' id='word_1_107' title='bbox 765 1420 798 1444; x_wconf 85' lang='lat' dir='ltr'><strong>v1</strong></span> <span class='ocrx_word' id='word_1_108' title='bbox 823 1411 966 1444; x_wconf 82' lang='lat' dir='ltr'><strong>octobris</strong></span> <span class='ocrx_word' id='word_1_109' title='bbox 1003 1421 1141 1445; x_wconf 74' lang='lat' dir='ltr'><strong>iincxcv.</strong></span> 
     </span>
    </p>

    <p class='ocr_par' dir='ltr' id='par_1_7' title="bbox 408 1463 1147 2561">
     <span class='ocr_line' id='line_1_27' title="bbox 451 1463 1145 1506; baseline 0.003 -12"><span class='ocrx_word' id='word_1_110' title='bbox 451 1474 465 1494; x_wconf 63' lang='lat' dir='ltr'><em>v</em></span> <span class='ocrx_word' id='word_1_111' title='bbox 488 1463 610 1495; x_wconf 82' lang='lat' dir='ltr'><strong>Relatis</strong></span> <span class='ocrx_word' id='word_1_112' title='bbox 628 1463 661 1495; x_wconf 90' lang='lat' dir='ltr'><strong>in</strong></span> <span class='ocrx_word' id='word_1_113' title='bbox 681 1463 940 1506; x_wconf 73' lang='lat' dir='ltr'><strong>Congregatione</strong></span> <span class='ocrx_word' id='word_1_114' title='bbox 959 1464 1145 1496; x_wconf 85' lang='lat' dir='ltr'><strong>eminentis-</strong></span> 
     </span>
     <span class='ocr_line' id='line_1_28' title="bbox 408 1515 1145 1549; baseline 0.003 -2"><span class='ocrx_word' id='word_1_115' title='bbox 408 1515 562 1548; x_wconf 84' lang='lat' dir='ltr'><strong>simorum</strong></span> <span class='ocrx_word' id='word_1_116' title='bbox 574 1515 777 1548; x_wconf 87' lang='lat' dir='ltr'><strong>dominorum</strong></span> <span class='ocrx_word' id='word_1_117' title='bbox 789 1516 1000 1549; x_wconf 84' lang='lat' dir='ltr'><strong>cardinalium</strong></span> <span class='ocrx_word' id='word_1_118' title='bbox 1016 1517 1054 1549; x_wconf 90' lang='lat' dir='ltr'><strong>de</strong></span> <span class='ocrx_word' id='word_1_119' title='bbox 1067 1516 1145 1549; x_wconf 80' lang='lat' dir='ltr'><strong>Pro-</strong></span> 
     </span>
     <span class='ocr_line' id='line_1_29' title="bbox 408 1568 1145 1612; baseline 0.004 -13"><span class='ocrx_word' id='word_1_120' title='bbox 408 1568 554 1612; x_wconf 76' lang='lat' dir='ltr'><strong>paganda</strong></span> <span class='ocrx_word' id='word_1_121' title='bbox 567 1568 644 1601; x_wconf 87' lang='lat' dir='ltr'><strong>Fide</strong></span> <span class='ocrx_word' id='word_1_122' title='bbox 660 1578 759 1611; x_wconf 88' lang='lat' dir='ltr'><strong>super</strong></span> <span class='ocrx_word' id='word_1_123' title='bbox 771 1569 867 1601; x_wconf 83' lang='lat' dir='ltr'><strong>rebus</strong></span> <span class='ocrx_word' id='word_1_124' title='bbox 880 1568 1013 1612; x_wconf 82' lang='lat' dir='ltr'><strong>Angliae</strong></span> <span class='ocrx_word' id='word_1_125' title='bbox 1023 1569 1145 1612; x_wconf 88' lang='lat' dir='ltr'><strong>specia-</strong></span> 
     </span>
     <span class='ocr_line' id='line_1_30' title="bbox 409 1620 1146 1665; baseline 0.003 -13"><span class='ocrx_word' id='word_1_126' title='bbox 409 1620 486 1653; x_wconf 83' lang='lat' dir='ltr'><strong>liter</strong></span> <span class='ocrx_word' id='word_1_127' title='bbox 511 1631 528 1653; x_wconf 90' lang='lat' dir='ltr'><strong>a</strong></span> <span class='ocrx_word' id='word_1_128' title='bbox 552 1620 605 1654; x_wconf 88' lang='lat' dir='ltr'><strong>SS.</strong></span> <span class='ocrx_word' id='word_1_129' title='bbox 625 1621 660 1654; x_wconf 90' lang='lat' dir='ltr'><strong>D.</strong></span> <span class='ocrx_word' id='word_1_130' title='bbox 680 1620 715 1652; x_wconf 93' lang='lat' dir='ltr'><strong>N.</strong></span> <span class='ocrx_word' id='word_1_131' title='bbox 744 1621 934 1654; x_wconf 88' lang='lat' dir='ltr'><strong>Innocentio</strong></span> <span class='ocrx_word' id='word_1_132' title='bbox 960 1621 1013 1654; x_wconf 74' lang='lat' dir='ltr'><strong>XII</strong></span> <span class='ocrx_word' id='word_1_133' title='bbox 1043 1622 1146 1665; x_wconf 85' lang='lat' dir='ltr'><strong>depu-</strong></span> 
     </span>
     <span class='ocr_line' id='line_1_31' title="bbox 409 1673 1144 1707; baseline 0.003 -2"><span class='ocrx_word' id='word_1_134' title='bbox 409 1677 547 1706; x_wconf 86' lang='lat' dir='ltr'><strong>tatorum</strong></span> <span class='ocrx_word' id='word_1_135' title='bbox 569 1673 729 1706; x_wconf 87' lang='lat' dir='ltr'><strong>instantiis</strong></span> <span class='ocrx_word' id='word_1_136' title='bbox 755 1673 922 1706; x_wconf 87' lang='lat' dir='ltr'><strong>Sanctitati</strong></span> <span class='ocrx_word' id='word_1_137' title='bbox 947 1673 1027 1707; x_wconf 83' lang='lat' dir='ltr'><strong>Suae</strong></span> <span class='ocrx_word' id='word_1_138' title='bbox 1054 1674 1144 1707; x_wconf 82' lang='lat' dir='ltr'><strong>factis</strong></span> 
     </span>
     <span class='ocr_line' id='line_1_32' title="bbox 411 1726 1145 1770; baseline 0.003 -12"><span class='ocrx_word' id='word_1_139' title='bbox 411 1737 428 1759; x_wconf 88' lang='lat' dir='ltr'><strong>a</strong></span> <span class='ocrx_word' id='word_1_140' title='bbox 454 1726 583 1759; x_wconf 85' lang='lat' dir='ltr'><strong>vicariis</strong></span> <span class='ocrx_word' id='word_1_141' title='bbox 608 1727 796 1770; x_wconf 87' lang='lat' dir='ltr'><strong>apostolicis</strong></span> <span class='ocrx_word' id='word_1_142' title='bbox 817 1727 951 1769; x_wconf 79' lang='lat' dir='ltr'><strong>Angliae</strong></span> <span class='ocrx_word' id='word_1_143' title='bbox 976 1727 1007 1760; x_wconf 89' lang='lat' dir='ltr'><strong>in</strong></span> <span class='ocrx_word' id='word_1_144' title='bbox 1033 1738 1145 1760; x_wconf 89' lang='lat' dir='ltr'><strong>eorum</strong></span> 
     </span>
     <span class='ocr_line' id='line_1_33' title="bbox 410 1779 1144 1824; baseline 0.001 -12"><span class='ocrx_word' id='word_1_145' title='bbox 410 1779 532 1812; x_wconf 89' lang='lat' dir='ltr'><strong>libellis</strong></span> <span class='ocrx_word' id='word_1_146' title='bbox 573 1779 773 1822; x_wconf 81' lang='lat' dir='ltr'><strong>supplicibus</strong></span> <span class='ocrx_word' id='word_1_147' title='bbox 817 1780 937 1813; x_wconf 89' lang='lat' dir='ltr'><strong>tenoris</strong></span> <span class='ocrx_word' id='word_1_148' title='bbox 971 1781 1144 1824; x_wconf 85' lang='lat' dir='ltr'><strong>sequentis,</strong></span> 
     </span>
     <span class='ocr_line' id='line_1_34' title="bbox 409 1832 1145 1867; baseline 0.004 -3"><span class='ocrx_word' id='word_1_149' title='bbox 409 1832 585 1865; x_wconf 85' lang='lat' dir='ltr'><strong>videlicet:</strong></span> <span class='ocrx_word' id='word_1_150' title='bbox 623 1845 635 1864; x_wconf 74' lang='grc' dir='ltr'>α</span> <span class='ocrx_word' id='word_1_151' title='bbox 658 1832 846 1866; x_wconf 86' lang='lat' dir='ltr'><strong>Beatissime</strong></span> <span class='ocrx_word' id='word_1_152' title='bbox 871 1833 976 1866; x_wconf 86' lang='lat' dir='ltr'><strong>Pater.</strong></span> <span class='ocrx_word' id='word_1_153' title='bbox 1004 1833 1083 1867; x_wconf 89' lang='lat' dir='ltr'><strong>Cum</strong></span> <span class='ocrx_word' id='word_1_154' title='bbox 1108 1844 1145 1867; x_wconf 80' lang='lat' dir='ltr'><strong>ex</strong></span> 
     </span>
     <span class='ocr_line' id='line_1_35' title="bbox 408 1884 1146 1928; baseline 0.004 -12"><span class='ocrx_word' id='word_1_155' title='bbox 408 1884 439 1916; x_wconf 91' lang='lat' dir='ltr'><strong>vi</strong></span> <span class='ocrx_word' id='word_1_156' title='bbox 473 1895 528 1917; x_wconf 85' lang='lat' dir='ltr'><strong>seu</strong></span> <span class='ocrx_word' id='word_1_157' title='bbox 563 1885 733 1918; x_wconf 82' lang='lat' dir='ltr'><strong>occasione</strong></span> <span class='ocrx_word' id='word_1_158' title='bbox 766 1885 1010 1928; x_wconf 77' lang='lat' dir='ltr'><strong>privilegiorum</strong></span> <span class='ocrx_word' id='word_1_159' title='bbox 1035 1886 1146 1919; x_wconf 90' lang='lat' dir='ltr'><strong>Ordini</strong></span> 
     </span>
     <span class='ocr_line' id='line_1_36' title="bbox 410 1937 1146 1982; baseline 0.004 -13"><span class='ocrx_word' id='word_1_160' title='bbox 410 1937 511 1970; x_wconf 87' lang='lat' dir='ltr'><strong>sancti</strong></span> <span class='ocrx_word' id='word_1_161' title='bbox 538 1938 704 1970; x_wconf 84' lang='lat' dir='ltr'><strong>Benedicti</strong></span> <span class='ocrx_word' id='word_1_162' title='bbox 735 1938 1001 1981; x_wconf 72' lang='lat' dir='ltr'><strong>Congregationis</strong></span> <span class='ocrx_word' id='word_1_163' title='bbox 1035 1939 1146 1982; x_wconf 82' lang='lat' dir='ltr'><strong>Angli-</strong></span> 
     </span>
     <span class='ocr_line' id='line_1_37' title="bbox 410 1991 1144 2034; baseline 0.003 -11"><span class='ocrx_word' id='word_1_164' title='bbox 410 2000 509 2023; x_wconf 83' lang='lat' dir='ltr'><strong>canae</strong></span> <span class='ocrx_word' id='word_1_165' title='bbox 535 2001 552 2023; x_wconf 89' lang='lat' dir='ltr'><strong>a</strong></span> <span class='ocrx_word' id='word_1_166' title='bbox 579 1991 661 2023; x_wconf 85' lang='lat' dir='ltr'><strong>Sede</strong></span> <span class='ocrx_word' id='word_1_167' title='bbox 687 1992 876 2034; x_wconf 72' lang='lat' dir='ltr'><strong>Apostolica</strong></span> <span class='ocrx_word' id='word_1_168' title='bbox 902 2002 1144 2034; x_wconf 86' lang='lat' dir='ltr'><strong>concessorum,</strong></span> 
     </span>
     <span class='ocr_line' id='line_1_38' title="bbox 409 2044 1146 2090; baseline 0.004 -14"><span class='ocrx_word' id='word_1_169' title='bbox 409 2054 539 2077; x_wconf 90' lang='lat' dir='ltr'><strong>necnon</strong></span> <span class='ocrx_word' id='word_1_170' title='bbox 580 2049 749 2086; x_wconf 62' lang='lat' dir='ltr'><strong>praetextu</strong></span> <span class='ocrx_word' id='word_1_171' title='bbox 786 2044 1020 2078; x_wconf 83' lang='lat' dir='ltr'><strong>iurisdictionis</strong></span> <span class='ocrx_word' id='word_1_172' title='bbox 1065 2057 1146 2090; x_wconf 85' lang='lat' dir='ltr'><strong>quae</strong></span> 
     </span>
     <span class='ocr_line' id='line_1_39' title="bbox 411 2096 1146 2141; baseline 0.004 -12"><span class='ocrx_word' id='word_1_173' title='bbox 411 2102 484 2129; x_wconf 89' lang='lat' dir='ltr'><strong>ante</strong></span> <span class='ocrx_word' id='word_1_174' title='bbox 509 2096 649 2129; x_wconf 80' lang='lat' dir='ltr'><strong>schisma</strong></span> <span class='ocrx_word' id='word_1_175' title='bbox 685 2097 790 2129; x_wconf 86' lang='lat' dir='ltr'><strong>cidem</strong></span> <span class='ocrx_word' id='word_1_176' title='bbox 816 2097 928 2130; x_wconf 91' lang='lat' dir='ltr'><strong>Ordini</strong></span> <span class='ocrx_word' id='word_1_177' title='bbox 966 2098 999 2130; x_wconf 88' lang='lat' dir='ltr'><strong>in</strong></span> <span class='ocrx_word' id='word_1_178' title='bbox 1032 2099 1146 2141; x_wconf 81' lang='lat' dir='ltr'><strong>Anglia</strong></span> 
     </span>
     <span class='ocr_line' id='line_1_40' title="bbox 412 2150 1145 2192; baseline 0.003 -11"><span class='ocrx_word' id='word_1_179' title='bbox 412 2150 626 2192; x_wconf 84' lang='lat' dir='ltr'><strong>competebat,</strong></span> <span class='ocrx_word' id='word_1_180' title='bbox 649 2150 863 2191; x_wconf 80' lang='lat' dir='ltr'><strong>praetendant</strong></span> <span class='ocrx_word' id='word_1_181' title='bbox 887 2150 1038 2183; x_wconf 88' lang='lat' dir='ltr'><strong>monachi</strong></span> <span class='ocrx_word' id='word_1_182' title='bbox 1069 2151 1145 2184; x_wconf 86' lang='lat' dir='ltr'><strong>dicti</strong></span> 
     </span>
     <span class='ocr_line' id='line_1_41' title="bbox 410 2202 1147 2247; baseline 0.001 -12"><span class='ocrx_word' id='word_1_183' title='bbox 410 2202 548 2241; x_wconf 87' lang='lat' dir='ltr'><strong>Ordinis,</strong></span> <span class='ocrx_word' id='word_1_184' title='bbox 575 2212 621 2241; x_wconf 84' lang='lat' dir='ltr'><strong>se,</strong></span> <span class='ocrx_word' id='word_1_185' title='bbox 647 2207 808 2245; x_wconf 83' lang='lat' dir='ltr'><strong>tamquam</strong></span> <span class='ocrx_word' id='word_1_186' title='bbox 828 2203 965 2236; x_wconf 84' lang='lat' dir='ltr'><strong>vicarios</strong></span> <span class='ocrx_word' id='word_1_187' title='bbox 990 2204 1147 2247; x_wconf 86' lang='lat' dir='ltr'><strong>capitula-</strong></span> 
     </span>
     <span class='ocr_line' id='line_1_42' title="bbox 411 2254 1146 2298; baseline 0.003 -10"><span class='ocrx_word' id='word_1_188' title='bbox 411 2265 473 2295; x_wconf 82' lang='lat' dir='ltr'><strong>res,</strong></span> <span class='ocrx_word' id='word_1_189' title='bbox 490 2265 545 2287; x_wconf 89' lang='lat' dir='ltr'><strong>seu</strong></span> <span class='ocrx_word' id='word_1_190' title='bbox 564 2254 666 2298; x_wconf 87' lang='lat' dir='ltr'><strong>ipsum</strong></span> <span class='ocrx_word' id='word_1_191' title='bbox 693 2255 879 2298; x_wconf 85' lang='lat' dir='ltr'><strong>capitulum,</strong></span> <span class='ocrx_word' id='word_1_192' title='bbox 897 2257 976 2289; x_wconf 88' lang='lat' dir='ltr'><strong>sede</strong></span> <span class='ocrx_word' id='word_1_193' title='bbox 1000 2263 1146 2297; x_wconf 85' lang='lat' dir='ltr'><strong>vacante,</strong></span> 
     </span>
     <span class='ocr_line' id='line_1_43' title="bbox 411 2306 1145 2349; baseline 0.004 -10"><span class='ocrx_word' id='word_1_194' title='bbox 411 2307 532 2340; x_wconf 87' lang='lat' dir='ltr'><strong>habere</strong></span> <span class='ocrx_word' id='word_1_195' title='bbox 557 2306 589 2338; x_wconf 91' lang='lat' dir='ltr'><strong>in</strong></span> <span class='ocrx_word' id='word_1_196' title='bbox 614 2306 781 2349; x_wconf 83' lang='lat' dir='ltr'><strong>plerisque</strong></span> <span class='ocrx_word' id='word_1_197' title='bbox 813 2308 904 2349; x_wconf 77' lang='lat' dir='ltr'><strong>regni</strong></span> <span class='ocrx_word' id='word_1_198' title='bbox 939 2308 1145 2343; x_wconf 84' lang='lat' dir='ltr'><strong>dioecesibus</strong></span> 
     </span>
     <span class='ocr_line' id='line_1_44' title="bbox 410 2360 1145 2400; baseline 0.005 -8"><span class='ocrx_word' id='word_1_199' title='bbox 410 2360 667 2393; x_wconf 80' lang='lat' dir='ltr'><strong>iurisdictionem</strong></span> <span class='ocrx_word' id='word_1_200' title='bbox 690 2360 896 2400; x_wconf 84' lang='lat' dir='ltr'><strong>ordinariam,</strong></span> <span class='ocrx_word' id='word_1_201' title='bbox 916 2366 948 2393; x_wconf 88' lang='lat' dir='ltr'><strong>et</strong></span> <span class='ocrx_word' id='word_1_202' title='bbox 973 2362 1056 2394; x_wconf 84' lang='lat' dir='ltr'><strong>hanc</strong></span> <span class='ocrx_word' id='word_1_203' title='bbox 1080 2373 1145 2396; x_wconf 90' lang='lat' dir='ltr'><strong>non</strong></span> 
     </span>
     <span class='ocr_line' id='line_1_45' title="bbox 411 2412 1147 2456; baseline 0.003 -10"><span class='ocrx_word' id='word_1_204' title='bbox 411 2424 539 2447; x_wconf 85' lang='lat' dir='ltr'><strong>cessare</strong></span> <span class='ocrx_word' id='word_1_205' title='bbox 566 2423 603 2445; x_wconf 83' lang='lat' dir='ltr'><strong>ex</strong></span> <span class='ocrx_word' id='word_1_206' title='bbox 625 2423 689 2456; x_wconf 87' lang='lat' dir='ltr'><strong>quo</strong></span> <span class='ocrx_word' id='word_1_207' title='bbox 714 2412 831 2445; x_wconf 87' lang='lat' dir='ltr'><strong>Sancta</strong></span> <span class='ocrx_word' id='word_1_208' title='bbox 858 2413 955 2446; x_wconf 81' lang='lat' dir='ltr'><strong>Sedes</strong></span> <span class='ocrx_word' id='word_1_209' title='bbox 972 2414 1076 2447; x_wconf 90' lang='lat' dir='ltr'><strong>eidem</strong></span> <span class='ocrx_word' id='word_1_210' title='bbox 1102 2426 1147 2448; x_wconf 93' lang='lat' dir='ltr'><strong>re-</strong></span> 
     </span>
     <span class='ocr_line' id='line_1_46' title="bbox 411 2465 1145 2509; baseline 0.003 -10"><span class='ocrx_word' id='word_1_211' title='bbox 411 2477 475 2509; x_wconf 80' lang='lat' dir='ltr'><strong>gno</strong></span> <span class='ocrx_word' id='word_1_212' title='bbox 502 2465 701 2499; x_wconf 83' lang='lat' dir='ltr'><strong>concesserit</strong></span> <span class='ocrx_word' id='word_1_213' title='bbox 725 2465 861 2498; x_wconf 83' lang='lat' dir='ltr'><strong>vicarios</strong></span> <span class='ocrx_word' id='word_1_214' title='bbox 886 2467 1079 2509; x_wconf 86' lang='lat' dir='ltr'><strong>apostolicos</strong></span> <span class='ocrx_word' id='word_1_215' title='bbox 1106 2469 1145 2501; x_wconf 88' lang='lat' dir='ltr'><strong>ad</strong></span> 
     </span>
     <span class='ocr_line' id='line_1_47' title="bbox 412 2518 1144 2561; baseline -0.001 -7"><span class='ocrx_word' id='word_1_216' title='bbox 412 2521 485 2554; x_wconf 84' lang='lat' dir='ltr'><strong>illas</strong></span> <span class='ocrx_word' id='word_1_217' title='bbox 499 2519 653 2553; x_wconf 84' lang='lat' dir='ltr'><strong>ecclesias</strong></span> <span class='ocrx_word' id='word_1_218' title='bbox 670 2518 849 2561; x_wconf 82' lang='lat' dir='ltr'><strong>regendas;</strong></span> <span class='ocrx_word' id='word_1_219' title='bbox 867 2528 1003 2561; x_wconf 86' lang='lat' dir='ltr'><strong>cumque</strong></span> <span class='ocrx_word' id='word_1_220' title='bbox 1020 2520 1144 2561; x_wconf 83' lang='lat' dir='ltr'><strong>exinde,</strong></span> 
     </span>
    </p>
   </div>
   <div class='ocr_carea' id='block_1_7' title="bbox 1164 1706 1172 2616">
    <p class='ocr_par' dir='ltr' id='par_1_8' title="bbox 1164 1706 1172 2616">
     <span class='ocr_line' id='line_1_48' title="bbox 1164 1706 1172 2616; baseline 0 0"><span class='ocrx_word' id='word_1_221' title='bbox 1164 1706 1172 2616; x_wconf 95' lang='lat' dir='ltr'><strong> </strong></span> 
     </span>
    </p>
   </div>
   <div class='ocr_carea' id='block_1_8' title="bbox 411 2588 1168 2671">
    <p class='ocr_par' dir='ltr' id='par_1_9' title="bbox 411 2588 1168 2671">
     <span class='ocr_line' id='line_1_49' title="bbox 447 2588 1145 2625; baseline 0.001 -8"><span class='ocrx_word' id='word_1_222' title='bbox 447 2593 457 2617; x_wconf 77' lang='lat'><strong>1</strong></span> <span class='ocrx_word' id='word_1_223' title='bbox 481 2590 520 2617; x_wconf 84' lang='lat' dir='ltr'><strong>Cf.</strong></span> <span class='ocrx_word' id='word_1_224' title='bbox 543 2589 692 2617; x_wconf 75' lang='lat' dir='ltr'><strong>innocentii</strong></span> <span class='ocrx_word' id='word_1_225' title='bbox 711 2588 742 2615; x_wconf 87' lang='lat' dir='ltr'><strong>XI</strong></span> <span class='ocrx_word' id='word_1_226' title='bbox 763 2592 845 2616; x_wconf 90' lang='lat' dir='ltr'><strong>const.</strong></span> <span class='ocrx_word' id='word_1_227' title='bbox 865 2589 909 2617; x_wconf 88' lang='lat' dir='ltr'><strong>ed.</strong></span> <span class='ocrx_word' id='word_1_228' title='bbox 932 2596 1085 2625; x_wconf 71' lang='lat' dir='ltr'><strong>MDCLxxxl,</strong></span> <span class='ocrx_word' id='word_1_229' title='bbox 1103 2591 1145 2619; x_wconf 87' lang='lat' dir='ltr'><strong>die</strong></span> 
     </span>
     <span class='ocr_line' id='line_1_50' title="bbox 411 2633 1168 2671; baseline -0.001 -8"><span class='ocrx_word' id='word_1_230' title='bbox 411 2638 445 2664; x_wconf 72' lang='lat'><strong>20</strong></span> <span class='ocrx_word' id='word_1_231' title='bbox 457 2635 528 2668; x_wconf 82' lang='lat' dir='ltr'><strong>maii,</strong></span> <span class='ocrx_word' id='word_1_232' title='bbox 542 2634 637 2670; x_wconf 81' lang='lat' dir='ltr'><strong>pontif.</strong></span> <span class='ocrx_word' id='word_1_233' title='bbox 653 2641 678 2670; x_wconf 87' lang='lat' dir='ltr'><strong>v,</strong></span> <span class='ocrx_word' id='word_1_234' title='bbox 695 2637 722 2661; x_wconf 86' lang='lat' dir='ltr'><strong>et</strong></span> <span class='ocrx_word' id='word_1_235' title='bbox 737 2633 816 2661; x_wconf 88' lang='lat' dir='ltr'><strong>huius</strong></span> <span class='ocrx_word' id='word_1_236' title='bbox 828 2633 966 2662; x_wconf 79' lang='lat' dir='ltr'><strong>pontificis</strong></span> <span class='ocrx_word' id='word_1_237' title='bbox 983 2638 1067 2662; x_wconf 89' lang='lat' dir='ltr'><strong>const.</strong></span> <span class='ocrx_word' id='word_1_238' title='bbox 1085 2643 1142 2671; x_wconf 89' lang='lat' dir='ltr'><strong>seq.</strong></span> <span class='ocrx_word' id='word_1_239' title='bbox 1166 2659 1168 2666; x_wconf 67' lang='grc'><strong>,</strong></span> 
     </span>
    </p>
   </div>
   <div class='ocr_carea' id='block_1_9' title="bbox 1184 246 1337 272">
    <p class='ocr_par' dir='ltr' id='par_1_10' title="bbox 1184 246 1337 272">
     <span class='ocr_line' id='line_1_51' title="bbox 1184 246 1337 272; baseline 0.013 -2"><span class='ocrx_word' id='word_1_240' title='bbox 1184 246 1337 272; x_wconf 60' lang='grc' dir='ltr'><strong>ΒΟἉῘΛΝῙἯ</strong></span> 
     </span>
    </p>
   </div>
   <div class='ocr_carea' id='block_1_10' title="bbox 1183 295 1926 2405">
    <p class='ocr_par' dir='ltr' id='par_1_11' title="bbox 1183 295 1926 2405">
     <span class='ocr_line' id='line_1_52' title="bbox 1184 295 1916 342; baseline 0.005 -14"><span class='ocrx_word' id='word_1_241' title='bbox 1184 296 1227 328; x_wconf 88' lang='lat' dir='ltr'><strong>uti</strong></span> <span class='ocrx_word' id='word_1_242' title='bbox 1250 296 1450 339; x_wconf 67' lang='lat' dir='ltr'><strong>experientia</strong></span> <span class='ocrx_word' id='word_1_243' title='bbox 1469 295 1586 337; x_wconf 81' lang='lat' dir='ltr'><strong>docuit,</strong></span> <span class='ocrx_word' id='word_1_244' title='bbox 1609 297 1670 331; x_wconf 86' lang='lat' dir='ltr'><strong>hoc</strong></span> <span class='ocrx_word' id='word_1_245' title='bbox 1694 298 1763 342; x_wconf 85' lang='lat' dir='ltr'><strong>ipso</strong></span> <span class='ocrx_word' id='word_1_246' title='bbox 1789 299 1916 332; x_wconf 83' lang='lat' dir='ltr'><strong>sacculo</strong></span> 
     </span>
     <span class='ocr_line' id='line_1_53' title="bbox 1183 348 1918 392; baseline 0.003 -10"><span class='ocrx_word' id='word_1_247' title='bbox 1183 348 1260 382; x_wconf 91' lang='lat' dir='ltr'><strong>oriri</strong></span> <span class='ocrx_word' id='word_1_248' title='bbox 1284 349 1412 392; x_wconf 86' lang='lat' dir='ltr'><strong>possint</strong></span> <span class='ocrx_word' id='word_1_249' title='bbox 1435 350 1660 383; x_wconf 78' lang='lat' dir='ltr'><strong>contentiones</strong></span> <span class='ocrx_word' id='word_1_250' title='bbox 1681 356 1712 384; x_wconf 86' lang='lat' dir='ltr'><strong>et</strong></span> <span class='ocrx_word' id='word_1_251' title='bbox 1731 357 1918 385; x_wconf 87' lang='lat' dir='ltr'><strong>controver-</strong></span> 
     </span>
     <span class='ocr_line' id='line_1_54' title="bbox 1184 401 1917 447; baseline 0.005 -13"><span class='ocrx_word' id='word_1_252' title='bbox 1184 401 1250 434; x_wconf 82' lang='lat' dir='ltr'><strong>siae</strong></span> <span class='ocrx_word' id='word_1_253' title='bbox 1275 402 1336 435; x_wconf 85' lang='lat' dir='ltr'><strong>hos</strong></span> <span class='ocrx_word' id='word_1_254' title='bbox 1357 402 1441 436; x_wconf 89' lang='lat' dir='ltr'><strong>inter</strong></span> <span class='ocrx_word' id='word_1_255' title='bbox 1461 407 1493 436; x_wconf 91' lang='lat' dir='ltr'><strong>et</strong></span> <span class='ocrx_word' id='word_1_256' title='bbox 1515 403 1588 436; x_wconf 92' lang='lat' dir='ltr'><strong>illos</strong></span> <span class='ocrx_word' id='word_1_257' title='bbox 1609 404 1760 447; x_wconf 81' lang='lat' dir='ltr'><strong>regimini</strong></span> <span class='ocrx_word' id='word_1_258' title='bbox 1785 405 1917 438; x_wconf 86' lang='lat' dir='ltr'><strong>illorum</strong></span> 
     </span>
     <span class='ocr_line' id='line_1_55' title="bbox 1184 453 1918 499; baseline 0.007 -13"><span class='ocrx_word' id='word_1_259' title='bbox 1184 453 1328 487; x_wconf 81' lang='lat' dir='ltr'><strong>fidelium</strong></span> <span class='ocrx_word' id='word_1_260' title='bbox 1354 461 1385 488; x_wconf 89' lang='lat' dir='ltr'><strong>et</strong></span> <span class='ocrx_word' id='word_1_261' title='bbox 1409 456 1637 499; x_wconf 79' lang='lat' dir='ltr'><strong>propagationi</strong></span> <span class='ocrx_word' id='word_1_262' title='bbox 1668 457 1743 490; x_wconf 86' lang='lat' dir='ltr'><strong>fidei</strong></span> <span class='ocrx_word' id='word_1_263' title='bbox 1776 468 1918 492; x_wconf 88' lang='lat' dir='ltr'><strong>summo-</strong></span> 
     </span>
     <span class='ocr_line' id='line_1_56' title="bbox 1184 508 1919 552; baseline 0.008 -13"><span class='ocrx_word' id='word_1_264' title='bbox 1184 516 1261 549; x_wconf 87' lang='lat' dir='ltr'><strong>pere</strong></span> <span class='ocrx_word' id='word_1_265' title='bbox 1285 508 1411 549; x_wconf 79' lang='lat' dir='ltr'><strong>noxiae,</strong></span> <span class='ocrx_word' id='word_1_266' title='bbox 1432 509 1682 552; x_wconf 85' lang='lat' dir='ltr'><strong>praeiudiciales</strong></span> <span class='ocrx_word' id='word_1_267' title='bbox 1701 516 1733 544; x_wconf 87' lang='lat' dir='ltr'><strong>et</strong></span> <span class='ocrx_word' id='word_1_268' title='bbox 1749 512 1919 545; x_wconf 88' lang='lat' dir='ltr'><strong>scandalo-</strong></span> 
     </span>
     <span class='ocr_line' id='line_1_57' title="bbox 1185 560 1919 607; baseline 0.01 -16"><span class='ocrx_word' id='word_1_269' title='bbox 1185 569 1258 592; x_wconf 83' lang='lat' dir='ltr'><strong>sae:</strong></span> <span class='ocrx_word' id='word_1_270' title='bbox 1284 560 1404 594; x_wconf 88' lang='lat' dir='ltr'><strong>idcirco</strong></span> <span class='ocrx_word' id='word_1_271' title='bbox 1429 562 1631 605; x_wconf 84' lang='lat' dir='ltr'><strong>supplicatur</strong></span> <span class='ocrx_word' id='word_1_272' title='bbox 1654 564 1691 595; x_wconf 74' lang='lat' dir='ltr'><strong>ea</strong></span> <span class='ocrx_word' id='word_1_273' title='bbox 1716 573 1778 607; x_wconf 88' lang='lat' dir='ltr'><strong>qua</strong></span> <span class='ocrx_word' id='word_1_274' title='bbox 1793 574 1851 607; x_wconf 88' lang='lat' dir='ltr'><strong>par</strong></span> <span class='ocrx_word' id='word_1_275' title='bbox 1869 570 1919 598; x_wconf 86' lang='lat' dir='ltr'><strong>est</strong></span> 
     </span>
     <span class='ocr_line' id='line_1_58' title="bbox 1186 611 1917 659; baseline 0.008 -16"><span class='ocrx_word' id='word_1_276' title='bbox 1186 611 1368 646; x_wconf 83' lang='lat' dir='ltr'><strong>humilitate</strong></span> <span class='ocrx_word' id='word_1_277' title='bbox 1400 613 1568 647; x_wconf 88' lang='lat' dir='ltr'><strong>Sanctitati</strong></span> <span class='ocrx_word' id='word_1_278' title='bbox 1591 614 1733 656; x_wconf 87' lang='lat' dir='ltr'><strong>Vestrae,</strong></span> <span class='ocrx_word' id='word_1_279' title='bbox 1760 621 1917 659; x_wconf 87' lang='lat' dir='ltr'><strong>quatenus</strong></span> 
     </span>
     <span class='ocr_line' id='line_1_59' title="bbox 1185 665 1917 709; baseline 0.01 -12"><span class='ocrx_word' id='word_1_280' title='bbox 1185 665 1350 698; x_wconf 88' lang='lat' dir='ltr'><strong>declarare</strong></span> <span class='ocrx_word' id='word_1_281' title='bbox 1365 666 1517 709; x_wconf 84' lang='lat' dir='ltr'><strong>dignetur</strong></span> <span class='ocrx_word' id='word_1_282' title='bbox 1537 677 1666 702; x_wconf 88' lang='lat' dir='ltr'><strong>cessare</strong></span> <span class='ocrx_word' id='word_1_283' title='bbox 1678 679 1807 702; x_wconf 88' lang='lat' dir='ltr'><strong>omnem</strong></span> <span class='ocrx_word' id='word_1_284' title='bbox 1822 671 1917 704; x_wconf 84' lang='lat' dir='ltr'><strong>talem</strong></span> 
     </span>
     <span class='ocr_line' id='line_1_60' title="bbox 1185 718 1916 760; baseline 0.01 -11"><span class='ocrx_word' id='word_1_285' title='bbox 1185 718 1404 760; x_wconf 87' lang='lat' dir='ltr'><strong>praefatorum</strong></span> <span class='ocrx_word' id='word_1_286' title='bbox 1436 720 1676 754; x_wconf 86' lang='lat' dir='ltr'><strong>monachorum</strong></span> <span class='ocrx_word' id='word_1_287' title='bbox 1715 721 1916 757; x_wconf 84' lang='lat' dir='ltr'><strong>iurisdictio-</strong></span> 
     </span>
     <span class='ocr_line' id='line_1_61' title="bbox 1185 771 1921 819; baseline 0.01 -17"><span class='ocrx_word' id='word_1_288' title='bbox 1185 780 1267 812; x_wconf 91' lang='lat' dir='ltr'><strong>nem,</strong></span> <span class='ocrx_word' id='word_1_289' title='bbox 1286 771 1531 816; x_wconf 87' lang='lat' dir='ltr'><strong>qualiscumque</strong></span> <span class='ocrx_word' id='word_1_290' title='bbox 1545 773 1595 814; x_wconf 92' lang='lat' dir='ltr'><strong>sit,</strong></span> <span class='ocrx_word' id='word_1_291' title='bbox 1610 784 1648 807; x_wconf 92' lang='lat' dir='ltr'><strong>eo</strong></span> <span class='ocrx_word' id='word_1_292' title='bbox 1665 774 1737 818; x_wconf 91' lang='lat' dir='ltr'><strong>ipso</strong></span> <span class='ocrx_word' id='word_1_293' title='bbox 1752 776 1838 819; x_wconf 89' lang='lat' dir='ltr'><strong>quod</strong></span> <span class='ocrx_word' id='word_1_294' title='bbox 1852 786 1921 809; x_wconf 88' lang='lat' dir='ltr'><strong>san-</strong></span> 
     </span>
     <span class='ocr_line' id='line_1_62' title="bbox 1185 824 1918 868; baseline 0.008 -12"><span class='ocrx_word' id='word_1_295' title='bbox 1185 829 1235 856; x_wconf 86' lang='lat' dir='ltr'><strong>cta</strong></span> <span class='ocrx_word' id='word_1_296' title='bbox 1251 824 1349 858; x_wconf 83' lang='lat' dir='ltr'><strong>Sedes</strong></span> <span class='ocrx_word' id='word_1_297' title='bbox 1363 825 1549 868; x_wconf 84' lang='lat' dir='ltr'><strong>Apostolica</strong></span> <span class='ocrx_word' id='word_1_298' title='bbox 1566 828 1765 862; x_wconf 83' lang='lat' dir='ltr'><strong>concesserit</strong></span> <span class='ocrx_word' id='word_1_299' title='bbox 1780 828 1918 862; x_wconf 87' lang='lat' dir='ltr'><strong>vicarios</strong></span> 
     </span>
     <span class='ocr_line' id='line_1_63' title="bbox 1186 878 1920 926; baseline 0.008 -16"><span class='ocrx_word' id='word_1_300' title='bbox 1186 878 1382 921; x_wconf 83' lang='lat' dir='ltr'><strong>apostolicos</strong></span> <span class='ocrx_word' id='word_1_301' title='bbox 1400 879 1432 912; x_wconf 93' lang='lat' dir='ltr'><strong>in</strong></span> <span class='ocrx_word' id='word_1_302' title='bbox 1457 890 1560 923; x_wconf 81' lang='lat' dir='ltr'><strong>regno</strong></span> <span class='ocrx_word' id='word_1_303' title='bbox 1577 880 1719 924; x_wconf 80' lang='lat' dir='ltr'><strong>Angliae,</strong></span> <span class='ocrx_word' id='word_1_304' title='bbox 1740 881 1851 926; x_wconf 88' lang='lat' dir='ltr'><strong>eisque</strong></span> <span class='ocrx_word' id='word_1_305' title='bbox 1871 893 1920 916; x_wconf 90' lang='lat' dir='ltr'><strong>so-</strong></span> 
     </span>
     <span class='ocr_line' id='line_1_64' title="bbox 1185 928 1920 976; baseline 0.01 -16"><span class='ocrx_word' id='word_1_306' title='bbox 1185 928 1256 961; x_wconf 87' lang='lat' dir='ltr'><strong>litas</strong></span> <span class='ocrx_word' id='word_1_307' title='bbox 1280 929 1448 963; x_wconf 84' lang='lat' dir='ltr'><strong>facultates</strong></span> <span class='ocrx_word' id='word_1_308' title='bbox 1474 932 1672 974; x_wconf 80' lang='lat' dir='ltr'><strong>generaliter</strong></span> <span class='ocrx_word' id='word_1_309' title='bbox 1706 934 1843 976; x_wconf 88' lang='lat' dir='ltr'><strong>regendi</strong></span> <span class='ocrx_word' id='word_1_310' title='bbox 1869 944 1920 967; x_wconf 87' lang='lat' dir='ltr'><strong>ec-</strong></span> 
     </span>
     <span class='ocr_line' id='line_1_65' title="bbox 1185 981 1919 1020; baseline 0.008 -6"><span class='ocrx_word' id='word_1_311' title='bbox 1185 981 1298 1015; x_wconf 89' lang='lat' dir='ltr'><strong>clesias</strong></span> <span class='ocrx_word' id='word_1_312' title='bbox 1319 982 1380 1015; x_wconf 90' lang='lat' dir='ltr'><strong>sibi</strong></span> <span class='ocrx_word' id='word_1_313' title='bbox 1406 984 1593 1017; x_wconf 87' lang='lat' dir='ltr'><strong>commissas</strong></span> <span class='ocrx_word' id='word_1_314' title='bbox 1619 985 1791 1019; x_wconf 86' lang='lat' dir='ltr'><strong>tribuerit:</strong></span> <span class='ocrx_word' id='word_1_315' title='bbox 1816 987 1862 1020; x_wconf 90' lang='lat' dir='ltr'><strong>uti</strong></span> <span class='ocrx_word' id='word_1_316' title='bbox 1886 987 1919 1020; x_wconf 90' lang='lat' dir='ltr'><strong>in</strong></span> 
     </span>
     <span class='ocr_line' id='line_1_66' title="bbox 1186 1035 1921 1084; baseline 0.008 -17"><span class='ocrx_word' id='word_1_317' title='bbox 1186 1035 1330 1079; x_wconf 88' lang='lat' dir='ltr'><strong>partibus</strong></span> <span class='ocrx_word' id='word_1_318' title='bbox 1352 1036 1523 1084; x_wconf 68' lang='lat' dir='ltr'><strong>¹catholicis</strong></span> <span class='ocrx_word' id='word_1_319' title='bbox 1549 1043 1653 1070; x_wconf 85' lang='lat' dir='ltr'><strong>cessat</strong></span> <span class='ocrx_word' id='word_1_320' title='bbox 1684 1039 1789 1072; x_wconf 91' lang='lat' dir='ltr'><strong>omnis</strong></span> <span class='ocrx_word' id='word_1_321' title='bbox 1825 1039 1921 1073; x_wconf 87' lang='lat' dir='ltr'><strong>iuris-</strong></span> 
     </span>
     <span class='ocr_line' id='line_1_67' title="bbox 1187 1088 1923 1136; baseline 0.007 -16"><span class='ocrx_word' id='word_1_322' title='bbox 1187 1088 1285 1121; x_wconf 91' lang='lat' dir='ltr'><strong>dictio</strong></span> <span class='ocrx_word' id='word_1_323' title='bbox 1317 1088 1449 1132; x_wconf 86' lang='lat' dir='ltr'><strong>capituli</strong></span> <span class='ocrx_word' id='word_1_324' title='bbox 1480 1095 1513 1122; x_wconf 89' lang='lat' dir='ltr'><strong>et</strong></span> <span class='ocrx_word' id='word_1_325' title='bbox 1539 1090 1736 1124; x_wconf 84' lang='lat' dir='ltr'><strong>vicariorum</strong></span> <span class='ocrx_word' id='word_1_326' title='bbox 1768 1092 1923 1136; x_wconf 86' lang='lat' dir='ltr'><strong>capitula-</strong></span> 
     </span>
     <span class='ocr_line' id='line_1_68' title="bbox 1186 1140 1921 1188; baseline 0.008 -15"><span class='ocrx_word' id='word_1_327' title='bbox 1186 1140 1279 1183; x_wconf 88' lang='lat' dir='ltr'><strong>rium,</strong></span> <span class='ocrx_word' id='word_1_328' title='bbox 1305 1141 1381 1174; x_wconf 89' lang='lat' dir='ltr'><strong>sede</strong></span> <span class='ocrx_word' id='word_1_329' title='bbox 1405 1147 1549 1183; x_wconf 85' lang='lat' dir='ltr'><strong>vacante,</strong></span> <span class='ocrx_word' id='word_1_330' title='bbox 1573 1144 1683 1177; x_wconf 88' lang='lat' dir='ltr'><strong>statim</strong></span> <span class='ocrx_word' id='word_1_331' title='bbox 1707 1149 1803 1188; x_wconf 87' lang='lat' dir='ltr'><strong>atque</strong></span> <span class='ocrx_word' id='word_1_332' title='bbox 1823 1145 1921 1179; x_wconf 85' lang='lat' dir='ltr'><strong>Sedes</strong></span> 
     </span>
     <span class='ocr_line' id='line_1_69' title="bbox 1186 1193 1922 1241; baseline 0.008 -16"><span class='ocrx_word' id='word_1_333' title='bbox 1186 1193 1371 1236; x_wconf 83' lang='lat' dir='ltr'><strong>Apostoliea</strong></span> <span class='ocrx_word' id='word_1_334' title='bbox 1387 1194 1542 1228; x_wconf 85' lang='lat' dir='ltr'><strong>vicarium</strong></span> <span class='ocrx_word' id='word_1_335' title='bbox 1559 1197 1774 1240; x_wconf 84' lang='lat' dir='ltr'><strong>apostolicum</strong></span> <span class='ocrx_word' id='word_1_336' title='bbox 1793 1198 1922 1241; x_wconf 81' lang='lat' dir='ltr'><strong>delegat</strong></span> 
     </span>
     <span class='ocr_line' id='line_1_70' title="bbox 1187 1248 1923 1293; baseline 0.007 -13"><span class='ocrx_word' id='word_1_337' title='bbox 1187 1248 1226 1280; x_wconf 90' lang='lat' dir='ltr'><strong>ad</strong></span> <span class='ocrx_word' id='word_1_338' title='bbox 1251 1248 1423 1281; x_wconf 88' lang='lat' dir='ltr'><strong>ecclesiam</strong></span> <span class='ocrx_word' id='word_1_339' title='bbox 1452 1255 1621 1282; x_wconf 88' lang='lat' dir='ltr'><strong>vacantem</strong></span> <span class='ocrx_word' id='word_1_340' title='bbox 1651 1250 1783 1284; x_wconf 87' lang='lat' dir='ltr'><strong>interim</strong></span> <span class='ocrx_word' id='word_1_341' title='bbox 1807 1252 1923 1293; x_wconf 85' lang='lat' dir='ltr'><strong>guber-</strong></span> 
     </span>
     <span class='ocr_line' id='line_1_71' title="bbox 1187 1301 1922 1344; baseline 0.008 -11"><span class='ocrx_word' id='word_1_342' title='bbox 1187 1301 1338 1334; x_wconf 89' lang='lat' dir='ltr'><strong>nandam.</strong></span> <span class='ocrx_word' id='word_1_343' title='bbox 1380 1301 1481 1340; x_wconf 84' lang='lat' dir='ltr'><strong>Quem</strong></span> <span class='ocrx_word' id='word_1_344' title='bbox 1521 1303 1662 1337; x_wconf 87' lang='lat' dir='ltr'><strong>favorem</strong></span> <span class='ocrx_word' id='word_1_345' title='bbox 1678 1331 1686 1344; x_wconf 95' lang='lat'><strong>,</strong></span> <span class='ocrx_word' id='word_1_346' title='bbox 1721 1309 1783 1338; x_wconf 90' lang='lat' dir='ltr'><strong>etc.</strong></span> <span class='ocrx_word' id='word_1_347' title='bbox 1824 1305 1922 1343; x_wconf 89' lang='lat' dir='ltr'><strong>Quam</strong></span> 
     </span>
     <span class='ocr_line' id='line_1_72' title="bbox 1187 1354 1923 1402; baseline 0.007 -16"><span class='ocrx_word' id='word_1_348' title='bbox 1187 1354 1283 1394; x_wconf 90' lang='lat' dir='ltr'><strong>Deus,</strong></span> <span class='ocrx_word' id='word_1_349' title='bbox 1302 1360 1363 1387; x_wconf 87' lang='lat' dir='ltr'><strong>etc.</strong></span> <span class='ocrx_word' id='word_1_350' title='bbox 1377 1366 1390 1386; x_wconf 65' lang='lat' dir='ltr'><strong><em>n</em></strong></span> <span class='ocrx_word' id='word_1_351' title='bbox 1413 1375 1426 1379; x_wconf 99' lang='lat'>-</span> <span class='ocrx_word' id='word_1_352' title='bbox 1449 1355 1664 1390; x_wconf 81' lang='lat' dir='ltr'><strong>«Beatissime</strong></span> <span class='ocrx_word' id='word_1_353' title='bbox 1677 1357 1784 1391; x_wconf 85' lang='lat' dir='ltr'><strong>Pater.</strong></span> <span class='ocrx_word' id='word_1_354' title='bbox 1799 1358 1841 1391; x_wconf 73' lang='lat' dir='ltr'><strong>Ea</strong></span> <span class='ocrx_word' id='word_1_355' title='bbox 1859 1369 1923 1402; x_wconf 87' lang='lat' dir='ltr'><strong>qua</strong></span> 
     </span>
     <span class='ocr_line' id='line_1_73' title="bbox 1187 1408 1924 1450; baseline 0.008 -11"><span class='ocrx_word' id='word_1_356' title='bbox 1187 1417 1246 1450; x_wconf 90' lang='lat' dir='ltr'><strong>par</strong></span> <span class='ocrx_word' id='word_1_357' title='bbox 1263 1412 1312 1440; x_wconf 86' lang='lat' dir='ltr'><strong>est</strong></span> <span class='ocrx_word' id='word_1_358' title='bbox 1340 1408 1522 1442; x_wconf 86' lang='lat' dir='ltr'><strong>humilitate</strong></span> <span class='ocrx_word' id='word_1_359' title='bbox 1539 1409 1705 1443; x_wconf 89' lang='lat' dir='ltr'><strong>Sanctitati</strong></span> <span class='ocrx_word' id='word_1_360' title='bbox 1722 1410 1853 1444; x_wconf 86' lang='lat' dir='ltr'><strong>Vestrae</strong></span> <span class='ocrx_word' id='word_1_361' title='bbox 1872 1423 1924 1445; x_wconf 87' lang='lat' dir='ltr'><strong>ex-</strong></span> 
     </span>
     <span class='ocr_line' id='line_1_74' title="bbox 1188 1460 1923 1505; baseline 0.007 -13"><span class='ocrx_word' id='word_1_362' title='bbox 1188 1460 1329 1503; x_wconf 86' lang='lat' dir='ltr'><strong>ponitur,</strong></span> <span class='ocrx_word' id='word_1_363' title='bbox 1355 1461 1496 1503; x_wconf 88' lang='lat' dir='ltr'><strong>plurima</strong></span> <span class='ocrx_word' id='word_1_364' title='bbox 1518 1463 1663 1505; x_wconf 86' lang='lat' dir='ltr'><strong>quotidie</strong></span> <span class='ocrx_word' id='word_1_365' title='bbox 1685 1463 1759 1496; x_wconf 75' lang='lat' dir='ltr'><strong>fidei</strong></span> <span class='ocrx_word' id='word_1_366' title='bbox 1785 1465 1923 1499; x_wconf 83' lang='lat' dir='ltr'><strong>catholi-</strong></span> 
     </span>
     <span class='ocr_line' id='line_1_75' title="bbox 1188 1511 1922 1558; baseline 0.01 -14"><span class='ocrx_word' id='word_1_367' title='bbox 1188 1511 1261 1546; x_wconf 70' lang='lat' dir='ltr'><strong>cae*</strong></span> <span class='ocrx_word' id='word_1_368' title='bbox 1279 1513 1480 1556; x_wconf 84' lang='lat' dir='ltr'><strong>praeiudicia</strong></span> <span class='ocrx_word' id='word_1_369' title='bbox 1496 1514 1527 1547; x_wconf 91' lang='lat' dir='ltr'><strong>in</strong></span> <span class='ocrx_word' id='word_1_370' title='bbox 1546 1516 1661 1558; x_wconf 81' lang='lat' dir='ltr'><strong>Anglia</strong></span> <span class='ocrx_word' id='word_1_371' title='bbox 1679 1516 1794 1549; x_wconf 84' lang='lat' dir='ltr'><strong>exoriri</strong></span> <span class='ocrx_word' id='word_1_372' title='bbox 1819 1529 1855 1551; x_wconf 81' lang='lat' dir='ltr'><strong>ex</strong></span> <span class='ocrx_word' id='word_1_373' title='bbox 1883 1529 1922 1551; x_wconf 88' lang='lat' dir='ltr'><strong>eo</strong></span> 
     </span>
     <span class='ocr_line' id='line_1_76' title="bbox 1188 1566 1923 1612; baseline 0.008 -15"><span class='ocrx_word' id='word_1_374' title='bbox 1188 1566 1275 1608; x_wconf 88' lang='lat' dir='ltr'><strong>quod</strong></span> <span class='ocrx_word' id='word_1_375' title='bbox 1301 1566 1468 1608; x_wconf 76' lang='lat' dir='ltr'><strong>regulares</strong></span> <span class='ocrx_word' id='word_1_376' title='bbox 1493 1567 1615 1601; x_wconf 89' lang='lat' dir='ltr'><strong>ibidem</strong></span> <span class='ocrx_word' id='word_1_377' title='bbox 1647 1571 1865 1612; x_wconf 89' lang='lat' dir='ltr'><strong>praetendant</strong></span> <span class='ocrx_word' id='word_1_378' title='bbox 1888 1581 1923 1603; x_wconf 87' lang='lat' dir='ltr'><strong>se</strong></span> 
     </span>
     <span class='ocr_line' id='line_1_77' title="bbox 1188 1619 1923 1664; baseline 0.008 -13"><span class='ocrx_word' id='word_1_379' title='bbox 1188 1619 1297 1662; x_wconf 84' lang='lat' dir='ltr'><strong>vigore</strong></span> <span class='ocrx_word' id='word_1_380' title='bbox 1323 1630 1455 1653; x_wconf 89' lang='lat' dir='ltr'><strong>suorum</strong></span> <span class='ocrx_word' id='word_1_381' title='bbox 1479 1621 1724 1664; x_wconf 81' lang='lat' dir='ltr'><strong>privilegiorum</strong></span> <span class='ocrx_word' id='word_1_382' title='bbox 1761 1623 1800 1656; x_wconf 86' lang='lat' dir='ltr'><strong>ab</strong></span> <span class='ocrx_word' id='word_1_383' title='bbox 1835 1624 1923 1657; x_wconf 92' lang='lat' dir='ltr'><strong>omni</strong></span> 
     </span>
     <span class='ocr_line' id='line_1_78' title="bbox 1189 1672 1924 1719; baseline 0.008 -15"><span class='ocrx_word' id='word_1_384' title='bbox 1189 1672 1413 1706; x_wconf 75' lang='lat' dir='ltr'><strong>iurisdictione</strong></span> <span class='ocrx_word' id='word_1_385' title='bbox 1437 1673 1629 1707; x_wconf 84' lang='lat' dir='ltr'><strong>vicariorum</strong></span> <span class='ocrx_word' id='word_1_386' title='bbox 1653 1676 1833 1719; x_wconf 79' lang='lat' dir='ltr'><strong>apostolica</strong></span> <span class='ocrx_word' id='word_1_387' title='bbox 1868 1688 1924 1710; x_wconf 88' lang='lat' dir='ltr'><strong>au-</strong></span> 
     </span>
     <span class='ocr_line' id='line_1_79' title="bbox 1190 1725 1926 1769; baseline 0.007 -12"><span class='ocrx_word' id='word_1_388' title='bbox 1190 1725 1338 1758; x_wconf 82' lang='lat' dir='ltr'><strong>ctoritate</strong></span> <span class='ocrx_word' id='word_1_389' title='bbox 1364 1726 1470 1759; x_wconf 88' lang='lat' dir='ltr'><strong>eidem</strong></span> <span class='ocrx_word' id='word_1_390' title='bbox 1489 1737 1591 1769; x_wconf 83' lang='lat' dir='ltr'><strong>regno</strong></span> <span class='ocrx_word' id='word_1_391' title='bbox 1616 1737 1847 1762; x_wconf 88' lang='lat' dir='ltr'><strong>concessorum</strong></span> <span class='ocrx_word' id='word_1_392' title='bbox 1872 1740 1926 1764; x_wconf 84' lang='lat' dir='ltr'><strong>ex-</strong></span> 
     </span>
     <span class='ocr_line' id='line_1_80' title="bbox 1190 1779 1925 1824; baseline 0.008 -15"><span class='ocrx_word' id='word_1_393' title='bbox 1190 1783 1316 1821; x_wconf 87' lang='lat' dir='ltr'><strong>emptos</strong></span> <span class='ocrx_word' id='word_1_394' title='bbox 1337 1788 1419 1812; x_wconf 89' lang='lat' dir='ltr'><strong>esse.</strong></span> <span class='ocrx_word' id='word_1_395' title='bbox 1449 1779 1486 1811; x_wconf 88' lang='lat' dir='ltr'><strong>Et</strong></span> <span class='ocrx_word' id='word_1_396' title='bbox 1511 1789 1583 1812; x_wconf 90' lang='lat' dir='ltr'><strong>cum</strong></span> <span class='ocrx_word' id='word_1_397' title='bbox 1608 1790 1644 1812; x_wconf 81' lang='lat' dir='ltr'><strong>ex</strong></span> <span class='ocrx_word' id='word_1_398' title='bbox 1675 1780 1738 1814; x_wconf 74' lang='lat' dir='ltr'><strong>alia</strong></span> <span class='ocrx_word' id='word_1_399' title='bbox 1762 1786 1854 1824; x_wconf 84' lang='lat' dir='ltr'><strong>parte</strong></span> <span class='ocrx_word' id='word_1_400' title='bbox 1879 1783 1925 1815; x_wconf 92' lang='lat' dir='ltr'><strong>vi-</strong></span> 
     </span>
     <span class='ocr_line' id='line_1_81' title="bbox 1190 1830 1926 1878; baseline 0.01 -16"><span class='ocrx_word' id='word_1_401' title='bbox 1190 1830 1266 1863; x_wconf 85' lang='lat' dir='ltr'><strong>carii</strong></span> <span class='ocrx_word' id='word_1_402' title='bbox 1292 1831 1460 1874; x_wconf 88' lang='lat' dir='ltr'><strong>apostolici</strong></span> <span class='ocrx_word' id='word_1_403' title='bbox 1485 1832 1622 1875; x_wconf 78' lang='lat' dir='ltr'><strong>praefati</strong></span> <span class='ocrx_word' id='word_1_404' title='bbox 1639 1843 1755 1876; x_wconf 83' lang='lat' dir='ltr'><strong>regere</strong></span> <span class='ocrx_word' id='word_1_405' title='bbox 1771 1845 1836 1868; x_wconf 89' lang='lat' dir='ltr'><strong>non</strong></span> <span class='ocrx_word' id='word_1_406' title='bbox 1855 1845 1926 1878; x_wconf 88' lang='lat' dir='ltr'><strong>pos-</strong></span> 
     </span>
     <span class='ocr_line' id='line_1_82' title="bbox 1190 1883 1925 1927; baseline 0.01 -12"><span class='ocrx_word' id='word_1_407' title='bbox 1190 1883 1254 1916; x_wconf 90' lang='lat' dir='ltr'><strong>sint</strong></span> <span class='ocrx_word' id='word_1_408' title='bbox 1279 1884 1432 1917; x_wconf 89' lang='lat' dir='ltr'><strong>ecclesias</strong></span> <span class='ocrx_word' id='word_1_409' title='bbox 1468 1885 1530 1918; x_wconf 91' lang='lat' dir='ltr'><strong>sibi</strong></span> <span class='ocrx_word' id='word_1_410' title='bbox 1566 1887 1762 1927; x_wconf 87' lang='lat' dir='ltr'><strong>commissas,</strong></span> <span class='ocrx_word' id='word_1_411' title='bbox 1788 1888 1849 1921; x_wconf 85' lang='lat' dir='ltr'><strong>nisi</strong></span> <span class='ocrx_word' id='word_1_412' title='bbox 1875 1899 1925 1922; x_wconf 88' lang='lat' dir='ltr'><strong>re-</strong></span> 
     </span>
     <span class='ocr_line' id='line_1_83' title="bbox 1190 1937 1926 1982; baseline 0.01 -14"><span class='ocrx_word' id='word_1_413' title='bbox 1190 1938 1318 1979; x_wconf 78' lang='lat' dir='ltr'><strong>gulares</strong></span> <span class='ocrx_word' id='word_1_414' title='bbox 1341 1937 1502 1980; x_wconf 88' lang='lat' dir='ltr'><strong>praedicti</strong></span> <span class='ocrx_word' id='word_1_415' title='bbox 1528 1938 1573 1972; x_wconf 89' lang='lat' dir='ltr'><strong>eis</strong></span> <span class='ocrx_word' id='word_1_416' title='bbox 1604 1939 1834 1982; x_wconf 55' lang='lat' dir='ltr'><strong>sufficiantur,</strong></span> <span class='ocrx_word' id='word_1_417' title='bbox 1864 1943 1926 1975; x_wconf 86' lang='lat' dir='ltr'><strong>sal-</strong></span> 
     </span>
     <span class='ocr_line' id='line_1_84' title="bbox 1191 1990 1923 2034; baseline 0.008 -13"><span class='ocrx_word' id='word_1_418' title='bbox 1191 1995 1255 2022; x_wconf 87' lang='lat' dir='ltr'><strong>tem</strong></span> <span class='ocrx_word' id='word_1_419' title='bbox 1270 1990 1378 2033; x_wconf 88' lang='lat' dir='ltr'><strong>quoad</strong></span> <span class='ocrx_word' id='word_1_420' title='bbox 1403 2000 1440 2023; x_wconf 85' lang='lat' dir='ltr'><strong>ea</strong></span> <span class='ocrx_word' id='word_1_421' title='bbox 1461 2001 1542 2034; x_wconf 89' lang='lat' dir='ltr'><strong>quae</strong></span> <span class='ocrx_word' id='word_1_422' title='bbox 1562 1992 1732 2026; x_wconf 88' lang='lat' dir='ltr'><strong>missiones</strong></span> <span class='ocrx_word' id='word_1_423' title='bbox 1758 1998 1790 2026; x_wconf 90' lang='lat' dir='ltr'><strong>et</strong></span> <span class='ocrx_word' id='word_1_424' title='bbox 1813 2004 1923 2027; x_wconf 87' lang='lat' dir='ltr'><strong>euram</strong></span> 
     </span>
     <span class='ocr_line' id='line_1_85' title="bbox 1190 2043 1925 2090; baseline 0.008 -15"><span class='ocrx_word' id='word_1_425' title='bbox 1190 2043 1367 2076; x_wconf 84' lang='lat' dir='ltr'><strong>animarum</strong></span> <span class='ocrx_word' id='word_1_426' title='bbox 1384 2050 1605 2078; x_wconf 84' lang='lat' dir='ltr'><strong>concernunt:</strong></span> <span class='ocrx_word' id='word_1_427' title='bbox 1620 2045 1835 2090; x_wconf 68' lang='lat' dir='ltr'><strong>quapropter²</strong></span> <span class='ocrx_word' id='word_1_428' title='bbox 1851 2047 1925 2080; x_wconf 90' lang='lat' dir='ltr'><strong>San-</strong></span> 
     </span>
     <span class='ocr_line' id='line_1_86' title="bbox 1190 2096 1926 2142; baseline 0.007 -14"><span class='ocrx_word' id='word_1_429' title='bbox 1190 2096 1290 2128; x_wconf 89' lang='lat' dir='ltr'><strong>ctitati</strong></span> <span class='ocrx_word' id='word_1_430' title='bbox 1311 2096 1443 2129; x_wconf 90' lang='lat' dir='ltr'><strong>Vestrae</strong></span> <span class='ocrx_word' id='word_1_431' title='bbox 1469 2097 1636 2130; x_wconf 91' lang='lat' dir='ltr'><strong>humiliter</strong></span> <span class='ocrx_word' id='word_1_432' title='bbox 1660 2099 1873 2142; x_wconf 85' lang='lat' dir='ltr'><strong>supplicatur,</strong></span> <span class='ocrx_word' id='word_1_433' title='bbox 1889 2105 1926 2133; x_wconf 86' lang='lat' dir='ltr'><strong>ut</strong></span> 
     </span>
     <span class='ocr_line' id='line_1_87' title="bbox 1190 2149 1924 2193; baseline 0.005 -11"><span class='ocrx_word' id='word_1_434' title='bbox 1190 2149 1297 2182; x_wconf 83' lang='lat' dir='ltr'><strong>Bullas</strong></span> <span class='ocrx_word' id='word_1_435' title='bbox 1316 2160 1373 2182; x_wconf 91' lang='lat' dir='ltr'><strong>seu</strong></span> <span class='ocrx_word' id='word_1_436' title='bbox 1388 2150 1500 2183; x_wconf 90' lang='lat' dir='ltr'><strong>Brevia</strong></span> <span class='ocrx_word' id='word_1_437' title='bbox 1517 2151 1704 2193; x_wconf 88' lang='lat' dir='ltr'><strong>apostolica,</strong></span> <span class='ocrx_word' id='word_1_438' title='bbox 1715 2149 1791 2185; x_wconf 78' lang='lat' dir='ltr'><strong>alias</strong></span> <span class='ocrx_word' id='word_1_439' title='bbox 1805 2153 1845 2185; x_wconf 88' lang='lat' dir='ltr'><strong>ab</strong></span> <span class='ocrx_word' id='word_1_440' title='bbox 1862 2153 1924 2186; x_wconf 87' lang='lat' dir='ltr'><strong>hac</strong></span> 
     </span>
     <span class='ocr_line' id='line_1_88' title="bbox 1189 2202 1923 2239; baseline 0.005 -4"><span class='ocrx_word' id='word_1_441' title='bbox 1189 2202 1302 2235; x_wconf 76' lang='lat' dir='ltr'><strong>Sancta</strong></span> <span class='ocrx_word' id='word_1_442' title='bbox 1319 2202 1401 2235; x_wconf 88' lang='lat' dir='ltr'><strong>Sede</strong></span> <span class='ocrx_word' id='word_1_443' title='bbox 1426 2202 1597 2235; x_wconf 86' lang='lat' dir='ltr'><strong>occasione</strong></span> <span class='ocrx_word' id='word_1_444' title='bbox 1623 2203 1775 2237; x_wconf 89' lang='lat' dir='ltr'><strong>similium</strong></span> <span class='ocrx_word' id='word_1_445' title='bbox 1792 2210 1923 2239; x_wconf 90' lang='lat' dir='ltr'><strong>contro-</strong></span> 
     </span>
     <span class='ocr_line' id='line_1_89' title="bbox 1191 2255 1923 2298; baseline 0.007 -11"><span class='ocrx_word' id='word_1_446' title='bbox 1191 2255 1367 2288; x_wconf 85' lang='lat' dir='ltr'><strong>versiarum</strong></span> <span class='ocrx_word' id='word_1_447' title='bbox 1404 2255 1435 2288; x_wconf 93' lang='lat' dir='ltr'><strong>in</strong></span> <span class='ocrx_word' id='word_1_448' title='bbox 1461 2265 1563 2298; x_wconf 85' lang='lat' dir='ltr'><strong>regno</strong></span> <span class='ocrx_word' id='word_1_449' title='bbox 1588 2255 1745 2297; x_wconf 87' lang='lat' dir='ltr'><strong>Sinarum,</strong></span> <span class='ocrx_word' id='word_1_450' title='bbox 1769 2257 1868 2291; x_wconf 88' lang='lat' dir='ltr'><strong>Indiis</strong></span> <span class='ocrx_word' id='word_1_451' title='bbox 1891 2264 1923 2292; x_wconf 91' lang='lat' dir='ltr'><strong>et</strong></span> 
     </span>
     <span class='ocr_line' id='line_1_90' title="bbox 1189 2309 1923 2349; baseline 0.005 -7"><span class='ocrx_word' id='word_1_452' title='bbox 1189 2309 1266 2342; x_wconf 91' lang='lat' dir='ltr'><strong>alibi</strong></span> <span class='ocrx_word' id='word_1_453' title='bbox 1292 2313 1476 2341; x_wconf 82' lang='lat' dir='ltr'><strong>exortarum</strong></span> <span class='ocrx_word' id='word_1_454' title='bbox 1502 2313 1658 2349; x_wconf 87' lang='lat' dir='ltr'><strong>emanata,</strong></span> <span class='ocrx_word' id='word_1_455' title='bbox 1678 2311 1854 2345; x_wconf 85' lang='lat' dir='ltr'><strong>extendere</strong></span> <span class='ocrx_word' id='word_1_456' title='bbox 1879 2312 1923 2345; x_wconf 90' lang='lat' dir='ltr'><strong>di-</strong></span> 
     </span>
     <span class='ocr_line' id='line_1_91' title="bbox 1189 2362 1922 2405; baseline 0.007 -11"><span class='ocrx_word' id='word_1_457' title='bbox 1189 2367 1306 2405; x_wconf 76' lang='lat' dir='ltr'><strong>gnetur</strong></span> <span class='ocrx_word' id='word_1_458' title='bbox 1331 2362 1427 2395; x_wconf 87' lang='lat' dir='ltr'><strong>simili</strong></span> <span class='ocrx_word' id='word_1_459' title='bbox 1452 2362 1543 2395; x_wconf 78' lang='lat' dir='ltr'><strong>Bulla</strong></span> <span class='ocrx_word' id='word_1_460' title='bbox 1568 2372 1624 2394; x_wconf 89' lang='lat' dir='ltr'><strong>seu</strong></span> <span class='ocrx_word' id='word_1_461' title='bbox 1641 2363 1735 2396; x_wconf 89' lang='lat' dir='ltr'><strong>Brevi</strong></span> <span class='ocrx_word' id='word_1_462' title='bbox 1758 2364 1798 2396; x_wconf 88' lang='lat' dir='ltr'><strong>ad</strong></span> <span class='ocrx_word' id='word_1_463' title='bbox 1815 2366 1922 2399; x_wconf 89' lang='lat' dir='ltr'><strong>omnia</strong></span> 
     </span>
    </p>
   </div>
   <div class='ocr_carea' id='block_1_11' title="bbox 1166 2414 1921 2511">
    <p class='ocr_par' dir='ltr' id='par_1_12' title="bbox 1166 2414 1921 2511">
     <span class='ocr_line' id='line_1_92' title="bbox 1166 2414 1921 2457; baseline 0.005 -10"><span class='ocrx_word' id='word_1_464' title='bbox 1166 2446 1168 2456; x_wconf 68' lang='lat'><strong>,</strong></span> <span class='ocrx_word' id='word_1_465' title='bbox 1189 2425 1290 2457; x_wconf 80' lang='lat' dir='ltr'><strong>regna</strong></span> <span class='ocrx_word' id='word_1_466' title='bbox 1320 2420 1351 2447; x_wconf 90' lang='lat' dir='ltr'><strong>et</strong></span> <span class='ocrx_word' id='word_1_467' title='bbox 1385 2414 1506 2447; x_wconf 89' lang='lat' dir='ltr'><strong>insulas</strong></span> <span class='ocrx_word' id='word_1_468' title='bbox 1543 2415 1686 2449; x_wconf 90' lang='lat' dir='ltr'><strong>dominio</strong></span> <span class='ocrx_word' id='word_1_469' title='bbox 1721 2416 1921 2452; x_wconf 86' lang='lat' dir='ltr'><strong>serenissimi</strong></span> 
     </span>
     <span class='ocr_line' id='line_1_93' title="bbox 1167 2462 1921 2511; baseline 0.008 -11"><span class='ocrx_word' id='word_1_470' title='bbox 1167 2462 1169 2506; x_wconf 67' lang='grc' dir='ltr'><strong>ξ’</strong></span> <span class='ocrx_word' id='word_1_471' title='bbox 1189 2469 1275 2511; x_wconf 76' lang='lat' dir='ltr'><strong>regis</strong></span> <span class='ocrx_word' id='word_1_472' title='bbox 1292 2467 1423 2510; x_wconf 76' lang='lat' dir='ltr'><strong>Magnae</strong></span> <span class='ocrx_word' id='word_1_473' title='bbox 1440 2467 1623 2501; x_wconf 86' lang='lat' dir='ltr'><strong>Britanniae</strong></span> <span class='ocrx_word' id='word_1_474' title='bbox 1634 2468 1921 2509; x_wconf 84' lang='lat' dir='ltr'><strong>subiectas.Quem</strong></span> 
     </span>
    </p>
   </div>
   <div class='ocr_carea' id='block_1_12' title="bbox 1189 2518 1788 2563">
    <p class='ocr_par' dir='ltr' id='par_1_13' title="bbox 1189 2518 1788 2563">
     <span class='ocr_line' id='line_1_94' title="bbox 1189 2518 1788 2563; baseline 0.003 -9"><span class='ocrx_word' id='word_1_475' title='bbox 1189 2522 1343 2562; x_wconf 85' lang='lat' dir='ltr'><strong>savorem,</strong></span> <span class='ocrx_word' id='word_1_476' title='bbox 1362 2526 1423 2554; x_wconf 87' lang='lat' dir='ltr'><strong>etc.</strong></span> <span class='ocrx_word' id='word_1_477' title='bbox 1442 2518 1543 2560; x_wconf 81' lang='lat' dir='ltr'><strong>Quam</strong></span> <span class='ocrx_word' id='word_1_478' title='bbox 1558 2521 1655 2563; x_wconf 88' lang='lat' dir='ltr'><strong>Deus,</strong></span> <span class='ocrx_word' id='word_1_479' title='bbox 1674 2526 1734 2556; x_wconf 89' lang='lat' dir='ltr'><strong>ete.</strong></span> <span class='ocrx_word' id='word_1_480' title='bbox 1755 2534 1788 2556; x_wconf 70' lang='grc' dir='ltr'><strong>»ε</strong></span> 
     </span>
    </p>
   </div>
   <div class='ocr_carea' id='block_1_13' title="bbox 1222 2591 1805 2673">
    <p class='ocr_par' dir='ltr' id='par_1_14' title="bbox 1222 2591 1805 2673">
     <span class='ocr_line' id='line_1_95' title="bbox 1222 2591 1805 2631; baseline 0.009 -13"><span class='ocrx_word' id='word_1_481' title='bbox 1222 2593 1235 2618; x_wconf 82' lang='lat' dir='ltr'><strong>‘l</strong></span> <span class='ocrx_word' id='word_1_482' title='bbox 1259 2591 1329 2619; x_wconf 85' lang='lat' dir='ltr'><strong>Edit.</strong></span> <span class='ocrx_word' id='word_1_483' title='bbox 1350 2592 1434 2619; x_wconf 78' lang='lat' dir='ltr'><strong>Maia.</strong></span> <span class='ocrx_word' id='word_1_484' title='bbox 1455 2591 1519 2627; x_wconf 87' lang='lat' dir='ltr'><strong>legit</strong></span> <span class='ocrx_word' id='word_1_485' title='bbox 1537 2593 1679 2620; x_wconf 82' lang='lat' dir='ltr'><strong>catholica</strong></span> <span class='ocrx_word' id='word_1_486' title='bbox 1698 2594 1736 2629; x_wconf 74' lang='lat' dir='ltr'><strong>(n.</strong></span> <span class='ocrx_word' id='word_1_487' title='bbox 1757 2594 1805 2631; x_wconf 83' lang='grc' dir='ltr'>Τ.).</span> 
     </span>
     <span class='ocr_line' id='line_1_96' title="bbox 1222 2636 1726 2673; baseline 0.008 -11"><span class='ocrx_word' id='word_1_488' title='bbox 1222 2636 1238 2662; x_wconf 83' lang='lat'><strong>2</strong></span> <span class='ocrx_word' id='word_1_489' title='bbox 1258 2636 1352 2672; x_wconf 83' lang='lat' dir='ltr'><strong>Aptius</strong></span> <span class='ocrx_word' id='word_1_490' title='bbox 1371 2636 1429 2671; x_wconf 83' lang='lat' dir='ltr'><strong>lege</strong></span> <span class='ocrx_word' id='word_1_491' title='bbox 1448 2639 1600 2672; x_wconf 76' lang='lat' dir='ltr'><strong>eapropter</strong></span> <span class='ocrx_word' id='word_1_492' title='bbox 1621 2642 1655 2670; x_wconf 67' lang='lat' dir='ltr'><strong>(a.</strong></span> <span class='ocrx_word' id='word_1_493' title='bbox 1677 2639 1726 2673; x_wconf 80' lang='grc' dir='ltr'>Τ.).</span> 
     </span>
    </p>
   </div>
   <div class='ocr_carea' id='block_1_14' title="bbox 1925 251 2107 280">
    <p class='ocr_par' dir='ltr' id='par_1_15' title="bbox 1925 251 2107 280">
     <span class='ocr_line' id='line_1_97' title="bbox 1925 251 2107 280; baseline 0.016 -3"><span class='ocrx_word' id='word_1_494' title='bbox 1925 252 1964 277; x_wconf 78' lang='lat' dir='ltr'><strong>An</strong></span> <span class='ocrx_word' id='word_1_495' title='bbox 1991 251 2018 278; x_wconf 70' lang='grc' dir='ltr'><strong>(ἶ,</strong></span> <span class='ocrx_word' id='word_1_496' title='bbox 2041 252 2107 280; x_wconf 66' lang='lat' dir='ltr'><strong>mae</strong></span> 
     </span>
    </p>
   </div>
  </div>
 </body>
</html>
