2227 3225
136 184 184 209 An.
201 183 230 210 C.
251 184 321 211 1⁶94

156 771 206 792 Item
222 771 248 792 de
267 771 314 792 illo·

129 803 174 818 rum
199 798 314 818 ordinatio-

130 830 155 844 ne
178 827 260 846 ratione
277 825 314 846 do·

130 850 211 872 mit-itii.

150 1939 178 1958 Ac
189 1938 271 1960 tandem
281 1939 307 1960 de

124 1970 142 1984 e·
152 1971 195 1985 rum
222 1966 307 1986 ordina-

123 1991 178 2011 tione
188 1992 269 2012 ratione
279 1992 307 2013 fa·

122 2018 259 2040 miliat-itatis,

896 186 1105 210 INNOCENTwS
1130 187 1174 209 xn
1200 187 1248 210 FP.

328 234 480 277 episcopo
505 234 668 266 ordinanti
691 244 749 277 per
774 244 847 266 eum
872 234 903 265 in
929 235 1064 266 collato·
1107 233 1134 266 ei
1153 234 1192 266 ad
1214 235 1308 266 vitam
1327 236 1582 275 sustmtamlam,
1608 236 1693 268 iuxta
1710 236 1839 268 modum

327 296 396 318 rum
429 286 581 319 ordinum
614 286 799 319 testimonio
832 286 981 319 similiter
1007 296 1060 318 re·
1106 287 1254 329 superius
1279 287 1496 329 praefinitum,
1517 288 1661 326 sattieiat,
1689 298 1840 330 quacum-

327 339 510 372 censendas
543 345 754 382 praesentare
789 345 948 372 teneatur.
976 339 1014 371 At
1038 338 1062 371 si
1106 349 1169 381 que
1206 339 1319 371 t‘raude
1355 344 1523 379 cessante,
1549 340 1675 379 statin‘i,
1709 341 1770 372 boo
1794 346 1842 373 est

325 396 418 434 pater
448 391 480 423 in
513 391 620 424 alieno
653 392 748 431 loeo,
782 391 837 424 ubi
871 391 940 425 eius
978 391 1062 423 tilius
1106 393 1219 425 saltem
1244 391 1328 424 intra
1353 392 1524 424 terminum
1558 393 1653 424 unius
1679 394 1800 425 mensis
1825 404 1842 426 a

325 448 419 476 natus
438 448 495 484 est,
514 444 637 477 tamdiu
662 455 697 477 ao
720 455 758 477 eo
783 445 890 478 animo
915 454 1064 487 perman-

324 496 422 537 serit,
446 502 482 530 ut
506 497 585 530 inibi
603 508 678 531 vere
703 497 902 531 domicilium
929 497 967 530 de
992 497 1062 529 iure

324 550 531 590 contraxerit,
557 555 634 584 tunc
659 561 725 584 non
751 550 842 593 origo
869 550 977 592 patris,
1004 549 1061 582 sed

325 602 525 636 domicilium
546 614 606 646 per
622 609 747 647 patrem
766 603 908 646 legitime
929 608 962 635 nt
975 613 1062 646 prae-

325 655 427 688 fertur
444 655 643 690 contractum
670 667 728 700 pro
755 657 961 690 ordinatione
982 656 1061 689 eius-

325 708 399 741 dem
424 708 481 741 filii
507 710 631 742 attendi
656 709 783 742 debeat.

368 761 383 804 g
409 761 440 794 5.
459 761 611 795 Subditus
632 768 738 795 antem
764 763 887 795 ratione
907 762 1060 796 domicilii

325 814 364 846 ad
389 813 540 847 effectum
560 815 757 858 suscipiendi
783 815 914 848 ordines
933 816 958 847 is
976 816 1061 847 dum-

325 873 409 900 taxat
426 873 608 909 censeatur,
625 869 689 912 qui,
708 869 783 902 licet
800 869 874 901 alibi
889 874 981 901 natus
996 869 1061 901 sue-

324 920 377 961 rit,
396 921 475 954 illud
491 926 597 955 tamen
611 921 693 954 adeo
709 922 868 955 stabiliter
886 922 1060 955 constitue-

322 973 363 1006 rit
383 973 416 1006 in
434 974 543 1018 aliquo
562 976 644 1015 loco,
665 980 698 1007 ut
718 976 766 1008 rel
788 986 845 1018 per
866 975 1058 1007 decennium
1080 993 1081 1003 t

1079 1025 1151 1070 ‘pis
1178 1027 1288 1071 quavis
1324 1028 1513 1061 auctoritato
1549 1028 1643 1060 etiam
1675 1039 1747 1060 cum
1774 1028 1841 1061 suis

322 1028 436 1060 saltem
462 1027 495 1060 in
520 1038 559 1060 eo
590 1027 791 1067 habitando,
825 1028 874 1060 vel
903 1027 1058 1059 maiorem

322 1090 431 1113 rerum
457 1091 494 1113 ao
513 1081 676 1114 bonorum
696 1091 826 1113 suorum
845 1085 971 1123 partem
988 1090 1058 1114 cuni

322 1134 489 1167 instructis
519 1134 653 1167 aedibus
674 1134 706 1166 in
734 1136 838 1167 locum
872 1134 1058 1166 huiusmodi

322 1188 559 1227 transferendo,
574 1187 684 1230 ibique
702 1188 837 1230 insuper
850 1198 907 1230 per
927 1187 1057 1230 aliquod

322 1240 560 1273 considerabile
581 1246 707 1284 tempus
725 1241 966 1280 commorando,
982 1240 1057 1272 satis

321 1304 483 1336 superque
502 1304 593 1326 suum
614 1299 773 1337 perpetuo
796 1293 914 1326 ibidem
935 1304 1057 1336 perma-

320 1346 420 1379 nendi
445 1346 590 1378 animum
616 1346 904 1385 demonstraverit;
925 1351 955 1378 et
976 1345 1058 1378 nihi-

319 1399 460 1431 lominus
483 1399 619 1432 ulterius
651 1403 792 1442 utroque
821 1409 895 1430 casu
921 1409 955 1431 se
982 1409 1055 1431 rere

319 1457 350 1484 et
375 1452 505 1484 realiter
538 1451 682 1484 animum
716 1450 902 1484 huiusmodi
935 1450 1055 1483 habere

317 1503 526 1537 iureiurando
562 1504 710 1536 affirmet.
738 1503 769 1536 Si
804 1503 874 1546 quis
906 1509 1014 1536 autem
1038 1514 1054 1535 a

317 1557 471 1600 propriae
488 1556 622 1599 originis
648 1557 719 1589 loco
743 1556 776 1589 in
803 1559 839 1589 ea
863 1562 967 1589 aetate
993 1556 1055 1588 dis--

318 1610 475 1650 cesserit,
502 1620 564 1653 qua
597 1609 743 1653 potuerit
774 1609 869 1642 alicui
896 1610 1053 1642 canonico

316 1663 547 1707 impedimento
574 1663 732 1696 obnoxius
757 1662 852 1703 effici,
879 1663 974 1696 etiam
998 1663 1054 1696 Or-

318 1716 433 1749 dinarii
458 1725 533 1749 suae
550 1715 686 1758 originis
706 1715 941 1748 testimoniales
967 1715 1054 1748 litte—

316 1779 382 1809 ras,
401 1774 436 1801 ut
453 1778 560 1813 supra,
578 1768 690 1801 atl'erre
715 1768 857 1808 debebit,
876 1778 911 1800 ac
932 1769 971 1800 de
989 1768 1052 1801 illis

317 1832 469 1866 expressa
493 1821 645 1854 similiter
676 1821 797 1854 mentio
822 1821 855 1853 in
879 1826 1049 1865 suscepto-

316 1886 388 1909 rum
412 1875 565 1909 ordinum
589 1874 706 1908 litteris
731 1874 879 1907 facienda
903 1875 975 1907 erit.

361 1929 376 1973 g
400 1928 432 1961 6.
459 1928 507 1961 Ad
531 1928 613 1961 haec
636 1928 745 1960 nullus
777 1927 951 1970 episcopus
977 1927 1053 1960 alie-

316 1993 376 2015 nae
393 1981 553 2015 dioecesis
570 1980 733 2014 subditum
751 1980 943 2013 familiarem
961 1991 1052 2013 suum

316 2035 356 2069 ad
381 2035 508 2078 aliquos
534 2044 642 2067 sacros
667 2043 724 2067 seu
755 2034 897 2066 minores
922 2033 1051 2066 ordines

314 2089 365 2121 vel
386 2088 482 2121 etiam
507 2088 643 2130 primam
668 2092 833 2120 tonsuram
859 2096 1052 2130 promovere

315 2151 373 2175 seu
387 2142 538 2174 ordinare
555 2145 741 2184 praesumat
757 2140 879 2183 absque
897 2139 964 2173 eius
982 2150 1052 2183 pro-

313 2195 377 2239 prii
402 2195 538 2238 originis
563 2194 689 2227 scilieet
717 2204 774 2227 seu
791 2194 945 2227 domicilii
963 2204 1053 2237 prae-

313 2248 370 2282 lati
396 2247 669 2281 testimonialibus
694 2246 819 2287 litteris,
841 2252 1000 2290 utsupra,
1020 2253 1052 2280 et

312 2302 384 2342 nisi,
404 2302 442 2334 ad
460 2301 697 2345 praescriptum
715 2300 849 2333 Concilii
867 2300 1049 2333 Tridentini

312 2355 459 2399 praefati,
486 2364 565 2387 sess.
586 2364 672 2394 xx111,
691 2364 763 2397 cap.
783 2364 814 2388 1x
832 2353 878 2386 De
894 2354 1050 2396 Reform„

313 2407 508 2441 familiarem
527 2407 731 2451 praedictum
759 2417 819 2450 per
838 2407 1001 2449 integrum
1019 2412 1051 2440 et

314 2461 513 2503 completum
535 2460 711 2493 triennium
728 2460 761 2493 in
777 2471 835 2493 suo
853 2460 967 2492 actuali
984 2471 1051 2494 ser-

312 2515 390 2548 vitio
415 2524 524 2547 secum
547 2514 733 2554 retinuerit,
764 2525 800 2548 ac
824 2514 889 2547 suis
915 2515 1050 2557 sumpti-

311 2567 373 2602 bus
399 2567 537 2608 aluerit,
562 2567 757 2601 beneficium
782 2568 933 2611 insuper,
961 2568 1049 2611 quod

400 2631 477 2662 Ruti.
497 2631 580 2659 Rom.
599 2646 633 2651 —
656 2631 716 2661 Vol.
736 2631 788 2659 XX
928 2630 962 2672 {354

1105 445 1156 478 die
1181 446 1282 478 sactae
1307 445 1534 485 ordinationis,
1555 456 1586 477 re
1604 445 1672 488 ipsa
1696 445 1744 478 illi
1765 455 1844 478 con-

1105 499 1195 539 ferat,
1221 509 1257 531 ac
1282 499 1314 531 in
1340 499 1557 531 ordinationis
1583 498 1770 531 huiusmodi
1797 504 1844 531 te-

1104 551 1255 584 stimonio
1273 562 1456 594 expressam
1479 551 1588 584 itidem
1615 551 1841 584 familiaritatis

1104 615 1140 637 ac
1164 605 1342 637 litterarum
1377 605 1616 648 praedictarum
1641 604 1842 637 montionem

1104 658 1208 691 facere
1234 663 1396 691 tencatur.

1147 712 1162 753 ξ
1188 711 1218 744 7.
1246 712 1359 751 Porro,
1387 716 1421 744 ut
1446 712 1644 754 quicumque
1671 712 1841 745 fraudibus

1103 763 1209 796 aditus
1243 764 1375 797 omnino
1405 764 1656 807 praecludatur,
1689 766 1840 797 volumus

1104 822 1134 848 et
1153 817 1331 859 apostolica
1352 817 1540 850 auctoritate
1561 817 1732 849 statuimus
1746 823 1841 860 atque

1103 869 1321 910 decernimus,
1346 875 1382 902 ut
1406 869 1578 912 episeopus
1603 870 1740 912 quilibet
1765 880 1841 902 suos

1103 924 1228 955 ratione
1255 922 1390 965 originis
1418 923 1484 955 sive
1509 922 1667 956 domicilii
1693 923 1842 956 subditos

1102 975 1236 1007 elericos
1266 986 1486 1018 quoscumque
1511 976 1550 1008 ab
1576 975 1691 1008 alienis
1717 975 1841 1018 episco-

1102 1080 1345 1113 commendatiis
1371 1081 1489 1113 litteris
1515 1086 1699 1123 promo'tOS,
1719 1081 1840 1113 nedum

1101 1134 1139 1165 ad
1164 1134 1298 1167 sormam
1324 1134 1457 1167 Concilii
1482 1134 1662 1166 Tridentini
1695 1134 1840 1176 supradi-

1101 1187 1153 1226 eti,
1167 1197 1246 1219 sess.
1266 1197 1326 1226 xw,
1346 1197 1417 1229 cap.
1437 1196 1471 1219 m
1490 1187 1535 1219 De
1552 1187 1706 1228 Reform„
1730 1186 1838 1229 quoad

1100 1239 1265 1272 seientiam
1280 1240 1463 1272 examinare
1482 1241 1595 1278 valeat,
1612 1249 1725 1272 verum
1742 1239 1838 1272 etiam

1100 1293 1250 1325 ordinum
1286 1294 1332 1325 eis
1370 1295 1563 1326 collatorum
1602 1293 1837 1326 testimoniales

1099 1346 1232 1386 litteras,
1259 1346 1357 1388 gratis
1383 1352 1504 1385 tamen,
1527 1356 1778 1388 recognoscere,
1801 1356 1838 1378 ac

1099 1398 1274 1440 diligenter
1310 1399 1520 1441 liicrquirere,
1545 1409 1585 1430 an
1621 1398 1729 1440 quoad
1762 1398 1836 1430 illos

1098 1451 1278 1492 praesentis
1295 1450 1536 1483 constitutionis
1562 1452 1665 1482 l'ornia
1683 1456 1714 1482 et
1732 1450 1837 1493 dispo-

1098 1503 1170 1536 sitio
1191 1504 1367 1546 adimpleta
1392 1504 1497 1543 suerit,
1517 1504 1681 1545 assignato
1699 1503 1745 1536 sic
1765 1513 1837 1545 pro-

1097 1556 1191 1589 motis
1216 1556 1353 1589 termino
1379 1557 1576 1600 competenti
1601 1557 1631 1589 ei
1652 1556 1754 1598 magis
1778 1557 1837 1589 be-

1097 1609 1207 1642 neviso
1232 1610 1270 1642 ad
1296 1610 1479 1642 docendum
1497 1610 1535 1642 de
1562 1609 1721 1642 eiusmodi
1739 1609 1835 1642 adim-

1096 1664 1271 1706 plemento,
1290 1663 1380 1704 itaut,
1403 1673 1481 1706 quos
1500 1673 1538 1696 eo
1559 1662 1696 1695 termino
1722 1663 1834 1706 elapso

1096 1715 1128 1748 id
1161 1716 1294 1749 minime
1328 1715 1530 1759 praestitisse
1565 1715 1762 1758 competerit
1776 1741 1784 1756 ,
1817 1726 1835 1748 a

1096 1774 1322 1812 susceptorum
1340 1768 1489 1802 ordinum
1509 1768 1670 1808 exercitio,
1689 1768 1716 1800 si
1740 1767 1784 1800 ita
1803 1772 1836 1800 et

1096 1822 1249 1865 quamdiu
1275 1822 1302 1854 ei
1327 1821 1481 1864 expedire
1506 1821 1676 1861 videbitur,
1699 1831 1836 1864 suspen-

1096 1875 1183 1914 dere,
1209 1874 1354 1918 illisque,
1375 1885 1413 1907 ne
1438 1875 1469 1906 in
1489 1874 1580 1907 altari
1599 1879 1653 1906 aut
1673 1874 1705 1906 in
1722 1873 1833 1917 aliquo

1096 1928 1209 1961 ordine
1234 1928 1439 1969 ministrent,
1467 1928 1661 1961 interdicere
1686 1928 1798 1971 possit.

1139 1981 1153 2023 ξ
1178 1980 1209 2013 8.
1229 1981 1273 2013 Ita
1290 1991 1366 2014 vero
1385 1981 1566 2024 praemissa
1589 1981 1697 2013 omnia
1718 1986 1749 2013 et
1767 1980 1834 2014 sin-

1095 2034 1170 2076 gula
1190 2038 1350 2077 perpetuo
1368 2044 1403 2066 ae
1422 2033 1653 2066 inviolabiliter
1670 2034 1833 2067 observari

1094 2092 1191 2130 atque
1208 2086 1379 2129 adimpleri
1399 2088 1555 2126 volumus,
1581 2092 1626 2126 ut,
1644 2087 1671 2120 si
1697 2087 1773 2130 quid
1799 2089 1834 2121 in

1094 2139 1209 2172 iisdem
1223 2138 1408 2182 praemissis
1421 2150 1476 2172 seu
1489 2149 1600 2172 eorum
1615 2139 1724 2183 aliquo
1737 2151 1832 2174 secus

1095 2193 1158 2233 fiat,
1182 2193 1336 2226 ordinans
1362 2192 1493 2236 quiden]
1510 2204 1527 2226 a
1548 2193 1726 2226 collatione
1745 2194 1834 2227 ordi-

1093 2257 1169 2279 num
1184 2256 1241 2289 per
1259 2256 1389 2287 annum,
1410 2246 1578 2279 ordinatus
1596 2257 1672 2280 vero
1694 2258 1712 2280 a
1728 2257 1835 2281 susce-

1094 2305 1221 2343 ptorum
1232 2299 1381 2332 ordinum
1392 2299 1589 2340 executione,
1599 2300 1751 2343 quamdiu
1761 2311 1833 2344 pro-

1092 2353 1164 2396 prio
1175 2352 1345 2386 Ordinario
1357 2353 1517 2386 videbitur
1530 2353 1693 2396 expedire,
1704 2364 1743 2386 eo
1757 2354 1830 2397 ipso

1093 2417 1269 2449 suspensus
1285 2406 1341 2446 sit,
1367 2406 1505 2449 aliisque
1522 2406 1657 2449 insuper
1674 2407 1832 2449 graviori-

1092 2461 1151 2493 bus
1165 2459 1278 2503 poenis
1293 2470 1351 2502 pro
1366 2460 1462 2492 modo
1476 2460 1590 2502 culpae
1604 2465 1713 2492 nostro
1725 2465 1756 2492 et
1770 2470 1828 2503 pro

1093 2519 1238 2556 tempore
1256 2512 1423 2546 existentis
1443 2512 1578 2545 Romani
1595 2512 1759 2545 pontificis
1778 2523 1828 2546 ar-

1092 2567 1189 2601 bitrio
1207 2566 1390 2610 infligendis
1407 2571 1543 2610 uterque
1560 2565 1736 2599 subiaceat.

1736 178 1800 209 aar»
1848 187 1896 213 An.
1914 186 1942 212 C.
1966 186 2034 212 motu

1866 721 1895 742 De
1906 722 2035 743 auctoritate

1882 754 1923 767 ts'tu
1965 756 1975 768 ΙΙ
1987 756 2036 768 ,⁴11va

1852 775 1948 794 suma-1>
1958 776 1984 794 ab
1996 777 2035 796 iltis

1852 801 1970 822 ordinatos.

1857 1988 1941 2018 Poenae
1951 1989 1970 2009 in
1980 1995 2028 2011 cou-

1844 2017 1994 2038 traveuieutes.
