2227 3225
134 255 185 282 An.
206 257 233 283 (Σ,
255 258 319 284 1ιῆ97

172 423 239 444 Cama
255 429 313 445 revo-

132 454 228 471 rationis.

195 1531 312 1552 noioeane

129 1559 261 1583 praedicta.
300 1564 312 1578 a

129 1591 170 1609 qua
194 1587 312 1605 eximuntur

129 1611 240 1637 'unuln-,pa
260 1617 311 1637 apo-

128 1638 212 1658 stulu-¹.

904 256 1110 279 ῐῙῗΧιῚιἾΙίλΊῚΙΪΝἱ
1137 257 1178 279 ΧΗ
1206 257 1251 279 ΓΡ.

327 315 395 338 cem
422 314 628 348 progressum
655 303 827 336 salubriter
848 304 1001 346 expedire
1028 303 1058 335 in

325 356 462 390 Domino
484 357 691 390 arbitramur.

369 409 383 452 ξ
412 409 437 441 i.
463 409 541 443 Cum
567 409 690 453 itaque,
712 409 793 442 sicut
817 421 874 453 pro
896 415 987 453 parte
1013 420 1060 442 ca-

324 462 441 495 rissimi
468 463 498 495 iu
525 463 654 496 Christo
681 463 737 496 tilii
764 463 862 496 nostri
885 463 991 496 Caroli
1009 463 1062 496 lli-

324 516 508 559 spaniarum
536 516 619 559 regis
644 516 796 549 catholici
829 516 923 549 nobis
957 526 1061 559 nuper

324 569 509 612 expositum
530 569 597 610 suit,
616 569 647 602 in
673 569 887 613 quorumdam
905 569 1060 602 Ordinum

322 622 524 664 regularium
562 621 752 665 provinciis,
780 632 862 665 quae
898 622 930 654 in
962 622 1061 655 lndiis

323 674 581 708 occidentalibus
606 680 638 708 et
663 675 775 709 insulis
809 676 855 708 eis
885 675 1061 709 adiacenti-

322 727 382 760 bus
408 727 513 761 eidem
539 728 652 761 Carolo
678 729 747 771 regi
779 728 933 762 subiectis
956 729 1061 762 consi-

323 786 423 820 stunt,
451 780 476 813 is
501 782 563 813 late
588 781 760 814 invaluerit
785 783 903 814 abusus
933 788 968 813 ut.
992 783 1061 825 plu—

323 834 396 867 rimi
433 834 673 877 provinciarum
704 835 890 868 huiusmodi
916 836 1060 878 religiosi

323 887 502 930 magisterii
529 887 705 919 aliorumve
737 887 895 930 graduum
930 899 1062 932 praero-

324 939 439 982 gatii-is
460 939 524 973 sire
550 940 646 973 etiam
673 940 768 973 variis
802 941 1061 985 exemptIOnibus

325 1002 361 1025 ac
387 992 498 1035 gratiis
519 993 579 1025 sibi
605 1004 622 1026 a
647 993 714 1026 suis
735 994 961 1037 superioribus
987 1005 1061 1028 con-

325 1051 373 1078 tra
392 1052 424 1079 et.
448 1052 577 1090 praeter
603 1047 767 1089 regularia
785 1047 943 1080 Ordinum
967 1059 1060 1091 prae-

325 1099 486 1132 dictorum
512 1099 660 1132 instituta
677 1100 799 1133 collatis
817 1111 872 1133 seu
898 1102 1060 1135 concessis

325 1153 483 1193 fruantur,
502 1163 567 1185 nou
586 1153 656 1185 sine
677 1153 867 1195 gravissimo
890 1155 1061 1197 religiosae

326 1205 533 1246 humilitatis,
561 1216 655 1249 qnam
680 1206 778 1239 iidem
800 1206 941 1240 'Ordines
967 1209 1062 1251 proti-

325 1264 445 1299 tentur‚
473 1258 691 1292 detrimento:
719 1259 811 1291 nobis
838 1265 1011 1303 propterea
1031 1272 1063 1294 e-

325 1313 451 1346 iusdem
477 1311 583 1345 Caroli
609 1312 696 1355 regis
727 1312 860 1345 nomine
895 1313 1063 1347 humiliter

324 1366 540 1409 supplicatum
570 1365 630 1398 snit
662 1371 697 1397 ut
726 1366 757 1398 in
789 1366 976 1409 praemissis
1008 1377 1063 1411 op-

322 1423 465 1462 portune
497 1417 669 1461 providere
696 1417 733 1451 de
759 1418 961 1461 benignitate
987 1430 1062 1463 apo-

323 1471 439 1504 stolica
465 1471 686 1513 dignaremur.

368 1524 383 1567 ξ
403 1523 434 1556 ⁶2.
457 1523 521 1556 Nos
544 1522 653 1566 igitur,
680 1523 735 1566 qui
757 1524 942 1566 regularem
968 1525 1062 1558 disci-

323 1577 445 1621 plinam
467 1576 597 1620 ubique,
623 1576 770 1620 adeoque
790 1577 886 1610 etiam
905 1577 938 1610 in
956 1589 1062 1612 remo-

325 1630 461 1663 tioribus
486 1630 525 1662 ab
547 1629 659 1662 eadem
677 1629 760 1663 Sede
776 1631 923 1674 partibus
940 1632 1060 1675 vigere,

322 1690 354 1716 ct
379 1693 509 1717 omnem
534 1682 622 1715 illins
639 1683 850 1716 relaxationis
868 1684 949 1718 viam
966 1696 1061 1728 prae-

322 1737 453 1770 cludere
480 1746 685 1779 summopere
707 1737 866 1780 cupimus,
886 1737 925 1771 de
945 1749 1062 1782 oppor-

323 1797 402 1823 tuno
428 1789 574 1822 remedio
598 1789 783 1832 providere,
811 1800 847 1823 ae
871 1790 933 1834 piis
959 1792 1061 1835 ipsius

322 1843 427 1876 Caroli
455 1842 540 1885 regis
565 1841 647 1874 votis
680 1842 740 1874 hac
765 1842 798 1874 in
823 1853 858 1875 re
872 1851 1060 1887 squantun]

323 1907 395 1930 cum
430 1895 568 1928 Domino
608 1905 801 1938 possumus,
840 1896 1062 1931 favorabiliter

322 1959 470 1982 annuere
497 1949 651 1989 volentes
686 1944 872 1982 huiu‘smodi
899 1950 1061 1993 supplica-

322 2003 462 2036 tionibus
488 2001 643 2043 inclinati‚
663 2012 776 2035 omnes
794 2007 824 2035 et
841 2012 1059 2047 quascumque

322 2055 498 2099 magisterii
538 2055 715 2088 aliorumve
754 2056 908 2098 graduum
948 2057 1061 2090 huius-

321 2109 408 2142 modi
448 2108 715 2152 praerogativas,
754 2119 882 2142 necnon
922 2110 1060 2143 cuiusvis

322 2161 450 2205 generis
476 2161 702 2205 exemptiones
729 2173 765 2195 ae
790 2163 909 2205 gratias
927 2173 1061 2206 quomo-

322 2215 502 2258 documque
523 2219 734 2257 nuncupatas,
750 2215 917 2258 quibusvis
932 2216 1060 2258 provin·

321 2267 443 2300 ciarum
480 2266 724 2310 praedictarum
758 2267 925 2309 religiosis
958 2269 1060 2301 cuius-

322 2330 458 2364 cumque
483 2319 660 2362 dignitatis,
685 2320 850 2363 qualitatis
886 2326 917 2353 et
941 2321 1056 2354 eondi—

325 2374 435 2415 tionis,
462 2383 499 2406 ac
523 2373 663 2406 cuiusvis
684 2373 822 2414 Ordinis,
841 2375 1060 2417 congregatio-

323 2427 373 2460 nis
398 2432 429 2460 et
453 2426 589 2460 instituti
615 2426 764 2468 existant,
790 2438 998 2472 quocumque
1025 2429 1061 2461 ti-

326 2480 404 2520 tulo,
428 2485 604 2523 praetexto,
630 2482 725 2513 causa
750 2487 782 2514 et
805 2481 973 2514 occasione
990 2492 1061 2515 con-

326 2539 373 2565 tra
397 2537 430 2565 et
445 2538 577 2576 praeter
601 2533 749 2566 ordinffln
768 2535 1058 2576 congregationum

326 2591 358 2619 et
382 2585 602 2618 institutorum
639 2587 869 2630 quorumlibet,
907 2588 1061 2630 apostoli-

325 2649 416 2674 casve
449 2639 696 2674 constitutiones
731 2641 889 2674 hactenus
926 2651 1059 2686 quoquo

1737 247 1799 281 775

1102 305 1199 337 modo
1220 304 1352 336 collata>v
1378 314 1433 336 seu
1460 314 1648 343 concessas,
1675 306 1742 337 sine
1769 307 1836 338 ullo

1103 362 1209 389 tamen
1243 366 1355 389 eorum
1384 356 1583 399 praeiudicio
1605 358 1658 399 qui
1685 357 1753 390 illas
1777 358 1837 390 silvi

1103 420 1120 442 a
1144 409 1226 442 Sede
1253 409 1437 452 Apostoliczi
1458 410 1598 442 conferri
1625 420 1679 441 seu
1705 411 1836 442 concedi

1102 462 1324 503 obtinuerunt,
1357 462 1547 495 auctoritate
1580 462 1771 505 apostolica,
1797 468 1839 495 te-

1103 526 1181 548 nore
1207 515 1439 559 praesentium,
1458 526 1656 555 revocamus,
1675 525 1837 547 cassamus

1104 575 1134 601 et
1151 569 1325 609 alriolemus,
1352 569 1538 612 viribusque
1557 575 1585 601 ct
1609 567 1722 602 eil‘ectu
1749 569 1840 612 peni-

1104 627 1153 655 tus
1179 628 1209 656 et
1234 622 1366 655 omnino
1392 632 1573 662 vacuamus,
1593 622 1679 655 acin
1698 621 1839 654 futurum

1103 675 1332 718 dispositiones
1357 675 1625 708 constitutionum
1657 673 1838 707 huiusmodi

1104 728 1335 761 inviolabiliter
1361 728 1528 761 observari
1555 727 1786 771 praecipimus.

1147 781 1161 823 ἓ
1180 780 1212 813 3.
1233 780 1464 821 Decernentes,
1485 780 1570 824 ipsas
1587 785 1774 823 praesentes
1792 781 1841 814 lit-

1105 839 1197 873 teras,
1224 839 1255 866 et
1280 834 1311 866 in
1344 833 1389 866 eis
1425 839 1578 866 contenta
1603 844 1839 877 quaecumque,

1104 886 1198 919 etiam
1224 897 1258 919 ex
1282 897 1318 919 eo
1344 887 1431 930 quod
1457 886 1626 930 praedicti,
1652 886 1745 920 aliive
1771 887 1841 931 qui-

1105 939 1183 973 libet
1204 940 1237 973 in
1261 940 1446 983 praemissis
1466 940 1573 973 forsan
1600 940 1758 973 interesse
1785 941 1841 973 lla-

1104 994 1220 1027 lientes
1246 1004 1301 1027 seu
1329 993 1452 1026 habere
1478 993 1728 1038 quomodolibet
1752 1004 1841 1037 prae-

1105 1046 1287 1087 tendentes,
1313 1046 1376 1079 illis
1413 1057 1479 1080 non
1504 1046 1753 1087 consenserint,
1782 1056 1841 1079 nee

1105 1099 1144 1132 ad
1167 1109 1203 1132 ca
1228 1100 1340 1141 vocati,
1367 1099 1454 1132 citati
1481 1100 1531 1132 vel
1554 1099 1663 1140 auditi,
1689 1109 1749 1132 nec
1773 1110 1842 1132 cau-

1105 1162 1169 1191 sae,
1184 1148 1319 1196 propter
1343 1163 1422 1197 quas
1441 1158 1632 1196 praesentes
1651 1153 1839 1193 emanarint,

1105 1204 1304 1238 sufficienter
1328 1206 1506 1246 adductae,
1532 1205 1715 1238 verificatae
1742 1211 1773 1239 et
1797 1206 1841 1238 iu-

1106 1257 1261 1291 stisicatae
1283 1259 1412 1299 fuerint,
1430 1270 1484 1292 seu
1503 1269 1539 1292 ex
1557 1259 1619 1292 alia
1636 1270 1840 1303 quacumque

1106 1312 1200 1344 etiam
1228 1312 1430 1354 quantumvis
1467 1313 1611 1356 legitima
1647 1318 1679 1345 et
1714 1313 1843 1356 privile—

1106 1365 1190 1408 giata
1215 1367 1320 1405 causa,
1346 1366 1464 1405 colore,
1485 1371 1653 1409 praetextu
1674 1372 1705 1398 et
1722 1367 1839 1410 capite,

1106 1417 1202 1451 etiam
1240 1417 1273 1450 in
1309 1428 1445 1461 corpore
1482 1418 1562 1451 iuris
1595 1419 1719 1459 clauso,
1745 1420 1840 1452 etiam

1106 1470 1261 1510 enormis,
1281 1470 1523 1504 enormissimae
1550 1476 1581 1504 et
1603 1472 1709 1505 totalis
1727 1472 1843 1506 laesio-

1105 1524 1166 1565 nis,
1193 1524 1282 1557 nullo
1307 1534 1449 1567 unquam
1484 1530 1630 1568 tempore
1660 1525 1699 1557 de
1733 1525 1844 1558 subre-

1106 1577 1227 1620 ptionis
1262 1577 1313 1610 vel
1347 1577 1552 1620 obreptionis
1593 1583 1647 1610 aut
1682 1579 1842 1611 nullitatis

1104 1629 1193 1670 vitio,
1217 1640 1274 1662 sen
1300 1629 1491 1662 intentionis
1515 1635 1655 1672 nostrae,
1681 1636 1736 1664 ant
1760 1631 1844 1664 inte-

1107 1693 1196 1715 resse
1224 1682 1415 1715 habentium
1433 1684 1627 1725 consenmis,
1642 1683 1746 1718 aliove
1767 1695 1845 1728 quo-

1104 1735 1185 1769 libet
1207 1736 1304 1768 etiam
1330 1736 1533 1779 quantumvis
1559 1747 1676 1780 magno
1709 1743 1740 1770 et
1768 1738 1844 1770 sub-

1105 1789 1246 1834 stantiali
1292 1789 1556 1833 individuamque
1600 1790 1844 1834 expressionem

1104 1832 1293 1885 requirente
1332 1842 1461 1875 defectu
1497 1842 1617 1884 notari,
1645 1843 1840 1887 impugnari,

1106 1895 1249 1938 infringi,
1270 1895 1454 1936 retractari,
1471 1896 1504 1928 in
1522 1896 1776 1929 controversiam
1795 1906 1844 1929 vo-

1105 1949 1182 1989 cari,
1210 1959 1267 1982 seu
1290 1949 1328 1981 ad
1356 1949 1512 1982 terminos
1534 1949 1613 1982 iuris
1639 1949 1763 1991 reduci,
1790 1956 1844 1983 aut

1105 2001 1257 2034 adversus
1284 2002 1356 2034 illas
1383 2002 1575 2046 aperitionis
1606 2003 1680 2043 oris,
1713 2003 1842 2035 restitu-

1105 2053 1201 2086 tionis
1226 2053 1257 2086 in
1275 2054 1448 2097 integrum,
1468 2055 1594 2088 aliudve
1613 2056 1842 2099 quodcumque

1104 2106 1196 2147 iuris,
1218 2107 1289 2140 sacti
1316 2108 1363 2140 vel
1392 2107 1513 2150 gratiae
1535 2108 1715 2141 remedium
1740 2109 1843 2142 inten-

1105 2160 1162 2192 tari
1199 2161 1248 2193 vel
1286 2161 1465 2204 impetrari,
1491 2167 1545 2194 aut
1569 2162 1755 2205 impetrato,
1782 2174 1840 2196 seu

1105 2214 1199 2245 etiam
1226 2219 1314 2246 motu
1339 2214 1483 2257 proprio,
1507 2220 1538 2247 et
1562 2225 1597 2247 ex
1625 2218 1713 2248 certa
1736 2217 1841 2250 scien-

1105 2266 1156 2306 tia,
1183 2267 1287 2310 deque
1313 2267 1512 2310 apostolicae
1537 2269 1707 2312 potestatis
1735 2271 1841 2313 pleni-

1105 2319 1215 2352 tudine
1234 2330 1392 2354 concesso
1412 2322 1461 2354 vel
1479 2327 1639 2363 emanato‚
1655 2323 1839 2367 quempiam

1104 2373 1136 2405 in
1162 2373 1282 2406 iudicio
1304 2375 1352 2407 vel
1379 2380 1469 2408 extra
1493 2375 1571 2408 illud
1590 2376 1635 2408 uti
1655 2387 1711 2409 seu
1736 2387 1770 2410 se
1794 2377 1842 2409 iu-

1105 2438 1179 2460 vare
1204 2428 1271 2460 ullo
1296 2428 1392 2462 modo
1417 2440 1522 2472 posse,
1555 2430 1610 2463 sed
1636 2429 1722 2474 ipsas
1746 2441 1841 2474 prae-

1104 2486 1212 2513 sentes
1237 2480 1360 2513 litteras
1387 2492 1516 2525 semper
1533 2481 1651 2522 sumas
1668 2483 1791 2516 validas
1809 2489 1841 2516 et

1105 2534 1250 2567 efficaces
1275 2534 1412 2568 existere
1439 2541 1469 2568 et
1493 2536 1579 2575 sore,
1604 2546 1745 2579 suosque
1769 2538 1840 2580 ple-

1104 2587 1210 2620 narios
1236 2593 1267 2620 et
1291 2587 1434 2629 integros
1453 2587 1583 2621 effeetus
1601 2588 1709 2621 sortiri
1730 2594 1761 2621 et
1786 2589 1839 2622 ob-

1105 2642 1217 2681 tinere,
1246 2652 1282 2674 ac
1308 2643 1347 2675 ab
1372 2642 1447 2683 illis,
1480 2642 1519 2675 ad
1553 2652 1633 2685 quos
1658 2647 1782 2685 spectat
1806 2648 1839 2676 et

1846 256 1863 282 A
1872 264 1895 282 u.
1917 256 1945 283 C.
1966 256 2028 283 «saw

1877 791 1998 812 Clausulam
