2254 3225
268 196 316 222 An.
336 195 363 221 c.
385 195 446 222 1091
496 186 560 220 364

460 243 606 285 stituere,
627 245 680 289 qui
707 245 736 279 ei
762 246 913 279 succedat
938 246 1194 281 irrevocabiliter

460 295 494 328 in
519 298 606 330 omni
631 298 700 332 iure
719 299 830 342 ipsius,
849 304 944 343 atque
965 299 1061 333 etiam
1079 299 1112 332 in
1130 299 1187 332 suf-

461 349 564 393 fragio
583 351 713 394 capituli
731 352 904 395 generalis.
922 352 1012 392 Quod
1031 352 1057 385 si
1072 352 1195 385 accidat

461 403 593 438 omnino
617 405 658 437 ad
683 405 828 448 regimen
864 406 1014 449 impediri
1046 411 1194 448 tempore

461 456 703 490 convocationis
727 459 767 491 ad
790 460 970 501 praefatum
995 458 1192 503 capitulum,

461 516 539 544 111110
554 511 691 544 vicarius
707 513 915 556 provincialis
933 513 972 546 ab
993 524 1031 547 eo
1048 513 1195 547 nomina-

461 569 512 598 tus
533 565 566 598 in
584 565 668 599 dicto
686 566 826 610 capitulo
844 566 1010 610 suffragari
1036 572 1193 611 nequeat·‚

461 618 518 651 sed
543 619 582 651 ad
607 618 794 662 suffragium
819 619 1002 654 huiusmodi
1028 626 1195 664 praestan-

462 671 536 704 dum
563 672 713 705 succedat
740 683 880 716 semper,
905 676 939 707 ut
963 674 1192 717 praediximus,

461 724 704 758 commendator
740 725 855 759 domus
896 726 1107 770 capitularis,
1140 733 1195 762 aut

461 775 542 810 alius
567 777 606 810 de
630 777 763 822 reliquis
788 789 845 812 suo
870 780 983 813 ordine
1002 791 1018 813 a
1043 782 1196 814 constitu-

462 829 549 863 tione
575 831 706 863 vocatis.
734 830 793 869 Qui
818 832 948 875 quidem
965 834 1087 877 pariter
1106 845 1123 867 a
1144 845 1196 868 ne-

460 883 546 916 mine
563 885 706 916 revocari
723 886 840 925 val-eat,
859 891 956 929 atque
974 887 1006 919 in
1026 889 1194 930 praedicto

460 935 601 979 capitulo
627 937 770 979 generali
797 939 1021 982 universisque
1039 941 1107 974 eius
1124 942 1196 974 acti-

459 989 521 1022 bus
547 994 577 1022 et
602 989 794 1023 delinitoriis
820 1001 950 1034 semper
974 993 1121 1027 eamdem
1146 1005 1195 1028 vo-

460 1051 531 1074 cem
556 1042 724 1075 electivam
759 1048 789 1075 et
823 1044 997 1077 decisivam
1033 1047 1096 1078 una
1122 1057 1195 1079 cum

459 1094 533 1127 loco
559 1094 743 1137 possideat,
768 1106 804 1128 ac
836 1095 902 1138 ipse
934 1098 1145 1140 provincialis
1169 1100 1195 1132 si

459 1145 596 1186 adesset,
615 1158 754 1191 vereque
778 1155 947 1192 reputetur
971 1150 1003 1182 in
1031 1151 1085 1184 tali
1111 1153 1198 1195 capi-

459 1200 526 1232 tulo
554 1205 717 1243 tamquam
751 1201 819 1234 eius
851 1202 1036 1245 provinciae
1061 1204 1197 1239 vicarius

458 1253 687 1295 provincialis,
713 1254 834 1287 etiamsi
861 1257 930 1289 solo
961 1257 1053 1291 titulo
1080 1259 1198 1291 5111110-

460 1304 555 1347 gandi
575 1308 777 1350 convenerim
799 1309 862 1342 1100
886 1310 991 1353 ipsum
1017 1312 1045 1344 ei
1068 1323 1196 1356 quoque

459 1358 678 1399 concedimus,
698 1360 824 1394 etiamsi
845 1363 1053 1404 provincialis
1074 1376 1139 1398 non
1158 1367 1196 1399 sit

460 1410 593 1444 0111111110
620 1412 792 1456 impeditus
826 1416 864 1448 ad
898 1416 1114 1459 gubernium,
1141 1420 1195 1452 sed

460 1463 499 1496 ad
524 1463 587 1496 iter
621 1466 781 1507 agendum
816 1468 854 1500 atl
892 1466 1011 1502 <lictum
1045 1473 1195 1513 generale

459 1517 635 1561 capitulum
657 1521 752 1552 causa
781 1520 975 1554 infirmitatis
997 1524 1195 1558 medicorum

460 1567 577 1603 iudicio
603 1571 822 1614 comprobata.
842 1573 999 1607 Similiter
1016 1576 1041 1607 si
1064 1577 1196 1619 11101111-

459 1623 547 1656 cialis
573 1625 682 1667 egredi
715 1625 830 1659 debeat
862 1633 950 1660 extra
974 1629 1192 1671 provinciam,

457 1676 611 1709 vicarium
643 1678 892 1721 provincialem,
918 1691 1019 1725 usque
1045 1682 1119 1716 dum
1144 1695 1194 1717 re-

457 1734 613 1771 vertatur,
641 1731 797 1765 Instituat.

500 1793 557 1816 vu.
584 1783 697 1817 Caveat
715 1790 821 1818 autem
842 1787 998 1830 magister
1020 1791 1193 1831 generalis,

457 1845 507 1874 ne,
525 1835 652 1868 vivente
678 1837 890 1879 provinciali,
917 1845 948 1872 et
974 1842 1122 1884 expedito
1144 1855 1210 1886 re<

457 1887 576 1930 gimine
594 1916 601 1929 ,
628 1895 683 1922 aut
707 1890 803 1923 etiam
835 1902 894 1934 per
918 1903 952 1925 se
978 1895 1192 1929 substituente

457 1941 488 1973 in
507 1941 634 1973 casibus
648 1942 711 1975 iam
724 1944 881 1986 praefatis
900 1950 931 1978 et
949 1946 1076 1987 debitis,
1097 1949 1192 1982 alium

456 1993 610 2027 vicarium
627 1995 672 2029 illi
691 1997 875 2039 substituat,
894 1999 954 2032 nisi
977 2005 1101 2034 tautum
1119 1990 1209 2035 eum¹

456 2047 495 2080 de
520 2047 588 2080 iure
606 2054 637 2081 et
657 2059 694 2081 ex
713 2052 808 2083 causa
829 2050 920 2084 illum
942 2054 981 2086 ab
1001 2054 1107 2087 officio
1125 2066 1192 2088 sus-

454 2100 606 2143 penderit
642 2103 690 2135 vel
726 2103 935 2147 deposuerit;
970 2105 1003 2139 in
1036 2107 1074 2140 iis
1107 2108 1191 2141 enim

455 2153 582 2186 casibus
618 2155 740 2197 poterit
777 2156 909 2199 quidem
944 2159 1116 2202 providere
1152 2161 1191 2194 de

453 2205 592 2247 vicario,
620 2207 674 2249 qui
706 2218 814 2241 curam
852 2210 970 2244 habeat
1005 2213 1190 2256 provinciae

453 2266 556 2302 usque
582 2259 620 2293 ad
645 2261 840 2295 solutionem
863 2265 1089 2307 suspensionis
1115 2278 1190 2310 pro-

452 2312 598 2346 vincialis
614 2341 621 2354 ‚
646 2315 695 2347 vel
729 2315 868 2349 suturam
900 2317 969 2351 eius
995 2319 1190 2354 electionem

454 2363 488 2398 in
512 2366 666 2410 capitulo.

496 2429 566 2452 vm.
586 2420 674 2453 Licet
690 2421 899 2464 provincialis
913 2424 962 2466 (ut
975 2426 1187 2467 praemissum

453 2473 516 2515 est)
542 2473 574 2505 in
600 2474 711 2507 mortis
737 2475 871 2509 instanti
891 2478 1061 2511 nominare
1086 2481 1190 2522 possit

453 2524 605 2558 vicarium
629 2527 862 2570 provincialem
887 2535 962 2572 post
986 2531 1125 2571 obitum,
1156 2533 1187 2564 in

1035 197 1212 222 BULLARIUM
1237 197 1253 220 R
1260 197 1391 221 ommni

1235 245 1455 289 provincialis,
1477 245 1573 279 etiarn
1597 245 1629 279 in
1654 247 1778 291 eapite;
1803 247 1872 288 sed,
1896 257 1971 281 casu

1237 309 1300 342 quo
1318 299 1388 342 ipse
1406 299 1544 332 vicarius
1565 301 1734 342 moriatur,
1753 301 1902 335 succedat
1917 311 1973 334 no-

1235 351 1374 384 minatus
1411 352 1444 385 in
1479 353 1725 387 renunciatione
1761 354 1970 398 provincialis

1236 403 1323 438 iuxta
1336 405 1472 438 sormam
1487 406 1519 438 in
1534 406 1597 440 hoc
1610 407 1716 451 capite
1730 419 1817 442 num.
1832 420 1862 444 v1
1880 420 1972 454 prae-

1236 455 1353 498 fixam3
1372 457 1405 490 in
1430 458 1559 492 casibus
1577 465 1684 493 autem
1708 461 1824 505 quihus
1850 462 1971 496 dictum

1236 510 1391 543 vicarium
1418 512 1577 555 impediri,
1595 514 1760 557 suspendi,
1777 515 1897 559 deponi
1921 517 1971 550 vel

1236 564 1428 598 renunciare
1445 565 1629 608 contigerit,
1644 567 1724 600 itaut
1740 568 1971 603 substitutione

1237 616 1277 649 sit
1300 627 1390 660 opus,
1408 623 1574 651 serventur
1598 621 1706 653 omnia
1726 631 1808 665 quae
1832 622 1866 655 in
1889 622 1974 656 simi-

1237 669 1322 703 libus
1347 671 1386 704 de
1410 672 1600 713 provinciali
1624 674 1856 716 praediximus.

1280 733 1325 757 lx.
1353 723 1464 768 Neque
1489 725 1623 769 insuper
1643 728 1787 761 succedit
1808 729 1973 773 praefatus

1237 776 1373 810 vicarius
1404 778 1613 821 provincialis
1644 779 1677 813 in
1707 781 1890 816 omnimoda
1915 794 1974 827 po-

1238 835 1353 863 testate
1385 831 1424 864 ad
1461 831 1652 874 privandum
1676 844 1733 866 seu
1758 837 1973 870 amovendum

1238 884 1519 917 commendatores
1541 896 1558 918 a
1579 886 1646 918 suis
1668 887 1780 920 officiis
1798 888 1829 920 in
1847 895 1974 932 postre-

1237 947 1290 969 mo
1322 947 1406 970 anno
1432 937 1583 978 triennii;
1610 938 1673 972 hoc
1709 940 1795 974 enim
1828 947 1972 986 tempore

1238 989 1327 1022 nulla
1351 989 1475 1023 ratione
1500 991 1643 1033 patimur
1671 1003 1768 1035 posse
1794 1003 1849 1027 eos
1875 995 1974 1038 depo-

1238 1052 1316 1075 nere
1342 1048 1395 1075 aut
1418 1042 1555 1086 privare,
1574 1044 1658 1077 bene
1675 1055 1751 1079 vero
1770 1048 1974 1090 suspendere

1239 1101 1294 1128 aut
1329 1096 1368 1128 de
1405 1096 1501 1130 domo
1538 1097 1569 1129 in
1607 1098 1736 1131 domum
1775 1101 1972 1143 transferre,

1239 1154 1338 1191 prout
1363 1148 1425 1181 sibi
1447 1149 1549 1182 visum
1576 1150 1673 1183 suerit
1692 1152 1858 1195 expedire.
1884 1152 1975 1192 Quod

1240 1202 1268 1234 si
1293 1203 1538 1236 commendator
1561 1204 1677 1247 aliquis
1701 1205 1734 1237 in
1755 1206 1870 1240 ultimo
1886 1217 1977 1250 prae·

1240 1255 1304 1288 sato
1331 1266 1416 1289 anno
1441 1266 1569 1289 causam
1595 1257 1785 1300 privationis
1811 1265 1976 1303 perpetra-

1239 1308 1331 1349 verit,
1353 1309 1431 1342 liaec
1451 1310 1646 1343 reservanda
1671 1316 1721 1344 est
1744 1313 1885 1355 capitulo
1904 1323 1977 1356 pro-

1238 1361 1376 1402 vinciali,
1394 1362 1504 1405 ibique
1523 1363 1725 1397 discutienda
1751 1369 1783 1397 et
1802 1364 1975 1399 iudicanda

1238 1414 1396 1457 legitime.
1423 1414 1454 1448 Si
1479 1426 1555 1448 vcro
1579 1417 1879 1451 commendatorem
1904 1420 1975 1452 sola

1238 1468 1453 1511 suspensione
1478 1468 1639 1512 corripiat,
1661 1471 1781 1512 poterit
1804 1471 1973 1505 nominare

1238 1521 1422 1564 praesidem
1449 1521 1498 1554 sui
1519 1528 1705 1562 conventus,
1732 1523 1803 1556 sine
1827 1534 1904 1558 voce
1929 1530 1974 1558 ta·

1237 1584 1310 1607 men
1337 1575 1375 1608 ad
1400 1575 1601 1618 capitulum,
1634 1586 1698 1619 qua
1734 1576 1854 1610 dictum
1880 1588 1973 1611 00111-

1237 1627 1460 1660 mendatorem
1497 1629 1650 1661 nolumus
1685 1629 1885 1671 destituere,
1912 1631 1970 1664 nisi

1237 1680 1367 1713 aliunde
1392 1680 1424 1712 in
1450 1681 1656 1723 regulatione
1680 1682 1841 1717 vocalium
1865 1685 1973 1717 veniat

1237 1732 1461 1765 destituendus
1482 1733 1638 1776 legitime.

1280 1797 1310 1818 x.
1336 1785 1366 1818 Si
1394 1786 1531 1819 vicarius
1556 1787 1765 1830 provincialis
1791 1791 1972 1832 quomodo-

1235 1838 1316 1871 libet
1333 1838 1501 1872 institutus
1518 1850 1630 1873 vocem
1649 1841 1779 1875 aliunde
1804 1843 1922 1877 habeat
1938 1844 1971 1876 in

1236 1891 1378 1934 capitulo
1404 1893 1559 1934 generali,
1585 1894 1635 1927 vel
1656 1895 1698 1927 sit
1722 1895 1874 1929 definitor
1897 1907 1972 1940 pro-

1235 1945 1367 1985 vinciae,
1388 1946 1527 1988 eligatur
1544 1957 1675 1990 semper
1692 1948 1775 1982 alius
1793 1949 1865 1983 loeo
1881 1951 1970 1984 illius

1236 2003 1303 2031 toto
1328 2004 1477 2042 tempore
1496 2010 1559 2042 quo
1575 2000 1670 2033 suerit
1689 2001 1825 2035 vicarius
1841 2005 1971 2047 provin-

1235 2052 1346 2092 cialis,
1373 2052 1415 2085 ita
1450 2053 1592 2094 scilicet,
1617 2059 1652 2086 ut
1676 2060 1740 2088 tam
1772 2055 1804 2088 in
1829 2057 1970 2100 capitulo

1234 2105 1379 2148 generali
1400 2116 1496 2148 quam
1515 2106 1701 2141 definitorio
1721 2109 1908 2151 provinciae
1929 2110 1968 2153 (si

1234 2158 1359 2191 accidat
1395 2158 1553 2192 celebrari
1573 2160 1585 2203 )
1621 2171 1789 2204 nunquam
1827 2162 1967 2197 delicere

1233 2211 1336 2255 possit
1361 2222 1512 2245 numerus
1543 2213 1724 2256 completus
1758 2214 1970 2250 definitorum

1233 2271 1286 2299 aut
1312 2265 1481 2298 vocalium.

1276 2330 1319 2353 xi.
1339 2319 1429 2353 Circa
1445 2320 1666 2354 immunitates
1681 2325 1712 2354 et
1728 2321 1898 2366 privilegia
1914 2333 1968 2358 eo-

1231 2384 1299 2406 rum
1319 2373 1372 2417 qui
1390 2373 1510 2406 suerint
1529 2373 1640 2407 vicarii
1664 2375 1893 2418 provinciales,
1913 2376 1968 2410 fir-

1231 2427 1326 2460 miter
1355 2426 1594 2468 constituimus,
1621 2433 1665 2468 ut,
1691 2435 1823 2472 peracto
1845 2430 1963 2471 officio,

1231 2491 1294 2513 11011
1321 2485 1472 2512 maneant
1497 2490 1569 2513 cum
1595 2481 1775 2515 honoribus
1797 2487 1829 2515 et
1854 2483 1965 2525 gratiis

1231 2533 1521 2576 exproviucialibus
1540 2533 1669 2575 debitis,
1687 2534 1748 2568 nisi
1767 2535 1876 2569 vicarii
1890 2546 1966 2579 pro-

451 2577 515 2613 hoc
540 2584 644 2613 tamen
677 2581 745 2615 iure
779 2593 842 2615 non
873 2585 1022 2616 succedat
1053 2585 1188 2618 vicarius
1230 2586 1384 2617 vinciales
1409 2586 1440 2617 in
1468 2586 1572 2628 capite
1598 2587 1770 2628 extiterint,
1789 2588 1885 2632 idque
1907 2598 1966 2631 per

1972 199 2026 228 An.
2045 199 2077 229 C.
2095 200 2160 230 169¹
