2227 3225
118 210 166 237 Λη.
183 208 212 236 C.
235 209 303 238 1695

897 210 1106 234 INNOCENTIUS
1131 211 1176 234 xn
1199 211 1247 234 PP.

313 260 378 292 sato
415 259 552 292 termino
586 259 698 302 elapso
715 285 722 297 ‚
747 268 859 291 vacare
885 258 1051 301 praedicta

287 311 471 356 ‘beneficia
507 318 539 344 et
574 311 678 344 officia
715 316 926 344 censeantur.
963 310 1050 343 Idem

312 365 444 398 omuino
470 369 625 397 statutum
645 370 692 397 est
708 365 793 397 cirea
812 365 896 404 illos,
913 364 977 407 qui,
993 363 1050 396 sub

313 428 370 460 spe
396 423 451 450 aut
474 418 604 460 saepius
629 422 797 460 praetextu
814 416 959 450 melioris
985 416 1052 448 sru-

313 471 361 513 gis
379 470 664 510 ineundae,dictae
684 470 842 513 regularis
860 469 1051 512 disciplinae

313 523 558 566 amplectendae
594 528 668 556 voto
699 522 903 566 provisiones
931 521 1051 554 beneti-

313 577 437 609 ciorum
459 577 653 619 regularium
679 582 732 609 aut
756 576 938 609 ol'ticiorum
965 575 1051 608 elau-

313 630 458 662 stralium
483 629 612 662 Ordinis
644 629 866 663 Cluniacensis
904 628 1054 662 obtinent

313 694 385 716 cum
412 683 545 716 decreto
572 683 719 715 habitum
746 683 932 725 regularem
957 681 1053 714 suti-

1095 259 1191 290 talem
1217 268 1388 291 numerum
1413 260 1668 300 sustentandum,
1688 266 1761 293 tunc
1779 271 1830 293 au-

1093 315 1207 354 geatur
1227 312 1277 344 vel
1303 322 1362 354 per
1389 312 1541 345 unionem
1568 318 1599 344 et
1623 313 1830 356 suppressio-

1094 374 1168 397 nem
1192 364 1422 404 sacristiarum‚
1449 370 1631 398 ceterorum
1653 365 1831 398 officiorum

1093 417 1313 455 claustralium
1329 417 1468 451 aliorum
1483 418 1763 458 monasteriorum,
1779 423 1833 450 aut

1093 471 1315 513 prioratuum,
1343 477 1374 504 et
1395 471 1421 504 si
1447 472 1527 505 illud
1559 472 1726 504 commode
1762 470 1831 503 steri

1094 534 1160 557 non
1185 525 1318 568 poterit,
1345 526 1458 558 saltem
1491 536 1550 568 per
1586 524 1831 557 translationem

1095 578 1280 610 eorumdem
1302 577 1496 618 officiorum,
1525 583 1556 611 et
1570 588 1628 621 per
1645 577 1833 620 appellatio-

1094 639 1167 663 nem
1193 636 1225 663 et
1250 631 1548 674 incorporationem
1573 630 1761 674 portionum
1780 635 1833 662 aut

1095 694 1281 716 mensarum
1306 685 1559 718 monachalium.

1729 202 1791 237 687
1838 211 1887 238 An.
1903 201 1935 239 'c.
1954 210 2019 238 1695

313 736 446 780 piendi,
480 747 562 780 quos
595 737 692 778 vulgo
727 741 844 769 vocant
883 734 1052 777 cupientes

313 788 476 832 profiteri;
503 788 556 832 qui
583 789 716 822 omnino
753 799 818 821 non
844 788 1054 821 admittantur

315 843 377 874 nisi
403 842 584 875 secundum
611 842 746 875 sormam
778 841 927 885 superius
958 850 1052 883 prae-

1138 746 1181 769 Π.
1208 736 1245 768 Et
1263 737 1339 780 qnia
1359 737 1399 769 ad
1424 737 1522 770 diriui
1549 737 1653 770 cultus
1677 747 1890 792 augmen-dd.¹¹
1934 780 1940 792 1
1987 777 2027 791 w

1098 794 1161 821 tum
1176 794 1299 822 certum
1315 800 1485 822 numerum
1498 790 1734 823 monachorum
1748 791 1833 823 alen-
1843 780 1933 819 mrunff'
1948 781 2028 819 3¹12...-

1808 844 1813 849 ,
1842 826 1929 845 liutwue
1972 832 2004 845 .·ιιι

1096 842 1170 875 dum
1197 843 1334 886 quilibet
1359 848 1389 876 et
1413 843 1530 887 singuli
1556 844 1683 887 priores
1705 836 2026 878 Ordinisttucemnam&-

1884 746 1912 766 Πι·
1929 752 2026 772 quorum-

1943 782 1954 789 ⁴.

146 1171 176 1193 De
192 1172 304 1193 novitiatu.

162 1963 190 1982 ΙἹρ
216 1969 302 1983 nurnero

137 1995 158 2010 m
170 1991 288 2010 anathemat

120 2022 137 2035 t·-
148 2022 234 2041 nutuque
255 2022 292 2036 con

317 901 460 929 notatam
486 901 518 929 et
541 895 790 939 praesci·iptam;
810 900 841 927 et
867 895 892 927 si
919 903 1053 937 capaces

317 954 349 982 et
366 949 476 982 idonei
502 949 625 992 reperti
651 959 715 981 non
741 948 869 988 suerint,
897 953 973 980 tuuc
998 947 1053 979 be-

314 1001 440 1035 neficiis
461 1009 491 1035 et
517 1001 631 1035 officiis
667 1002 733 1035 suis
768 1002 887 1034 cedere
913 1001 1054 1033 debeant

314 1056 399 1089 infra
425 1057 599 1089 terminum
620 1066 718 1099 supra
743 1055 1007 1094 determinatunn
1026 1065 1054 1086 a·

316 1109 440 1153 lioquin
464 1119 577 1143 vacare
603 1115 812 1142 censeantur.

361 1173 403 1195 lv.
429 1163 566 1200 Nullus,
592 1163 659 1195 sive
684 1162 866 1205 religiosus,
893 1162 958 1195 sive
984 1172 1053 1195 sae-

315 1215 446 1255 cularis,
475 1215 595 1258 poterit
619 1215 807 1248 novitiatum
835 1216 989 1248 inchoare
1024 1220 1055 1247 et

316 1267 476 1312 perficere
502 1268 563 1301 nisi
585 1269 616 1300 in
642 1269 849 1301 monasteriis
867 1269 904 1301 ad
927 1269 957 1301 id
983 1279 1054 1311 spe-

317 1321 445 1354 cialiter
477 1333 492 1353 a
524 1321 666 1364 capitulo
692 1322 835 1363 generali
869 1321 1052 1363 designatis,

315 1374 347 1406 in
370 1374 489 1416 quibus
515 1374 631 1407 delecti
657 1375 697 1407 ad
722 1376 795 1407 loca
819 1385 875 1406 seu
901 1375 939 1407 ad
966 1385 1054 1407 man-

314 1427 423 1460 siones
447 1427 670 1467 monachales,
689 1428 739 1460 vel
758 1427 796 1459 de
813 1427 982 1460 beneficiis
1000 1433 1053 1459 aut

314 1480 430 1512 ost‘tciis
455 1480 685 1512 claustralibus
710 1480 840 1522 provisi,
860 1481 920 1513 sub
938 1480 1053 1513 litteris

313 1532 509 1566 authenticis
545 1532 652 1575 sigillo
688 1540 870 1566 conventus
894 1534 1052 1573 munitis,

313 1591 376 1626 aut,
393 1586 424 1618 in
440 1596 512 1618 casu
531 1585 764 1628 negligentiae,
782 1586 906 1619 abbatis
925 1586 1052 1620 Clunia-

313 1639 429 1678 censis,
454 1639 493 1671 ad
518 1638 747 1682 probationem
773 1640 998 1682 recipientur,
1023 1646 1052 1673 et

314 1691 427 1724 habitu
451 1691 594 1734 regulari
620 1702 678 1734 per
702 1692 846 1736 priorem
864 1693 1052 1726 monasterii

314 1744 505 1784 induentur,
529 1754 681 1787 annoque
714 1745 888 1778 novitiatus
913 1747 1051 1789 expleto,

313 1802 348 1829 ut
372 1806 470 1839 supra
494 1802 647 1829 statutum
672 1803 731 1837 est,
758 1799 797 1831 ad
816 1799 1052 1841 professionem

314 1850 523 1883 monasticam
548 1850 760 1884 admittentur
787 1853 963 1885 secundum
988 1859 1053 1886 sta-

315 1909 394 1936 tuta.

358 1967 388 1989 v.
415 1955 494 1994 Quia
519 1963 722 2000 compertum
748 1963 793 1991 est
821 1958 963 1992 divinum
989 1960 1054 1993 eul-

315 2015 381 2042 tum
407 2010 454 2042 vix
481 2020 577 2053 posse
603 2011 767 2044 observari
795 2018 825 2045 et
843 2013 984 2046 divinum
1003 2013 1051 2046 os-

314 2063 422 2095 ticium
447 2064 606 2096 celebrari
635 2075 739 2108 neque
760 2065 855 2098 etiam
876 2067 1052 2100 oliservan-
1073 2077 1074 2082 ¹

313 2117 389 2148 tiam
406 2118 591 2159 regularem
610 2117 704 2150 facile
729 2129 821 2160 posse
847 2121 1051 2153 manuteneri

312 2168 345 2201 in
372 2170 579 2202 monasteriis
603 2169 636 2202 in
661 2171 778 2213 quibus
808 2172 974 2205 sufficiens
993 2183 1051 2205 nu-
1072 2186 1073 2192 ¹

311 2232 420 2254 merus
444 2222 679 2255 monachorum
712 2234 777 2257 non
810 2230 866 2265 est,
898 2231 1050 2259 statutum

313 2281 344 2308 et
364 2275 549 2308 ordinatum
575 2276 634 2309 suit
659 2277 690 2309 in
718 2278 864 2321 qualibet
886 2279 1052 2322 provincia

312 2334 400 2361 certa
424 2330 623 2362 monasteria
649 2331 797 2373 eligenda
818 2342 877 2374 pro
902 2338 1051 2375 opportu-

311 2380 411 2414 nitate
444 2381 524 2414 sitas
557 2388 588 2415 et
613 2382 848 2425 aedificiorum,
874 2384 905 2417 in
932 2386 1049 2428 quibus
1071 2394 1072 2400 ¹

311 2434 496 2467 stabiliatur
513 2445 665 2468 numerus
685 2437 797 2469 decem
816 2441 868 2470 aut
886 2439 924 2471 ad
944 2439 1049 2471 minus
1070 2455 1072 2468 ;

312 2492 385 2520 octo
410 2488 660 2521 monachorum.
687 2489 725 2521 Et
749 2490 775 2522 si
801 2490 957 2529 redditus,
976 2503 1050 2534 pro—

311 2545 426 2572 ventus
463 2545 495 2572 et
530 2541 745 2575 obventiones
777 2542 1071 2577 monasteriorum'

312 2593 358 2627 sic
379 2593 581 2627 detectorum
605 2605 672 2628 non
690 2596 817 2629 valcant
839 2596 985 2630 sufficere
1010 2599 1047 2631 ad
1070 2631 1071 2634 ,

1096 906 1131 928 ex
1151 896 1318 939 primaeva
1336 898 1527 930 eorumdem
1543 897 1748 940 prioratuum
1767 897 1833 929 sun-

1097 949 1228 982 datione
1250 960 1304 982 seu
1323 950 1489 983 erectione
1517 955 1686 991 teuentur;
1707 956 1739 983 et
1761 961 1832 983 cum

1097 1002 1185 1035 nulla
1202 1003 1306 1045 possit
1326 1003 1478 1036 adversus
1497 1003 1599 1036 Deum
1618 1008 1649 1036 et
1663 1004 1750 1045 leges
1770 1003 1835 1035 sun-

1097 1055 1219 1088 dationi
1256 1056 1401 1088 addictas
1436 1056 1653 1100 praescriptio
1688 1057 1832 1100 opponi:

1097 1107 1197 1140 visum
1227 1114 1275 1141 est
1314 1114 1417 1142 certas
1453 1112 1583 1152 regulas
1618 1111 1833 1150 statuendas,

1097 1160 1154 1192 sul)
1180 1161 1296 1204 quibus
1325 1162 1514 1195 huiusmodi
1547 1163 1721 1206 applicatio
1746 1174 1836 1196 men-

1097 1224 1202 1247 sarum
1229 1221 1260 1247 et
1294 1216 1369 1248 uuio
1402 1216 1580 1249 officiorum
1615 1217 1718 1260 possit
1748 1216 1831 1250 fieri.

1096 1267 1172 1300 Ideo
1198 1273 1352 1300 statutum
1379 1269 1528 1302 estnihil
1550 1270 1683 1303 omniuo
1709 1282 1725 1303 a
1749 1270 1836 1313 prio-

1097 1319 1223 1352 ratibus
1260 1326 1292 1353 et
1326 1323 1536 1355 monasteriis
1570 1323 1716 1356 eiusdem
1742 1324 1836 1356 Ordi-

1097 1373 1144 1405 nis
1177 1373 1235 1405 sub
1263 1374 1395 1407 nomine
1429 1376 1616 1417 portionum
1649 1377 1831 1410 monacha-

1096 1425 1175 1458 lium
1201 1426 1402 1468 exigendum,
1430 1428 1462 1460 in
1489 1428 1605 1471 quibus
1630 1435 1712 1469 actu,
1739 1435 1769 1463 et
1795 1431 1834 1463 de

1096 1478 1202 1518 sacto,
1231 1485 1263 1512 et
1288 1490 1304 1511 a
1333 1481 1547 1523 qttadraginta
1578 1483 1670 1515 annis
1695 1484 1835 1526 amplius

1097 1537 1128 1564 et
1154 1537 1252 1574 retro⁷
1271 1534 1360 1566 nulla
1381 1545 1491 1566 mensa
1516 1541 1569 1567 aut
1592 1536 1702 1579 portio
1727 1547 1835 1570 mona-

1096 1585 1199 1618 chalis
1224 1587 1378 1630 praestita
1405 1593 1463 1627 est,
1484 1594 1515 1621 et
1539 1599 1674 1631 quorum
1700 1590 1835 1634 insuper

1096 1638 1253 1679 redditus,
1279 1645 1466 1682 proventus,
1492 1641 1561 1674 iura
1597 1648 1629 1675 et
1664 1643 1834 1676 obventio—

1096 1702 1162 1731 nes,
1200 1692 1346 1725 deductis
1383 1694 1539 1728 oneribus
1575 1695 1730 1736 realibus,
1768 1707 1833 1729 non

1096 1745 1274 1779 ascendent
1298 1747 1336 1779 ad
1363 1757 1518 1780 summam
1543 1749 1633 1781 mille
1658 1754 1691 1782 et
1716 1749 1835 1782 ducen-

1098 1803 1198 1832 tarum
1238 1799 1403 1832 librarum.
1445 1800 1555 1839 Quoad
1597 1812 1670 1835 vero
1706 1809 1833 1836 ceteros

1095 1852 1257 1894 prioratus
1282 1857 1314 1885 ct
1338 1856 1537 1887 monasteria
1562 1854 1700 1896 Ordinis,
1733 1855 1833 1888 subii-

1095 1905 1221 1938 cientur
1245 1906 1479 1939 contributioni
1504 1908 1689 1940 earumdem
1715 1909 1833 1951 portio-

1095 1968 1171 1991 num
1204 1959 1467 2000 munachalinm,
1496 1963 1532 1993 ea
1564 1966 1669 1993 tamen
1702 1963 1774 2004 lege
1801 1969 1829 1993 ut

1095 2022 1224 2054 semper
1248 2013 1337 2044 salva
1362 2018 1392 2044 et
1417 2013 1528 2045 illaesa
1554 2020 1720 2047 remaneat
1746 2016 1829 2058 apud

1095 2064 1225 2096 eosdem
1250 2063 1390 2106 priores,
1412 2064 1466 2107 qui
1492 2065 1647 2098 eiusmodi
1672 2068 1832 2100 contribu-

1097 2117 1185 2156 tioni,
1210 2121 1244 2148 ut
1268 2127 1365 2160 supra
1391 2117 1575 2151 ordinatum
1602 2119 1668 2160 suit,
1693 2120 1829 2154 subiecti

1094 2181 1158 2203 non
1176 2171 1316 2210 suerunt,
1333 2171 1500 2213 praedicta
1520 2183 1648 2205 summa
1664 2173 1754 2207 mille
1773 2175 1831 2207 du-

1094 2229 1261 2256 centarum
1296 2224 1462 2263 librarum,
1488 2235 1548 2258 nec
1583 2226 1710 2268 possint
1746 2229 1831 2260 ultra

1095 2277 1222 2309 tertiam
1246 2282 1372 2320 partem
1397 2277 1581 2311 reddituum
1605 2289 1738 2313 mensae
1763 2291 1831 2314 mo-

1093 2331 1271 2363 nachorum
1298 2331 1491 2363 destinatum
1524 2332 1661 2374 gravari.
1695 2333 1732 2365 Et
1756 2333 1830 2377 quia

1093 2385 1132 2416 ad
1157 2384 1189 2416 id
1215 2394 1295 2427 opus
1319 2385 1559 2427 complendum,
1582 2386 1670 2428 quod
1695 2387 1828 2419 omnino

1093 2437 1192 2470 cultui
1219 2438 1329 2470 divino
1353 2438 1553 2471 restituendo
1584 2445 1616 2472 et
1637 2440 1828 2483 disciplinae

1094 2491 1232 2533 regulari
1269 2492 1301 2524 in
1326 2491 1445 2524 Ordine
1482 2494 1713 2526 restaurandae
1745 2504 1826 2527 cou-

1093 2555 1210 2587 gruens
1242 2550 1273 2577 et
1302 2545 1519 2577 necessarium
1552 2545 1726 2578 iudicatum
1760 2547 1827 2586 suit,

1092 2599 1183 2630 multi
1213 2598 1467 2631 contradictores
1492 2604 1647 2643 poterunt
1676 2599 1825 2642 inveniri,
