2227 3225
161 223 212 252 An.
231 225 261 251 C.
284 223 352 252 1690

181 1761 274 1782 Termini
284 1761 345 1782 dioe-

160 1789 214 1808 cesis
230 1789 281 1810 ilicti
300 1790 344 1815 opi-

159 1818 268 1840 ncupntus.

354 271 583 316 parisormiter,
601 282 701 314 aeque
719 266 956 314 principaliter,
977 274 1009 301 et
1027 268 1092 300 abs-

355 337 418 369 que
439 327 504 359 ulla
529 335 660 369 prorsus
681 323 875 363 differentia,
895 322 1031 366 perinde
1057 331 1093 354 ac

355 380 381 412 si
407 380 466 412 sibi
493 389 624 423 quoque
650 378 843 412 nominatim
862 382 895 409 ct
923 377 954 409 iu
983 376 1092 419 specie

355 444 508 467 concessa
541 437 573 465 et
601 442 756 475 expressa
786 432 939 469 suisseut,
968 429 1092 462 etiamsi

355 487 431 519 talia
463 487 527 519 sint
559 496 641 528 quae
676 484 851 528 specialem
885 483 1032 516 notitiam
1063 488 1095 515 ct

354 539 554 573 mentionem
585 538 753 582 requirant
786 543 819 570 et
855 538 915 569 sub
947 536 1093 578 generali

355 592 567 626 concessione
600 602 666 625 non
704 591 841 631 veniant,
867 591 899 623 in
925 592 980 622 sua
1005 590 1093 622 dioe-

354 646 420 679 cesi
440 647 480 679 de
498 645 608 678 Pekim
628 645 741 683 facere,
761 654 875 687 gerere
894 649 925 675 et
941 653 1092 676 exercere

355 699 458 732 libere
492 704 521 731 et
559 697 645 732 licite
671 698 783 740 possit,
809 703 840 729 ct
865 708 923 740 pro
949 701 1092 738 tempore

355 753 504 786 0115101111
544 752 791 794 archiepiscopo
828 749 990 783 (101111οη51
1024 749 1093 781 iure

353 807 607 850 metropolitico,
635 811 731 849 prout
758 811 831 837 ante
857 802 1092 846 separationem

354 866 385 893 et
409 859 731 893 dismembrationem
757 857 945 890 huiusmodi
978 855 1094 888 existe-

353 914 417 952 bat,
444 914 555 953 subsit,
571 923 641 945 cum
669 912 745 944 sede
763 917 795 944 ct
813 912 936 949 mensa,
956 909 1093 952 aliisque

354 966 501 1008 insigniis
517 965 773 1009 episcopalibus,
794 974 922 997 necnon
938 962 1095 1005 praeemi-

357 1019 476 1052 nentiis
511 1024 543 1052 et
578 1019 779 1057 honoribus,
813 1016 1010 1060 privilegiis,
1039 1015 1095 1047 im-

355 1072 568 1105 munitatibus
594 1077 626 1105 et
657 1071 768 1114 gratiis
805 1070 1029 1113 spiritualibus
1064 1074 1093 1101 et

355 1125 603 1168 temporalibus,
632 1123 871 1167 personalibus,
895 1122 1038 1155 realibus
1065 1125 1095 1154 et

355 1177 473 1215 mixtis,
488 1177 603 1220 quibus
618 1182 744 1209 ceterae
766 1176 970 1208 cathedrales
997 1176 1095 1207 eccle-

355 1230 421 1263 siae
447 1240 620 1273 regnorum
647 1236 675 1262 et
709 1229 928 1261 dominiorum
961 1228 1092 1270 praedi-

355 1289 482 1316 ctorum
507 1283 656 1315 similiter
681 1282 719 1315 de
746 1282 824 1321 iure,
846 1282 896 1314 vel
923 1285 1096 1313 consuetu-

355 1335 440 1374 dine,
459 1338 512 1368 aut
529 1334 664 1378 speciali
687 1334 856 1376 privilegio
883 1343 940 1365 seu
967 1332 1094 1365 indulto

355 1388 546 1430 apostolico,
562 1388 612 1420 vel
632 1387 710 1419 alias
729 1385 977 1429 quomodolibet
1000 1391 1095 1417 utun-

357 1445 416 1480 tur,
442 1440 614 1483 potiuntur
639 1444 670 1472 et
695 1439 844 1481 gaudent,
863 1448 898 1470 ac
923 1437 977 1475 uti,
999 1437 1094 1480 potiri

355 1498 387 1525 et
421 1492 563 1535 gaudere
599 1496 753 1535 poterunt
788 1490 1038 1534 quomodolibet
1062 1490 1094 1522 in

355 1545 508 1584 futurum,
534 1545 573 1578 de
595 1544 754 1577 similibus
779 1543 917 1576 consilio
949 1548 980 1576 et
1004 1548 1096 1586 pote-

355 1598 444 1631 statis
469 1597 684 1641 plenitudine,
702 1596 882 1640 apostolica
906 1596 1095 1629 auctoritate

355 1650 530 1694 praedicta,
544 1650 731 1683 earumdem
744 1656 853 1682 tenore
865 1649 1094 1692 praesentium,

355 1709 517 1747 perpetuo
538 1703 691 1745 erigimus
716 1708 746 1735 et
771 1702 983 1734 instituimus.

401 1757 415 1800 ἓ
439 1756 471 1789 4.
500 1757 543 1789 Αο
568 1756 674 1788 eidem
701 1755 747 1787 sie
778 1761 904 1787 erectae
939 1755 1095 1787 ecclesiae

356 1810 514 1853 oppidum
532 1809 570 1841 de
593 1808 703 1841 Pekim
721 1808 765 1840 sic
790 1809 822 1840 in
848 1807 1009 1840 civitatem
1028 1818 1097 1840 ere-

355 1868 441 1895 ctum
466 1872 527 1905 pro
545 1861 682 1901 civitate,
698 1866 729 1892 et
754 1861 816 1892 alia
834 1860 965 1903 oppida,
983 1866 1095 1899 castra,

354 1915 459 1954 villas,
477 1914 638 1947 territoria
656 1919 687 1946 et
704 1913 868 1946 districtus
888 1913 991 1945 dictae
1010 1913 1097 1946 dioe·

355 1967 438 2001 cesis
474 1966 745 2005 Maeliaoneusis,
780 1966 865 1998 iuxta
902 1966 1094 1998 divisionem

355 2031 415 2064 per
431 2020 580 2053 eumdem
599 2030 720 2061 regem,
738 2020 788 2051 vel
808 2030 866 2061 per
883 2018 1098 2051 Machaonem-

356 2083 424 2106 sem
438 2083 473 2105 ac
491 2073 529 2105 de
547 2072 657 2104 Pekim
684 2072 768 2104 etde
785 2071 932 2110 Naukim,
949 2071 1097 2104 similiter

355 2127 389 2160 in
428 2126 590 2159 civitatem
628 2125 774 2167 erigendi
795 2124 813 2165 ¹,
852 2124 1025 2167 episcopos
1057 2125 1095 2157 de

357 2179 503 2212 ciusdem
528 2178 614 2221 regis
631 2177 862 2211 commissione
884 2178 966 2209 iuter
991 2188 1025 2210 se
1052 2178 1096 2210 sa-

355 2232 512 2270 ciendam,
528 2241 588 2274 pro
615 2230 770 2271 dioecesi,
792 2240 919 2263 necnon
941 2230 1095 2263 ecclesias

353 2296 415 2329 pro
440 2286 540 2324 clero,
556 2289 587 2316 et
604 2285 785 2316 saeculares
808 2294 977 2326 personas,
996 2283 1028 2315 in
1055 2284 1096 2315 ci-

354 2338 452 2371 vitate
478 2343 509 2371 et
534 2337 674 2370 dioecesi
701 2336 889 2369 huiusmodi
923 2347 982 2379 pro
1017 2342 1096 2369 tem-

354 2401 436 2435 pore
462 2391 628 2433 degentes,
644 2400 703 2433 pro
728 2390 862 2433 populo,
881 2390 920 2422 de
947 2389 1093 2428 consilio,

355 2449 515 2487 potestate
540 2449 571 2476 et
595 2443 787 2476 auctoritate
813 2442 982 2482 similibus,
998 2442 1093 2475 etiam

356 2503 516 2540 perpetuo
552 2497 763 2530 concedimus
800 2502 831 2529 et
867 2496 1093 2538 assignamus;

358 2549 594 2593 civitatemque,
610 2551 731 2583 clerum
754 2556 785 2582 et
809 2550 964 2592 populum
983 2548 1095 2580 liuius-

396 2611 407 2638 ¹
431 2611 500 2638 Male
522 2612 587 2640 edit.
613 2612 696 2639 Main.
718 2612 780 2647 legit
802 2611 964 2646 erislcnclam
988 2610 1092 2646 (11.1).

959 220 1142 244 ΑΙᾸΞΧΑΧΠΕΠ
1168 220 1222 242 Υ111
1247 220 1294 243 Pl*-

1791 209 1834 242 50

1136 268 1222 300 modi
1242 268 1398 311 episcopo
1418 268 1456 300 de
1476 268 1587 300 Pekim
1614 268 1719 310 quoad
1745 268 1872 310 episco-

1136 322 1268 363 palem,
1293 325 1325 353 et
1348 320 1594 363 archiepiscopo
1625 320 1786 352 Goanensi
1812 331 1870 363 pro

1137 380 1280 417 tempore
1305 374 1453 408 existenti
1473 374 1579 417 quoad
1598 373 1871 415 metropoliticam

1135 427 1331 460 ordinariam
1358 426 1612 459 iurisdictionem
1639 431 1670 458 et
1699 425 1874 468 superiori-

1138 484 1243 520 tatem,
1271 480 1310 512 de
1337 480 1496 513 dictorum
1524 479 1661 511 fratrum
1686 478 1823 511 consilio
1841 483 1874 510 et

1136 532 1301 575 potestatis
1315 532 1518 576 plenitudine
1534 532 1673 575 paribus,
1692 531 1787 564 etiam
1806 542 1874 575 per-

1136 589 1233 628 petuo
1259 585 1459 618 subiicimus.

1181 640 1195 682 ξ
1213 639 1244 672 [1.
1264 639 1392 672 Necnon
1408 638 1556 673 mensae⁴
1576 640 1754 683 episcopali
1769 639 1807 672 de
1822 640 1874 673 Pe-

1136 693 1198 724 kim
1226 693 1422 731 huiusmodi,
1450 703 1508 735 pro
1533 693 1601 725 01115
1626 693 1712 733 dote,
1729 691 1740 709 ²
1767 693 1876 726 reddi-

1137 751 1184 778 tus
1216 756 1340 778 annuos
1373 746 1627 788 quingentorum
1658 747 1875 779 cruciatorum

1136 804 1285 831 monetae
1304 799 1531 841 Portugalliae,
1545 799 1800 842 quadringentos
1821 800 1876 832 du-

1136 858 1223 885 catos
1243 852 1310 884 auri
1328 853 1367 884 de
1382 854 1509 885 camera
1527 853 1803 892 constituentium,
1818 863 1876 896 per

1137 906 1241 947 ipsum
1262 905 1391 937 Petrum
1409 916 1519 948 regem
1537 906 1760 947 assignandos,
1778 917 1875 949 quam

1137 959 1264 1001 quidem
1291 970 1449 991 summam
1484 959 1569 991 idem
1595 959 1711 992 Petrus
1746 970 1801 992 rex
1836 960 1875 992 de

1136 1012 1200 1044 suis
1222 1017 1252 1044 et
1275 1022 1336 1055 pro
1363 1017 1508 1055 tempore
1534 1011 1737 1044 existentium
1763 1012 1876 1045 Portu-

1137 1067 1253 1107 galliae
1272 1072 1302 1099 et
1317 1066 1544 1107 Algarbiorum
1559 1076 1671 1108 regum
1687 1066 1875 1099 huiusmodi

1136 1120 1231 1151 bonis
1250 1120 1391 1162 gratiose
1408 1126 1439 1152 et
1455 1119 1713 1152 irrevocabiliter
1733 1120 1771 1152 ad
1790 1120 1875 1152 hunc

1137 1172 1282 1205 effectum
1307 1173 1437 1206 donarit
1462 1178 1493 1205 et
1517 1172 1648 1211 obtulit,
1687 1177 1718 1205 et
1747 1172 1874 1205 solvere

1137 1226 1311 1270 quotannis
1325 1227 1475 1270 promisit
1492 1238 1547 1259 seu
1567 1227 1737 1270 promittit,
1750 1237 1784 1259 ex
1799 1233 1875 1259 tune

1136 1286 1233 1322 prout
1259 1290 1295 1312 ex
1321 1282 1358 1312 ea
1384 1280 1435 1312 die
1471 1285 1501 1312 et
1525 1291 1560 1313 ex
1588 1290 1672 1312 nunc
1703 1285 1875 1322 postquam

1137 1332 1291 1373 assignati
1312 1332 1442 1371 suerint,
1466 1338 1501 1364 ut
1525 1333 1715 1375 praefertur,
1729 1332 1877 1365 similiter

1137 1392 1299 1429 perpetuo
1332 1385 1532 1428 applicamus
1558 1391 1590 1417 et
1614 1385 1873 1428 appropriamus.

1181 1438 1250 1482 §st
1289 1438 1326 1471 Et
1356 1439 1490 1481 insuper
1523 1438 1617 1470 Petro
1650 1438 1719 1479 regi
1754 1444 1786 1470 et
1818 1449 1876 1481 pro
1889 1439 2072 1486 mffifiij'fflj'fs'f’jj

1138 1497 1285 1534 tempore
1307 1491 1517 1524 existentibus
1535 1491 1751 1534 Portugalliae
1778 1497 1809 1523 et
1827 1492 1875 1523 At·
1888 1482 1921 1537 ξζξ
1936 1495 2071 1543 ysffisgffi

1138 1545 1325 1588 garbiorum
1348 1545 1478 1587 regibus
1495 1544 1669 1587 pracdietis
1695 1545 1743 1577 1115
1770 1550 1878 1587 patro·
1888 1544 2072 1596 {ffaqssssnfflffiffiffsfss

1138 1604 1230 1630 natus
1248 1603 1279 1629 et
1304 1596 1562 1640 praesentandi³‚
1583 1597 1621 1629 ad
1640 1597 1756 1629 dictam
1777 1587 1978 1644 eccle·521'1²?1¹‡j⁹
1993 1600 2014 1617 θ*
2035 1599 2072 1618 ¹³⁰·

1138 1652 1216 1684 siam
1243 1652 1281 1684 de
1307 1651 1416 1683 Pckim
1442 1650 1593 1682 videlicet
1628 1649 1722 1682 nobis
1752 1656 1781 1682 et
1818 1660 1877 1692 pro

1140 1711 1282 1747 tempore
1301 1703 1450 1737 existenti
1473 1703 1607 1735 Romani
1624 1702 1779 1741 Pontifici,
1795 1703 1878 1734 int‘ra

1139 1757 1320 1797 anuum‚ol)
1346 1758 1493 1789 locorum
1519 1756 1717 1795 distantiam,
1734 1761 1796 1787 tam
1818 1755 1879 1787 hac

1139 1811 1243 1854 prima
1258 1810 1335 1849 vice,
1352 1808 1708 1852 (11111111111101105111111114
1723 1808 1878 1851 deinceps

1139 1864 1253 1907 quovis
1285 1863 1383 1896 modo
1409 1862 1507 1895 etiam
1542 1862 1626 1904 apud
1653 1861 1770 1894 Sedem
1795 1861 1880 1904 Apo-

1138 1917 1284 1949 stolicam
1308 1925 1422 1948 vacare
1447 1914 1631 1956 contigerit,
1657 1925 1716 1957 per
1751 1924 1811 1946 nos
1848 1917 1879 1946 et

1140 1980 1197 2012 pro
1223 1975 1369 2012 tempore
1388 1967 1580 2000 existentem
1601 1966 1777 1999 Romanum
1800 1965 1879 1998 Pon-

1140 2023 1254 2055 tificem
1280 2020 1468 2054 huiusmodi
1490 2019 1522 2051 in
1543 2019 1691 2052 eiusdem
1718 2019 1877 2051 ecclesiae

1139 2076 1177 2108 de
1203 2075 1311 2108 Petam
1337 2074 1528 2117 episcopum
1562 2077 1593 2104 et
1628 2077 1804 2115 pastorem,
1838 2072 1876 2103 ad

1139 2127 1434 2171 praesentationem
1451 2125 1636 2158 huiusmodi
1655 2130 1686 2157 et
1703 2135 1766 2157 non
1789 2125 1875 2161 alias,

1139 2180 1406 2225 praeficiendam3
1433 2180 1471 2212 ad
1497 2179 1653 2211 maiorem
1687 2189 1762 2211 vero
1800 2187 1876 2220 post

1138 2235 1357 2278 pontificalem
1367 2244 1403 2266 ac
1420 2232 1619 2275 principales
1634 2237 1663 2264 et
1676 2231 1754 2264 alias
1771 2231 1876 2273 digni-

1139 2295 1217 2321 tates
1242 2299 1277 2321 110
1297 2286 1505 2320 canonicatus
1524 2290 1556 2318 ct
1572 2284 1784 2328 praebendas,
1804 2294 1876 2315 nce-

1138 2353 1202 2375 non
1235 2340 1394 2374 beneficia
1420 2338 1584 2381 erigenda,
1620 2348 1691 2369 cum
1718 2338 1756 2369 de
1791 2336 1872 2368 Petri

1137 2395 1221 2438 regis
1247 2400 1279 2427 et
1295 2404 1353 2438 pro
1371 2399 1518 2436 tempore
1537 2390 1744 2424 existentium
1760 2400 1875 2432 regum

1881 217 1929 243 Λη-
1944 216 1973 243 C.
1997 216 2063 243 ¹690

1911 648 1996 670 Mensae
2012 648 2058 671 dos.

1173 2477 1182 2500 1
1208 2474 1277 2500 Edit.
1299 2473 1377 2499 Main.
1399 2471 1463 2507 legit
1482 2479 1582 2497 mensa
1600 2472 1640 2501 (n.
1662 2470 1712 2501 Τ.).

1171 2518 1187 2545 2
1207 2518 1345 2544 Coniunct.
1363 2520 1389 2543 et
1404 2515 1524 2542 delemus
1538 2516 1577 2549 (11.
1593 2514 1642 2545 1.).

1172 2563 1187 2590 3
1207 2561 1384 2596 Subintellige
1401 2568 1540 2595 personas
1559 2559 1678 2585 idoneas
1693 2559 1728 2591 (R.
1752 2556 1800 2590 Τ.).

1172 2608 1186 2634 4
1208 2607 1276 2634 Edit.
1293 2605 1370 2632 Main.
1387 2604 1451 2639 legit
1467 2604 1520 2631 rilla
1542 2604 1577 2637 (u.
1594 2604 1643 2635 1.).
