2227 3225
116 221 163 246 An.
186 220 297 254 (111191

130 2194 204 2214 unctus
216 2198 234 2214 ct
247 2194 287 2215 for-

103 2222 374 2274 ffr‘iss'iiii'i'azuei'gslium
401 2237 586 2271 huiusmodi
604 2239 780 2282 praestatio
802 2245 834 2271 et
859 2240 1034 2282 assignatio

884 226 1091 249 tx'xocrwtt's
1117 227 1132 248 Υ
1141 227 1160 248 Π
1186 227 1232 250 ΓΡ.

309 276 391 316 latis,
417 277 441 309 si
468 276 583 319 quibus
609 274 852 318 quomodolibet
874 275 1044 307 innodatae

308 329 459 369 existunt,
484 329 523 361 ad
549 327 696 361 effectum
715 327 934 371 praesentium
957 327 1045 359 dum-

308 387 394 414 taxat
417 381 699 424 consequendum,
733 380 848 413 harum
877 379 962 412 serie
989 379 1044 411 ab·

307 435 469 467 solventes
493 440 524 467 et
548 435 710 467 absolutas
745 434 811 466 sore
846 438 1017 466 censentes
1034 459 1041 472 ,

308 494 393 521 motu
409 489 558 532 proprio,
578 498 612 520 ac
631 499 665 521 ex
684 489 768 520 certa
783 487 918 530 scientia
932 490 964 519 et
978 496 1043 518 ma-

308 543 377 573 tura
402 541 639 574 deliberatione
665 541 798 580 nostris,
826 540 931 582 deque
957 550 1040 582 apo-

307 595 442 627 stolicae
474 595 642 637 potestatis
678 592 891 636 plenitudine,
917 592 1043 625 dilectis

306 647 380 680 siliis
406 648 571 680 modernis
597 653 627 680 et
651 657 709 690 pro
734 651 880 688 tempore
906 645 1044 677 existen-

307 700 391 733 tibus
418 699 745 738 administratoribus,
771 697 962 731 ollieialibns
986 709 1040 729 seu

306 753 460 786 ministris
473 763 679 796 quocumque
699 752 827 785 nomine
850 751 1042 794 nuncupatis

305 806 672 839 arcliiconfraternitatis
693 805 958 838 Annunciationis
970 805 1043 837 bea-

306 867 355 892 tae
379 860 494 892 Mariae
519 860 658 902 Virginis
682 859 715 891 in
740 858 877 891 ecclesia
895 858 1039 890 eiusdem

303 914 335 946 S.
356 914 472 947 Mariae
486 924 584 956 super
600 913 775 945 Minervam
790 912 828 945 de
844 912 927 944 Urbe
949 922 1042 954 prae-

304 967 368 999 sata
392 966 547 999 canonice
572 966 749 1005 institutae,
771 965 809 998 ad
825 975 906 1007 quos
932 975 968 997 ea
989 975 1039 997 res

303 1026 426 1063 spectat
446 1025 477 1053 et
493 1030 552 1062 pro
575 1024 720 1062 tempore
741 1018 909 1062 spectabit,
927 1024 1039 1050 tenore

303 1073 520 1116 praesentium
539 1073 755 1116 praecipimus
781 1077 812 1103 et
835 1072 1037 1111 mandamus,

302 1133 336 1159 111
354 1127 414 1170 ipsi
432 1126 566 1168 singulis
583 1126 675 1158 annis
692 1125 805 1167 viginti
823 1125 965 1158 subsidia
983 1126 1039 1157 do·

303 1180 386 1217 talia,
413 1190 548 1222 quorum
575 1179 688 1211 decem
713 1178 777 1210 sint
794 1178 1038 1222 quinquaginta,

302 1233 429 1276 reliqua
453 1243 529 1265 vero
555 1232 668 1265 decem
694 1231 907 1274 quadraginta
932 1237 1039 1265 scuto-

301 1297 373 1318 rum
398 1292 547 1319 monetae
573 1295 725 1318 romanae
739 1295 798 1328 pro
823 1285 980 1327 quolibet,
1002 1297 1035 1318 ex-

302 1339 365 1372 illis
390 1349 471 1382 quae
496 1348 556 1381 per
587 1337 733 1370 eamdem
770 1337 1038 1370 archiconsrater-

301 1391 434 1423 nitatem
447 1391 645 1434 pauperibus
662 1389 780 1432 puellis
795 1389 1036 1432 dispensantur,

299 1446 360 1476 una
385 1454 457 1476 cum
482 1443 587 1486 pretio
612 1443 708 1475 vestis
734 1442 779 1475 eis
804 1443 871 1474 dari
898 1443 1012 1476 solitae
1030 1470 1037 1482 ‚

299 1497 434 1530 totidem
460 1497 579 1540 puellis
599 1496 730 1538 hospitii
752 1496 885 1538 praefati
904 1507 988 1529 nune
1007 1502 1038 1529 et

297 1560 358 1594 pro
385 1555 530 1593 tempore
556 1549 787 1589 existentibus,
815 1549 854 1581 ad
888 1549 1035 1582 ellectum

298 1602 498 1636 matrimonii
523 1604 573 1636 vel
598 1603 825 1642 monachastis,
847 1603 981 1635 realiter
1006 1609 1037 1636 et

297 1667 368 1689 eum
394 1656 506 1689 effectu
532 1661 701 1699 praestent
725 1661 757 1688 et
781 1656 957 1699 assignent,
980 1667 1034 1689 seu

297 1710 456 1753 praestari
482 1714 514 1742 et
538 1709 695 1751 assignari
719 1716 831 1742 curent
849 1716 880 1743 et
904 1710 1034 1751 saciant,

298 1766 334 1796 ea
361 1769 467 1795 tamen
493 1764 575 1805 lege,
600 1768 643 1803 ut,
669 1763 694 1794 si
720 1773 878 1805 unquam,
900 1770 1036 1806 propter

298 1815 572 1848 considerabilem
599 1815 745 1847 eiusdem
769 1816 1035 1849 arebiconfi'ater-

298 1868 408 1901 nitatis
434 1869 618 1902 reddituum
644 1869 901 1909 diminutionem,
927 1875 1036 1903 cetera

299 1921 443 1954 subsidia
468 1921 594 1962 dotalia,
620 1932 701 1964 quae
721 1921 1036 1955 dictaarebiconsra-

298 1974 434 2006 ternitas
459 1974 530 2006 aliis
554 1974 674 2017 puellis
699 1974 896 2007 distribuere
933 1976 1034 2015 solet,

299 2027 433 2059 diminui
460 2027 648 2070 contigerit,
675 2027 745 2070 pari
771 2028 867 2060 modo
889 2028 973 2061 dieta
997 2028 1036 2060 vi-

297 2079 378 2121 ginti
404 2080 563 2119 subsidia,
589 2080 678 2112 salvo
705 2085 811 2112 tamen
838 2090 968 2123 semper
986 2091 1035 2114 eo-

296 2143 367 2164 rnm
382 2143 518 2165 numero
532 2133 712 2175 praedicto,
730 2133 865 2165 diminui
881 2134 1032 2166 debeant.

341 2185 355 2228 ξ
379 2184 410 2218 3.
438 2185 538 2217 Porro
567 2185 678 2228 viginti
703 2186 924 2218 subsidiorum
951 2187 1035 2220 dota-

298 2292 341 2324 ita
354 2291 423 2324 fieri
437 2291 563 2331 debeat,
579 2296 613 2323 111
633 2291 745 2333 viginti
757 2293 883 2335 puellae
900 2293 1032 2336 hospitii

297 2343 434 2387 praefati
449 2344 634 2376 nullatenus
648 2354 665 2376 a
682 2345 868 2377 memoratis
888 2345 1032 2379 eiusdem

297 2396 667 2429 archieonsraternitatis
697 2397 1029 2440 administratoribus,

298 2450 489 2484 officialibus
514 2461 571 2484 seu
595 2451 752 2484 ministris
773 2452 950 2493 visitentur,
979 2454 1034 2487 eli-

297 2509 415 2547 gantur
440 2514 496 2537 seu
513 2504 733 2545 nominentur,
754 2507 810 2538 sed
829 2506 954 2539 illarum
973 2509 1033 2540 ele-

298 2558 360 2590 ctio
378 2567 434 2590 seu
455 2557 642 2598 nominatio,
663 2569 699 2591 ae
721 2558 905 2591 omnimoda
928 2561 965 2592 de
992 2561 1034 2593 vi-

297 2609 378 2654 ginti
389 2609 542 2642 subsidiis
555 2610 719 2643 dotalibus
729 2611 914 2645 huiusmodi
929 2613 1033 2657 dispo-

1714 222 1776 255 1²07

1087 275 1183 307 nendi
1204 275 1345 313 facultas,
1365 276 1402 308 ad
1425 275 1713 319 Congregationem
1740 280 1819 313 dile-

1086 332 1209 360 ctorum
1227 328 1347 371 pariter
1367 328 1505 361 filiorum
1531 331 1760 363 modernorum
1787 338 1818 364 et.

1085 390 1143 422 pro
1161 384 1306 423 tempore
1332 381 1538 414 existentium
1556 382 1691 424 hospitii
1709 384 1818 416 liuius-

1085 433 1170 465 modi
1189 434 1427 476 deputatorum,
1442 435 1532 467 cuius
1549 436 1611 468 erit
1624 446 1678 468 eas
1694 437 1818 479 puellas

1084 486 1204 528 eligere
1223 497 1277 519 seu
1298 487 1477 527 nominare,
1498 498 1580 531 quae
1598 489 1679 521 vitae
1697 500 1733 521 ac
1755 500 1818 521 mo-

1084 549 1153 571 rum
1173 540 1355 580 honestate,
1381 541 1549 581 modestia,
1575 546 1689 581 aetate,
1717 542 1817 575 aliare

1084 594 1208 625 ratione
1226 593 1342 626 ceteris
1359 595 1570 633 antecellant,
1584 595 1711 637 penitus
1726 595 1821 638 perti-

1085 651 1178 685 neat;
1211 646 1265 678 ubi
1302 657 1379 679 vero
1405 658 1420 679 a
1446 647 1706 690 Congregatione
1728 659 1820 691 prae-

1084 699 1147 731 fata
1164 699 1281 732 electio
1300 710 1357 732 seu
1375 700 1553 733 nominatio
1571 701 1769 741 huiusmodi,
1787 708 1820 733 ut

1084 752 1275 793 praefertur,
1291 752 1374 784 saeta
1390 753 1491 789 fuerit,
1508 754 1642 786 cedulae
1663 754 1821 786 subsidio-

1084 815 1155 836 rum
1178 805 1364 838 liuiusmodi
1383 806 1724 850 1110111150011110,(111110
1743 818 1819 839 sane

1083 858 1206 891 liberae
1232 869 1368 901 prorsus
1393 865 1424 892 et
1457 860 1577 902 absque
1602 862 1668 894 ullo
1692 861 1820 894 vinculo

1083 916 1134 944 aut
1159 912 1358 951 conditione,
1385 912 1471 945 iuxta
1497 914 1627 946 modum
1657 925 1673 946 a
1699 925 1820 947 memo·

1082 967 1149 998 rata
1172 965 1430 1008 Congregatione
1455 966 1754 1009 praescribendum,
1778 968 1821 999 sa-

1082 1019 1216 1052 eiendae
1242 1025 1355 1058 erunt,
1380 1021 1443 1052 una
1479 1030 1549 1052 eum
1581 1021 1685 1062 pretio
1712 1020 1818 1060 vestis,

1081 1073 1165 1105 sicut
1188 1072 1497 1115 praemittitur,dari
1513 1073 1742 1113 solitae,dictis
1765 1074 1820 1107 de-

1080 1125 1200 1168 putatis
1225 1116 1413 1168 consignari
1438 1126 1596 1166 debeant,
1630 1137 1732 1170 penes
1763 1137 1818 1160 eos

1081 1179 1305 1217 asservandae‚
1332 1179 1433 1211 donec
1458 1184 1489 1212 et
1514 1190 1683 1223 quousque
1701 1180 1818 1213 iisdem

1079 1233 1198 1275 puellis
1223 1234 1267 1265 sic
1293 1233 1404 1265 electis
1435 1244 1490 1265 seu
1528 1234 1716 1273 nominatis,
1747 1245 1818 1268 eum

1080 1286 1229 1318 nimirum
1249 1296 1301 1318 eas
1317 1286 1347 1318 in
1367 1287 1526 1328 religione
1545 1289 1594 1320 vel
1610 1287 1818 1321 matrimonio

1079 1340 1165 1371 iuxta
1184 1350 1293 1371 earum
1319 1340 1521 1372 vocationem
1545 1341 1698 1374 collocari
1720 1343 1820 1375 conti-

1080 1392 1171 1434 gerit,
1199 1393 1375 1431 tradantur,
1401 1393 1443 1424 ita
1470 1398 1576 1425 tamen
1602 1399 1645 1433 ut,
1678 1394 1704 1426 si
1738 1406 1818 1437 quae

1080 1456 1115 1477 ex
1141 1445 1215 1483 illis,
1241 1455 1321 1487 quae
1349 1445 1394 1478 sic
1428 1447 1550 1479 electae
1583 1457 1640 1479 seu
1673 1448 1819 1480 nomina-

1081 1503 1128 1530 tae
1144 1498 1272 1537 snerint,
1284 1499 1405 1531 bonum
1417 1499 1464 1531 sui
1476 1500 1641 1542 specimen
1661 1501 1816 1543 praebere

1080 1561 1144 1582 non
1164 1551 1382 1594 perrexerint,
1409 1562 1470 1595 qua
1504 1553 1534 1584 in
1563 1563 1596 1585 re
1622 1560 1816 1586 memoratae

1078 1603 1346 1646 Congregationis
1358 1605 1477 1637 iudicio
1495 1606 1645 1638 standum
1655 1606 1726 1647 erit,
1744 1607 1816 1640 illae

1078 1657 1251 1689 commodo
1276 1662 1308 1689 et
1332 1657 1489 1690 beneflcio
1510 1659 1698 1692 eorumdem
1716 1660 1818 1692 subsi-

1079 1711 1206 1743 diorum
1233 1711 1390 1744 dotalium
1416 1711 1477 1744 sibi
1503 1713 1741 1754 assignatorum
1767 1724 1817 1745 ca-

1078 1764 1163 1803 dant,
1181 1773 1241 1796 nec
1254 1763 1310 1796 illa
1324 1774 1379 1796 seu
1392 1764 1523 1797 illorum
1542 1766 1674 1799 cedulas
1693 1772 1816 1810 petere,

1078 1816 1235 1859 consequi
1262 1822 1293 1849 et
1319 1817 1468 1850 obtinere
1494 1819 1632 1858 valeant,
1659 1819 1715 1851 sed
1742 1820 1818 1852 sub-

1078 1869 1159 1901 sidia
1185 1869 1231 1902 eis
1256 1870 1418 1912 assignata
1443 1882 1498 1904 seu
1525 1872 1656 1904 illorum
1681 1872 1816 1905 cedulae

1079 1922 1289 1963 huiusmodi,
1322 1925 1597 1966 quemadmodum
1634 1926 1731 1958 etiam
1761 1927 1816 1960 illa

1079 1985 1172 2017 quae,
1194 1976 1234 2007 ob
1260 1977 1454 2018 puellarum,
1469 1977 1586 2020 quibus
1605 1978 1767 2020 assignata
1786 1990 1817 2011 e-

1079 2033 1160 2067 rant,
1187 2033 1324 2060 mortem
1348 2034 1422 2061 ante
1441 2040 1551 2062 earum
1574 2031 1816 2064 matrimonium

1078 2081 1127 2113 vel
1142 2081 1368 2113 monachatum
1384 2083 1563 2125 respective
1582 2089 1734 2124 secutam,
1750 2085 1814 2117 sire

1077 2135 1117 2166 ob
1143 2134 1237 2166 aliam
1263 2135 1432 2174 rationem,
1453 2135 1603 2169 effectum
1631 2148 1723 2170 suum
1749 2148 1816 2171 sor-

1077 2187 1132 2220 tita
1156 2197 1221 2219 11011
1248 2188 1384 2228 suerint,
1411 2189 1481 2222 aliis
1517 2190 1636 2233 puellis
1668 2191 1815 2224 eiusdem

1076 2240 1222 2283 hospitii,
1239 2251 1296 2283 per
1315 2241 1430 2274 dietam
1448 2241 1743 2285 Congregationem
1759 2255 1814 2288 pa-

1076 2293 1253 2326 risormiter
1278 2294 1436 2336 eligendis
1462 2305 1519 2328 seu
1537 2297 1754 2336 nominandis,
1769 2309 1816 2330 as-

1076 2347 1259 2388 signentur,
1285 2358 1344 2380 nee
1369 2348 1427 2380 ista
1452 2348 1484 2381 in
1509 2351 1622 2383 e'orum
1662 2360 1813 2393 numero,

1076 2411 1156 2442 quae
1174 2401 1293 2444 puellis
1308 2402 1474 2445 praefatis,
1491 2402 1574 2435 sicut
1586 2404 1813 2446 praemittitur,

1076 2454 1250 2496 quotannis
1285 2455 1440 2497 assignari
1475 2455 1616 2497 debent,
1652 2458 1813 2491 ullatenus

1075 2507 1263 2550 computari,
1289 2509 1344 2540 sed
1376 2519 1476 2542 novae
1512 2510 1645 2543 cedulae
1681 2511 1811 2544 illorum

1076 2561 1304 2603 promissoriae
1329 2572 1345 2594 a
1365 2562 1557 2605 supradictis
1575 2563 1811 2598 administrato-

1075 2615 1173 2655 ribus,
1199 2615 1389 2648 officialibus
1414 2626 1470 2647 seu
1497 2615 1650 2649 ministris
1668 2618 1706 2650 ad
1725 2618 1811 2651 savo-

1823 233 1872 258 1111.
1891 231 1919 259 C.
1945 232 2007 260 100⁴
