2227 3225
120 213 216 242 Amo.
237 213 299 241 1691

147 1120 301 1142 Adolescentia.

142 2281 258 2305 [ngreditur
269 2287 298 2302 re*

114 2306 220 2333 tegmem.

908 217 1114 239 INNoctiNTit‘s
1142 217 1183 240 xil
1208 218 1254 239 Μ’.

314 263 512 303 stinavemt,
538 263 650 296 sedulo
686 264 876 305 satagebat,
904 274 943 296 ne
977 264 1051 296 illac

313 316 428 350 alienis
442 317 528 359 agris
544 318 593 350 vel
608 317 736 360 pascuis
752 317 904 350 damnum
919 317 1051 360 aliquod

313 369 481 402 inferrent.
508 370 664 402 Virtutum
690 371 795 403 cultor
819 370 955 403 exin'iins
981 381 1053 402 ora-

313 421 405 462 tioni,
431 422 661 462 abstinentiae,
691 423 875 466 pudicitiae,
902 428 934 455 et
960 423 1052 455 silen-

314 475 358 507 tio
384 475 532 514 deditus,
558 488 575 508 a
608 475 818 515 iuramentis,
846 476 1049 515 mendaciis,

313 528 568 561 detractionibus
592 539 627 560 ac
653 528 742 561 vanis
762 533 793 561 et
815 528 926 561 otiosis
945 529 1051 561 verbis

311 581 442 623 penitus
468 581 661 620 abstinebat,
686 592 723 614 ac
747 581 851 614 socios
876 582 916 614 ad
942 581 1050 614 odium

311 634 445 677 pcccati,
471 634 592 677 Deique
618 635 810 676 religionem
837 640 868 667 et
892 646 1049 674 amorem,

312 699 349 720 ac
378 688 409 720 in
439 688 607 731 Deiparam
637 689 812 731 pietatem,
839 699 901 731 qua
927 689 1047 729 verbo,

312 751 374 782 qua
392 742 550 783 exemplo,
577 740 719 773 suaviter
744 741 912 779 excitabat,
932 742 1051 773 admit

312 803 425 826 omnes
442 798 545 826 tantae
565 793 769 826 innocentiae
784 799 816 826 et
836 793 1049 835 singularium

311 846 466 878 virtutum
484 845 732 878 admirationes*
754 846 817 878 iam
837 852 901 878 tum
928 847 1051 888 praevi-

312 899 429 932 derent
456 910 592 942 magnos
619 900 716 932 huius
742 899 823 932 servi
850 899 904 932 Dei
927 900 1049 932 futuros

311 951 343 984 in
362 952 532 985 sanctitate
553 963 758 995 progressus,
778 963 873 995 quem
892 953 923 985 in
942 958 1048 985 aetate

312 1005 430 1048 puerili
449 1006 530 1038 adeo
555 1006 764 1039 innocentem
781 1006 876 1038 vitam
894 1016 988 1048 agere
1007 1006 1050 1038 di-

312 1058 525 1100 gnoscebant.

354 1111 368 1153 ξ
398 1110 429 1143 4.
457 1112 608 1154 Simplex,
628 1117 734 1144 rectus
752 1117 782 1145 et
804 1112 918 1144 timens
939 1112 1047 1150 Deum,

313 1169 415 1196 aetate
441 1164 532 1196 simul
560 1170 591 1197 et
615 1164 786 1196 virtutibus
810 1164 975 1197 crescebat
994 1164 1050 1196 Pa-

312 1217 446 1257 schalis;
473 1217 667 1256 humilitate,
685 1218 857 1255 charitate,
881 1218 1048 1257 modestia,

311 1280 501 1312 morumque
538 1270 692 1302 suavitate
733 1270 778 1302 sic
814 1281 952 1310 eorum,
993 1272 1047 1313 qni

313 1321 419 1364 ipsum
445 1327 609 1361 noverant,
636 1323 830 1354 conciliabat
853 1323 994 1360 allectus,
1015 1329 1049 1355 nt

311 1379 421 1407 sancta
451 1375 572 1407 monita
596 1381 628 1408 et
659 1375 796 1407 consilia
825 1375 964 1408 libenter
989 1387 1044 1407 ex-

311 1426 490 1469 cipientes,
523 1432 554 1459 et
589 1426 695 1469 ipsum
723 1427 922 1469 diligerent,
945 1438 980 1459 ac
1017 1428 1048 1459 in

311 1480 456 1513 eiusdem
489 1481 733 1513 conversatione
770 1491 968 1523 magnopere
995 1481 1049 1513 de-

310 1534 520 1567 lectarentur.
548 1534 580 1566 ld
606 1535 690 1577 quod
717 1534 907 1577 praesertim
933 1534 1050 1566 accidit

310 1586 480 1629 praediviti
506 1586 632 1619 cuidam
658 1587 727 1619 eius
754 1587 843 1625 hero⁷
866 1587 933 1629 qui,
954 1588 1047 1629 prole

311 1650 441 1679 carens,
468 1640 618 1672 eumdem
655 1641 831 1682 adoptare,
857 1645 889 1672 et
914 1650 1047 1672 suorum

309 1691 468 1725 bonorum
502 1693 679 1726 haeredem
712 1693 935 1735 designaverat
960 1693 1049 1724 insti-

312 1751 413 1778 tuere.
437 1746 497 1778 Sed
525 1756 643 1788 gnarus
670 1746 847 1785 paschalis,
870 1746 955 1789 quod
977 1747 1047 1789 qui-

310 1809 449 1841 cumque
474 1799 589 1841 spiritu
616 1799 669 1831 Dei
692 1805 843 1839 aguntur,
861 1799 880 1831 ii
899 1805 974 1831 sunt
990 1799 1045 1832 tilii

308 1851 376 1891 Dei,
396 1851 590 1895 accipientes
615 1852 760 1895 spiritum
786 1852 987 1894 adoptionis,
1015 1853 1044 1884 in

310 1915 375 1947 quo
394 1906 533 1938 clamant
547 1905 635 1938 Abba
654 1911 755 1948 pater,
770 1906 954 1947 adoptivam
975 1906 1045 1938 lieri

311 1957 499 1990 filiationem
536 1968 571 1990 ac
606 1959 843 2001 haereditatem
876 1958 1067 2001 despexit„

309 2020 444 2053 sperans
471 2016 536 2043 tum
561 2021 594 2044 se
619 2011 746 2043 beatius
781 2011 851 2043 fore
889 2010 987 2043 tilium
1015 2017 1046 2043 et

309 2063 486 2096 haeredem
507 2063 561 2096 Dei
588 2064 875 2107 cohaeredemque
900 2064 1042 2103 Christi,

309 2125 381 2148 cum
407 2122 610 2159 paupertate,
632 2117 824 2155 humilitate,
844 2118 958 2159 suique
978 2127 1046 2149 cor-

308 2168 397 2211 poris
423 2169 674 2202 mortificatione
691 2169 817 2203 Christo
835 2169 894 2213 ipsi
915 2180 1045 2212 compa-

310 2225 445 2255 teretur.

354 2275 368 2318 ᾗ
392 2274 424 2307 5.
451 2275 576 2309 Ardere
601 2276 710 2319 itaque
735 2276 879 2319 religiosi
898 2276 1045 2314 instituti,

309 2328 397 2370 qnod
434 2334 623 2371 paupertate
656 2335 687 2362 et
716 2330 920 2362 observantia
953 2340 1046 2372 prae-

307 2385 416 2420 staret,
435 2380 474 2413 ab
492 2381 624 2414 ineunte
643 2387 747 2415 aetate
764 2393 945 2422 succensus,
961 2383 1045 2415 circa

309 2443 428 2466 annum
454 2435 567 2467 salutis
592 2445 712 2468 nntxlv
737 2435 800 2468 voti
826 2446 957 2479 compos
984 2436 1046 2468 effi-

308 2485 400 2526 citur,
427 2497 463 2518 ex
489 2492 619 2530 pastore
645 2487 752 2520 ovium
777 2487 810 2520 in
836 2499 968 2531 gregem
987 2489 1044 2521 Do-

307 2538 385 2571 mini
421 2539 561 2572 adscitus
595 2541 654 2573 sub
694 2543 807 2583 regula
841 2542 873 2575 S.
914 2542 1044 2574 Franci-

343 2602 356 2631 1
378 2601 479 2630 Forsan
497 2603 696 2632 admiratione
714 2605 752 2640 (a.
767 2605 815 2639 τ.).

1729 210 1789 243 (ΝΤ

1095 264 1137 295 sci
1159 264 1333 297 Strictioris
1356 264 1586 298 Observantiae
1612 267 1642 298 in
1670 268 1836 309 provincia

1095 316 1125 349 S.
1146 316 1274 349 loannis
1292 317 1454 359 Baptistae
1470 318 1560 358 regni
1577 318 1750 358 Valentiae,
1769 321 1835 357 ubi,

1095 380 1219 402 summo
1245 370 1371 402 fervore
1397 375 1428 402 et
1452 369 1580 411 gaudio,
1603 371 1715 402 habitu
1734 372 1835 404 Mino-

1095 433 1164 454 rum
1195 422 1470 455 Discatceatorum
1508 429 1670 466 suscepto.
1709 424 1834 467 riteque

1094 475 1212 507 emissa
1237 475 1379 517 regulari
1406 476 1622 518 professione,
1657 476 1693 509 iis
1719 488 1835 509 cumu-

1094 527 1175 560 latus
1202 528 1372 560 tirtutibus
1409 528 1515 561 statim
1540 529 1698 571 apparuit,
1731 535 1763 562 et
1788 530 1835 562 di-

1094 581 1228 624 sciplina
1254 581 1422 624 religionis
1448 583 1624 614 instructus
1648 582 1679 614 in
1706 583 1769 616 illis
1791 584 1834 616 ita

1095 634 1248 676 profecit,
1274 640 1328 674 ut,
1357 639 1520 677 tamquam
1548 636 1680 668 lucerna
1705 636 1832 676 ardens,

1094 686 1154 724 iis,
1180 686 1234 729 qui
1260 687 1293 719 in
1318 687 1415 720 domo
1440 687 1495 720 Dei
1521 693 1552 720 et
1576 688 1730 731 religioso
1756 700 1833 721 con-

1094 740 1195 772 sortio
1220 739 1380 779 vivebant,
1407 740 1639 782 praefulgeret.

1137 792 1151 834 ξ
1176 792 1206 824 6.
1234 791 1336 824 Sancti
1377 793 1569 825 institutoris
1607 794 1654 826 sui
1682 796 1830 838 exemplo

1094 855 1215 887 pauper
1240 850 1271 877 et
1297 845 1439 885 humilis,
1465 847 1575 879 voleus
1604 848 1762 880 excelsam
1787 849 1831 880 fa-

1092 897 1213 930 bricam
1247 898 1397 930 virtutum
1424 904 1623 939 construere,
1655 900 1694 932 de
1720 901 1832 933 sunda-

1093 956 1203 983 mento
1232 951 1320 993 prius
1353 952 1505 993 cogitavit
1538 952 1743 992 humilitatis,
1769 963 1831 996 qua

1093 1004 1124 1036 in
1161 1005 1386 1037 abiectissimis
1412 1012 1587 1038 conventus
1621 1007 1733 1039 officiis
1758 1018 1831 1040 sese

1093 1058 1234 1090 libenter
1259 1058 1410 1098 exercuit,
1437 1064 1469 1091 et
1493 1059 1518 1091 si
1545 1060 1674 1102 quando
1701 1061 1740 1093 ab
1765 1060 1830 1093 illis

1093 1116 1228 1153 propter
1254 1111 1333 1144 vitae
1369 1112 1573 1145 sanctitatem
1608 1114 1656 1146 vel
1693 1119 1829 1147 aetatem

1092 1164 1179 1196 iussu
1220 1165 1425 1207 superiorum
1467 1166 1714 1206 retrahebatur,
1755 1178 1830 1210 sup-

1092 1218 1193 1260 plices
1220 1218 1422 1260 humilesque
1444 1229 1559 1260 preces
1578 1229 1641 1251 non
1669 1219 1831 1252 intermit-

1093 1271 1192 1309 tebat,
1219 1271 1322 1303 donec
1344 1271 1530 1303 eorumdem
1557 1272 1709 1304 exercitio
1734 1272 1828 1306 simul

1092 1335 1164 1355 cum
1190 1323 1260 1356 aliis
1285 1323 1375 1356 laicis
1409 1329 1440 1356 et
1472 1323 1641 1356 iuvenibus
1675 1325 1828 1357 fratribus

1092 1377 1335 1409 restitueretur.
1367 1377 1419 1409 Sui
1454 1382 1660 1420 contemptor
1693 1379 1829 1411 eximius

1092 1430 1268 1472 quidquam
1300 1429 1332 1461 in
1364 1430 1531 1472 propriam
1564 1431 1692 1463 laudem
1722 1442 1828 1474 neque

1091 1483 1202 1515 andire
1227 1483 1338 1522 voluit,
1366 1493 1471 1525 neque
1489 1483 1610 1516 retulit.
1635 1484 1667 1515 ln
1688 1484 1827 1527 loquela,

1091 1535 1227 1574 incessu,
1245 1537 1344 1575 vultu,
1361 1535 1474 1574 oculiS,
1496 1536 1650 1579 omnique
1665 1536 1829 1569 actionum

1091 1598 1209 1629 genere
1235 1588 1430 1630 profundam
1449 1588 1639 1620 ostendebat
1665 1588 1830 1622 humilita-

1092 1646 1175 1679 tem,
1203 1640 1280 1682 quin
1306 1641 1344 1672 de
1369 1650 1401 1672 se
1427 1640 1498 1683 ipso
1523 1641 1603 1673 adeo
1633 1641 1772 1673 demisse
1798 1646 1829 1673 et

1090 1693 1245 1726 vilissime
1266 1693 1443 1732 sentiebat,
1469 1698 1517 1730 ut,
1545 1705 1616 1726 eum
1641 1694 1827 1737 praeclarae

1091 1747 1137 1778 vir
1175 1747 1353 1779 sanctitatis
1391 1747 1579 1786 haberetur,
1615 1747 1681 1790 ipse
1720 1753 1827 1780 tamen

1090 1801 1187 1833 nullis
1224 1811 1257 1832 se
1294 1801 1477 1843 praeditum
1515 1800 1648 1839 meritis,
1674 1811 1827 1842 magnum

1089 1859 1293 1896 peccatorem
1321 1859 1483 1896 reputaret
1509 1859 1540 1886 et
1558 1854 1742 1886 affirmaret.
1766 1854 1827 1887 Ro-

1089 1913 1180 1949 gatus
1198 1912 1232 1938 ut
1249 1917 1363 1939 manus
1391 1907 1572 1949 imponeret
1595 1917 1696 1949 super
1713 1916 1827 1948 aegros

1089 1960 1242 2002 pristinae
1269 1971 1302 1992 se
1334 1960 1502 1992 valitudini
1530 1970 1589 2002 per
1614 1960 1682 1992 eius
1708 1961 1826 1993 merita

1087 2013 1301 2045 restituendos
1328 2013 1393 2045 fore
1415 2019 1595 2055 sperantes,
1618 2015 1740 2045 summa
1760 2013 1828 2044 ani-

1087 2065 1127 2097 mi
1143 2065 1340 2098 demissione
1356 2076 1390 2098 se
1411 2066 1548 2098 comiter
1566 2066 1749 2105 excusabat,
1770 2066 1827 2098 do-

1088 2129 1145 2150 uee
1172 2119 1220 2150 vel
1247 2119 1452 2151 obedientiae
1477 2124 1654 2161 praecepto
1680 2120 1826 2161 compul-

1087 2181 1154 2209 sns,
1181 2171 1230 2203 vel
1257 2172 1490 2213 postulantium
1518 2171 1669 2213 precibus
1696 2177 1825 2211 motus,

1088 2234 1143 2255 cos
1169 2223 1261 2265 signo
1286 2224 1391 2256 crucis
1416 2224 1589 2266 aliquando
1615 2224 1823 2266 obsignat-et,

1089 2277 1285 2319 frequentius
1302 2287 1377 2309 vero
1395 2277 1546 2309 suaderet
1570 2277 1684 2310 iisdem
1710 2283 1744 2309 ut
1768 2280 1826 2310 sua

1087 2339 1119 2361 se
1146 2339 1242 2360 manu
1264 2329 1442 2371 signarent,
1469 2340 1534 2372 quo
1558 2330 1649 2362 reddi
1679 2330 1825 2372 corporis

1088 2382 1256 2415 sanitatem
1279 2387 1310 2415 et
1327 2383 1426 2415 robur
1448 2383 1480 2415 in
1499 2383 1601 2416 crucis
1621 2384 1735 2416 virtute
1752 2393 1826 2427 per·

1087 2435 1246 2478 ciperent.

1131 2489 1145 2531 ᾗ
1171 2489 1202 2522 7.
1229 2489 1429 2532 paupertatis
1462 2499 1528 2522 non
1554 2489 1584 2521 in
1617 2491 1749 2523 saeculo
1773 2501 1822 2523 so-

1088 2543 1160 2582 lum,
1187 2543 1245 2576 sed
1270 2543 1365 2575 etiam
1390 2543 1422 2575 in
1449 2543 1608 2585 religione
1642 2543 1824 2576 amantissi-

1063 2607 1170 2638 ¹mus,
1198 2596 1345 2630 eiusdem
1370 2596 1473 2629 saneti
1499 2597 1695 2629 institutoris
1721 2596 1824 2630 imita-

1845 224 1891 246 λιι.
1915 222 1942 247 C,
1963 223 2024 250 1691

1868 806 1986 829 Humanas.

1860 2496 1984 2522 Paupertas.
