2227 3225
113 215 160 242 An.
177 213 205 242 C.
228 215 295 242 1606

876 211 1085 235 INxos'iENTIFs
1110 211 1153 234 KH
1178 212 1224 234 ΓΡ.

306 264 353 297 illi
381 262 510 306 quidem
526 287 533 300 ,
558 260 610 303 qui
637 264 730 291 eruut
755 259 793 291 de
819 259 982 302 provincia
1002 269 1039 291 ex

306 326 368 359 qua
393 326 431 347 co
454 313 593 346 triennio
620 313 678 345 suit
698 313 819 345 electus
834 312 1039 354 praepositus

305 366 480 411 generalis,
495 367 527 398 in
551 367 647 400 domo
669 365 700 398 S.
723 365 876 405 silvestri,
895 365 947 399 alii
965 375 1040 398 vero

305 419 438 453 alterius
457 418 653 462 provinciae,
673 418 705 450 in
720 418 813 451 domo
828 418 858 450 S.
876 417 1038 458 Andreae,

1083 260 1169 291 salva
1196 265 1301 291 tamen
1327 269 1455 303 semper
1480 263 1512 295 in
1544 265 1730 306 praemissis
1762 279 1816 300 au-

1083 311 1231 344 ctoritate
1248 312 1516 355 Congregationis
1536 316 1692 350 dictorum
1712 320 1815 353 cardi-

1082 364 1214 397 nalium.
1233 365 1460 407 Decerncntes,
1479 369 1607 401 easdem
1628 378 1816 413 praesentes

1082 416 1205 450 litteras
1231 429 1363 462 semper
1398 419 1524 461 firmas,
1551 423 1671 455 validas
1697 429 1727 456 et
1752 425 1818 457 cffi-

1719 210 1781 242 753
1827 220 1873 247 An.
1891 219 1918 247 c.
1942 220 2009 247 meo

304 478 401 517 atque
426 472 507 506 inibi
537 482 753 516 unaquaeqne
779 482 853 515 pars
879 481 971 503 suum
995 480 1041 503 re-

305 525 449 570 spective
475 526 619 558 vocalem
645 536 704 568 pro
731 524 872 569 capitulo
897 523 1040 566 generali

305 578 494 611 huiusmodi
528 578 635 621 eligat,
668 584 703 610 ut
737 578 790 617 ita,
816 578 938 620 absque
974 577 1041 609 ullo

306 632 462 665 dictarum
490 631 643 664 domuum
669 636 700 664 ct
737 641 849 664 earum
882 630 1041 663 vocalium

306 685 525 726 incommodo,
538 684 775 728 provinciarum
789 683 963 726 aequalitas
981 693 1041 715 ser-

305 743 415 771 vetur:
433 738 528 771 nobis
549 743 728 781 propterea
746 737 821 770 dicti
840 741 1039 779 exponentes

306 791 477 825 humiliter
519 790 694 834 supplicari
744 790 893 823 fecerunt
934 794 969 820 ut
1008 788 1040 820 in

305 844 491 888 praemissis
524 849 708 887 opportune
742 843 913 886 providere
937 842 977 882 {et
1006 848 1040 874 ut

304 897 388 930 infra
413 897 585 939 indulgere
621 896 659 929 de
685 895 885 938 benignitate
917 899 1039 938 aposto-

302 951 364 984 lica
389 950 608 992 dignaremur.

130 1043 133 1045 ¹
156 1015 291 1037 confirmatio
348 1004 362 1047 ἓ
387 1003 418 1036 3.
435 1003 497 1036 Nos
519 1002 625 1045 igitur,
644 1001 731 1045 ipsos
753 1007 952 1044 exponentes
970 1011 1040 1044 spe-

109 1044 442 1095 2‘151¹.'¹’pr25523223cialibus
479 1055 644 1088 favoribus
676 1061 706 1087 et
738 1055 849 1097 gratus
887 1055 1037 1097 prosequi

109 1101 177 1142 [Vlla
209 1096 291 1146 ”imglii
304 1110 463 1150 volentes,
492 1114 523 1141 et
548 1108 736 1141 eorumdem
761 1107 941 1149 singulares
966 1118 1039 1150 per-

117 1153 284 1168 excummunica-

108 1173 400 1195 i=0u1‚exs0cu1=-s011as
427 1173 443 1194 a
479 1162 644 1205 quibusvis
670 1161 1035 1202 excommunicationis‚

1083 480 1172 502 cacos
1198 471 1335 504 existere
1361 477 1392 505 et
1417 473 1498 513 sore,
1530 484 1672 518 suosque
1706 477 1818 520 plena-

1083 522 1147 555 rios
1172 528 1202 556 et
1227 524 1372 567 inlegros
1399 525 1530 559 effectus
1552 528 1660 561 sortiri
1687 534 1717 561 et
1739 531 1818 564 obti-

1083 587 1170 618 ncre,
1207 588 1242 611 ac
1267 579 1340 619 illis,
1371 580 1409 612 ad
1441 592 1522 624 quos
1553 588 1676 625 spectat
1701 589 1732 616 et
1756 595 1816 627 pro

1084 634 1231 674 tempore
1263 633 1534 677 quandocumque
1570 637 1746 678 spectabit,
1784 638 1816 670 in

1083 684 1233 716 oumibus
1258 690 1289 717 et
1314 696 1372 728 per
1403 687 1511 719 omnia
1539 688 1728 730 plenissime
1753 691 1817 722 sus-

1083 736 1198 778 sragari
1224 742 1255 769 et
1279 737 1318 769 ab
1344 738 1389 770 eis
1414 739 1593 782 respective
1620 741 1817 776 inviolabili-

1084 794 1132 822 ter
1156 789 1339 830 observari,
1367 791 1476 835 sicque
1496 793 1526 825 iu
1545 794 1735 836 praemissis
1757 806 1817 838 per

1082 854 1306 887 quoscumque
1339 844 1464 878 iudices
1496 847 1676 880 ordinarios
1709 854 1742 881 ct
1766 849 1819 881 de-

1082 897 1217 939 legatos,
1243 897 1339 930 etiam
1365 908 1531 931 causarum
1553 901 1664 943 palatii
1690 907 1819 944 aposto-

1082 949 1134 982 lici
1149 949 1323 990 auditores,
1339 951 1476 984 iudicari
1495 957 1525 985 et
1539 953 1667 986 definiri
1685 953 1817 995 debere,

1082 1013 1116 1035 ac
1141 1003 1267 1036 irritum
1293 1008 1325 1036 et
1348 1004 1454 1045 inane,
1480 1005 1505 1038 si
1531 1016 1623 1039 secus
1648 1017 1746 1050 super
1767 1008 1817 1040 his

1082 1068 1099 1089 a
1124 1069 1298 1101 quoquam,
1323 1059 1434 1102 quavis
1461 1060 1650 1094 auctoritate
1675 1061 1818 1094 scienter

1081 1112 1131 1143 vel
1156 1111 1357 1153 ignoranter,
1383 1113 1557 1155 contigerit
1582 1115 1748 1147 attentari.

1124 1163 1138 1206 g
1162 1164 1191 1195 4.
1216 1163 1286 1197 Non
1311 1164 1515 1198 obstantibus
1540 1167 1718 1209 praedictis
1747 1167 2010 1226 Cle-dci111an10rum

1841 1212 1943 1232 erogatu).

109 1201 144 1221 ‘¹⁰'
302 1214 526 1259 suspensionis
545 1220 576 1247 et
593 1214 766 1255 interdicti,
783 1215 919 1257 aliisque
938 1215 1039 1247 eccle-

300 1481 443 1513 sentium
476 1480 641 1513 dumtaxat
673 1479 948 1522 consequendum,
981 1479 1036 1511 ba-

299 1591 481 1627 censentes,
508 1596 544 1619 ac
578 1591 776 1619 memoratae
813 1586 933 1618 formae
971 1586 1033 1618 ele-

298 1639 413 1673 ctionis
439 1639 595 1672 vocalium
620 1639 750 1682 capituli
777 1640 936 1681 generalis
962 1650 1035 1672 nec-

298 1703 364 1725 non
389 1692 630 1736 praedictarum
652 1692 825 1725 Clementis
844 1693 1036 1735 praedeces-

298 1746 380 1779 soris
411 1746 592 1778 litterarum
629 1750 758 1778 tenores
790 1751 821 1778 et
845 1746 907 1779 alia
939 1757 1036 1789 quae-

299 1808 449 1842 cumque,
472 1798 566 1830 etiam
586 1797 770 1841 specificam
788 1804 820 1831 et
837 1798 1034 1832 individuam

297 1851 499 1885 mentionem
520 1856 551 1885 et
572 1851 814 1895 expressionem
825 1852 1035 1895 requirentia,

296 1905 526 1949 praesentibus
549 1915 608 1948 pro
646 1905 742 1947 plene
780 1910 812 1937 et
836 1905 1035 1938 sufficienter

298 1957 462 2001 expressis
496 1962 527 1990 et
558 1957 690 1990 insertis
720 1957 889 1998 habentes,
923 1959 1035 1991 huius-

296 2011 386 2043 modi
412 2010 707 2054 supplicationibus
733 2010 890 2051 inclinati,
917 2011 956 2044 de
982 2022 1035 2044 ve-

297 2063 493 2096 nerabilium
517 2063 651 2096 fratrum
676 2068 860 2096 nostrorum
885 2063 916 2097 S.
939 2064 976 2097 R.
996 2064 1031 2097 E.

297 2115 508 2150 cardinalium
532 2115 671 2158 negotiis
692 2121 724 2149 et
740 2116 1034 2150 consultationilnis

298 2169 527 2213 episcoporum
552 2174 584 2202 et
608 2170 806 2212 regularium
833 2171 1034 2214 praeposito-

296 2232 369 2254 rum
393 2221 544 2262 consHio,
570 2222 700 2255 decreta
724 2223 868 2266 praefata
894 2224 1034 2267 (sublata

297 2279 405 2308 tamen
431 2275 515 2308 dicta
532 2278 638 2319 poena
660 2276 1032 2321 excommunicationis),

297 2328 491 2362 auctoritate
516 2328 708 2372 apostolica,
740 2334 852 2363 tenore
881 2340 1034 2374 praesen-

297 2381 385 2422 tium,
404 2381 628 2414 confirmamus
650 2387 682 2415 et
707 2383 933 2426 approbamus,
953 2385 1033 2418 illis-

298 2445 361 2477 que
399 2433 597 2467 inviolabilis
636 2437 836 2478 apostolicae
872 2437 1032 2472 firmitatis

297 2487 399 2519 robur
423 2487 604 2527 adjicimus,
630 2498 666 2520 ac
691 2500 806 2522 omnes
832 2496 863 2523 et
888 2491 1032 2534 singulos

297 2539 376 2573 iuris
402 2544 434 2572 et
458 2540 531 2572 sacti
563 2541 720 2582 desectus,
753 2543 779 2575 si
812 2544 866 2587 qui
893 2545 1033 2589 desuper

300 2593 548 2639 quomodolibet
564 2593 811 2638 intervenerint,
828 2599 1031 2641 supplemus:

409 2655 487 2684 Ball.
502 2655 585 2685 Rom.
598 2672 630 2676 —
650 2657 710 2686 Vol.
727 2658 786 2686 XX.
930 2660 964 2687 95

1058 1216 1197 1256 ¹mentis
1222 1218 1484 1259 praedecessoris
1515 1218 1642 1259 litteris,
1676 1220 1814 1263 aliisque

302 1268 440 1301 siasticis
465 1267 647 1308 sententiis,
676 1268 819 1300 censuris
846 1273 877 1300 et
910 1268 1036 1311 poenis,
1058 1263 1059 1268 ’

302 1333 319 1354 a
343 1321 411 1354 iure
437 1322 486 1354 vel
513 1321 552 1353 ab
571 1321 712 1360 homine,
728 1321 838 1364 quavis
863 1321 1035 1354 occasione
1057 1324 1058 1330 ¹

303 1376 352 1408 vel
378 1376 475 1407 causa
492 1374 575 1414 latiS,
601 1374 627 1407 si
647 1375 765 1417 quibus
792 1374 1037 1416 quomodolibet
1057 1376 1058 1396 ²

300 1427 476 1461 innodatae
515 1427 668 1468 existunt,
697 1427 736 1459 ad
762 1426 909 1459 etl'ectuin
945 1437 1058 1470 prae-¹

1056 1519 1057 1530 1
1079 1492 1147 1514 rum
1165 1483 1375 1524 regularium,
1389 1483 1498 1516 aliisve
1518 1485 1696 1527 quibusvis,
1719 1486 1816 1519 etiam

299 1544 370 1566 rum
396 1533 481 1566 serie
508 1533 713 1566 absolventes
736 1537 767 1565 et
785 1533 947 1565 absolutas
967 1532 1034 1565 sore
1056 1550 1057 1570 ;

1079 1270 1276 1312 praemissis,
1302 1281 1338 1303 ac
1359 1271 1646 1305 constitutionibus
1672 1277 1704 1305 et
1728 1274 1817 1306 ordi-

1080 1322 1265 1355 nationibus
1284 1323 1484 1365 apostolicis,
1500 1335 1637 1366 necnon,
1654 1331 1815 1369 quatenus

1079 1387 1161 1418 opus
1186 1375 1238 1416 sit,
1266 1376 1370 1409 dictae
1395 1376 1664 1420 Congregationis
1688 1379 1818 1412 Tlieati-

1079 1439 1207 1469 norum,
1235 1429 1370 1472 eiusque
1388 1431 1628 1473 provimiarum
1650 1437 1681 1465 et
1707 1433 1818 1466 donio-

1078 1535 1272 1575 iuramento,
1289 1536 1537 1570 confirmatione
1559 1538 1747 1580 apostolica,
1766 1541 1816 1572 vel

1055 1591 1057 1610 ²
1078 1589 1189 1632 quavis
1215 1588 1368 1621 firmitate
1395 1590 1456 1622 alia
1481 1590 1655 1631 roboratis,
1688 1592 1815 1625 statutis

1078 1646 1109 1674 et
1133 1641 1435 1683 consuetudinibus,
1464 1643 1643 1686 privilegiis
1673 1655 1815 1688 quoque,

1077 1694 1212 1728 indultis
1238 1699 1269 1727 et
1293 1694 1411 1728 litteris
1430 1696 1620 1739 apostolicis
1640 1697 1672 1730 in
1694 1704 1817 1731 eontra-

1078 1747 1159 1779 rium
1183 1747 1437 1791 praemissorum
1470 1749 1717 1791 quomodolibet
1740 1761 1817 1783 con-

1077 1801 1186 1841 cessis,
1215 1801 1415 1834 confirmatis
1440 1807 1472 1835 et
1491 1802 1671 1845 innovatis;
1699 1805 1817 1848 quibus

1078 1854 1228 1887 omnibus
1264 1860 1296 1887 et
1329 1855 1479 1898 singulis,
1516 1856 1646 1889 illorum
1683 1863 1815 1891 tenores

1077 1907 1301 1951 praesentibus
1328 1918 1387 1951 pro
1424 1910 1520 1952 plene
1553 1915 1584 1942 et
1615 1910 1817 1944 sufficienter

1078 1960 1239 2004 expressis
1276 1971 1311 1994 ac
1338 1961 1376 1994 de
1402 1962 1502 1995 verbo
1529 1963 1567 1995 ad
1599 1964 1734 1996 verbum
1768 1964 1816 1996 in-

1077 2015 1170 2046 sertis
1186 2014 1357 2055 habentes,
1380 2015 1444 2047 illis
1468 2016 1547 2048 alias
1565 2016 1596 2048 in
1617 2027 1676 2050 suo
1697 2017 1815 2051 robore

1077 2067 1305 2110 permausuris,
1324 2067 1362 2100 ad
1380 2068 1636 2111 praemissorum
1656 2069 1815 2113 effectum,

1078 2120 1136 2152 hac
1149 2120 1217 2153 vice
1230 2120 1403 2161 dumtaxat,
1418 2121 1604 2164 specialiter
1618 2126 1649 2155 et
1659 2133 1814 2166 expresse

1077 2175 1288 2217 derogamus,
1320 2175 1505 2219 ceterisque
1538 2177 1708 2210 contrariis
1746 2178 1816 2222 qui-

1076 2229 1291 2271 buscumque.

1120 2280 1191 2325 55.
1222 2281 1375 2314 Volumus
1413 2287 1521 2316 autem
1555 2288 1590 2316 ut
1625 2285 1812 2319 earumdem
1862 2294 1925 2315 rme,
1949 2296 2007 2315 imn-

1823 2324 1961 2348 sumptorum.

1075 2335 1295 2378 praescntium
1314 2335 1496 2369 litterarum
1515 2338 1736 2381 transumptis,
1754 2350 1813 2372 seu

1076 2387 1242 2431 exemplis,
1269 2388 1364 2421 etiam
1391 2389 1565 2432 impressis,
1592 2401 1689 2423 manu
1715 2392 1815 2424 alicu-

1075 2441 1165 2474 cuius
1189 2442 1307 2474 notarii
1334 2443 1457 2486 publici
1482 2444 1682 2487 subscriptis,
1710 2451 1741 2478 et
1771 2446 1813 2478 si-

1075 2494 1153 2537 gillo
1178 2504 1338 2538 personae
1363 2495 1397 2528 in
1417 2496 1635 2529 ecclesiastica
1653 2498 1810 2540 dignitate

1075 2547 1271 2581 constitutae
1296 2549 1444 2590 munitis,
1471 2550 1585 2582 eadem
1611 2561 1745 2593 prorsus
1780 2551 1811 2583 si-

1075 2601 1131 2634 des
1169 2601 1290 2645 ubique
1326 2603 1473 2637 locorum
1510 2603 1686 2644 habeatur,
1727 2615 1809 2647 quae
