2254 3225
446 223 509 256 992
994 234 1170 258 aricinum

490 285 532 318 sci
554 285 591 318 de
616 284 819 319 Observantia
841 285 1064 330 comprehendi
1090 297 1141 319 eo·
1167 287 1169 344 l

490 337 634 371 rumdcm
668 338 735 372 loca
761 338 831 372 Viae
857 339 966 373 Crucis
990 350 1043 372 seu
1071 338 1140 373 Cal·
1168 375 1169 383 ἵ

493 390 580 432 varii,
607 391 679 425 779..
1168 385 1170 393 i

404 444 530 479 CXLIII.
558 446 756 479 Revocautur
773 445 936 489 privilegia
961 456 977 478 a
1002 444 1144 488 superio-
1169 472 1171 482 ,

492 497 579 531 ribus
611 498 767 540 religiosis
804 508 950 531 concessa
985 498 1015 530 in
1050 485 1172 543 Indii52

493 544 742 585 Occidentalibus
776 556 886 584 contra
919 549 1072 583 Ordinum
1100 549 1145 582 vel
1170 544 1172 556 ’

493 605 623 637 Sanctae
648 602 736 637 Sedis
762 603 1012 643 constitutiones,
1041 602 1114 635 774.
1171 603 1172 606 ’

405 657 528 691 CXLIV.
544 656 737 700 praecipitur
753 657 993 701 archiepiscopo
1010 656 1148 689 Coanen-
1171 652 1173 703 ’χ

493 710 528 750 si,
554 720 587 743 ae
613 710 768 753 episcopis
793 709 1026 753 Meliaporensi‚
1051 709 1147 742 Gran-
1171 704 1173 746 Ῐ

494 762 661 805 ganorensi
685 767 713 796 et
730 762 911 796 Coecincnsi
930 768 963 795 ut
980 762 1148 795 observent
1172 769 1174 803 t

495 815 666 850 Clementis
685 816 705 848 X
725 815 982 850 constitutionem
1004 815 1086 849 circa
1106 815 1148 848 iu-

493 868 708 902 risdietionem
735 869 925 902 vicariorum
959 868 1146 912 apostolico-

495 933 564 956 rum
591 922 622 955 in
647 922 785 963 Oriente,
808 922 880 955 776.

407 976 517 1011 CXLV.
543 975 777 1010 Confirmantur
803 979 832 1009 et
856 975 1047 1008 innovantur
1073 985 1146 1008 con—

492 1028 669 1063 stitutiones
700 1028 866 1063 Clementis
892 1029 917 1062 X
943 1032 973 1062 et
997 1029 1149 1062 Innocen-
1171 1045 1175 1066 i

494 1083 527 1116 tii
564 1083 603 1116 xl
637 1083 675 1116 de
707 1082 839 1116 transitu
874 1070 1174 1116 Benedictinorum⁵

494 1135 752 1178 Congregationis
774 1135 871 1169 saneti
887 1135 985 1169 Mauri
1003 1135 1033 1168 in
1050 1135 1148 1168 Callia
1173 1149 1174 1160 π

494 1190 531 1222 ad
557 1189 634 1223 alios
660 1189 792 1222 Ordines
819 1189 992 1232 regulares,
1019 1188 1092 1221 778.

410 1244 533 1278 CXLVI.
559 1243 768 1277 Confiriuatur
793 1243 954 1276 decretum
975 1242 1149 1285 Cougrcga-
1173 1240 1175 1276 ῗ

494 1297 587 1330 tionis
625 1297 847 1341 episcoporum
892 1302 921 1329 et
954 1296 1148 1340 regularium

495 1351 579 1385 circa
593 1350 831 1394 abrogationem
848 1350 1057 1383 discretorum
1074 1350 1149 1384 Con-

495 1403 688 1447 gregationis
713 1403 880 1437 Doctrinae
904 1403 1098 1437 Christianae
1118 1403 1149 1436 in

496 1456 604 1498 Gallia,
631 1455 704 1490 780.

407 1510 543 1544 CXLVII.
570 1509 802 1544 Confirmantur
836 1509 1047 1551 indulgentiae
1077 1520 1147 1553 per-

495 1568 607 1608 petuae
633 1573 648 1595 a
675 1563 771 1596 Paulo
792 1563 813 1594 V
832 1572 998 1596 concessae
1017 1562 1150 1605 Congre-

495 1616 611 1660 gationi
630 1616 766 1660 Antiqui
781 1617 896 1659 riyoris
922 1615 1046 1649 Ordinis
1060 1616 1149 1649 Prae-

497 1669 747 1709 monstratensis,
775 1667 849 1702 782.

407 1724 562 1759 CXLVIII.
587 1723 796 1757 Conliruiatur
820 1722 981 1755 decretum
1005 1722 1145 1764 Congre-

495 1776 630 1820 gationis
654 1775 876 1820 episcoporum
895 1780 924 1808 et
945 1775 1148 1818 regularium,

496 1841 558 1874 quo
583 1830 772 1871 declaratur,
792 1829 822 1861 in
840 1828 1063 1862 constitutione
1084 1829 1150 1862 Ale-

497 1883 608 1918 xandri
635 1883 695 1924 vll,
713 1882 750 1916 de
774 1882 947 1926 privilegiis
972 1882 1149 1927 provincia-

496 1948 567 1971 rum
582 1937 836 1971 Reformatorum
851 1936 1023 1970 Strictioris
1040 1936 1149 1969 Obser-

498 1990 617 2024 vantiae
650 1990 681 2023 in
711 1989 860 2034 Hispania
887 1995 916 2023 et
941 1989 1035 2023 Indiis
1059 1990 1148 2024 Occi·
1173 2017 1175 2032 ,

497 2044 685 2084 dentalibus,
707 2044 935 2088 comprehendi
953 2044 1148 2087 provinciam

498 2097 668 2131 Ari-abidae
693 2097 723 2129 in
748 2097 917 2139 Lusitania,
939 2096 1012 2131 784.

408 2152 531 2186 CXLIX.
558 2151 699 2185 Eduntur
723 2151 875 2195 quaedam
909 2151 1035 2184 decreta
1067 2151 1150 2184 circa

498 2204 626 2238 modum
644 2203 837 2237 concedendi
858 2203 999 2237 habitum
1018 2214 1149 2247 magnae

497 2258 599 2291 crucis
624 2257 660 2290 ad
686 2257 823 2290 honores
850 2257 879 2290 in
906 2257 1052 2301 hospitali
1085 2268 1150 2290 san-

496 2312 536 2346 cti
562 2310 684 2344 Ioannis
710 2311 996 2355 Ilierosolymitani,
1024 2311 1096 2345 786.

407 2365 463 2400 CL.
480 2365 691 2399 Contirinatur
709 2364 891 2398 constitutio
911 2364 1081 2398 Alexandri
1100 2365 1148 2399 Vll

497 2424 607 2452 contra
641 2417 806 2460 religiosos
841 2417 1034 2461 Caput-cinos
1067 2423 1150 2451 tran-

497 2478 623 2506 seuntes
648 2472 685 2505 ad
711 2472 803 2505 aliam
830 2471 1026 2515 religionem,
1045 2472 1118 2506 789.

410 2528 480 2562 CLI.
506 2527 648 2570 Erigitur
672 2526 825 2570 oppidum
847 2525 993 2559 Blesense
1018 2526 1048 2559 in
1075 2526 1149 2560 civi-

1174 2071 1176 2084 l

1174 2108 1176 2123 l

1196 234 1346 258 ROMAM‘M

1195 285 1278 319 CLII.
1305 285 1514 320 Confirmatur
1535 286 1698 319 decretum
1718 286 1939 331 Congregatio

1284 339 1331 372 nis
1357 340 1482 372 Rituum
1519 340 1556 373 dc
1582 341 1666 373 cultu
1692 340 1937 374 immemorabili

1284 403 1391 426 servae
1416 393 1469 426 Dei
1495 394 1609 426 Mariae
1635 393 1672 426 de
1698 393 1816 438 Capite,
1843 394 1917 429 709.

1198 445 1295 478 CLIII.
1326 445 1515 479 Prohibetur
1539 456 1577 478 ne
1603 446 1738 489 amplius
1763 446 1833 481 laici
1860 447 1939 482 Con-

1286 498 1478 539 gregationis
1522 498 1773 541 Ministrantium
1804 501 1939 534 Infirmis

1287 551 1441 593 gaudeant
1475 561 1548 584 voce
1573 551 1673 584 activa
1711 553 1755 585 vel
1793 554 1937 596 passiva,

1288 604 1361 637 801.

1199 656 1293 690 CLIV.
1312 656 1545 690 Confirmantur
1568 662 1680 690 statuta
1701 669 1759 702 pro
1778 658 1876 692 tribus
1895 670 1940 694 se-

1289 709 1431 743 minariis
1456 710 1486 742 in
1507 710 1643 744 dioecesi
1668 712 1939 756 Angelopotitana,

1304 814 1536 849 Confirmantur
1567 821 1596 849 et
1621 816 1808 851 innovantur
1833 817 1936 862 pluri-

1290 879 1340 902 ma
1366 868 1490 902 decreta
1521 869 1781 913 Congregationis
1812 871 1940 905 Concilii

1289 932 1384 966 super
1413 922 1626 956 celebratione
1659 923 1845 965 missarum,
1879 926 1941 958 una

1288 986 1359 1009 eum
1386 975 1512 1009 illorum
1537 975 1758 1017 declaratione,
1783 978 1943 1021 approba-

1290 1028 1374 1062 tione
1407 1033 1437 1061 et
1470 1028 1671 1062 innovatione
1697 1029 1836 1063 eiusdem
1861 1029 1941 1064 Con-

1289 1081 1491 1125 greg-ationis,
1517 1081 1591 1115 806.

1200 1135 1294 1168 CLVI.
1309 1134 1496 1168 Conceditur
1510 1135 1651 1168 eremitis
1667 1135 1858 1169 Excalceatis
1875 1147 1942 1170 san-

1290 1188 1328 1221 cti
1362 1187 1524 1230 Augustini
1558 1188 1817 1231 Congregationis
1846 1189 1941 1223 Galli-

1291 1252 1386 1274 canae
1411 1241 1590 1284 provinciae
1631 1241 1780 1275 Franciac
1812 1243 1942 1276 facultas

1290 1294 1422 1328 canendi
1459 1306 1528 1328 cum
1568 1294 1650 1328 notis
1687 1295 1718 1328 in
1745 1295 1940 1340 expositione

1289 1349 1340 1383 SS.
1367 1348 1559 1383 Sacramenti
1589 1354 1618 1381 et
1647 1348 1748 1382 missis
1778 1349 1941 1384 defuncto-

1289 1413 1370 1444 rum,
1396 1401 1469 1435 819.

1200 1455 1308 1490 CLVII.
1334 1454 1547 1489 Confirmatur
1579 1454 1740 1488 decretum
1770 1455 1942 1499 Congrega-

1291 1509 1383 1542 tionis
1407 1509 1436 1542 S.
1458 1508 1557 1542 Officii
1582 1508 1620 1541 de
1647 1508 1770 1542 vicariis
1795 1509 1941 1552 foraneis‚

1289 1567 1342 1594 aut
1366 1561 1434 1595 aliis
1458 1561 1496 1594 ab
1524 1561 1697 1594 Ordinariis
1722 1562 1885 1595 Americae
1911 1562 1941 1595 in

1291 1615 1366 1648 locis
1398 1626 1415 1647 a
1447 1613 1534 1647 curia
1564 1614 1732 1659 episcopali
1759 1615 1840 1647 ultra
1864 1615 1940 1648 duas

1288 1668 1385 1701 dietas
1411 1667 1618 1707 distantibus,
1650 1678 1709 1711 pro
1734 1672 1816 1700 statu
1840 1667 1941 1702 libero

1290 1721 1541 1755 contrahentium
1567 1720 1730 1764 eligendis,
1755 1719 1829 1754 8⁶21.

1200 1776 1321 1810 CLVIII.
1355 1774 1565 1809 Confirmatur
1598 1773 1782 1807 constitutio
1812 1773 1880 1807 Iulii
1915 1775 1940 1809 Π

1288 1839 1346 1873 pro
1370 1828 1489 1861 unitate
1514 1827 1669 1861 servanda
1688 1827 1718 1860 in
1735 1826 1851 1861 Ordine
1871 1828 1941 1862 Car-

1289 1881 1452 1923 thusiensi‚
1470 1891 1541 1914 cum
1560 1880 1734 1914 adiectione
1755 1891 1875 1925 poenae
1892 1892 1940 1915 ex·
1976 1918 1988 1927 ·

1288 1934 1583 1969 communicationis
1604 1935 1635 1968 in
1660 1935 1939 1976 contravenientes,

1288 1988 1361 2022 8022.

1199 816 1278 849 CLV.

1174 2046 1176 2061 ²
1200 2043 1297 2078 CLIX.
1323 2042 1533 2077 Confirmatur
1551 2047 1579 2075 et
1597 2042 1702 2076 denuo
1720 2042 1852 2085 erigitur
1866 2042 1940 2076 Con-

1288 2095 1432 2140 gregatio
1467 2105 1561 2139 super
1600 2095 1766 2139 disciplina
1798 2095 1938 2138 regulari

1290 2160 1360 2183 cum
1387 2148 1589 2182 concessione
1605 2149 1787 2182 facultatum
1814 2154 1843 2181 et
1866 2149 1940 2182 abo-

1291 2202 1398 2236 litione
1415 2201 1673 2245 Congregationis
1695 2212 1788 2246 super
1801 2206 1882 2235 statu
1895 2211 1940 2235 re-

1290 2256 1460 2300 gularium,
1485 2255 1559 2290 8224.

1202 2311 1284 2345 CLX.
1310 2309 1520 2345 Confirmatur
1544 2309 1704 2343 decretum
1723 2308 1941 2351 Congregatio-

1290 2364 1337 2397 nis
1368 2363 1591 2407 episcoporum
1623 2368 1652 2396 et
1685 2362 1875 2405 regularium
1902 2361 1940 2394 de

1290 2418 1467 2450 interventu
1500 2416 1675 2459 generalis,
1699 2414 1940 2459 provincialium

1293 2476 1323 2504 et
1347 2475 1506 2504 rectorum
1532 2480 1603 2503 cum
1628 2468 1770 2502 discretis
1795 2468 1824 2500 in
1850 2467 1938 2512 capi-

1291 2524 1362 2557 tulis
1399 2522 1642 2568 provincialibus
1682 2521 1940 2564 Congregationis

498 2585 604 2620 tatem,
625 2579 755 2623 eiusque
779 2578 910 2612 ecclesia
941 2578 970 2613 S.
996 2579 1151 2614 Solemnis

498 2633 530 2667 in
555 2632 778 2676 cathedralem,
805 2631 879 2666 791.

1291 2576 1458 2611 Doctrinae
1481 2574 1673 2610 Christianae
1690 2573 1722 2606 in
1738 2573 1847 2615 Gallia,
1865 2572 1938 2608 828.

1176 2642 1179 2669 l
1204 2631 1302 2667 CLXI.
1332 2630 1482 2665 Aboletur
1507 2628 1655 2663 venalitas
1680 2627 1775 2662 officii
1799 2636 1940 2662 camera-
