2227 3225
57 216 105 241 Αη,
124 215 151 242 C.
176 213 242 243 1693

828 212 1036 237 ιΝΝοαΕΝτῐνς
1061 214 1103 237 xu
1127 215 1174 237 rr.
1655 209 1718 241 519

56 280 111 296 ‹vm-1
151 282 228 302 guter:
249 274 358 296 corum
395 263 588 304 regularium
615 261 862 294 Ministrautium
892 261 982 293 lntir-

54 304 71 324 lt·

75 310 101 323 In.

250 315 320 356 mis,
345 315 432 358 quod
469 315 554 347 dicta
592 314 809 357 Congregatio
845 313 981 347 diversis

250 368 460 411 temporibus,
481 378 541 411 pro
572 367 715 411 ipsorum
746 372 926 410 temporum
951 372 983 399 ct.

247 431 354 453 rerum
379 419 539 459 varietate,
566 421 637 453 aliis
662 425 758 463 atque
784 419 854 453 aliis
876 419 981 453 modis

248 479 279 506 et
305 473 424 513 formis,
448 484 578 517 semper
597 478 702 506 tamen
721 484 757 506 ex
783 473 873 506 Sedis
898 473 982 515 Apo-

248 527 381 560 stolicae
408 527 542 565 indulto,
562 519 741 570 gubernata
766 527 837 559 fuit.
856 526 890 559 In
911 525 980 558 eius

249 580 369 613 etenim
395 580 588 623 primordiis,
603 580 754 614 videlicet
771 590 856 612 anno
874 588 981 619 unxffl,

247 637 391 676 tempore
406 633 506 666 felicis
518 633 753 666 recordationis
762 631 907 675 Gregorii
918 631 982 664 XIV

246 687 509 730 praedecessoris
546 687 657 727 nostri,
679 687 858 730 praefectus
882 695 981 729 gene·

248 739 324 772 ralis
349 739 493 773 eiusdem
518 740 783 782 Cougregationis
808 738 883 782 eligi
909 749 982 772 con-

246 798 393 825 sueverat
424 803 461 825 ex
495 798 563 826 toto
597 803 734 836 corpore
769 792 871 835 ipsius
904 791 981 825 Con-

246 845 468 888 gregationis,
503 856 585 887 quae
623 851 737 888 postea
768 845 801 877 in
838 844 980 888 quinque

244 898 448 941 provincias,
489 898 639 931 videlicet
670 898 869 938 Romanam,
903 897 981 931 Nea-

244 951 436 993 politanam,
462 951 755 990 Mediolanensem,
780 951 919 985 Siculam
950 956 981 984 et

244 1003 493 1043 Bononiensem,
514 1003 613 1036 divisa
639 1004 698 1036 fuit
717 1004 838 1048 absque
854 1006 919 1038 ulla
939 1005 981 1037 al-

243 1055 413 1088 tet-nativa.
440 1056 545 1100 Atque
581 1057 625 1089 ita
648 1067 752 1100 usque
788 1057 827 1090 ad
860 1067 979 1090 annum

242 1116 407 1142 uncxxvtu
427 1108 633 1142 observatum
652 1109 727 1142 fuit:
746 1120 808 1153 quo
831 1115 979 1154 tempore

242 1161 437 1194 recolendae
463 1162 639 1195 memoriae
656 1161 803 1195 Urbanus
825 1162 884 1195 PP.
904 1163 978 1203 wll,

243 1212 339 1246 etiam
371 1214 602 1257 praedecessor
625 1220 749 1255 noster,
783 1215 923 1248 decrevit
946 1221 980 1248 ut

242 1265 346 1298 dictus
371 1266 553 1309 praefectus
578 1267 740 1309 generalis
764 1278 822 1310 per
841 1273 977 1309 turnum,

241 1321 304 1351 uua
321 1319 453 1362 quidem
467 1318 536 1352 vice
554 1330 591 1352 ex
609 1320 760 1359 Romana,
780 1321 881 1353 altera
902 1332 977 1354 vero

241 1383 278 1405 ex
295 1371 514 1416 Neapolitana,
537 1378 568 1406 et
585 1374 630 1406 sic
647 1373 827 1406 successive
849 1385 884 1407 ex
907 1375 978 1406 aliis

240 1426 345 1460 dietae
370 1426 640 1470 Congregationis
665 1426 851 1470 provinciis,
878 1428 978 1470 elige—

238 1485 346 1520 retur;
376 1490 413 1512 ex
445 1479 581 1521 singulis
617 1479 701 1512 euim
732 1479 803 1512 aliis
839 1484 978 1523 quatuor

241 1533 426 1575 provinciis,
451 1543 486 1565 ex
526 1533 646 1575 quibus
669 1533 852 1576 praesectus
881 1544 978 1576 gene-

241 1585 317 1618 ralis
343 1586 465 1619 electus
488 1595 554 1618 non
580 1590 673 1625 esset,
700 1585 818 1628 singuli
850 1587 978 1619 consul-

243 1645 327 1673 tores
341 1638 521 1681 generales,
539 1648 574 1670 ex
595 1639 632 1670 ea
654 1648 740 1679 vero,
758 1649 794 1672 ex
812 1649 874 1682 qua
892 1639 976 1673 idem

238 1692 421 1736 praefectus
438 1690 600 1734 generalis
614 1701 673 1734 pro
693 1696 837 1735 tempore
852 1692 975 1733 fuisset,

239 1745 360 1778 arbiter
383 1744 546 1786 generalis
571 1744 749 1787 respective
774 1745 977 1778 assumeban-

241 1803 303 1830 tur.
330 1797 448 1840 Sicque
478 1797 600 1830 servari
626 1797 780 1841 contigit,
807 1809 975 1842 quousque

238 1849 446 1893 particularis
471 1849 706 1892 Congregatio,
733 1861 750 1882 a
770 1850 884 1884 similis
910 1862 976 1884 me-

237 1904 358 1937 moriae
382 1903 574 1936 Innocentio
599 1903 659 1936 PP.
686 1903 711 1936 X
736 1904 857 1946 pariter
884 1915 976 1948 prae-

238 1958 413 1991 decessore
433 1961 546 1989 nostro
571 1956 734 1999 deputata,
754 1957 786 1989 in
807 1957 885 1990 duas
905 1968 975 2001 pro-

236 2010 369 2050 vincias,
383 2019 500 2053 nempe
511 2009 765 2053 Neapolitanam,
782 2021 864 2054 quae
877 2012 974 2045 etiam

236 2064 378 2097 Siculam
403 2063 708 2106 comprehenderet,
727 2073 763 2096 ac
787 2064 975 2106 Romanam,

237 2127 320 2161 quae
345 2116 486 2160 reliquas
505 2116 684 2160 provincias
700 2118 881 2160 praedictas
900 2130 976 2152 con-

236 2170 364 2210 tineret,
389 2170 526 2212 redegit.
555 2170 764 2209 Verum‚cum
781 2172 975 2214 praemisso-

235 2234 306 2256 rum
347 2223 517 2256 occasione
562 2223 669 2256 variae
710 2225 974 2267 perturbationes

236 2276 389 2309 subortae
422 2276 572 2317 fuissent,
598 2276 672 2320 piae
697 2277 874 2311 memoriae
899 2278 973 2312 Ale-

235 2329 360 2362 xander
384 2328 442 2361 PP.
476 2328 526 2362 vlt
558 2329 710 2362 similiter
742 2331 975 2373 praedecessor

235 2387 348 2415 noster
380 2387 590 2415 memoratam
625 2382 915 2426 congregationem
940 2385 972 2418 in

234 2440 373 2478 quatuor
396 2435 588 2479 provincias,
613 2435 790 2470 Romanam
808 2438 971 2479 videlicet,

234 2498 317 2530 quae
341 2488 527 2521 universum
563 2488 684 2522 Statum
709 2489 971 2524 Ecclesiasticum

233 2550 270 2572 ac
305 2540 464 2573 Etruriam
500 2542 806 2584 comprehenderet,
842 2554 971 2577 necnon

232 2592 479 2638 Neapolitanam
513 2599 544 2628 et
574 2594 714 2629 Siculam
747 2606 782 2629 ac
811 2595 966 2630 Mediola-

1025 271 1171 301 nensem,
1187 271 1323 305 quarum
1338 267 1501 305 postrema
1520 264 1660 307 reliquas
1678 266 1757 297 eius-

1025 313 1096 346 dem
1122 314 1390 357 Congregatiouis
1416 321 1447 347 ct
1472 316 1569 348 etiam
1586 319 1759 350 nonnullas

1024 366 1057 398 in
1082 366 1237 410 Hispania
1263 368 1408 400 suntlatas
1435 368 1546 401 domos
1564 369 1757 410 contineret,

1025 419 1132 452 divisit
1156 426 1187 453 et
1211 421 1348 453 reduxit.
1374 422 1416 453 Ac
1442 421 1573 465 insuper
1595 421 1697 455 voluit
1724 428 1759 454 ut

1025 473 1207 515 praefectus
1219 474 1381 516 generalis
1400 475 1593 514 alternatim,
1610 477 1674 508 una
1694 475 1760 518 qui-

1025 526 1097 559 dem
1121 526 1189 560 vice
1225 537 1262 560 ex
1288 527 1432 560 Romana
1466 533 1496 560 et
1528 527 1758 560 Mediolanensi

1025 578 1222 622 indistincte,
1248 581 1348 614 altera
1374 587 1450 613 vero
1481 581 1549 613 vice
1574 591 1610 613 ex
1636 580 1760 624 Neapo-

1024 632 1122 665 litana
1157 638 1188 666 et
1223 632 1330 666 Sicula
1370 633 1546 677 provinciis
1581 633 1759 677 praedictis

1025 685 1147 728 pariter
1170 686 1354 719 indistincte
1387 687 1582 730 eligeretur:
1618 692 1759 720 ceterum

1024 748 1237 782 unaquaeque
1262 739 1430 782 provincia
1445 750 1535 773 suum
1554 740 1670 773 haheat
1689 750 1762 772 con-

1024 792 1180 825 sultorem
1215 793 1425 834 generalem:
1453 804 1488 826 ex
1526 794 1652 827 illarum
1682 803 1759 826 vero

1024 845 1157 878 duarum
1183 845 1436 888 provinciarum,
1459 857 1496 879 ex
1521 847 1636 889 quibus
1658 856 1757 890 prae-

1024 898 1125 931 fectus
1162 899 1322 941 generalis
1358 900 1484 932 electus
1521 905 1618 939 esset,
1645 901 1758 938 altera,

1023 951 1073 984 cui
1109 952 1234 985 scilieet
1267 952 1469 996 praefectum
1509 953 1696 995 generalem
1722 963 1759 985 ex

1024 1007 1059 1038 ea
1085 1005 1161 1048 eligi
1191 1015 1395 1049 nequaquam
1424 1005 1606 1048 obtigisset,
1638 1005 1761 1038 arbiter

1023 1058 1183 1101 generalis
1198 1065 1422 1092 assumeretur.
1437 1059 1591 1101 Porr0‚ut
1602 1059 1759 1092 eiusmodi

1023 1117 1136 1144 turnus
1162 1117 1356 1152 servaretur,
1382 1111 1549 1154 provincia
1574 1111 1760 1144 Bononien-

1023 1163 1064 1197 sis
1099 1164 1282 1208 supradieta
1319 1164 1500 1205 dissoluta,
1541 1169 1636 1208 atque
1672 1164 1761 1198 inter

1023 1217 1199 1251 Romanam
1225 1222 1257 1250 et
1282 1217 1557 1251 Mediolanensem
1575 1217 1758 1261 respective

1022 1270 1204 1313 provincias
1231 1270 1331 1302 divisa
1357 1270 1426 1303 fuit.

1064 1323 1078 1366 g
1103 1323 1134 1355 2.
1161 1323 1238 1357 Cum
1265 1329 1382 1363 autem,
1404 1323 1484 1355 sicut
1502 1324 1614 1357 eadem
1633 1324 1760 1368 exposi-
1796 1336 1953 1356 cannarum

1770 1366 1913 1383 consumunt..

1022 1376 1064 1409 tio
1094 1375 1321 1418 subiungebat,
1349 1376 1473 1419 integra
1497 1387 1582 1409 nuuc
1614 1377 1759 1410 eiusdem

1020 1428 1291 1471 Congregationis
1323 1429 1491 1472 provincia
1524 1429 1556 1461 in
1593 1429 1758 1473 Hispaniis

1021 1487 1129 1514 erecta
1164 1491 1220 1514 seu
1258 1481 1399 1521 fundata,
1425 1482 1570 1515 nondum
1604 1487 1710 1515 tamen
1741 1494 1759 1516 a

1019 1535 1102 1568 Sede
1120 1534 1284 1578 praedicta
1301 1533 1492 1568 confirmata
1513 1534 1704 1578 reperiatur;
1723 1546 1759 1569 ac

1020 1588 1166 1631 proinde,
1182 1598 1245 1631 quo
1270 1587 1372 1620 dictus
1397 1592 1510 1620 turnus
1536 1588 1566 1621 in
1593 1594 1759 1632 posterum

1019 1640 1202 1674 continuari
1221 1640 1332 1684 possit,
1348 1640 1519 1684 omnisque
1539 1641 1758 1682 dissidiorum,

1020 1705 1102 1739 quae
1127 1694 1159 1727 in
1184 1694 1285 1738 ipsius
1310 1694 1581 1737 Congregationis
1618 1695 1759 1739 capitulo

1019 1748 1176 1791 generali,
1199 1747 1284 1791 quod
1311 1748 1349 1780 de
1375 1747 1539 1790 praesenti
1564 1749 1758 1788 celebratur,

1020 1800 1149 1834 evenire
1186 1806 1330 1843 possent,
1365 1800 1493 1833 occasio
1529 1801 1670 1842 tollatur,
1696 1802 1759 1844 ipsi

1019 1859 1218 1897 exponentes
1233 1853 1348 1885 dictam
1362 1853 1560 1896 provinciam
1577 1854 1761 1887 Bononien-

1019 1917 1086 1940 sem
1103 1907 1135 1939 in
1152 1906 1325 1950 pristinum
1343 1911 1463 1939 statum
1480 1907 1620 1948 restitui,
1639 1907 1760 1951 ipsam-

1019 1971 1081 2003 que
1105 1970 1220 1992 novam
1241 1959 1442 2002 provinciam
1460 1960 1700 2003 Hispaniarum,
1719 1961 1758 1994 ad

1018 2013 1081 2045 hoc
1108 2017 1143 2044 ut
1159 2012 1345 2055 praefectus
1364 2012 1525 2054 generalis
1542 2013 1606 2045 una
1627 2013 1756 2056 quidem

1017 2065 1084 2098 vice
1109 2075 1145 2098 ex
1167 2065 1320 2103 Romana,
1339 2065 1572 2099 Mediolanensi
1598 2071 1630 2099 et
1654 2066 1760 2100 Bono-

1016 2118 1123 2151 niensi
1158 2118 1366 2157 indistincte,
1408 2119 1681 2161 quemadmodum
1718 2120 1758 2153 de

1017 2171 1181 2215 praesenti
1207 2176 1360 2211 servatur,
1389 2172 1492 2204 altera
1520 2182 1597 2205 vero
1623 2173 1693 2206 vice
1719 2184 1756 2207 ex

1016 2224 1235 2268 Neapolitana,
1265 2223 1371 2256 Sicula
1396 2230 1428 2257 et
1460 2224 1687 2268 Hispaniarum
1712 2236 1759 2259 re·

1015 2278 1157 2321 spective
1188 2276 1379 2321 provinciis,
1413 2283 1510 2320 prout
1545 2278 1578 2311 in
1613 2279 1756 2322 capitulo

1016 2330 1161 2374 generali
1190 2329 1359 2374 praedicto
1385 2331 1579 2364 servandum
1606 2332 1676 2373 erit,
1703 2333 1758 2366 eli-

1016 2390 1118 2428 gatur,
1131 2384 1332 2428 apostolicae
1351 2383 1607 2418 confirmationis
1624 2390 1756 2420 nostrae

1014 2436 1197 2481 patrocinio
1212 2436 1421 2478 communiri;
1440 2447 1577 2477 necnon,
1593 2442 1628 2469 ut
1645 2438 1757 2480 singu-

1014 2491 1053 2524 lis
1089 2489 1268 2535 provinciis
1306 2490 1496 2524 huiusmodi
1521 2490 1670 2532 satisfiat,
1692 2491 1755 2534 ipsi

1014 2544 1155 2586 capitulo
1193 2543 1350 2586 generali,
1377 2548 1428 2584 ut,
1456 2549 1626 2587 postquam
1651 2544 1753 2577 dictus

1013 2597 1196 2641 praefectus
1222 2597 1385 2641 generalis
1422 2597 1468 2630 sic
1493 2598 1616 2631 electus
1641 2597 1751 2638 fuerit,

1767 219 1814 245 An.
1833 219 1860 245 C.
1881 219 1950 245 11:03
