2254 3225
205 227 254 254 An.
272 227 300 253 o.
324 226 391 253 1093
437 219 500 252 510

226 1815 347 1838 clausula..

971 228 1148 253 BULLARIEM

397 288 454 310 san
480 283 585 310 motae
602 282 675 310 sunt
700 285 731 311 et
747 278 779 310 in
801 277 941 310 futurum
957 278 1132 311 movebun-
1149 278 1152 299 l

399 337 450 363 tur
467 331 551 364 inter
567 342 782 375 quascumque
809 342 977 374 personas,
1000 338 1061 363 tam
1081 342 1132 364 ec-

398 384 596 417 clesiasticas
613 396 708 428 quam
726 385 833 424 laicas,
849 396 905 417 seu
919 384 1130 417 ecclesiarum
1150 398 1152 404 ι

396 436 590 480 piorumque
622 438 770 470 locorum
801 442 833 469 et
857 447 990 480 operum
1024 436 1132 468 liuius-

396 491 484 523 modi
508 501 713 530 oeconomos,
731 490 896 523 ministros
921 495 953 522 et
975 489 1130 521 officiales

397 549 585 577 executores
609 554 665 577 seu
697 548 946 587 procuratores,
978 551 1131 584 quocum-

397 607 459 639 que
484 597 614 629 nomine
641 601 845 636 censeantur,
873 606 932 638 pro
955 600 987 627 et
1007 599 1130 634 contra,

396 649 535 692 simplici
554 654 586 681 et
600 649 704 682 nudae
719 648 951 691 scripturarum
966 657 1001 679 ac
1014 646 1130 679 iurium
1150 663 1151 667 =

396 701 428 733 in
451 701 665 735 tribunalibus
698 711 753 734 seu
787 700 938 733 archiviis
967 705 1021 732 aut
1044 704 1132 732 nota-

396 755 517 787 riorum
548 754 663 787 officiis
689 754 835 787 eiusdem
865 753 957 786 Urbis
990 753 1131 786 existen-

396 807 474 840 tium
492 807 694 847 indicationi,
714 818 892 850 eorumque
912 807 994 839 notis
1012 817 1048 839 ac
1070 805 1131 849 pri—

396 861 475 893 vatis
488 860 590 903 copiis
605 865 699 897 stare,
713 866 743 893 et
759 860 831 897 illis,
844 861 881 892 ad
898 859 1129 902 probationem,

396 915 541 947 eamdem
568 914 662 946 tidem
689 914 721 945 in
742 913 861 946 iudirio
879 913 1035 945 adbibere
1062 912 1151 955 pos-¹

395 967 471 1006 siut,
500 977 595 1009 quam
620 967 817 999 adhiberent
840 967 865 999 si
891 967 946 1000 illa
972 968 1003 999 in
1029 967 1131 999 forma

395 1020 525 1062 publica
544 1025 576 1052 et
590 1020 777 1051 authentica
795 1020 903 1052 forent
918 1026 1130 1062 transumpta,

395 1078 448 1105 aut
461 1073 538 1105 alias
553 1072 755 1115 originaliter
769 1072 924 1112 exhibita,
939 1072 1130 1105 auctoritate

395 1126 582 1168 apostolica,
605 1132 717 1158 tenore
739 1125 972 1168 praesentiui‘n,
987 1126 1132 1159 concedi-

394 1190 486 1219 mus,
512 1180 680 1212 statuimus
713 1185 744 1212 et
776 1180 972 1212 ordinamus.
1000 1179 1130 1212 Necnon

395 1231 501 1264 eidem
524 1231 672 1274 Sperello
692 1232 854 1275 episeopo,
878 1231 974 1264 iudici
1001 1237 1034 1264 et
1059 1243 1132 1265 exe-

395 1283 514 1323 cutori,
540 1289 590 1323 ut,
619 1284 714 1317 etiam
741 1284 930 1317 inconsultis
955 1284 1049 1317 nobis
1074 1296 1130 1318 seu

395 1337 616 1370 cardinalibus
638 1337 792 1379 praefatis
818 1343 849 1370 et
870 1339 992 1380 absque
1019 1349 1130 1371 eorum

394 1395 488 1429 voto,
514 1390 545 1422 in
578 1390 680 1422 causis
714 1390 926 1432 supradietis,
957 1401 1059 1433 usque
1093 1392 1131 1424 ad

395 1443 589 1475 sententiam
608 1442 804 1475 definitivam
823 1449 875 1475 aut
889 1443 1055 1476 decretum
1070 1445 1131 1476 rim

396 1495 580 1528 definitivae
599 1495 724 1528 liabens
749 1496 922 1536 exclusive,
949 1499 1075 1529 serrata
1100 1498 1131 1529 in

395 1547 514 1580 ceteris
539 1547 639 1579 forma
671 1553 701 1580 et
730 1548 941 1591 dispositione
973 1549 1130 1582 dictarum

394 1600 578 1633 litterarum
603 1610 701 1643 super
732 1601 801 1633 eius
833 1601 1043 1644 deputatione
1073 1603 1131 1634 hu-

395 1652 537 1685 iusmodi
565 1658 792 1693 emanatarum,
824 1655 1003 1696 procedere
1029 1654 1132 1688 libere

396 1710 428 1738 et
453 1705 538 1738 licite
564 1707 681 1745 valeat,
702 1707 883 1739 facultatem
911 1707 1080 1740 tribuimus
1101 1715 1132 1741 et

396 1758 610 1801 impartimur.

440 1812 455 1853 ἓ
479 1811 511 1844 3.
538 1811 608 1843 Non
633 1811 834 1845 obstantibus
857 1813 962 1855 quoad
982 1823 1028 1853 ea,
1050 1824 1131 1856 quae

395 1864 622 1908 praesentibus
640 1866 887 1908 quomodolibet
907 1866 1128 1907 adversantur,

394 1917 546 1959 praefatis
572 1918 693 1950 nostris
719 1918 845 1957 litteris,
872 1929 908 1950 ac
934 1918 1085 1951 omnibus
1101 1926 1132 1952 et

395 1969 533 2011 singulis
559 1970 637 2010 illis,
665 1981 746 2012 quae
771 1971 803 2002 in
824 1970 870 2002 eis
889 1970 1047 2003 voluimus
1067 1981 1131 2004 non

394 2021 544 2062 obstare,
578 2021 761 2065 ceterisque
794 2022 965 2055 contrariis
998 2023 1130 2066 quibus·

395 2084 547 2118 cumque.

438 2128 551 2161 Datum
563 2129 694 2170 Romae,
709 2129 793 2172 apud
808 2129 839 2162 S.
856 2129 993 2169 Petrum,
1007 2130 1065 2162 sub
1079 2140 1130 2162 an-

394 2182 471 2215 nulo
491 2181 673 2222 piscatoris,
692 2182 744 2215 die
762 2193 791 2215 xi
807 2182 958 2215 februarii
974 2193 1128 2224 iiocxcul,

392 2234 603 2278 pontificatus
628 2235 731 2268 nostri
758 2246 843 2269 anno
870 2245 902 2268 u.

429 2296 487 2323 Dat.
505 2296 548 2324 die
566 2297 593 2324 11
612 2296 742 2324 februarii
760 2297 837 2332 ¹693,
858 2298 954 2333 pontif.
970 2306 1040 2326 anno
1055 2306 1085 2326 11.

734 2457 782 2490 LI.

395 2546 615 2589 Confirmalur
641 2546 813 2579 concordia
847 2557 944 2590 super
979 2548 1129 2580 exercitio

437 2601 700 2634 iurisdictionwn
733 2601 767 2633 in
792 2600 987 2644 quibusdam
1014 2601 1128 2642 terris,

1171 229 1326 253 ROMANUM

1215 288 1287 309 cum
1318 276 1519 320 separatione
1552 275 1787 308 territoriorum
1819 274 1905 306 inter

1215 330 1394 372 episcopum
1411 329 1668 372 Aquitanensem
1688 333 1716 361 et
1735 327 1905 361 inonaclcos

1217 383 1422 416 Caelestino&

1354 472 1548 499 Innocentius
1569 473 1646 506 Papa
1665 472 1729 506 xli,

1326 516 1363 543 ad
1382 516 1514 543 suturam
1534 516 1579 543 rei
1599 517 1781 544 memoriam.

1216 594 1230 637 g
1252 594 1282 626 1.
1305 594 1427 637 Exponi
1445 594 1540 628 nobis
1565 605 1670 638 nuper
1690 595 1838 628 fecerunt
1854 605 1907 628 ve·
1917 606 2100 654 dsszusaconcor-

1172 647 1326 679 nerabilis
1338 647 1436 680 frater
1449 648 1622 681 modernus
1633 648 1804 692 episcopus
1815 649 1908 691 Aqui-

1172 699 1315 732 lanensis
1351 710 1387 732 ac
1427 700 1562 733 dilectus
1598 700 1683 733 filius
1715 706 1908 743 procurator

1172 752 1332 793 generalis
1371 752 1636 795 Congregationis
1675 754 1908 786 monachorum

1171 804 1300 838 Ordinis
1325 805 1424 837 sancti
1459 806 1621 838 Benedicti
1650 805 1906 839 Caelestinorum

1172 864 1441 901 nuncupatorum,
1468 860 1554 902 quod
1581 860 1649 902 ipse
1675 860 1846 902 episcopus
1877 865 1909 892 et

1173 911 1282 944 dilecti
1310 911 1365 943 [ilii
1391 911 1489 944 abbas
1515 912 1676 953 generalis
1703 916 1733 945 ct
1754 912 1907 944 monachi

1174 963 1278 997 dictae
1300 963 1580 1006 Congregationis,
1609 976 1668 1007 pro
1694 965 1834 997 tollenda
1873 975 1908 996 ac

1172 1016 1303 1058 penitus
1338 1017 1556 1058 extinguenda
1582 1018 1801 1050 controversia
1827 1028 1908 1060 quae

1173 1079 1272 1111 super
1296 1069 1451 1102 exercitio
1477 1069 1709 1102 iurisdictionis
1728 1069 1907 1113 spiritualis

1173 1121 1205 1153 in
1240 1121 1333 1154 terris
1367 1122 1398 1154 S.
1433 1122 1499 1161 Pii,
1533 1122 1745 1165 Caporciaui,
1780 1133 1909 1155 necnon

1173 1174 1202 1207 S.
1223 1174 1392 1207 Benedicti
1421 1175 1453 1207 iu
1480 1175 1615 1214 Perillis,
1634 1186 1734 1218 usque
1760 1175 1798 1208 ab
1824 1186 1908 1208 auno

1173 1237 1279 1261 iunxxx
1305 1227 1390 1260 inter
1409 1233 1484 1260 tunc
1502 1228 1676 1262 existentes
1703 1228 1907 1271 episcopum¹

1174 1278 1426 1323 Aquilanensem
1445 1292 1480 1313 ex
1500 1283 1562 1313 una
1580 1286 1611 1314 et
1631 1281 1810 1314 monachos
1826 1281 1908 1314 Con-

1174 1333 1375 1375 gregationis
1389 1334 1573 1376 praedictae
1596 1344 1631 1366 ex
1644 1335 1750 1367 'altera
1764 1334 1908 1376 partibus

1175 1391 1285 1419 exorta
1310 1386 1423 1424 suerat,
1444 1393 1474 1419 et
1499 1397 1602 1429 usque
1628 1387 1666 1419 ad
1694 1387 1775 1419 baec
1799 1392 1909 1419 nostra

1176 1445 1322 1481 tempora
1339 1439 1371 1471 in
1391 1440 1485 1471 variis
1504 1439 1664 1471 instantiis
1683 1450 1791 1472 coram
1807 1440 1910 1472 diver-

1174 1492 1215 1524 sis
1242 1493 1404 1525 iudicibus
1435 1493 1552 1534 agitata
1583 1494 1836 1535 perduraverat,
1870 1494 1908 1525 ad

1174 1545 1420 1587 infrascriptam,
1447 1551 1612 1578 reservato
1639 1552 1745 1578 tamen
1772 1546 1910 1589 desuper

1175 1603 1284 1630 nostro
1310 1604 1340 1630 et
1365 1598 1459 1630 liuius
1485 1604 1614 1631 sanctae
1640 1598 1732 1631 Sedis
1755 1598 1911 1640 henepla-

1175 1650 1246 1690 cito,
1263 1651 1705 1684 deveneruntconcordiam:
1728 1657 1763 1683 ut
1787 1651 1910 1684 scilicet

1175 1703 1273 1735 abbas
1300 1708 1331 1735 et
1356 1703 1507 1735 monachi
1541 1703 1696 1746 praedicti
1722 1714 1852 1737 omnem
1879 1711 1911 1737 et

1175 1766 1411 1798 quamcumque
1428 1755 1682 1789 iurisdictionem
1708 1757 1909 1800 spiritualem

1176 1809 1207 1840 in
1226 1809 1421 1850 supradictis
1445 1809 1537 1842 terris
1556 1809 1588 1843 S.
1608 1809 1654 1842 Pii
1672 1814 1703 1842 et
1720 1810 1908 1853 Caporciani

1175 1860 1278 1893 eidem
1305 1861 1459 1904 episeopo
1486 1862 1626 1902 cedant;
1653 1873 1669 1895 e
1695 1868 1808 1895 contra
1833 1873 1908 1896 vero

1175 1914 1362 1947 omnimoda
1387 1914 1568 1947 iurisdictio
1593 1914 1771 1957 spiritualis
1799 1915 1909 1948 huius-

1174 1966 1261 1999 modi
1287 1966 1320 1999 in
1344 1967 1507 2009 praedicta
1531 1970 1613 2000 terra
1632 1967 1662 2000 S.
1683 1967 1848 2000 Benedicti
1869 1968 1907 2001 de

1175 2019 1302 2052 Perillis
1327 2019 1607 2073 dietisqmonachis
1632 2026 1807 2061 remaneat,
1827 2021 1908 2054 itaut

1174 2082 1234 2114 pro
1261 2076 1408 2114 tempore
1429 2071 1571 2104 existens
1597 2073 1695 2104 abbas
1720 2074 1906 2106 monasterii

1174 2125 1214 2157 de
1240 2123 1439 2157 Collemadio
1465 2125 1568 2157 dictae
1586 2124 1854 2167 Congregationis
1875 2136 1907 2159 o<

1173 2177 1371 2209 mnimodam
1387 2177 1464 2209 inibi
1481 2183 1510 2210 et
1524 2176 1699 2219 plenariam
1714 2178 1907 2212 iurisdictio-

1172 2240 1247 2263 nem
1273 2229 1471 2262 ordinariam
1496 2229 1588 2273 quasi
1614 2230 1849 2273 episcopalem‚
1874 2237 1906 2264 et

1174 2288 1337 2326 tamquam
1364 2283 1395 2315 in
1426 2288 1509 2315 statu
1546 2282 1668 2315 nullius
1696 2283 1854 2316 dioecesis
1877 2290 1907 2317 et

1173 2341 1323 2380 separato
1349 2335 1514 2369 territorio
1540 2336 1826 2376 existens,habere
1851 2337 1907 2370 de-

1172 2390 1256 2429 beat,
1284 2390 1404 2432 absque
1429 2399 1466 2422 eo
1492 2389 1579 2431 quod
1604 2389 1708 2422 dictus
1733 2390 1905 2433 episcopus

1172 2447 1228 2474 aut
1250 2452 1454 2475 successores
1481 2442 1548 2474 ullo
1578 2451 1719 2484 unquam
1758 2447 1904 2485 tempore

1172 2494 1431 2528 iurisdictionem
1462 2494 1661 2527 ordinariam
1695 2495 1744 2528 vel
1777 2495 1905 2537 delega-

1172 2553 1237 2580 tam
1262 2547 1293 2579 in
1319 2548 1389 2590 ipsa
1415 2549 1501 2579 terra
1525 2546 1556 2579 S.
1591 2547 1757 2580 Benedicti
1783 2547 1821 2580 de
1846 2547 1904 2581 Pe-

1209 2612 1219 2637 1
1243 2609 1313 2637 Edit.
1336 2609 1414 2636 Malu.
1436 2609 1500 2644 legit
1520 2610 1713 2644 episcoporum
1732 2610 1772 2644 (n.
1796 2610 1845 2644 T.).

1912 226 1962 253 An.
1978 226 2006 253 C.
2028 226 2095 253 1603

2243 1203 2249 1239 Ξ

2242 1242 2250 1274 i
