2227 3225
150 238 200 264 An.
220 236 248 263 C.
273 236 335 263 ¹001

343 284 423 318 duos
459 291 559 318 annos
595 283 776 327 completos
812 282 970 317 obierint:
996 282 1079 314 circa

342 338 450 370 locum
471 346 558 376 vero,
585 342 754 370 serventur
775 346 856 380 quae
882 335 1016 368 inferius
1041 335 1079 367 de

343 390 459 424 ordine
485 390 622 424 sedendi
648 389 886 423 constituimus.

385 453 440 476 xit.
457 443 611 483 Tandem,
624 448 659 475 ut
672 443 780 475 omnia
793 442 832 476 de
851 441 1080 475 substitutione

342 495 554 539 provincialis
570 496 732 529 declarata
745 495 978 538 relinquamus,
991 503 1080 537 prae·

343 548 428 581 senti
455 549 686 582 constitutione
718 548 947 588 decernimus,
974 553 1025 588 ut,
1054 547 1080 580 si

343 602 453 645 aliqua
477 602 644 645 provincia
666 603 752 636 ultra
775 612 863 635 mare
889 601 1001 645 posita,
1028 605 1080 633 aut

343 654 479 697 regione
505 655 694 698 longinqua,
711 659 743 687 et
759 665 777 687 a
800 654 977 698 praecipuo
997 654 1081 687 illius

344 716 482 750 corpore
500 708 592 742 valde
617 712 794 750 segregata,
813 717 912 740 unum
934 711 988 739 aut
1012 707 1082 750 plu-

344 768 396 794 res
420 767 599 794 conventus
625 760 796 800 obtineat,
830 766 862 793 et
886 770 942 793 eos
965 770 1024 803 per
1048 769 1081 792 se

344 814 554 857 provincialis
581 814 709 848 visitare
729 815 893 854 decernat,
917 823 1082 857 nunquam

344 867 375 900 id
395 868 489 901 faciat
505 867 570 900 nisi
587 867 620 900 in
641 869 744 901 altera
767 873 858 911 parte
884 866 1083 911 provinciae,

345 931 439 964 quam
458 921 588 961 deserit,
604 921 744 964 aliquem
760 921 968 956 substitutum
987 921 1083 955 etiarn

347 975 385 1009 de
411 974 576 1017 gradualis
601 975 787 1017 relinquat,
814 974 873 1007 nc¹
905 975 1007 1008 maior
1031 978 1085 1008 aut

345 1028 519 1070 praecipua
533 1027 639 1070 portio
655 1027 842 1070 provinciae
857 1033 1084 1071 maneatprae-

347 1080 417 1113 side
442 1080 608 1113 destituta.
635 1079 724 1118 Quod
746 1080 773 1112 si
798 1086 974 1113 conventus
999 1081 1085 1113 ultra

346 1144 435 1166 mare
462 1134 638 1174 constituti,
660 1140 714 1167 aut
739 1134 770 1166 in
796 1134 858 1167 alia
882 1135 1017 1177 regione
1036 1134 1084 1166 vel

347 1195 450 1229 regno
472 1187 568 1219 nimis
594 1188 688 1230 longe
715 1187 833 1229 dissiti,
859 1187 902 1220 ita
926 1187 991 1219 sint
1013 1187 1086 1230 plu-

347 1250 408 1279 res,
426 1245 460 1272 ut
477 1240 515 1274 ad
535 1245 654 1273 rectam
680 1248 792 1273 eorum
814 1240 1084 1283 gubernationem

346 1292 519 1327 substituto
545 1293 729 1335 indigeant,
756 1293 845 1326 illum
870 1302 965 1336 posse
984 1292 1087 1325 nomi-

346 1355 425 1379 nare
450 1346 644 1388 provinciali
681 1346 889 1380 concedimus
905 1373 912 1386 ,
939 1356 1001 1385 ne,
1025 1356 1085 1388 pro

346 1409 443 1442 saepe
478 1399 722 1441 emergentibus
748 1405 780 1431 et
803 1398 1084 1441 extemporaneis,

345 1451 427 1485 haec
444 1452 509 1486 illis
529 1452 712 1485 moderatio
739 1452 880 1485 deficiat:
900 1452 960 1485 lios
979 1457 1085 1484 autem

345 1506 554 1547 substitutos,
581 1506 656 1549 quia
686 1507 790 1539 solum
816 1511 891 1538 sunt
915 1505 1086 1538 auxiliares

345 1558 574 1601 provincialis,
604 1569 669 1591 non
694 1558 830 1591 vicarios
856 1558 1085 1601 provinciales,

345 1612 402 1645 sed
428 1611 682 1651 commissarios,
714 1617 748 1644 ut
772 1611 987 1655 praemissum
1012 1615 1083 1653 est,

345 1665 506 1709 appellari
530 1665 760 1708 praecipimus.

174 1728 319 1759 ‹am-xxi..
391 1727 414 1751 1.
437 1716 658 1750 Desinitorium
683 1717 881 1761 provinciale
899 1723 988 1751 extra
1004 1718 1088 1761 capi-

151 1756 203 1801 „235
221 1757 287 1775 ¹''¹¹''²
304 1760 334 1801 ''¹1⁰-
346 1772 448 1804 tulum
469 1770 701 1814 exprovinciali
735 1777 866 1811 tantum,
888 1783 946 1805 seu
966 1772 1085 1806 vicario

151 1798 182 1828 ἰΓΔ
201 1814 225 1828 CA

151 1837 172 1855 ,ι
202 1815 559 1869 affluat-ru'gn'provinciali,
579 1830 612 1858 et
637 1835 674 1858 ex
699 1825 762 1858 illis
780 1825 833 1869 qui
854 1825 974 1859 fuerint
991 1836 1087 1868 gene-

150 1861 443 1918 {ifssi'ffssiffsi‘iissssralea
468 1877 494 1911 si
518 1878 703 1921 provinciae
729 1878 842 1911 adesse
860 1879 1033 1922 contingat,
1055 1885 1087 1912 et

345 1941 384 1965 ex
415 1931 641 1964 definitoribus
678 1932 875 1975 provinciae,
912 1937 1085 1975 praesente

346 1984 417 2018 eius
438 1984 611 2018 secretario
638 1985 677 2017 ad
695 1984 844 2017 etl'ectmn
865 1985 1084 2021 tantummodo

344 2037 531 2082 praestandi
552 2036 647 2070 fidem
671 2037 709 2070 de
725 2037 870 2080 agendis
887 2038 936 2070 vel
952 2038 1005 2070 alii
1025 2039 1086 2071 fra-

345 2096 410 2124 tres
428 2091 466 2123 ad
485 2091 547 2123 hoc
562 2101 679 2123 munus
698 2101 715 2123 a
733 2091 879 2134 praeside
899 2090 1055 2124 nominati
1066 2091 1083 2132 ²,

345 2143 499 2177 constitui
540 2143 746 2176 decernimus
787 2149 819 2176 et
859 2144 1061 2178 declaramus
1078 2171 1085 2179 ,

345 2197 389 2230 ita
411 2202 517 2230 tamen
542 2202 576 2229 ut
598 2197 623 2229 si
649 2197 802 2239 magister
822 2197 983 2239 generalis
1002 2197 1085 2229 iutra

345 2250 529 2293 provinciae
556 2250 710 2282 terminos
735 2249 928 2289 inveniatur,
951 2255 982 2282 et
1006 2250 1084 2283 illud

345 2303 472 2346 ingredi
494 2303 642 2342 voluerit,
657 2303 858 2335 convocandi
878 2308 1085 2345 potestatem,

345 2355 608 2400 praesidentiam,
634 2366 669 2388 ac
694 2366 804 2389 vocem
826 2362 891 2388 tam
915 2356 1084 2390 electivum

345 2419 441 2452 quam
467 2409 639 2442 decisivam
660 2409 692 2441 in
717 2419 755 2441 eo
777 2409 915 2449 habeat3
934 2410 1083 2451 absente,

346 2463 403 2502 vel,
429 2462 456 2494 si
481 2462 630 2502 adfuerit,
650 2472 831 2496 convocare
850 2463 996 2502 nolente,
1018 2474 1085 2495 ma-

346 2521 421 2548 neat
444 2516 643 2549 convocandi
670 2516 801 2550 facultas
827 2527 928 2560 penes
952 2517 1084 2559 provin-

229 1815 247 1833 pi
261 1815 271 1828 ιι
284 1815 309 1827 un

383 2588 394 2614 1
418 2585 486 2613 Edit.
507 2585 585 2614 Main.
607 2586 671 2622 tegit
689 2595 741 2614 nec
762 2587 801 2621 (n.
821 2587 872 2620 T.).

380 2630 398 2658 2
412 2630 527 2666 Legerat.
546 2630 586 2659 vel
601 2631 659 2658 alio
674 2633 767 2666 fratre
820 2631 969 2660 norninato
985 2631 1022 2666 (n.
1033 2631 1080 2666 12).

927 232 1135 257 INNOCENTIUS
1161 233 1203 256 XII
1228 233 1276 256 Pr.

1763 223 1828 258 365
1873 231 1925 260 An.
1945 231 1973 259 c.
1994 232 2055 260 icat

1124 281 1238 314 cialem
1263 281 1313 314 vel
1339 280 1408 315 eius
1435 281 1603 315 vicarium.
1639 281 1721 315 Huic
1753 281 1868 315 defini-

1125 334 1208 367 torio
1241 334 1286 366 sic
1314 334 1492 368 constituto
1518 335 1647 378 plenam
1672 339 1867 378 potestatem

1123 387 1334 419 concedimus
1369 387 1409 421 ad
1445 395 1483 421 ea
1518 387 1638 428 omnia,
1663 397 1745 430 quae
1780 387 1868 420 iuxta

1124 440 1310 473 huiusmodi
1326 440 1578 474 constitutiones
1594 440 1633 474 ad
1648 439 1868 475 definitorium

1124 499 1213 527 extra
1236 494 1413 537 capitulum
1438 493 1588 537 attinent,
1605 494 1820 528 decernentes
1837 501 1869 527 et

1124 546 1329 580 declarantes
1357 547 1396 580 ad
1421 546 1503 580 illud
1535 547 1690 591 privative
1715 551 1867 591 spectare

1125 600 1303 633 electiones
1329 599 1536 634 definitorum
1562 605 1593 633 et
1620 601 1798 634 electorum
1815 610 1869 643 ge-

1125 653 1283 686 neralium
1308 664 1344 687 ac
1370 654 1578 688 definitorum
1596 654 1793 698 provinciae,
1812 653 1868 697 qui

1125 707 1374 748 quomodolibet
1409 707 1528 740 suerint
1559 707 1751 742 instituendi
1775 707 1867 741 finito

1124 760 1267 803 capitulo
1292 760 1500 803 provinciali.

1170 823 1205 846 11.
1232 813 1263 845 Si
1289 821 1368 856 ergo
1394 818 1485 847 extra
1502 814 1681 857 capitulum
1699 813 1810 858 aliqua
1826 813 1867 847 de

1125 865 1370 900 definitionibus
1407 868 1592 911 provinciae
1629 867 1742 911 quovis
1771 867 1868 912 modo

1125 919 1292 959 vacaverit,
1319 925 1496 953 convocato
1527 921 1719 955 solemniter
1754 919 1870 956 defini-

1126 973 1208 1006 torio
1228 973 1416 1016 provinciae
1441 974 1479 1007 ab
1497 974 1566 1007 cius
1587 973 1790 1017 provinciali,
1808 983 1868 1006 seu

1126 1026 1308 1069 magistro,
1346 1026 1373 1059 si
1405 1026 1490 1062 adsit
1523 1027 1710 1070 provinciae
1742 1027 1869 1071 ipsique

1126 1080 1306 1122 placuerit,
1331 1089 1434 1113 novus
1459 1080 1601 1124 eligatur
1633 1080 1785 1114 definitor
1807 1085 1868 1124 pro

1128 1143 1164 1166 eo
1190 1133 1242 1176 qui
1268 1133 1452 1166 vacaverit:
1484 1134 1572 1177 quod
1597 1133 1747 1167 similiter
1764 1133 1870 1168 obser-

1128 1185 1266 1219 vandum
1292 1191 1352 1226 est,
1378 1186 1404 1218 si
1428 1186 1548 1229 aliquis
1573 1186 1726 1220 definitor
1741 1187 1870 1230 provin-

1127 1237 1194 1271 ciae
1213 1239 1252 1272 ab
1270 1239 1325 1271 illa
1346 1239 1444 1272 fuerit
1461 1239 1590 1280 absens,
1609 1239 1868 1283 congregatique

1128 1290 1348 1327 definitorium
1386 1297 1543 1334 urgenter
1580 1293 1753 1336 expediam
1791 1298 1869 1326 tunc

1128 1344 1213 1376 enim
1240 1355 1297 1387 pro
1323 1344 1520 1378 eiuscemodi
1554 1345 1724 1378 functione
1757 1345 1870 1378 licebit

1127 1396 1225 1428 alium
1251 1396 1459 1430 definitorem
1478 1398 1551 1430 loco
1570 1397 1712 1431 absentis
1731 1398 1866 1441 eligere,

1129 1448 1182 1490 qui
1208 1449 1317 1481 statim
1341 1448 1514 1492 expirabit,
1536 1460 1608 1482 cum
1634 1460 1684 1483 res
1708 1450 1771 1483 iam
1795 1460 1870 1494 per-

1128 1507 1198 1534 acta
1219 1502 1323 1541 fuerit,
1341 1512 1446 1546 neque
1466 1503 1542 1536 ullis
1561 1508 1677 1547 p‘ostea
1694 1504 1870 1548 exemptio-

1128 1555 1223 1589 nibus
1250 1557 1446 1600 perfruatur.

1172 1620 1220 1643 111.
1247 1610 1278 1643 Si
1304 1610 1377 1653 quis
1402 1617 1479 1644 vero
1505 1610 1657 1645 definitor
1675 1617 1729 1645 aut
1746 1611 1870 1646 elector

1128 1663 1291 1705 generalis
1317 1669 1479 1697 transacto
1504 1664 1567 1698 iam
1585 1665 1727 1709 capitulo
1748 1676 1870 1699 renun-

1129 1717 1207 1749 tiare
1225 1722 1281 1750 aut
1305 1717 1398 1753 obire
1416 1718 1578 1761 contigat,
1598 1720 1649 1752 vel
1673 1719 1700 1752 si
1726 1718 1869 1752 instante

1128 1770 1350 1805 celebratione
1386 1771 1520 1814 capituli
1545 1771 1708 1814 generalis
1724 1798 1732 1813 ,
1759 1772 1869 1815 aliquo

1128 1822 1207 1855 iuris
1243 1822 1499 1866 impedimento,
1536 1829 1590 1857 aut
1625 1825 1687 1857 alia
1722 1824 1870 1868 qualibet

1127 1878 1223 1908 causat
1240 1876 1337 1908 fuerit
1355 1877 1584 1920 praepeditus,
1603 1877 1725 1921 poterit
1741 1878 1870 1922 provin-

1127 1929 1239 1969 cialis,
1264 1931 1314 1962 vel
1346 1930 1488 1963 vicarius
1513 1931 1738 1974 provincialis,
1771 1936 1868 1974 atque

1128 1981 1223 2014 etiam
1241 1983 1414 2025 magister,
1435 1983 1459 2015 si
1478 1983 1665 2026 provinciae
1684 1983 1779 2024 adsit,
1798 1984 1868 2017 nul-

1128 2036 1177 2068 lus
1205 2041 1310 2068 tamen
1336 2036 1416 2068 alius
1449 2036 1644 2079 quicumque
1677 2037 1727 2077 sit,
1756 2037 1868 2070 defini-

1127 2089 1244 2121 torium
1271 2100 1482 2132 congregare,
1508 2094 1541 2122 et
1575 2099 1648 2122 cum
1681 2100 1719 2123 eo
1748 2100 1865 2123 novum

1128 2143 1302 2175 electorem
1327 2148 1382 2175 aut
1407 2143 1611 2178 definitorem
1636 2153 1695 2187 per
1717 2148 1793 2177 vota
1817 2154 1868 2177 se-

1127 2201 1215 2229 creta
1236 2197 1357 2239 eligere
1382 2201 1413 2228 et
1438 2197 1645 2237 substituere,
1672 2197 1798 2230 etiamsi
1821 2198 1867 2230 le-

1127 2248 1237 2292 gitime
1263 2248 1439 2292 impeditus
1463 2260 1555 2283 suum
1586 2250 1714 2283 titulum
1750 2260 1868 2283 renun-

1127 2303 1212 2335 ciare
1227 2301 1391 2343 volueritn
1406 2303 1526 2346 absque
1542 2308 1649 2339 tamen
1664 2303 1866 2347 praeiudicio

1126 2355 1204 2388 iuris
1236 2356 1393 2397 eiusdem,
1419 2357 1445 2389 si
1481 2357 1562 2390 forte
1598 2357 1867 2401 impedimentum

1127 2408 1311 2449 cessaverit,
1329 2409 1608 2453 interveneritque
1626 2411 1782 2454 capitulo.
1799 2410 1867 2450 Qui·

1127 2473 1265 2505 cumque
1289 2473 1366 2496 vero
1391 2463 1423 2495 in
1442 2463 1595 2497 electoris
1613 2469 1668 2496 aut
1684 2463 1865 2497 definitoris

1126 2516 1233 2549 locum
1253 2517 1448 2559 subrogetur
1464 2516 1504 2549 ad
1522 2521 1647 2561 tempus
1665 2517 1790 2550 ratione
1808 2517 1866 2550 im-

1126 2569 1316 2612 pedimenti,
1338 2568 1502 2603 functione
1521 2569 1583 2602 iam
1609 2573 1742 2614 peracta
1765 2580 1866 2604 cessa-

1164 2632 1174 2657 1
1197 2630 1309 2658 Videtur
1326 2630 1469 2666 legendum
1485 2631 1614 2661 noluerit
1632 2634 1670 2666 (R.
1687 2631 1735 2666 τ.).
