2227 3225
117 213 166 239 An.
187 212 215 240 C.
235 213 300 242 1095

143 484 219 504 iturum
230 483 297 509 publi·

116 513 182 532 Catio·

884 212 1092 237 INNOCENTIUS
1118 212 1160 236 xlt
1186 213 1232 236 PP.

312 273 374 295 non
400 262 525 305 possint
541 271 598 305 per
623 262 746 294 litteras
765 261 960 304 apostolicas
978 270 1043 293 non

311 315 462 347 facientes
491 315 621 357 plenam
655 319 687 346 et
719 323 904 356 expressam
937 323 972 344 ac
1004 312 1044 345 de

309 367 407 399 verbo
432 367 472 400 ad
497 367 630 400 verbum
649 367 687 400 de
705 367 829 400 indulto
856 365 1044 399 huiusmodi

309 419 522 452 mentionem.

353 473 367 516 ἓ
393 471 447 505 10.
486 472 526 506 Ut
549 478 657 506 auten]
696 473 829 513 caedem
854 476 1044 515 praesentes

309 525 435 559 litterae
469 525 508 559 ad
544 526 689 559 omnium
730 526 878 559 notitiam
919 525 1044 558 facilius

309 579 492 619 deveniant,
527 580 678 613 volumus
717 579 805 620 illas,
841 590 898 612 seu
935 590 1044 612 earum

309 633 468 675 exempla,
484 633 523 665 ad
545 634 651 666 valvas
673 633 829 666 eeclesiae
855 633 1045 665 Laterunen-

308 685 351 718 sis
376 692 408 718 ct
436 685 590 719 basilicae
616 686 775 729 Principis
800 686 1042 729 Apostolorum,

308 748 437 772 necnon
454 738 674 772 Cancellariae
690 739 899 782 apostolicae,
918 737 1045 771 Curiae-

308 802 371 835 que
404 792 566 834 generalis
600 792 633 824 in
658 792 765 825 Monte
790 791 924 831 Citorio‚
951 802 987 823 ac
1013 791 1043 822 in

307 845 375 878 acie
400 844 613 888 Campissorae
640 845 678 878 de
704 845 799 884 Urbe,
818 850 852 877 ut
869 844 968 877 moris
986 849 1042 882 est,

307 897 393 940 affigi
433 903 463 930 et
495 898 684 941 publicari3
719 897 829 941 sicque
864 897 1044 940 publicatas

307 956 338 983 et
363 950 470 983 affixas
496 961 608 984 omnes
635 955 668 984 et
684 951 842 993 singulos,
865 961 944 994 quos
969 950 1043 983 illac

307 1010 523 1045 concernunt,
541 1005 678 1048 perinde
697 1010 820 1037 arctare
847 1009 879 1036 et
900 1003 1041 1043 afficere,

308 1068 344 1089 ac
367 1057 401 1089 ·si
433 1057 610 1101 unicuique
643 1068 754 1091 corum
784 1057 977 1090 nominatim
1013 1062 1045 1089 et

307 1111 525 1153 personaliter
556 1110 724 1143 intimatae
758 1110 912 1150 suissent3
943 1115 1043 1153 utque

307 1164 451 1207 ipsarum
480 1164 705 1207 praesentium
738 1164 917 1196 litterarum
950 1168 1041 1195 tran-

308 1217 462 1260 sumptis,
485 1227 542 1250 seu
574 1217 749 1260 exemplis,
776 1217 873 1250 ctiam
905 1217 1066 1265 impres-g

1064 1276 1065 1279 ’
1087 1265 1214 1299 Ordinis
1253 1265 1432 1308 respective
1470 1265 1670 1304 stabilitum,
1696 1274 1825 1296 necnon

1064 1311 1066 1329 ³
1087 1329 1187 1362 super
1202 1319 1335 1352 diversis
1352 1319 1424 1351 aliis
1443 1319 1682 1352 observantiam
1710 1328 1824 1350 eorum

308 1270 362 1309 sis,
394 1281 492 1303 manu
523 1270 660 1303 alicuius
684 1270 801 1303 notarii
827 1270 950 1313 publici
969 1270 1044 1302 sub-

307 1323 447 1367 scriptis,
467 1330 497 1357 et
514 1325 623 1367 sigillo
643 1335 805 1368 personae
830 1325 863 1357 in
889 1325 1044 1357 ceclesia-

307 1376 387 1409 stica
412 1377 570 1419 dignitate
596 1377 793 1410 constitutae
818 1377 965 1416 munitis,
993 1388 1043 1409 ea-

307 1429 379 1461 dem
400 1440 535 1472 prorsus
558 1429 637 1462 tides
655 1435 718 1462 tam
744 1429 776 1462 in
802 1429 921 1462 iudicio
947 1440 1043 1472 quam

306 1487 394 1514 extra
413 1481 494 1514 illud
518 1481 639 1525 ubique
663 1483 809 1515 locorum
834 1482 1040 1523 adhibeatur,

306 1545 387 1577 quae
412 1534 491 1577 ipsis
516 1535 746 1578 praesentibus
776 1534 991 1568 adhiberetur
1017 1535 1042 1568 si

305 1587 413 1620 forent
437 1587 603 1620 exhibitae
625 1589 675 1621 vel
700 1594 865 1621 ostensae.

349 1641 463 1674 Datum
488 1641 626 1681 Romae,
655 1642 740 1684 apud
766 1641 796 1675 S.
825 1642 955 1674 Mariam
981 1642 1042 1674 Mu-

305 1695 428 1735 iorcm,
455 1695 514 1727 sub
540 1695 661 1728 annulo
686 1695 870 1735 piscatoris,
897 1695 947 1729 die
978 1706 1042 1730 xx11

307 1747 506 1791 septembris
529 1757 676 1789 nncxcv,
703 1748 913 1792 pontificatus
938 1750 1041 1782 nostri

307 1810 392 1833 anno
418 1811 447 1833 v.

342 1860 402 1889 Dat.
418 1861 461 1889 die
480 1861 514 1889 2⁶2
533 1862 695 1898 septembris
714 1863 790 1897 ¹695,
811 1864 907 1899 pontif.
924 1873 994 1892 anno
1014 1873 1040 1893 v,

597 2057 725 2092 CXVIII.

309 2165 534 2208 Confirmatur
566 2166 751 2199 constitutio
786 2166 971 2199 Innocenti}
994 2168 1044 2201 XI

349 2230 445 2263 super
461 2219 647 2253 reductione
663 2220 794 2252 numeri
810 2221 1042 2263 vzayz'slrorum

349 2273 556 2317 aliorumque
571 2272 811 2316 yrctclualorum
829 2273 963 2307 Ordinis
979 2275 1043 2317 fra-

350 2330 438 2359 trum
456 2326 737 2368 Praedicatormn,
756 2338 828 2360 cum
845 2328 1043 2361 revocatione

350 2383 512 2422 yeslorum
537 2384 648 2413 contra
672 2379 767 2413 illius
789 2379 964 2424 formam&

343 2469 354 2495 1
386 2468 507 2496 Laudata
533 2469 688 2497 constitutio
715 2470 786 2496 edita
812 2470 862 2497 suit
887 2477 1040 2504 iunctxxvlt,

306 2512 351 2539 die
379 2512 413 2538 ΞΟ
440 2513 605 2547 novembris,
635 2514 730 2549 pontif.
752 2521 780 2541 11.
802 2515 840 2541 De
860 2514 910 2541 hac
933 2523 962 2541 re
983 2515 1042 2542 vide

305 2557 452 2585 Alexandri
471 2557 528 2585 VIII
553 2562 640 2586 const.
670 2558 735 2586 edit.
757 2566 856 2594 mocxc,
884 2560 928 2587 die
958 2560 971 2586 7
1000 2560 1042 2587 ia-

306 2601 404 2635 nuarii,
426 2601 519 2636 pontif.
539 2607 557 2628 1.

397 2655 478 2682 Bull.
495 2655 579 2684 Rom.
598 2670 633 2676 —
657 2657 717 2685 Vol.
738 2657 797 2684 XX.
942 2657 972 2684 91

1723 201 1780 236 731
1833 210 1882 236 An.
1902 209 1929 235 C.
1949 208 2015 236 infr>

1262 259 1457 286 Innocentius
1477 260 1557 293 Papa
1576 261 1645 293 XII,

1227 304 1262 331 ad
1283 304 1414 330 futuram
1435 304 1480 330 rei
1500 304 1680 330 memoriam.

1130 366 1173 399 Ex
1192 366 1340 399 iniuncto
1359 365 1451 398 nobis
1473 365 1606 398 caelitus
1627 365 1824 408 apostolicae
1859 375 1980 396 Exordium.

1087 419 1252 452 servitutis
1278 429 1425 459 munere,
1446 430 1492 458 ea,
1519 429 1601 461 quae
1627 430 1644 450 a
1670 418 1824 450 Romanis

1087 472 1299 506 Pontificibus
1333 472 1646 515 praedecessoribus
1686 470 1823 511 nostris,

1086 526 1325 569 promovendae
1352 526 1437 558 inter
1457 524 1689 557 christifideles
1708 523 1824 556 divinis

1087 579 1252 622 obsequiis
1270 579 1328 612 sub
1347 578 1434 611 suari
1453 577 1623 620 religionis
1642 577 1717 619 iugo
1735 586 1826 608 man-

1088 633 1212 675 cipatos
1238 632 1397 675 regularis
1423 631 1614 674 disciplinae
1641 630 1757 669 studio,
1776 640 1827 662 sa-

1087 685 1217 728 pienter
1257 684 1411 727 disposita
1451 694 1522 716 esse
1563 687 1767 722 noscuntur,
1792 686 1828 714 ut

1087 737 1236 769 solidiori
1262 737 1382 769 robore
1419 741 1627 780 perennent,
1654 734 1827 778 apostolici

1087 789 1271 821 muniminis
1292 789 1394 821 nostri
1417 788 1581 831 praesidio
1596 787 1738 820 libenter
1751 797 1828 819 con-

1087 842 1279 882 stabilimus,
1304 852 1340 874 ac
1367 841 1444 874 alias
1470 842 1609 884 desuper
1634 840 1827 873 sollicitudi-

1087 895 1135 928 nis
1162 900 1193 928 et
1218 894 1445 938 providentiae
1471 899 1599 926 nostrae
1631 898 1741 936 partes
1778 892 1828 925 in-

1088 948 1300 991 terponimus,
1318 947 1402 980 sicut
1420 946 1638 990 conspicimus
1652 945 1827 979 salubriter

1087 1000 1119 1033 in
1144 1001 1279 1033 Domino
1306 1000 1471 1043 expedite.

1131 1054 1145 1097 ἓ
1170 1054 1200 1086 1.
1222 1054 1307 1087 Alias
1326 1053 1496 1096 siquidem,
1517 1063 1616 1096 super
1636 1052 1825 1085 reductione
1850 1061 1975 1081 amanum
1987 1061 2019 1081 111-

1087 1106 1316 1149 magistrorum
1353 1107 1556 1149 aliorumque
1594 1091 1928 1147 graduatorumieiifissf¹¹
1945 1088 1971 1108 M
1988 1094 2019 1108 ω’

1064 1159 1214 1193 tOrdinis
1239 1160 1373 1192 fratrum
1400 1159 1661 1192 PraedIcatorum
1698 1159 1736 1190 ad
1768 1168 1826 1190 nu-

1087 1224 1209 1246 merum
1235 1223 1292 1256 pro
1319 1215 1514 1256 unaquaque
1546 1211 1713 1254 provincia
1748 1211 1825 1243 dicti

1087 1383 1168 1414 quae
1194 1382 1252 1414 per
1272 1372 1524 1404 constitutiones
1549 1382 1583 1403 at·
1605 1371 1745 1413 capitula
1771 1382 1826 1412 ge-

1064 1425 1210 1457 'neralia
1235 1424 1364 1457 Ordinis
1398 1424 1584 1456 huiusmodi
1623 1424 1826 1466 praescripta

1086 1478 1293 1520 reperiuntur
1328 1477 1532 1520 potissimum
1570 1476 1824 1520 respicientibus

1087 1530 1357 1571 ordinationibus,
1386 1536 1580 1563 emanarunt
1605 1542 1622 1563 a
1649 1531 1752 1563 felicis
1776 1541 1825 1563 re-

1087 1583 1285 1617 cordationis
1305 1583 1494 1616 Innocentio
1519 1583 1604 1626 Papa
1628 1583 1667 1615 XI
1692 1583 1825 1626 praede·

1086 1647 1216 1670 cessore
1241 1642 1353 1670 nostro
1378 1637 1504 1670 litterae
1530 1636 1563 1668 in
1588 1636 1686 1670 simili
1723 1637 1825 1669 forma

1086 1690 1205 1730 Brevis,
1233 1689 1355 1723 tenoris
1380 1690 1435 1733 qui
1461 1689 1624 1733 sequitur,
1651 1689 1822 1723 videlicet:

1129 1743 1340 1776 Innocentius
1357 1744 1451 1787 Papa
1468 1743 1529 1783 XI,
1549 1743 1591 1776 ad
1609 1744 1758 1786 futuram
1776 1743 1825 1776 rei

1086 1797 1288 1830 memoriam.
1316 1797 1350 1829 In
1376 1807 1543 1840 supremo,
1569 1795 1651 1830 etc.¹

1119 1858 1217 1885 Datum
1238 1858 1347 1893 Romae,
1363 1858 1432 1894 apud
1449 1858 1472 1885 S.
1489 1858 1599 1885 Mariam
1618 1858 1755 1892 Maiorem,
1771 1857 1823 1885 suh

1085 1904 1186 1930 annulo
1207 1903 1360 1936 Piscatoris,
1377 1902 1420 1929 die
1440 1909 1476 1929 xx
1496 1902 1650 1930 novembris
1669 1909 1821 1938 unctum,

1085 1947 1255 1984 pontificatus
1275 1947 1360 1974 nostri
1379 1954 1449 1974 anno
1470 1953 1499 1974 11.

1130 2010 1144 2053 ξ
1170 2009 1200 2042 ΕΞ.
1221 2009 1299 2043 Cum
1319 2014 1426 2042 autem
1443 2009 1587 2043 firmiora
1601 2009 1666 2042 sint
1683 2019 1731 2050 ea,
1752 2009 1824 2053 qui-
1847 2037 1982 2060 eonnrmaun
1996 2041 2016 2060 M

1085 2063 1144 2096 bus
1162 2063 1275 2096 iterata
1293 2062 1417 2096 accedit
1434 2062 1524 2096 Sedis
1541 2062 1749 2106 Apostolicae
1767 2073 1822 2095 au-
1833 2065 2016 2113 {flgffissfinygfgj

1086 2116 1235 2150 ctoritas:
1262 2116 1339 2149 hinc
1357 2121 1404 2149 est
1421 2116 1506 2159 quod
1532 2126 1601 2156 nos,
1624 2116 1821 2158 praemisso-
1832 2119 2016 2171 gggissggffaurw-

1086 2180 1157 2202 rum
1182 2169 1341 2203 efficaciae
1357 2197 1364 2210 ,
1392 2168 1587 2212 debitaeque
1615 2169 1820 2211 executioni,
1956 2162 1961 2167 ¹

1086 2228 1241 2267 quantum
1266 2223 1359 2256 nobis
1377 2223 1496 2256 exalto
1520 2222 1719 2263 conceditur,
1746 2233 1824 2256 con-

1085 2278 1203 2317 sulere,
1228 2287 1273 2317 ac,
1307 2276 1443 2319 siquae
1478 2275 1543 2309 illis
1579 2276 1824 2319 quomodolibet

1086 2330 1290 2363 adversantia
1328 2329 1435 2362 forsan
1475 2335 1642 2372 comperta
1682 2329 1819 2372 suerint,

1085 2388 1288 2427 opportunae
1327 2382 1524 2426 provisionis
1560 2387 1692 2416 nostrae
1728 2383 1824 2416 mini-

1085 2436 1184 2470 sterio
1209 2436 1358 2469 recidere
1383 2441 1479 2478 atque
1512 2446 1664 2468 amovere
1690 2436 1824 2479 cupien-

1085 2496 1144 2529 tes,
1165 2491 1204 2523 de
1223 2489 1457 2523 venerabilium
1476 2490 1610 2522 sratrmn
1636 2495 1822 2523 nostrorum

1085 2543 1116 2576 S.
1139 2543 1175 2575 R.
1194 2543 1229 2575 E.
1260 2542 1474 2575 cardinalium
1508 2547 1540 2575 et
1564 2542 1756 2575 dilectorum
1786 2542 1822 2574 ti-

1123 2606 1133 2631 1
1157 2603 1270 2640 Reliqua
1291 2603 1349 2632 vide
1371 2607 1435 2632 tom.
1456 2612 1509 2638 xix,
1527 2612 1587 2640 pag.
1609 2603 1641 2629 θ’.)
1659 2604 1698 2636 (n.
1718 2602 1766 2636 T.).
