2254 3225
260 227 308 254 Aa.
332 227 358 255 sl.
381 226 440 254 tent

492 218 557 252 esti

451 276 574 310 crebris
587 276 675 310 iuxta
691 288 783 311 usum
800 277 976 312 lotionibus
994 277 1129 318 niteant,
1153 282 1182 310 ct

451 330 631 373 corporalia
655 331 867 375 permaxime3
885 331 1033 364 universa
1053 330 1183 374 quidem

451 383 476 416 si
500 384 564 416 sint
587 385 692 418 lacera
716 386 923 418 resarcienda
948 389 1051 424 curet,
1077 392 1182 425 neque

451 436 583 470 omnino
608 437 761 481 disrumpi
786 437 963 481 permittat.

493 499 524 522 v.
550 489 705 529 Quocirca
728 490 886 523 universis
914 486 1184 522 commendatori-

450 542 511 575 bus
535 543 752 586 praecipimus
777 543 836 576 sub
860 542 966 584 poena
991 539 1182 584 privationis

451 595 539 628 vocis
557 596 677 629 activae
691 601 723 629 et
738 595 892 638 passivae,
910 600 943 626 ut
961 594 992 626 in
1011 593 1073 625 fine
1090 592 1184 624 trien—

450 648 495 680 nii
520 654 711 682 ornamenta
743 647 907 682 sacristiae
942 656 1027 679 novo
1055 655 1183 688 semper

452 706 622 743 augmento
635 701 788 744 ampliata
805 699 985 733 dimittant:
1002 698 1183 731 incremen-

451 759 516 786 tum
536 764 612 787 vcro
636 753 694 786 sub
718 752 780 785 fide
804 751 1073 795 depositariorum
1099 750 1183 794 capi-

450 807 517 840 tulo
541 806 730 849 provinciali
747 816 818 838 cum
838 805 973 848 reliquis
998 805 1181 838 rationibus

450 862 627 893 conventas
645 859 835 892 exhibeant:
853 860 1018 891 lucernam
1036 863 1109 892 ante
1126 858 1182 891 Ye-

449 912 593 946 nerabile
617 912 859 946 Sacramentum
890 911 935 944 sic
959 912 1092 944 sacrista
1124 922 1180 955 pe-

449 966 596 998 renniter
620 965 732 998 ardere
758 970 895 1007 satagat,
914 970 957 1005 ut,
984 964 1011 997 si
1036 964 1104 997 cius
1130 975 1180 997 ex-

448 1018 612 1061 tinguatur
628 1018 761 1057 incuria,
785 1017 889 1060 gravis
906 1018 1021 1061 culpae
1042 1028 1178 1061 poenam

447 1069 602 1103 incurrat.

488 1133 532 1156 vt.
560 1123 735 1156 chovatio
759 1123 958 1156 Sacramenti
982 1133 1080 1157 verno
1103 1128 1180 1156 tem-

445 1186 526 1219 pore
550 1187 608 1220 per
631 1187 744 1209 omnes
776 1177 999 1210 hebdomadas
1031 1176 1178 1219 privatim

445 1235 498 1262 aut
515 1230 705 1263 solemniter
730 1230 912 1263 celebretur
935 1230 1021 1263 iuxta
1042 1241 1179 1263 consue-

446 1281 574 1314 tudines
593 1288 822 1323 conventuum,
844 1282 973 1315 hiemali
995 1292 1071 1315 vero
1092 1284 1178 1315 ultra

445 1334 522 1366 duas
547 1335 767 1368 hebdomadas
799 1335 946 1378 protrahi
977 1345 1042 1368 non
1068 1335 1175 1368 liceat.

488 1398 530 1420 vn
562 1387 675 1420 Oleum
694 1393 839 1420 sanctum
859 1388 994 1430 singulis
1011 1388 1103 1421 annis
1118 1400 1176 1422 suo

444 1451 573 1484 quoque
600 1447 745 1484 tempore
770 1447 968 1481 renovetur,
994 1447 1025 1475 et
1048 1452 1114 1482 vas,
1143 1443 1174 1475 in

444 1504 506 1537 quo
518 1495 835 1537 reponitur‚dccenti
853 1495 893 1528 sit
909 1495 1043 1528 materia
1061 1501 1092 1528 et
1108 1501 1174 1529 arte

444 1546 604 1587 dolatum;
632 1558 668 1580 ea
693 1558 766 1581 vcro
792 1548 900 1581 onmia
924 1548 956 1581 in
982 1549 1101 1592 quibus
1125 1561 1176 1583 vc-

442 1600 587 1633 nerabile
613 1600 731 1633 Christi
757 1611 875 1644 corpus
896 1608 1087 1643 asservatur,
1113 1614 1175 1646 qua

441 1657 532 1695 parte
565 1654 678 1686 saltem
706 1660 759 1687 aut
793 1655 988 1688 concavitate
1014 1655 1174 1698 tangitur,

442 1704 507 1737 sint
530 1712 698 1747 argentea,
724 1712 757 1739 et
780 1707 934 1740 deaurata
958 1708 1173 1749 intrinsecus,

442 1757 524 1790 sicut
548 1765 580 1791 et
604 1759 643 1792 de
678 1760 830 1794 calicibus
867 1761 996 1794 ordinat
1030 1762 1171 1802 rituale;

442 1811 581 1844 sacraria
595 1818 700 1845 autem
716 1813 771 1846 ubi
788 1814 919 1857 ponitur
933 1814 1173 1848 Sacramentum

441 1865 664 1906 corporalibus
697 1872 727 1900 et
762 1868 817 1899 ara
842 1869 1031 1900 consecrata
1056 1868 1115 1901 rite
1142 1873 1174 1901 et

442 1916 593 1950 decenter
617 1929 685 1952 esse
710 1919 865 1952 instructa
890 1921 1119 1963 praecipimus.

483 1979 551 2002 vm.
574 1970 658 2008 Quae
683 1973 791 2005 onmia
812 1978 846 2004 ut
867 1973 1096 2006 observatione
1128 1973 1172 2006 vi-

441 2028 545 2064 geant,
561 2024 716 2057 universis
733 2025 1052 2059 commendatoribus
1069 2026 1171 2059 iniun-

439 2076 552 2117 gimus,
566 2082 608 2117 ut,
624 2084 754 2120 praeter
770 2088 958 2112 communes
971 2079 1169 2112 visitationes

439 2130 656 2171 praelatorum
671 2132 883 2174 superiorum⁷
898 2132 958 2175 ipsi
975 2138 1023 2166 ter
1036 2133 1067 2165 in
1086 2143 1170 2165 anno

440 2180 568 2214 visitent
591 2184 777 2217 solemniter
802 2185 940 2218 sacraria
965 2191 994 2218 ct
1019 2185 1169 2218 universa

437 2244 513 2266 vasa
526 2238 777 2276 sacramentalia,
792 2248 971 2281 corumque
984 2239 1062 2279 loca,
1074 2242 1168 2282 atque

438 2293 622 2321 sanctorum
648 2290 820 2332 reliquias,
847 2301 948 2334 eaque
986 2292 1094 2324 omnia
1118 2303 1169 2324 re-

438 2347 601 2381 censeant,
619 2353 681 2384 qua
699 2343 865 2383 munditia,
883 2356 945 2387 qua
973 2345 1165 2383 reverentia,

437 2397 469 2425 et
489 2404 551 2436 qua
569 2394 752 2428 huiusmodi
771 2402 955 2430 nostrorum
974 2403 1166 2430 statutorum

436 2446 713 2490 obtemperatione
743 2449 940 2488 consistant,
967 2462 1048 2493 quae
1074 2462 1167 2483 orna-

435 2506 543 2532 menta
567 2501 631 2533 sint
655 2502 770 2538 lacera,
788 2512 868 2544 quae
895 2503 1052 2538 deficiant.
1075 2509 1105 2536 et
1130 2515 1165 2536 ca

435 2552 524 2586 refici
549 2555 598 2587 vel
636 2554 779 2587 innovari
818 2555 944 2587 saciant.
973 2557 1034 2588 llas
1061 2562 1163 2589 {tutem

434 2605 635 2640 visitationes
660 2607 820 2650 perpetuo
845 2607 913 2640 fieri
940 2609 1164 2642 constituimus

1030 230 1160 254 ntJLLrtnt
1167 230 1206 253 [521
1232 228 1248 252 1:
1255 229 1337 252 fimf<
1344 229 1386 253 [31

1963 231 2013 259 Aa.
2032 231 2062 259 C.
2081 232 2147 261 1001

1203 278 1285 309 'sub
1310 277 1415 319 prima
1439 276 1489 309 die
1514 277 1634 310 mensis
1660 277 1807 319 ianuarii,
1835 279 1909 312 maii
1928 285 1959 313 et

1225 329 1427 371 septembris,
1455 330 1544 363 nulla
1566 330 1730 364 Ecclesiae
1754 333 1803 365 vel
1828 331 1958 366 Ordinis

1224 382 1425 414 solemnitate
1451 382 1617 426 impedita.

1269 445 1310 467 μ’.
1338 435 1424 467 iuxta
1448 436 1617 478 pristinam
1638 436 1767 471 Ordinis
1788 443 1958 472 consuetu-

1225 486 1332 520 dinem
1355 492 1386 521 et
1410 493 1542 529 statuta,
1562 491 1654 532 plura
1679 490 1824 533 cymbala
1849 491 1882 524 in
1906 502 1958 525 ec-

1225 540 1330 573 clesiis
1355 542 1473 574 nostris
1499 552 1668 585 possumus
1692 543 1897 583 constituere,
1923 550 1955 576 ut

1224 592 1262 624 sit
1285 593 1455 627 discrimen
1488 594 1619 638 aliquod
1651 595 1737 628 inter
1759 595 1900 639 primum
1925 603 1953 630 ct

1223 645 1399 678 secundum
1419 647 1545 689 signum
1564 647 1681 690 quibus
1698 647 1738 681 ad
1755 648 1889 682 chorum
1905 650 1954 682 vcl

1224 698 1390 731 ecclesiam
1416 699 1575 733 ducimur.

1267 762 1289 785 1.
1307 751 1385 785 Dum
1403 752 1499 785 frater
1518 752 1662 787 infirmus
1682 753 1744 787 iam
1761 755 1873 788 mortis
1892 755 1955 788 dis·
1997 766 2065 788 cia-r
2080 766 2114 787 ix.

1222 804 1343 837 crimen
1369 805 1548 846 contrahit,
1580 806 1751 848 provideat
1782 807 1829 841 illi
1861 794 2147 845 com-⁵2‡.’u't÷u't-”2¹¹'¹12›Xf

1223 857 1411 898 mendat0r‚
1437 863 1472 890 ut
1504 859 1543 892 de
1576 859 1786 892 sacramentis
1810 849 2027 894 nondum¹'¹¹¹¹¹'

1222 911 1388 953 susceptis,
1406 910 1493 943 iuxta
1516 911 1651 943 inserius
1675 921 1744 954 cap.
1764 922 1830 950 xnt,
1850 912 1922 945 dist.
1944 923 1953 945 r

1222 961 1413 1001 ordinanda,
1438 967 1469 996 et
1493 963 1532 996 de
1557 963 1683 996 duobus
1709 964 1859 997 fratribus
1888 966 1953 1008 spi-

1222 1014 1282 1046 ritu
1309 1019 1339 1047 et
1366 1015 1509 1048 doctrina
1533 1016 1709 1058 praeditis,
1738 1017 1793 1058 qui
1823 1017 1850 1049 ei
1879 1028 1953 1060 pcr-

1220 1067 1318 1110 petuo
1343 1069 1544 1102 adhaereant
1564 1074 1595 1101 et
1615 1069 1768 1102 adiuvent
1787 1080 1889 1113 usque
1913 1071 1951 1103 ad

1220 1120 1341 1153 obitum
1357 1132 1363 1161 ;
1380 1122 1442 1164 qui,
1463 1122 1488 1154 si
1506 1121 1654 1154 diuturna
1671 1122 1785 1154 mortis
1802 1122 1953 1155 instantia

1220 1179 1396 1215 vexentur,
1421 1179 1579 1217 poterunt
1604 1175 1768 1207 alternare
1793 1175 1949 1208 laborem.

1252 1238 1287 1260 lt.
1300 1228 1502 1260 Postremum
1513 1233 1647 1270 aegroto
1658 1237 1794 1270 agonem
1807 1228 1951 1270 ineunte,

1219 1290 1276 1323 per
1301 1285 1400 1313 totum
1425 1286 1616 1314 conventum
1643 1282 1790 1324 pulsetur
1813 1282 1953 1325 crepita-

1218 1335 1336 1373 culmn,
1356 1339 1388 1366 et
1412 1344 1523 1367 omnes
1548 1334 1662 1366 fratres
1681 1334 1719 1366 ad
1744 1334 1813 1367 eius
1836 1335 1950 1367 cellam

1217 1387 1422 1427 conveniant,
1435 1387 1501 1427 ubi,
1519 1387 1799 1420 commendatione
1824 1387 1950 1420 animae

1217 1449 1287 1471 cum
1313 1439 1486 1473 devotione
1504 1441 1645 1482 peracta,
1669 1445 1815 1473 cantetur
1834 1439 1949 1473 totius*

1217 1492 1394 1535 symbolum
1412 1492 1499 1533 fidei,
1514 1503 1683 1536 quousque
1702 1492 1839 1537 animam
1858 1494 1951 1528 exha-

1216 1547 1340 1579 laverit.

1260 1610 1307 1632 111.
1335 1599 1412 1633 Cum
1431 1599 1491 1633 iam
1512 1604 1618 1632 autem
1637 1598 1734 1632 suerit
1756 1599 1819 1631 vita
1837 1599 1950 1632 desun-

1217 1657 1302 1693 ctus,
1330 1657 1476 1685 cantetur
1509 1652 1751 1695 responsorium
1777 1652 1949 1686 Subvenite

1216 1706 1319 1738 saneti
1352 1706 1433 1745 Dei,
1460 1711 1492 1738 et
1516 1706 1621 1739 statim
1654 1710 1767 1748 postea
1797 1705 1949 1738 induatur

1217 1759 1418 1801 regularibus
1432 1759 1640 1796 indumentis,
1658 1758 1736 1790 sicut
1754 1758 1807 1791 alii
1822 1758 1946 1797 fratres,

1217 1813 1275 1844 nisi
1294 1813 1383 1856 prius
1398 1822 1480 1855 opus
1498 1812 1539 1845 sit
1556 1811 1645 1844 eum²
1658 1813 1785 1845 lavacro
1803 1807 1944 1854 tergere.

1216 1866 1252 1898 Et
1276 1866 1321 1897 sic
1341 1865 1452 1898 habitu
1472 1870 1503 1898 et
1526 1865 1625 1908 pallio
1650 1864 1712 1897 iam
1738 1865 1864 1905 induto,
1886 1859 1949 1898 ma·

1216 1929 1274 1950 nus
1300 1923 1492 1961 coaptentur
1517 1924 1588 1951 ante
1613 1923 1726 1961 pectus
1752 1919 1823 1951 albe
1851 1918 1948 1951 vitta³

1215 1972 1405 2011 devinctae,
1439 1977 1471 2003 ct
1504 1981 1600 2004 cruce
1636 1971 1726 2003 affixa
1757 1970 1944 2014 pollicibus.

1216 2024 1334 2057 Deinde
1356 2024 1519 2057 ducendus
1534 2028 1582 2056 cst
1598 2028 1781 2066 opportuno
1799 2028 1946 2066 tempore

1214 2077 1253 2110 ad
1279 2077 1456 2120 capitulum
1482 2077 1530 2110 vel
1556 2076 1743 2116 sacristiam,
1768 2081 1823 2108 aut
1846 2076 1945 2109 aliurn

1213 2130 1417 2162 commodum
1432 2134 1463 2162 ct
1476 2134 1640 2162 assuetum
1655 2128 1831 2167 locum‚ul›i
1844 2133 1944 2161 strato

1212 2194 1308 2225 super
1326 2188 1444 2215 terram
1465 2193 1574 2225 panno
1600 2181 1755 2214 deccnte‘
1769 2181 1942 2224 aptabitur,

1212 2237 1287 2268 hinc
1311 2236 1386 2268 iude
1410 2246 1512 2278 usque
1539 2235 1577 2267 ad
1608 2235 1722 2268 boram
1755 2235 1942 2278 sepulturae

1210 2290 1403 2336 ardentibus
1424 2288 1534 2327 cereis,
1554 2294 1583 2320 et
1601 2299 1673 2321 vase
1694 2299 1766 2320 cum
1791 2290 1873 2331 aqua
1889 2289 1943 2320 be-

1210 2343 1336 2376 nedicta
1354 2343 1392 2375 ad
1411 2342 1509 2385 pedes
1535 2342 1698 2384 apposito.
1718 2341 1798 2373 Ilinc
1819 2346 1939 2381 autem,

1187 2407 1190 2438 ι
1210 2403 1237 2430 et
1256 2396 1450 2439 ubicumque
1468 2400 1542 2439 post
1558 2395 1692 2434 obitum,
1707 2404 1876 2437 quousque
1892 2403 1943 2427 se-

1243 2485 1254 2511 1
1280 2485 1378 2511 Forsan
1400 2484 1480 2511 tolies
1499 2486 1536 2514 (a.
1553 2484 1602 2511 TA.

1244 2530 1259 2554 ⁹2
1280 2529 1348 2555 Edit.
1371 2529 1451 2554 Main.
1475 2528 1538 2561 tegit
1555 2537 1618 2554 cum
1639 2536 1685 2561 pro
1705 2536 1770 2554 eum
1789 2528 1829 2561 (n.
1845 2528 1895 2560 22).

1243 2574 1257 2597 3'1
1279 2573 1346 2598 Edit.
1369 2573 1445 2598 itata.
1462 2572 1525 2607 legit
1545 2573 1617 2599 viclci
1633 2580 1680 2607 pro
1696 2572 1767 2599 ville),
1782 2578 1819 2604 ffl-
1835 2570 1885 2606 T.).

1243 2619 1255 2644 4
1279 2618 1368 2652 Aptius
1391 2618 1462 2643 *lecet
1478 2620 1519 2644 [cr
1536 2620 1576 2651 (tt.
1593 2620 1640 2648 T.).
