2227 3225
127 234 222 263 Amo.
245 233 311 262 ¹693

162 1304 283 1324 nne-tarano
300 1306 320 1324 et

134 1331 245 1356 ampliatio

133 1357 187 1377 anus
205 1358 292 1385 gradus.
333 1343 414 1376 votis
441 1343 502 1376 hac
527 1344 559 1376 in
585 1355 630 1384 re,
656 1348 813 1387 quantuni
839 1354 908 1376 rum
931 1343 1068 1376 Domino

910 227 1118 252 tNttounNTtth
1143 227 1187 249 ΧΠ
1211 227 1260 249 Pr.

319 283 351 315 5.
379 281 468 314 Fidei
494 284 524 313 et
549 278 709 317 Quiteusis
734 276 943 319 collegiorum
970 287 1059 319 prae-

321 335 482 368 dictorum
508 332 603 365 nobis
629 342 734 375 nuper
752 329 871 374 exponi
898 329 1055 367 fecerunt,

321 388 488 431 praefatae
513 386 685 419 Clementis
711 383 990 428 praedecessorris
1009 383 1060 415 lit—

321 446 410 473 terae
436 440 473 473 ad
500 450 570 479 eos,
595 439 648 482 qui
679 439 710 471 in
744 436 969 476 artibus,sive
987 434 1060 478 ptu-

321 493 472 536 losopliia
505 498 537 525 et
572 493 664 525 saera
702 490 868 533 theologia
898 490 1061 522 dumtaxat

323 547 476 585 doctoris,
502 545 658 579 licentiati
684 550 713 578 et
729 543 872 586 magistri
895 543 1011 585 gradus
1029 541 1061 573 in

323 599 520 642 supradietis
547 598 693 641 collegiis
718 597 931 640 suseelweiiiit,
952 594 1062 628 restri-

323 657 393 685 ctae
417 652 596 689 videantur,
621 662 734 685 revera
758 656 863 683 tamen
890 650 920 681 in
949 649 1060 681 iisdem

324 705 471 747 collegiis
497 706 615 747 gradus
646 704 845 744 huiusmodi,
867 714 930 736 non
966 701 1063 734 modo

324 758 538 802 philosophia
563 764 594 792 et
612 757 779 800 theologia
799 756 985 800 praedietis,
1005 755 1063 788 sed

325 811 422 844 etiam
447 812 479 844 in
505 812 575 845 aliis
601 812 751 844 omnibus
782 809 945 851 scientiis,
983 818 1063 852 quae

325 864 404 897 inibi
430 865 627 905 edocentur,
653 876 689 898 ac
714 863 908 908 praesertim
945 863 978 895 in
1011 862 1066 895 de-

325 917 431 958 cretis,
455 918 522 950 sire
547 918 649 951 sacris
674 917 865 957 canonibus,
890 927 925 948 ex
952 915 1063 948 novis-

325 971 406 1004 simo
432 971 527 1004 liuius
553 971 687 1004 Sanctae
716 971 808 1004 Sedis
833 970 961 1003 indulto
997 973 1068 1002 con-

326 1023 497 1057 serantur:
525 1024 619 1057 nobis
644 1028 822 1067 propterea
848 1023 945 1056 iidem
971 1032 1068 1065 expo-

327 1081 442 1110 nentes
469 1077 638 1110 humiliter
663 1076 838 1120 supplicari
866 1077 1011 1109 fecerunt
1034 1080 1067 1107 ut

328 1129 361 1162 in
395 1131 585 1174 praemissis
617 1137 802 1174 opportune
832 1130 1003 1173 providere
1036 1135 1068 1162 et

329 1189 365 1216 ut
389 1184 473 1217 intra
498 1184 666 1227 indulgere
689 1184 727 1217 de
753 1184 955 1227 benignitate
988 1194 1067 1227 apo-

330 1236 443 1270 stoliea
469 1237 691 1279 dignaremur.

375 1289 406 1323 3.
435 1290 499 1323 Nos
522 1290 632 1333 igitur,
662 1291 807 1334 ipsorum
833 1290 1067 1334 exponentium

331 1407 511 1439 possumus,
524 1397 744 1430 favorabiliter
757 1407 901 1430 annuere
912 1398 1069 1436 volentes,

332 1455 362 1483 et
381 1460 494 1483 corum
505 1450 685 1492 singulares
699 1461 856 1493 personas
872 1461 888 1482 a
902 1449 1069 1493 quibusvis

331 1503 694 1543 excommunicationis,
721 1503 944 1546 suspensionis
970 1508 1001 1536 et
1025 1503 1071 1535 in-

331 1555 471 1596 terdicti,
492 1556 629 1599 aliisque
645 1556 873 1589 ecelesiasticis
887 1556 1067 1596 sententiis,

332 1609 478 1641 censuris
493 1615 524 1641 et
540 1609 667 1652 poenis,
682 1619 699 1641 a
719 1609 787 1642 iure
803 1610 853 1642 vel
871 1609 910 1641 ab
926 1609 1069 1651 bomine,

332 1663 444 1706 quavis
487 1663 661 1695 occasione
705 1663 753 1695 vel
791 1665 887 1695 causa
918 1663 1018 1703 latis,
1045 1662 1069 1695 si

333 1715 450 1758 quibus
466 1716 714 1759 quomodolibet
729 1716 904 1749 innodatae
921 1716 1070 1756 exIstunt,

333 1769 373 1801 ad
401 1768 548 1801 ell'ectum
570 1769 790 1812 praesentium
817 1770 981 1802 dumtaxat
998 1780 1073 1802 eon-

334 1821 551 1864 sequendum,
567 1822 681 1854 liarum
706 1822 788 1854 serie
814 1822 1016 1855 absolventes
1042 1828 1074 1855 et

336 1875 500 1907 absolutas
543 1874 610 1908 sore
651 1881 820 1907 censentes
837 1901 845 1915 ‚
887 1875 1073 1908 huiusmodi

335 1927 628 1971 supplicationibus
652 1927 808 1967 inclinati,
835 1928 918 1960 dicta
936 1928 1075 1961 auetori-

337 1986 399 2014 tate
423 1986 534 2014 tenore
553 1980 773 2024 praesentium
799 1981 1013 2022 declaramus,
1029 1981 1076 2014 in-

337 2035 465 2068 dultum
484 2045 500 2067 a
516 2040 694 2067 memorato
712 2034 877 2067 Clemente
888 2035 1076 2078 praedeces-

337 2097 411 2120 sore
436 2098 637 2127 concessum,
671 2092 706 2119 ut
738 2088 928 2130 praefertur,
955 2088 1076 2120 intelli-

339 2140 480 2183 gendum
506 2151 577 2173 esse
604 2141 700 2174 etiam
736 2141 774 2174 de
808 2141 859 2181 iis,
893 2141 1011 2184 quibus
1044 2141 1076 2174 in

338 2193 485 2236 collegiis
510 2194 685 2237 praedictis
710 2193 807 2227 iidem
833 2194 951 2237 gradus
969 2194 1002 2226 in
1023 2194 1078 2227 de-

339 2247 437 2280 cretis
463 2258 519 2280 seu
543 2247 643 2280 sacris
668 2247 846 2280 canonitus
882 2247 1076 2290 supradietis

340 2300 450 2334 collati
476 2300 609 2340 suerint;
626 2300 897 2341 etniliilominus‚
919 2306 1077 2344 quatenus

340 2364 421 2397 opus
441 2354 490 2394 sit,
506 2354 590 2387 idem
609 2355 767 2387 indultum
786 2355 824 2387 ad
842 2365 905 2394 eos,
925 2354 980 2398 qui
998 2354 1078 2387 inibi

342 2408 446 2441 dictos
483 2408 602 2450 gradus
639 2407 734 2440 etiam
771 2407 804 2440 in
840 2407 976 2440 decretis
1013 2407 1079 2441 sive

343 2461 443 2494 sacris
467 2461 645 2494 canonibus
670 2461 866 2501 huiusmodi,
892 2461 973 2493 sicut
992 2471 1081 2504 prae-

343 2513 492 2554 mittitur,
519 2513 733 2557 susceperint,
760 2516 886 2547 servata
905 2520 1011 2547 tamen
1029 2524 1081 2547 ce-

345 2567 469 2610 teroqui
495 2567 734 2608 praedictarum
754 2567 927 2600 Clementis
945 2568 1082 2610 praede·

344 2620 672 2654 cessoris-tutelarum
693 2621 794 2652 raim
810 2625 839 2652 et
859 2621 1083 2664 2,iJ-2o.<itio:1e,

1100 275 1288 306 auctoritate
1315 278 1347 306 et
1379 277 1490 305 tenore
1526 272 1699 316 praedictis
1732 277 1838 305 exten-

1101 327 1207 360 dimus
1233 332 1265 359 et
1289 326 1496 369 ampliamus.

1145 381 1160 424 ἓ
1184 380 1216 413 l.
1244 379 1624 419 Dece1·nentes,easdem
1651 384 1839 422 praesentes

1102 433 1224 466 litteras
1250 443 1380 476 semper
1405 432 1523 472 firmas,
1547 432 1667 464 validas
1685 436 1717 464 et
1742 432 1842 464 effica-

1103 497 1156 519 ces
1182 486 1319 518 existere
1346 491 1377 518 ct
1402 486 1485 524 sore,
1511 495 1653 528 suosque
1678 484 1842 527 plenarios

1104 544 1134 572 et
1159 540 1302 582 integros
1327 538 1459 572 etl'ectus
1487 538 1592 571 sortiri
1628 542 1660 570 et
1682 537 1843 576 obtinere,

1103 603 1137 625 ac
1163 592 1239 631 illis,
1259 592 1297 624 ad
1324 602 1403 635 quos
1424 595 1549 635 spectat
1577 595 1608 623 et
1624 600 1682 634 pro
1701 595 1844 632 tempore

1104 645 1272 689 spectabit,
1293 646 1323 677 in
1350 644 1501 677 omnibus
1528 649 1559 677 et
1575 654 1634 687 per
1651 642 1759 676 omnia
1777 643 1845 686 ple-

1107 699 1238 732 nissime
1265 698 1453 741 sulii-agari,
1474 698 1587 740 sicque
1606 698 1637 730 in
1656 697 1844 740 praemissis

1106 762 1164 794 per
1188 761 1408 794 quoscumque
1447 751 1572 783 iudices
1605 746 1788 783 ordinarios
1814 754 1846 782 et

1108 798 1284 846 delegatos,
1312 803 1407 836 etiam
1432 813 1600 835 causarum
1633 802 1744 845 palatii
1771 812 1847 845 apo-

1108 856 1211 890 stolici
1251 856 1432 894 auditores,
1482 854 1619 888 iudicari
1652 861 1682 887 et
1721 853 1847 887 definiri

1109 910 1247 947 debere,
1276 920 1312 942 ac
1338 909 1462 941 irritum
1489 914 1520 941 et
1544 907 1657 947 inane,
1694 907 1719 939 si
1757 917 1848 940 secus

1108 973 1206 1006 super
1226 963 1276 995 liis
1293 974 1309 994 a
1331 972 1503 1006 quoquam,
1530 961 1641 1004 quavis
1666 960 1847 999 actoritate,

1108 1016 1252 1049 scienter
1278 1017 1326 1048 vel
1363 1015 1566 1058 ignoranter,
1601 1013 1775 1057 contigerit
1804 1018 1849 1047 at-

1110 1070 1240 1102 tentari.

1153 1124 1168 1166 ἓ
1192 1122 1222 1155 5.
1251 1122 1320 1154 Non
1341 1121 1542 1154 obstantibus
1560 1119 1849 1154 constitutionibus

1111 1181 1143 1209 et
1177 1175 1434 1208 ordinationibus
1470 1174 1684 1217 apostolicis,
1723 1183 1849 1205 necnon

1112 1229 1261 1263 omnibus
1280 1235 1312 1261 et
1329 1228 1466 1269 singulis
1485 1228 1550 1260 illis
1581 1237 1663 1270 quae
1685 1227 1716 1259 in
1735 1237 1849 1269 supra-

1111 1282 1204 1316 dictis
1228 1281 1402 1315 Clementis
1439 1280 1701 1324 praedecessoris
1734 1279 1850 1312 litteris

1111 1345 1267 1368 concessa
1300 1339 1375 1367 sunt
1407 1344 1472 1366 non
1498 1333 1644 1372 obstare,
1670 1333 1850 1375 ceterisque

1112 1387 1282 1421 contrariis
1310 1387 1580 1431 quibuscumque.

1156 1441 1171 1484 g
1201 1440 1233 1474 6.
1268 1440 1420 1472 Volumus
1457 1445 1563 1471 autem
1600 1444 1630 1470 ut
1665 1438 1852 1471 earumdem

1113 1494 1330 1538 praesentium
1354 1494 1535 1526 litterarum
1556 1491 1778 1534 transumptis,
1797 1502 1852 1523 seu

1114 1547 1388 1591 exemplis,etiam
1406 1546 1584 1589 impressis,
1600 1555 1696 1577 manu
1717 1545 1854 1577 alicuius

1115 1602 1232 1635 notarii
1249 1600 1370 1644 publici
1393 1599 1597 1642 subscriptis,
1612 1604 1641 1631 et
1655 1598 1762 1640 sigillo
1782 1608 1854 1641 per-

1115 1665 1214 1689 sonae
1240 1655 1272 1686 in
1299 1652 1518 1687 ecclesiastica
1544 1652 1699 1694 dignitate
1732 1651 1852 1683 consti-

1116 1713 1203 1741 tutae
1229 1707 1374 1746 n‘mnitis,
1402 1706 1514 1739 eadem
1539 1715 1674 1748 prorsus
1692 1704 1769 1736 tides
1791 1708 1854 1736 tam

1115 1762 1148 1794 in
1173 1760 1293 1793 iudicio
1320 1770 1414 1804 quam
1440 1764 1530 1791 extra
1562 1758 1641 1790 illud
1674 1757 1853 1795 habeatur,

1117 1825 1200 1859 quae
1234 1814 1314 1858 ipsis
1353 1811 1581 1857 praesentibus
1619 1811 1794 1843 haberetur
1829 1809 1854 1841 si

1116 1868 1224 1902 forent
1248 1866 1412 1900 exhibitae
1438 1867 1487 1898 vel
1513 1870 1673 1898 ostensae.

1160 1921 1274 1954 Datum
1299 1920 1438 1959 Romae,
1465 1918 1547 1961 apud
1574 1917 1605 1950 S.
1633 1916 1761 1949 Mariam
1796 1916 1857 1947 Ma-

1118 1974 1234 2014 iorem,
1259 1974 1318 2006 sub
1345 1973 1464 2005 annulo
1489 1970 1671 2009 piscatoris,
1691 1969 1741 2002 die
1758 1978 1856 2001 xxxui

1119 2027 1314 2072 septembris
1339 2035 1495 2065 xiocxcni,
1519 2023 1727 2067 pontificatus
1753 2021 1856 2054 nostri

1119 2091 1204 2114 anno
1230 2090 1278 2114 111.

1155 2143 1213 2170 bat.
1231 2143 1275 2169 die
1291 2141 1325 2168 Qs
1341 2140 1504 2177 septembris
1524 2140 1598 2174 1093,
1621 2138 1714 2174 pontif.
1733 2146 1802 2164 anno
1818 2143 1856 2164 ui.

1424 2351 1554 2384 LXVlIl.

1122 2460 1324 2494 Revocanlur
1355 2462 1383 2491 ec
1417 2457 1621 2490 reducuntur
1649 2454 1692 2488 ad
1720 2455 1858 2498 formam

1167 2512 1374 2545 ordinariam
1416 2509 1602 2554 peculiaria
1641 2508 1773 2541 indulta
1817 2511 1860 2540 le-

1167 2565 1276 2598 standi
1300 2563 1496 2608 quibusdam
1515 2562 1749 2599 cardinalibus,
1769 2559 1861 2593 aliis-

1170 2631 1230 2663 que
1255 2629 1417 2658 comeo-xa,
1445 2618 1569 2650 serram
1592 2621 1695 2647 lamen
1719 2613 1861 2648 Clenwn-

1738 214 1801 248 557
1847 223 1896 250 An.
1912 223 1941 249 c.
1963 222 2030 249 1693

1877 389 1995 412 Clausulam

1930 1128 2043 1151 {inrigatio

1861 1160 2021 1176 vitti't'mrtffl'tlm.

1905 1444 1967 1465 Fides
1990 1446 2047 1463 tran-

1866 1474 2001 1497 -iunipturuun
