2227 3225
99 247 148 274 An.
165 247 194 274 C.
219 248 284 274 tom

174 2514 287 2534 Concessio

105 2541 215 2561 cuiusdam
233 2541 287 2560 horti

879 248 1087 273 INNocmTtts
1113 250 1155 273 Xll
1181 251 1228 273 ΓΡ.

290 303 447 341 perpetuo
468 298 631 337 donatum,
649 298 688 330 ab
704 297 817 329 iisdem
838 303 1023 330 tamennon

291 352 479 391 habitatum,
505 351 633 394 illisque
658 351 832 383 scientibus
848 356 1026 383 etconsen·

291 404 446 437 tientibus
479 415 496 437 a
532 404 665 437 Camera
691 403 878 447 Apostolica
904 403 1023 435 iamdiu

290 463 538 501 reassumptum,
556 462 584 489 ct
609 457 639 488 in
666 457 770 489 varios
792 455 941 489 stationis
967 455 1026 487 mi-

291 511 379 544 litum
416 511 621 544 loemocomii
653 509 919 543 seu-nosocomii
947 515 1025 541 tem-

290 575 368 608 pore
394 564 494 607 pestis
529 569 560 597 et
584 569 619 596 ut
642 563 817 606 plurimum
849 562 959 595 borrei
986 561 1024 594 ad

290 617 514 660 reponendum
541 623 571 649 et
596 616 852 649 conservandum
875 624 1024 647 annonae

291 670 485 701 frumentum
517 669 663 711 aliisque
689 667 810 700 similes
834 677 909 699 usus
933 666 1027 699 reda-

291 727 388 761 ctum,
415 722 492 765 quin
519 721 558 753 ab
585 720 661 764 ipsis
680 720 781 760 ‚etiam
806 719 1024 763 pauperibus,

292 774 344 817 qui
364 774 443 806 inibi
466 780 625 806 extremae
646 772 788 805 caritatis
807 778 951 815 tempore
967 772 1026 803 ale-

290 827 417 865 bantur,
443 827 636 869 quaudoque
652 825 842 864 habitatum,
862 830 890 857 et
910 823 1027 856 nihilo-

291 879 397 912 minus
422 880 459 911 ad
486 879 640 911 maiorem
667 879 825 911 cautelam
852 882 883 909 et
907 881 1023 920 quate-

291 943 350 965 nus
368 943 448 976 opus
468 937 552 965 essct
571 943 588 964 a
605 931 783 964 venerabili
803 932 899 963 fratre
918 935 1027 963 nostro

291 985 399 1018 Flavio
424 985 577 1028 episcopo
604 984 773 1017 Portnensi
800 983 830 1016 S.
851 983 888 1015 R.
905 983 937 1015 E.
959 993 1029 1016 car-

292 1038 391 1071 dinali
407 1037 514 1071 Cbisio
533 1043 729 1080 nuncupato,
744 1037 901 1070 moderno
923 1035 1029 1069 archi·

290 1091 488 1136 presbytero,
516 1102 552 1124 ac
577 1101 594 1123 a
620 1090 748 1123 dilectis
778 1089 852 1123 filiis
886 1089 1028 1132 capitulo

292 1150 323 1176 et
342 1143 510 1177 vcanonicis
535 1143 639 1176 dictae
675 1142 846 1181 ecclcsiae,
872 1152 932 1185 per
960 1146 1029 1174 acta

291 1196 443 1230 Ludovici
470 1196 592 1229 Martoli
619 1196 735 1228 notarii
772 1195 895 1239 publici
920 1194 1028 1227 curiae

292 1249 400 1283 dilecti
426 1249 481 1282 filii
508 1250 611 1282 nostri
633 1249 663 1281 in
681 1248 765 1281 Urbe
782 1247 891 1280 vicarii
909 1248 941 1280 in
964 1247 1030 1290 spi-

292 1303 465 1336 ritualibus
490 1301 666 1345 generalis,
692 1301 743 1333 dic
762 1311 771 1334 1
790 1299 896 1333 martii
923 1299 1030 1343 proxi-

291 1367 341 1389 me
354 1355 522 1399 praeteriti
537 1355 779 1387 retrodonatum
796 1359 823 1386 ct
835 1354 1027 1392 restitutum,

294 1410 511 1448 destinamus,
550 1408 749 1450 assignamus
785 1407 968 1446 stabilimus
999 1411 1030 1438 et

294 1462 535 1495 constituimus.
556 1461 601 1493 Ad
621 1471 718 1503 quem
737 1459 897 1499 effectum,
914 1463 1028 1492 nostro

292 1516 350 1547 sub
370 1515 421 1548 die
435 1525 454 1547 v
468 1514 620 1547 februarii
639 1513 760 1557 pariter
777 1511 924 1556 proxime
941 1522 1030 1556 prae-

293 1567 379 1601 teriti
405 1567 554 1599 consecto
586 1571 617 1598 et
642 1576 701 1609 per
726 1576 785 1598 nos
811 1565 938 1608 signato
963 1564 1030 1597 chi-

292 1619 474 1662 rographo,
500 1629 537 1652 ac
566 1619 782 1651 instrumento
808 1618 840 1650 in
867 1618 936 1651 eius
960 1628 1031 1651 exe-

293 1673 481 1716 quutionem
496 1673 659 1705 mediante
678 1673 797 1705 dilecto
811 1671 876 1705 filio
890 1671 1029 1715 Iosepho

293 1726 479 1759 Paravicino
505 1731 616 1758 nostro
641 1730 671 1757 et
695 1725 845 1758 Gamerae
866 1725 1037 1768 praefatae

295 1779 499 1813 thesaurario
520 1779 664 1822 generali
684 1789 741 1822 per
758 1778 911 1812 dilectum
929 1778 1029 1811 filium

295 1834 425 1865 l‘etrum
449 1832 643 1865 Palmerium
675 1832 779 1865 dictae
803 1831 955 1865 Gamerae
980 1842 1030 1865 se-

295 1885 463 1918 cretarium
490 1885 541 1918 die
567 1895 645 1918 xxm
668 1885 815 1917 eiusdem
847 1884 966 1918 mensis
987 1884 1032 1917 se-

295 1938 417 1971 bruarii
435 1943 561 1980 rogato,
572 1938 728 1981 palatium
746 1937 942 1977 huiusmodi,
957 1947 1030 1970 cum

295 1992 444 2025 omnibus
469 1996 501 2024 et
527 1991 665 2033 singulis
691 1991 762 2024 eius
780 1990 915 2029 iuribus,
934 2000 1033 2023 mem-

294 2044 372 2085 bris,
397 2043 613 2088 pertinentiis,
636 2043 747 2076 usibus
773 2049 803 2076 et
824 2043 1033 2076 commodita-

294 2098 389 2139 tibus,
408 2097 552 2140 exceptis
571 2102 687 2137 tamen,
704 2097 741 2129 ad
758 2107 849 2129 usum
866 2095 1033 2140 pontifica-

294 2151 374 2184 lium
388 2150 587 2184 functionum
603 2155 634 2183 et
653 2149 916 2183 benedictionum
931 2159 1033 2182 reser-

294 2203 393 2245 vatis,
417 2209 508 2247 xysto
534 2204 572 2236 ad
609 2203 740 2236 easdem
766 2203 1031 2235 benedictionem

253 2253 255 2255 ¹
297 2262 455 2297 extructo,
476 2262 506 2289 ct
524 2256 649 2289 modica
670 2255 815 2288 eiusdem
835 2255 945 2298 palatii
964 2266 1033 2298 par-

296 2314 338 2348 te,
364 2309 450 2341 iuxta
475 2308 728 2341 delIneationem
755 2308 788 2340 in
817 2308 962 2351 praefato
987 2307 1033 2340 in-

298 2367 479 2395 strumento
505 2362 676 2401 insertam,
702 2361 808 2394 eidem
834 2361 977 2404 hospitio
998 2361 1034 2394 li-

298 2414 386 2455 bere,
412 2415 511 2457 gratis
535 2420 567 2448 et
602 2420 763 2458 perpetuo
792 2415 978 2447 donavimus
1002 2420 1034 2447 et

299 2467 547 2509 assignavimns.

1704 242 1766 274 5027

1067 303 1147 330 ctam
1167 297 1337 331 ecclesiam
1356 299 1526 330 saltatoris
1546 309 1602 329 ssu
1621 298 1651 330 S.
1676 299 1803 331 loannis

1067 349 1098 382 in
1125 351 1283 383 Laterano
1311 355 1538 392 nutuupataru,
1557 361 1612 381 sou
1632 351 1700 382 eius·
1719 362 1804 383 mcu-

1067 413 1133 435 sam
1159 403 1390 446 capitularem,
1418 408 1471 436 aut
1500 403 1644 435 eiusdem
1670 403 1802 446 capituli

1066 466 1202 489 massam
1239 456 1395 488 minutam
1429 455 1540 488 itidem
1567 460 1801 499 nuncupatam,

1066 513 1273 551 spectantem,
1288 519 1390 551 prope
1403 508 1520 541 dictam
1532 508 1710 548 ecclesiam,
1721 518 1807 540 man-

1067 561 1173 594 siones
1198 561 1404 594 canonicales
1423 565 1452 594 et
1468 560 1548 593 alios
1566 560 1655 600 sines,
1679 570 1805 593 necnon

1069 614 1239 657 quamdam
1277 614 1503 647 domunculam
1533 623 1603 646 cum
1629 613 1693 645 suis
1719 623 1807 645 man-

1068 667 1214 700 sionibus
1239 672 1271 699 et
1294 666 1448 699 viridario
1474 667 1560 698 iuxta
1586 665 1730 698 eamdem
1760 675 1807 698 ec-

1069 720 1218 759 clesiam,
1245 719 1378 763 eiusque
1403 719 1520 752 atrium
1551 718 1807 762 maius,praesa-

1070 778 1201 816 tumque
1228 772 1380 811 hortum,
1408 772 1445 804 ad
1472 771 1553 804 duos
1586 771 1731 803 ciusdem
1756 781 1806 803 ec-

1068 826 1187 859 clesiae
1212 825 1419 858 canonicatus
1438 835 1493 858 seu
1513 824 1718 868 praebendas
1736 834 1807 866 spe-

1070 884 1217 919 ctantem,
1242 889 1259 910 a
1283 878 1436 922 praefatis
1454 878 1590 910 ccclesia
1616 887 1670 909 seu
1698 878 1804 908 mensa

1071 937 1123 964 aut
1148 933 1250 964 massa
1276 937 1307 964 et
1333 930 1544 974 respectivca
1565 929 1658 962 divtis
1681 929 1806 961 duobus

1071 985 1316 1018 canonicatibus
1342 995 1398 1017 scu
1425 983 1635 1027 praebendis,
1663 982 1736 1015 data
1762 988 1808 1014 ta-

1070 1048 1143 1071 men
1170 1038 1282 1070 iisdem
1308 1036 1524 1081 aequivalenti
1551 1047 1607 1069 seu
1626 1035 1739 1068 maiori
1762 1045 1809 1067 rc-

1073 1091 1264 1132 tributione,
1285 1097 1401 1124 etcum
1428 1101 1538 1123 eorum
1567 1088 1705 1122 evidenti
1720 1087 1809 1120 utili-

1071 1150 1144 1185 tate,
1171 1150 1331 1188 perpetuo
1354 1143 1654 1177 disnicmbravimus
1671 1147 1699 1175 et
1718 1152 1809 1185 sepa-

1071 1198 1222 1237 ravimus,
1247 1196 1406 1240 illumque
1428 1202 1460 1229 et
1484 1196 1571 1228 illam
1590 1195 1636 1227 sic
1657 1194 1809 1227 dismem-

1072 1251 1198 1283 bratum
1226 1255 1256 1282 et
1275 1249 1552 1288 disnzembratam,
1569 1258 1639 1279 cum
1658 1246 1808 1280 omnibus

1072 1308 1102 1334 et
1126 1302 1260 1345 singulis
1286 1302 1415 1334 illorum
1440 1300 1604 1341 membris,
1625 1299 1811 1342 dependen-

1073 1355 1122 1389 tiis
1147 1361 1173 1387 et
1202 1354 1420 1398 pertinentiis,
1448 1353 1666 1395 omnibusque
1689 1357 1719 1384 ct
1739 1351 1809 1395 qui-

1072 1410 1274 1451 buscumque
1310 1407 1451 1447 iuribus,
1489 1405 1740 1439 obventionibus
1777 1409 1809 1437 et.

1073 1461 1302 1495 emolumentis
1317 1460 1484 1499 universis,
1498 1460 1725 1502 undecumque
1740 1468 1812 1501 pro-

1072 1514 1298 1553 venientibus,
1328 1513 1472 1557 hospitio
1498 1513 1644 1557 praefato
1670 1513 1700 1554 (a
1723 1521 1808 1554 quo,

1073 1578 1129 1601 seu
1155 1578 1171 1600 a
1195 1566 1363 1611 praedicto
1388 1566 1507 1609 palatio
1524 1575 1705 1609 pauperum
1724 1564 1812 1596 inva-

1073 1621 1214 1654 lidorum
1229 1619 1446 1659 babitationis,
1465 1619 1502 1652 ad
1521 1617 1721 1662 supradictos
1736 1617 1812 1650 bor-

1074 1680 1153 1714 tum,
1170 1674 1357 1707 viridarium
1374 1678 1404 1706 et
1418 1673 1630 1706 domunculas
1648 1671 1811 1704 mediante

1074 1727 1212 1760 transitu
1237 1736 1335 1769 super
1359 1724 1522 1769 porticum
1541 1735 1690 1767 magnam
1705 1724 1810 1756 dictae

1074 1780 1233 1814 ecclesiae
1258 1778 1485 1812 Leteranensis
1511 1778 1550 1811 de
1575 1778 1728 1810 mandato
1753 1787 1811 1809 no-

1073 1838 1141 1866 stro
1159 1838 1347 1866 constructo
1372 1837 1458 1875 patet
1485 1831 1648 1873 accessus)
1663 1830 1701 1863 ad
1720 1841 1812 1873 prae-

1076 1887 1210 1919 fatorum
1228 1896 1407 1929 pauperum
1429 1895 1533 1923 usum,
1547 1883 1810 1917 commoditatem

1075 1943 1105 1972 et
1128 1938 1299 1971 utilitatem
1324 1943 1482 1981 perpetuo
1504 1936 1737 1975 concessimus,
1762 1946 1812 1968 as-

1075 1991 1270 2034 signavimus
1295 1995 1327 2023 et
1351 1990 1604 2033 applicavimus;
1632 1988 1811 2032 iisdemque

1075 2044 1244 2087 perpetuis
1275 2042 1577 2082 dismembrationi‚
1603 2040 1809 2084 separationi,

1075 2096 1292 2137 concessioni,
1319 2095 1530 2138 assignationi
1553 2100 1583 2128 et
1600 2094 1810 2137 applicationi

1075 2149 1260 2193 capitularis
1287 2149 1473 2181 eorumdem
1501 2147 1631 2190 capituli
1658 2152 1690 2180 et
1714 2156 1811 2180 cano-

1075 2202 1219 2235 nicorum
1233 2201 1400 2245 praefatae
1415 2200 1584 2240 ecclesiae,
1599 2209 1726 2232 necnon
1743 2209 1812 2242 par-

1077 2255 1221 2288 ticularis
1247 2255 1383 2288 duorum
1418 2254 1650 2287 canonicorum
1682 2253 1810 2296 praedi-

1075 2314 1144 2341 ctos
1169 2308 1248 2341 duos
1279 2307 1487 2340 canonicatus
1520 2317 1575 2339 seu
1605 2305 1809 2349 praebendas

1075 2361 1308 2405 possidentium
1320 2388 1327 2401 ‚
1347 2371 1403 2404 per
1420 2360 1504 2392 dicta
1521 2364 1590 2392 acta
1605 2359 1738 2402 praefati
1756 2359 1811 2391 Lu-

1075 2414 1178 2447 dovici
1197 2413 1320 2446 Martoli
1340 2413 1451 2446 eadem
1478 2412 1529 2445 die
1556 2421 1565 2444 1
1589 2412 1710 2444 mensis
1731 2421 1810 2443 mar-

1076 2468 1110 2500 tii
1135 2466 1278 2511 proxime
1300 2465 1466 2510 praeteriti
1488 2464 1621 2498 accessit
1645 2474 1806 2497 assensus.

1119 2521 1134 2564 g
1158 2520 1187 2553 6.
1213 2519 1273 2552 Pro
1291 2519 1492 2552 habitatione
1517 2528 1594 2551 vero
1620 2527 1807 2560 puerorum,

1814 251 1860 276 Au.
1884 250 1910 276 C.
1930 250 1995 275 ttjstzi

1887 2522 1909 2541 ,Ε
1917 2520 1980 2540 listi-iu

342 2521 357 2564 g
382 2521 412 2553 5.
439 2519 580 2558 Quadam
599 2520 694 2553 etiam
715 2522 825 2553 nostra
851 2525 1032 2563 motuspro-

104 2571 128 2614 {fl
151 2567 288 2613 ‘};]22}‡,¹}}⁰¹·2{
299 2574 361 2617 prii
387 2574 501 2606 cedula
526 2574 583 2606 sub
610 2574 717 2610 datum
734 2584 753 2607 v
772 2575 842 2607 idus
860 2574 933 2607 dicti
948 2584 1033 2607 men-

106 2618 288 2640 L³¹¹''³'¹¹⁰²¹⁶''“'
300 2627 343 2660 sis
370 2625 523 2659 februarii
556 2626 726 2670 quemdam
767 2627 896 2660 bortum
926 2626 964 2660 ad
991 2626 1034 2660 di-

105 2645 206 2671 hospiti-J.

1820 2547 1841 2567 S.
1853 2548 1906 2567 Mul·
1916 2549 1961 2566 «ciis
1976 2554 1987 2566 a

1970 2582 1979 2593 :-

1984 2527 2003 2593 323

1075 2572 1257 2606 aedificium
1274 2583 1290 2604 a
1304 2572 1442 2615 quodam
1460 2571 1572 2605 Carolo
1583 2571 1705 2603 Tlioma
1716 2570 1887 2620 Ode-²·'2'13g1'3
1938 2606 1942 2618 ¹

1077 2627 1164 2659 calco
1199 2625 1353 2658 basilicae
1383 2624 1541 2668 Principis
1568 2623 1859 2668 ειροειοΙοιίιιημνἢ
1883 2606 2003 2652 ³³=¹a¹is¹¹i¹⁸r
