<?xml version="1.0" encoding="UTF-8"?>
<!DOCTYPE html PUBLIC "-//W3C//DTD XHTML 1.0 Transitional//EN"
    "http://www.w3.org/TR/xhtml1/DTD/xhtml1-transitional.dtd">
<html xmlns="http://www.w3.org/1999/xhtml" xml:lang="en" lang="en">
 <head>
  <title>
</title>
<meta http-equiv="Content-Type" content="text/html;charset=utf-8" />
  <meta name='ocr-system' content='tesseract 3.04.00' />
  <meta name='ocr-capabilities' content='ocr_page ocr_carea ocr_par ocr_line ocrx_word'/>
</head>
<body>
  <div class='ocr_page' id='page_1' title='image "./bullarumdiplomat20cath_0930.png"; bbox 0 0 2254 3225; ppageno 0'>
   <div class='ocr_carea' id='block_1_1' title="bbox 211 281 513 318">
    <p class='ocr_par' dir='ltr' id='par_1_1' title="bbox 211 281 513 318">
     <span class='ocr_line' id='line_1_1' title="bbox 211 281 513 318; baseline -0.013 0"><span class='ocrx_word' id='word_1_1' title='bbox 211 292 260 318; x_wconf 76' lang='lat' dir='ltr'>An.</span> <span class='ocrx_word' id='word_1_2' title='bbox 283 292 311 318; x_wconf 83' lang='lat' dir='ltr'>c.</span> <span class='ocrx_word' id='word_1_3' title='bbox 334 291 402 317; x_wconf 75' lang='lat'>1098</span> <span class='ocrx_word' id='word_1_4' title='bbox 449 281 513 315; x_wconf 63' lang='lat'>830</span> 
     </span>
    </p>
   </div>
   <div class='ocr_carea' id='block_1_2' title="bbox 213 1044 396 1092">
    <p class='ocr_par' dir='ltr' id='par_1_2' title="bbox 213 1044 396 1092">
     <span class='ocr_line' id='line_1_2' title="bbox 261 1044 396 1065; baseline 0.022 -3"><span class='ocrx_word' id='word_1_5' title='bbox 261 1044 396 1065; x_wconf 62' lang='lat' dir='ltr'>Confirnmuo</span> 
     </span>
     <span class='ocr_line' id='line_1_3' title="bbox 213 1071 377 1092; baseline -0.006 -1"><span class='ocrx_word' id='word_1_6' title='bbox 213 1071 274 1091; x_wconf 49' lang='lat' dir='ltr'>retati</span> <span class='ocrx_word' id='word_1_7' title='bbox 290 1071 377 1092; x_wconf 72' lang='lat' dir='ltr'>decreti.</span> 
     </span>
    </p>
   </div>
   <div class='ocr_carea' id='block_1_3' title="bbox 405 339 1153 1922">
    <p class='ocr_par' dir='ltr' id='par_1_3' title="bbox 405 339 1152 1025">
     <span class='ocr_line' id='line_1_4' title="bbox 406 339 1148 382; baseline -0.003 -8"><span class='ocrx_word' id='word_1_8' title='bbox 406 340 650 374; x_wconf 86' lang='lat' dir='ltr'>serenissimum</span> <span class='ocrx_word' id='word_1_9' title='bbox 676 341 862 373; x_wconf 76' lang='lat' dir='ltr'>Lusitaniae</span> <span class='ocrx_word' id='word_1_10' title='bbox 880 350 990 382; x_wconf 84' lang='lat' dir='ltr'>regem</span> <span class='ocrx_word' id='word_1_11' title='bbox 1008 339 1148 372; x_wconf 87' lang='lat' dir='ltr'>residen-</span> 
     </span>
     <span class='ocr_line' id='line_1_5' title="bbox 406 393 1148 434; baseline -0.001 -7"><span class='ocrx_word' id='word_1_12' title='bbox 406 395 457 434; x_wconf 84' lang='lat' dir='ltr'>tis,</span> <span class='ocrx_word' id='word_1_13' title='bbox 482 395 644 428; x_wconf 84' lang='lat' dir='ltr'>referente</span> <span class='ocrx_word' id='word_1_14' title='bbox 678 394 935 427; x_wconf 88' lang='lat' dir='ltr'>eminentissimo</span> <span class='ocrx_word' id='word_1_15' title='bbox 962 393 1148 433; x_wconf 86' lang='lat' dir='ltr'>Colloredo,</span> 
     </span>
     <span class='ocr_line' id='line_1_6' title="bbox 407 448 1147 488; baseline -0.004 -7"><span class='ocrx_word' id='word_1_16' title='bbox 407 448 535 481; x_wconf 87' lang='lat' dir='ltr'>censuit</span> <span class='ocrx_word' id='word_1_17' title='bbox 571 453 603 481; x_wconf 90' lang='lat' dir='ltr'>et</span> <span class='ocrx_word' id='word_1_18' title='bbox 639 449 827 488; x_wconf 69' lang='lat' dir='ltr'>declaravit,</span> <span class='ocrx_word' id='word_1_19' title='bbox 860 448 1052 480; x_wconf 82' lang='lat' dir='ltr'>servandam</span> <span class='ocrx_word' id='word_1_20' title='bbox 1077 457 1147 479; x_wconf 89' lang='lat' dir='ltr'>esse</span> 
     </span>
     <span class='ocr_line' id='line_1_7' title="bbox 407 501 1148 544; baseline -0.004 -10"><span class='ocrx_word' id='word_1_21' title='bbox 407 502 540 535; x_wconf 88' lang='lat' dir='ltr'>omnino</span> <span class='ocrx_word' id='word_1_22' title='bbox 555 502 818 535; x_wconf 83' lang='lat' dir='ltr'>constitutionem</span> <span class='ocrx_word' id='word_1_23' title='bbox 831 501 999 544; x_wconf 72' lang='lat' dir='ltr'>septimam</span> <span class='ocrx_word' id='word_1_24' title='bbox 1018 505 1148 532; x_wconf 85' lang='lat' dir='ltr'>sanctae</span> 
     </span>
     <span class='ocr_line' id='line_1_8' title="bbox 407 552 1149 596; baseline -0.004 -9"><span class='ocrx_word' id='word_1_25' title='bbox 407 555 582 588; x_wconf 80' lang='lat' dir='ltr'>memoriae</span> <span class='ocrx_word' id='word_1_26' title='bbox 603 554 776 587; x_wconf 86' lang='lat' dir='ltr'>Clementis</span> <span class='ocrx_word' id='word_1_27' title='bbox 795 554 830 593; x_wconf 71' lang='lat' dir='ltr'>X,</span> <span class='ocrx_word' id='word_1_28' title='bbox 849 564 931 596; x_wconf 83' lang='lat' dir='ltr'>quae</span> <span class='ocrx_word' id='word_1_29' title='bbox 957 552 1073 595; x_wconf 75' lang='lat' dir='ltr'>incipit</span> <span class='ocrx_word' id='word_1_30' title='bbox 1089 552 1149 585; x_wconf 82' lang='lat' dir='ltr'>Su-</span> 
     </span>
     <span class='ocr_line' id='line_1_9' title="bbox 405 606 1150 651; baseline -0.003 -12"><span class='ocrx_word' id='word_1_31' title='bbox 405 619 520 651; x_wconf 72' lang='lat' dir='ltr'>perna,</span> <span class='ocrx_word' id='word_1_32' title='bbox 548 613 620 646; x_wconf 59' lang='lat' dir='ltr'>etex,</span> <span class='ocrx_word' id='word_1_33' title='bbox 647 619 710 640; x_wconf 86' lang='lat' dir='ltr'>non</span> <span class='ocrx_word' id='word_1_34' title='bbox 738 608 887 640; x_wconf 85' lang='lat' dir='ltr'>obstante</span> <span class='ocrx_word' id='word_1_35' title='bbox 911 607 1000 639; x_wconf 75' lang='lat' dir='ltr'>Bulla</span> <span class='ocrx_word' id='word_1_36' title='bbox 1025 606 1150 638; x_wconf 89' lang='lat' dir='ltr'>Crucia-</span> 
     </span>
     <span class='ocr_line' id='line_1_10' title="bbox 408 658 1149 705; baseline -0.007 -11"><span class='ocrx_word' id='word_1_37' title='bbox 408 668 467 701; x_wconf 78' lang='lat' dir='ltr'>tae,</span> <span class='ocrx_word' id='word_1_38' title='bbox 488 672 570 705; x_wconf 82' lang='lat' dir='ltr'>quae</span> <span class='ocrx_word' id='word_1_39' title='bbox 597 661 628 693; x_wconf 90' lang='lat' dir='ltr'>in</span> <span class='ocrx_word' id='word_1_40' title='bbox 652 661 713 693; x_wconf 85' lang='lat' dir='ltr'>hac</span> <span class='ocrx_word' id='word_1_41' title='bbox 728 660 959 693; x_wconf 83' lang='lat' dir='ltr'>materianiliil</span> <span class='ocrx_word' id='word_1_42' title='bbox 974 660 1048 692; x_wconf 85' lang='lat' dir='ltr'>novi</span> <span class='ocrx_word' id='word_1_43' title='bbox 1070 658 1149 690; x_wconf 85' lang='lat' dir='ltr'>iuris</span> 
     </span>
     <span class='ocr_line' id='line_1_11' title="bbox 408 713 1149 756; baseline -0.005 -9"><span class='ocrx_word' id='word_1_44' title='bbox 408 715 546 754; x_wconf 82' lang='lat' dir='ltr'>induxit,</span> <span class='ocrx_word' id='word_1_45' title='bbox 574 725 681 756; x_wconf 76' lang='lat' dir='ltr'>neque</span> <span class='ocrx_word' id='word_1_46' title='bbox 707 714 815 756; x_wconf 85' lang='lat' dir='ltr'>quoad</span> <span class='ocrx_word' id='word_1_47' title='bbox 842 713 1072 756; x_wconf 80' lang='lat' dir='ltr'>poenitentes,</span> <span class='ocrx_word' id='word_1_48' title='bbox 1094 722 1149 743; x_wconf 89' lang='lat' dir='ltr'>ne-</span> 
     </span>
     <span class='ocr_line' id='line_1_12' title="bbox 408 764 1151 811; baseline -0.004 -11"><span class='ocrx_word' id='word_1_49' title='bbox 408 779 472 811; x_wconf 83' lang='lat' dir='ltr'>que</span> <span class='ocrx_word' id='word_1_50' title='bbox 493 768 600 811; x_wconf 84' lang='lat' dir='ltr'>quoad</span> <span class='ocrx_word' id='word_1_51' title='bbox 619 767 846 799; x_wconf 46' lang='lat' dir='ltr'>confessarios:</span> <span class='ocrx_word' id='word_1_52' title='bbox 861 764 1151 810; x_wconf 84' lang='lat' dir='ltr'>proutpraesentis</span> 
     </span>
     <span class='ocr_line' id='line_1_13' title="bbox 408 821 1151 863; baseline -0.005 -9"><span class='ocrx_word' id='word_1_53' title='bbox 408 822 529 854; x_wconf 88' lang='lat' dir='ltr'>decreti</span> <span class='ocrx_word' id='word_1_54' title='bbox 562 821 672 863; x_wconf 80' lang='lat' dir='ltr'>vigore</span> <span class='ocrx_word' id='word_1_55' title='bbox 698 821 818 853; x_wconf 87' lang='lat' dir='ltr'>servari</span> <span class='ocrx_word' id='word_1_56' title='bbox 844 821 975 853; x_wconf 87' lang='lat' dir='ltr'>mandat</span> <span class='ocrx_word' id='word_1_57' title='bbox 1000 830 1036 852; x_wconf 85' lang='lat' dir='ltr'>ac</span> <span class='ocrx_word' id='word_1_58' title='bbox 1060 829 1151 862; x_wconf 83' lang='lat' dir='ltr'>prae-</span> 
     </span>
     <span class='ocr_line' id='line_1_14' title="bbox 409 874 1152 918; baseline -0.003 -11"><span class='ocrx_word' id='word_1_59' title='bbox 409 875 500 918; x_wconf 90' lang='lat' dir='ltr'>cipit.</span> <span class='ocrx_word' id='word_1_60' title='bbox 527 874 672 911; x_wconf 73' lang='lat' dir='ltr'>Romae,</span> <span class='ocrx_word' id='word_1_61' title='bbox 706 885 735 907; x_wconf 86' lang='lat' dir='ltr'>xi</span> <span class='ocrx_word' id='word_1_62' title='bbox 762 874 873 917; x_wconf 83' lang='lat' dir='ltr'>aprilis</span> <span class='ocrx_word' id='word_1_63' title='bbox 903 883 1081 907; x_wconf 76' lang='lat' dir='ltr'>iuncxcvin.</span> <span class='ocrx_word' id='word_1_64' title='bbox 1108 891 1152 896; x_wconf 90' lang='lat'><em>-</em></span> 
     </span>
     <span class='ocr_line' id='line_1_15' title="bbox 409 925 1151 969; baseline -0.004 -8"><span class='ocrx_word' id='word_1_65' title='bbox 409 928 445 961; x_wconf 86' lang='lat' dir='ltr'>G.</span> <span class='ocrx_word' id='word_1_66' title='bbox 471 929 646 961; x_wconf 81' lang='lat' dir='ltr'>cardinalis</span> <span class='ocrx_word' id='word_1_67' title='bbox 663 928 851 961; x_wconf 68' lang='lat' dir='ltr'>anpmssus.</span> <span class='ocrx_word' id='word_1_68' title='bbox 890 928 913 960; x_wconf 88' lang='lat' dir='ltr'>I.</span> <span class='ocrx_word' id='word_1_69' title='bbox 933 928 968 959; x_wconf 88' lang='lat' dir='ltr'>D.</span> <span class='ocrx_word' id='word_1_70' title='bbox 989 925 1151 969; x_wconf 80' lang='lat' dir='ltr'>archiepi-</span> 
     </span>
     <span class='ocr_line' id='line_1_16' title="bbox 409 980 1041 1025; baseline -0.002 -12"><span class='ocrx_word' id='word_1_71' title='bbox 409 991 529 1025; x_wconf 80' lang='lat' dir='ltr'>scopus</span> <span class='ocrx_word' id='word_1_72' title='bbox 555 982 768 1020; x_wconf 70' lang='lat' dir='ltr'>Athenarum,</span> <span class='ocrx_word' id='word_1_73' title='bbox 790 980 984 1013; x_wconf 83' lang='lat' dir='ltr'>secretarius</span> <span class='ocrx_word' id='word_1_74' title='bbox 1009 992 1041 1012; x_wconf 71' lang='lat' dir='ltr'>n.</span> 
     </span>
    </p>

    <p class='ocr_par' dir='ltr' id='par_1_4' title="bbox 405 1034 1153 1922">
     <span class='ocr_line' id='line_1_17' title="bbox 453 1034 1151 1078; baseline -0.003 -12"><span class='ocrx_word' id='word_1_75' title='bbox 453 1036 467 1078; x_wconf 59' lang='grc' dir='ltr'><strong>ἓ</strong></span> <span class='ocrx_word' id='word_1_76' title='bbox 493 1034 524 1067; x_wconf 78' lang='lat'>⁶2.</span> <span class='ocrx_word' id='word_1_77' title='bbox 552 1034 629 1067; x_wconf 90' lang='lat' dir='ltr'>Cum</span> <span class='ocrx_word' id='word_1_78' title='bbox 656 1034 871 1073; x_wconf 86' lang='lat' dir='ltr'>autem,sicut</span> <span class='ocrx_word' id='word_1_79' title='bbox 892 1044 952 1076; x_wconf 91' lang='lat' dir='ltr'>pro</span> <span class='ocrx_word' id='word_1_80' title='bbox 978 1038 1070 1076; x_wconf 87' lang='lat' dir='ltr'>parte</span> <span class='ocrx_word' id='word_1_81' title='bbox 1096 1042 1151 1064; x_wconf 88' lang='lat' dir='ltr'>ar—</span> 
     </span>
     <span class='ocr_line' id='line_1_18' title="bbox 408 1086 1150 1131; baseline -0.003 -11"><span class='ocrx_word' id='word_1_82' title='bbox 408 1087 612 1131; x_wconf 83' lang='lat' dir='ltr'>chiepiscopi</span> <span class='ocrx_word' id='word_1_83' title='bbox 653 1093 685 1119; x_wconf 86' lang='lat' dir='ltr'>et</span> <span class='ocrx_word' id='word_1_84' title='bbox 724 1087 868 1130; x_wconf 79' lang='lat' dir='ltr'>episcopi</span> <span class='ocrx_word' id='word_1_85' title='bbox 910 1086 1150 1129; x_wconf 87' lang='lat' dir='ltr'>praedictorum</span> 
     </span>
     <span class='ocr_line' id='line_1_19' title="bbox 406 1141 1152 1184; baseline -0.004 -9"><span class='ocrx_word' id='word_1_86' title='bbox 406 1142 502 1175; x_wconf 80' lang='lat' dir='ltr'>nobis</span> <span class='ocrx_word' id='word_1_87' title='bbox 530 1142 668 1174; x_wconf 76' lang='lat' dir='ltr'>subinde</span> <span class='ocrx_word' id='word_1_88' title='bbox 694 1141 878 1184; x_wconf 84' lang='lat' dir='ltr'>expositum</span> <span class='ocrx_word' id='word_1_89' title='bbox 914 1141 985 1180; x_wconf 87' lang='lat' dir='ltr'>suit,</span> <span class='ocrx_word' id='word_1_90' title='bbox 1010 1141 1071 1183; x_wconf 86' lang='lat' dir='ltr'>ipsi</span> <span class='ocrx_word' id='word_1_91' title='bbox 1098 1141 1152 1173; x_wconf 86' lang='lat' dir='ltr'>de-</span> 
     </span>
     <span class='ocr_line' id='line_1_20' title="bbox 407 1193 1152 1238; baseline -0.004 -9"><span class='ocrx_word' id='word_1_92' title='bbox 407 1202 532 1229; x_wconf 87' lang='lat' dir='ltr'>cretum</span> <span class='ocrx_word' id='word_1_93' title='bbox 560 1195 757 1235; x_wconf 83' lang='lat' dir='ltr'>huiusmodi,</span> <span class='ocrx_word' id='word_1_94' title='bbox 792 1205 854 1238; x_wconf 91' lang='lat' dir='ltr'>quo</span> <span class='ocrx_word' id='word_1_95' title='bbox 887 1193 1012 1226; x_wconf 86' lang='lat' dir='ltr'>firmius</span> <span class='ocrx_word' id='word_1_96' title='bbox 1048 1194 1152 1226; x_wconf 90' lang='lat' dir='ltr'>subsi-</span> 
     </span>
     <span class='ocr_line' id='line_1_21' title="bbox 407 1247 1150 1292; baseline -0.005 -9"><span class='ocrx_word' id='word_1_97' title='bbox 407 1255 478 1290; x_wconf 85' lang='lat' dir='ltr'>stat,</span> <span class='ocrx_word' id='word_1_98' title='bbox 505 1248 706 1292; x_wconf 86' lang='lat' dir='ltr'>apostolicae</span> <span class='ocrx_word' id='word_1_99' title='bbox 731 1247 988 1280; x_wconf 77' lang='lat' dir='ltr'>confirmationis</span> <span class='ocrx_word' id='word_1_100' title='bbox 1021 1253 1150 1280; x_wconf 85' lang='lat' dir='ltr'>nostrae</span> 
     </span>
     <span class='ocr_line' id='line_1_22' title="bbox 405 1300 1153 1347; baseline -0.005 -11"><span class='ocrx_word' id='word_1_101' title='bbox 405 1303 590 1347; x_wconf 85' lang='lat' dir='ltr'>patrocinio</span> <span class='ocrx_word' id='word_1_102' title='bbox 627 1302 821 1335; x_wconf 88' lang='lat' dir='ltr'>communiri</span> <span class='ocrx_word' id='word_1_103' title='bbox 858 1301 1037 1344; x_wconf 88' lang='lat' dir='ltr'>plurimum</span> <span class='ocrx_word' id='word_1_104' title='bbox 1067 1300 1153 1334; x_wconf 86' lang='lat' dir='ltr'>desi-</span> 
     </span>
     <span class='ocr_line' id='line_1_23' title="bbox 407 1355 1153 1398; baseline -0.004 -8"><span class='ocrx_word' id='word_1_105' title='bbox 407 1358 541 1390; x_wconf 84' lang='lat' dir='ltr'>derent:</span> <span class='ocrx_word' id='word_1_106' title='bbox 580 1367 658 1396; x_wconf 90' lang='lat' dir='ltr'>nos,</span> <span class='ocrx_word' id='word_1_107' title='bbox 684 1356 771 1398; x_wconf 84' lang='lat' dir='ltr'>ipsos</span> <span class='ocrx_word' id='word_1_108' title='bbox 808 1355 1095 1398; x_wconf 82' lang='lat' dir='ltr'>archiepiscopum</span> <span class='ocrx_word' id='word_1_109' title='bbox 1121 1360 1153 1387; x_wconf 92' lang='lat' dir='ltr'>et</span> 
     </span>
     <span class='ocr_line' id='line_1_24' title="bbox 408 1407 1150 1454; baseline -0.004 -11"><span class='ocrx_word' id='word_1_110' title='bbox 408 1411 596 1454; x_wconf 81' lang='lat' dir='ltr'>episcopum</span> <span class='ocrx_word' id='word_1_111' title='bbox 613 1408 809 1452; x_wconf 69' lang='lat' dir='ltr'>specialibus</span> <span class='ocrx_word' id='word_1_112' title='bbox 822 1408 986 1440; x_wconf 80' lang='lat' dir='ltr'>favoribus</span> <span class='ocrx_word' id='word_1_113' title='bbox 998 1413 1028 1440; x_wconf 88' lang='lat' dir='ltr'>et</span> <span class='ocrx_word' id='word_1_114' title='bbox 1039 1407 1150 1450; x_wconf 80' lang='lat' dir='ltr'>gratiis</span> 
     </span>
     <span class='ocr_line' id='line_1_25' title="bbox 407 1461 1152 1507; baseline -0.003 -12"><span class='ocrx_word' id='word_1_115' title='bbox 407 1463 563 1507; x_wconf 76' lang='lat' dir='ltr'>prosequi</span> <span class='ocrx_word' id='word_1_116' title='bbox 590 1463 750 1499; x_wconf 81' lang='lat' dir='ltr'>volentes,</span> <span class='ocrx_word' id='word_1_117' title='bbox 777 1466 809 1493; x_wconf 89' lang='lat' dir='ltr'>et</span> <span class='ocrx_word' id='word_1_118' title='bbox 835 1472 947 1494; x_wconf 88' lang='lat' dir='ltr'>eorum</span> <span class='ocrx_word' id='word_1_119' title='bbox 969 1461 1152 1503; x_wconf 76' lang='lat' dir='ltr'>singulares</span> 
     </span>
     <span class='ocr_line' id='line_1_26' title="bbox 407 1513 1152 1560; baseline -0.005 -11"><span class='ocrx_word' id='word_1_120' title='bbox 407 1527 564 1560; x_wconf 78' lang='lat' dir='ltr'>personas</span> <span class='ocrx_word' id='word_1_121' title='bbox 591 1527 608 1548; x_wconf 89' lang='lat' dir='ltr'>a</span> <span class='ocrx_word' id='word_1_122' title='bbox 642 1515 808 1558; x_wconf 79' lang='lat' dir='ltr'>quibusvis</span> <span class='ocrx_word' id='word_1_123' title='bbox 843 1513 1152 1547; x_wconf 83' lang='lat' dir='ltr'>excommunicatio-</span> 
     </span>
     <span class='ocr_line' id='line_1_27' title="bbox 408 1567 1152 1611; baseline -0.004 -10"><span class='ocrx_word' id='word_1_124' title='bbox 408 1570 468 1609; x_wconf 88' lang='lat' dir='ltr'>nis,</span> <span class='ocrx_word' id='word_1_125' title='bbox 494 1568 718 1611; x_wconf 77' lang='lat' dir='ltr'>suspensionis</span> <span class='ocrx_word' id='word_1_126' title='bbox 744 1573 774 1600; x_wconf 87' lang='lat' dir='ltr'>et</span> <span class='ocrx_word' id='word_1_127' title='bbox 798 1567 974 1607; x_wconf 73' lang='lat' dir='ltr'>interdicti,</span> <span class='ocrx_word' id='word_1_128' title='bbox 1013 1567 1152 1610; x_wconf 86' lang='lat' dir='ltr'>aliisque</span> 
     </span>
     <span class='ocr_line' id='line_1_28' title="bbox 410 1620 1152 1662; baseline -0.004 -7"><span class='ocrx_word' id='word_1_129' title='bbox 410 1621 638 1655; x_wconf 77' lang='lat' dir='ltr'>ecclesiasticis</span> <span class='ocrx_word' id='word_1_130' title='bbox 657 1620 841 1659; x_wconf 86' lang='lat' dir='ltr'>sententiis,</span> <span class='ocrx_word' id='word_1_131' title='bbox 861 1620 1007 1653; x_wconf 79' lang='lat' dir='ltr'>censuris</span> <span class='ocrx_word' id='word_1_132' title='bbox 1027 1625 1059 1652; x_wconf 89' lang='lat' dir='ltr'>et</span> <span class='ocrx_word' id='word_1_133' title='bbox 1076 1630 1152 1662; x_wconf 89' lang='lat' dir='ltr'>poe-</span> 
     </span>
     <span class='ocr_line' id='line_1_29' title="bbox 408 1673 1153 1716; baseline -0.004 -8"><span class='ocrx_word' id='word_1_134' title='bbox 408 1676 471 1715; x_wconf 87' lang='lat' dir='ltr'>nis,</span> <span class='ocrx_word' id='word_1_135' title='bbox 499 1686 516 1707; x_wconf 88' lang='lat' dir='ltr'>a</span> <span class='ocrx_word' id='word_1_136' title='bbox 540 1675 610 1707; x_wconf 88' lang='lat' dir='ltr'>iure</span> <span class='ocrx_word' id='word_1_137' title='bbox 635 1674 686 1706; x_wconf 88' lang='lat' dir='ltr'>vel</span> <span class='ocrx_word' id='word_1_138' title='bbox 713 1674 751 1705; x_wconf 85' lang='lat' dir='ltr'>ab</span> <span class='ocrx_word' id='word_1_139' title='bbox 773 1673 915 1714; x_wconf 80' lang='lat' dir='ltr'>homine,</span> <span class='ocrx_word' id='word_1_140' title='bbox 935 1673 1045 1716; x_wconf 86' lang='lat' dir='ltr'>quavis</span> <span class='ocrx_word' id='word_1_141' title='bbox 1063 1683 1153 1706; x_wconf 87' lang='lat' dir='ltr'>occa-</span> 
     </span>
     <span class='ocr_line' id='line_1_30' title="bbox 409 1726 1153 1770; baseline -0.005 -8"><span class='ocrx_word' id='word_1_142' title='bbox 409 1729 500 1762; x_wconf 85' lang='lat' dir='ltr'>sione</span> <span class='ocrx_word' id='word_1_143' title='bbox 526 1728 576 1760; x_wconf 81' lang='lat' dir='ltr'>vel</span> <span class='ocrx_word' id='word_1_144' title='bbox 603 1729 697 1760; x_wconf 75' lang='lat' dir='ltr'>causa</span> <span class='ocrx_word' id='word_1_145' title='bbox 722 1727 805 1766; x_wconf 86' lang='lat' dir='ltr'>latis,</span> <span class='ocrx_word' id='word_1_146' title='bbox 825 1727 851 1759; x_wconf 91' lang='lat' dir='ltr'>si</span> <span class='ocrx_word' id='word_1_147' title='bbox 877 1726 993 1770; x_wconf 87' lang='lat' dir='ltr'>quibus</span> <span class='ocrx_word' id='word_1_148' title='bbox 1019 1737 1153 1770; x_wconf 89' lang='lat' dir='ltr'>quomo-</span> 
     </span>
     <span class='ocr_line' id='line_1_31' title="bbox 410 1779 1152 1820; baseline -0.003 -5"><span class='ocrx_word' id='word_1_149' title='bbox 410 1782 536 1816; x_wconf 87' lang='lat' dir='ltr'>dolibet</span> <span class='ocrx_word' id='word_1_150' title='bbox 559 1781 734 1814; x_wconf 72' lang='lat' dir='ltr'>innodatae</span> <span class='ocrx_word' id='word_1_151' title='bbox 760 1780 914 1820; x_wconf 76' lang='lat' dir='ltr'>existunt,</span> <span class='ocrx_word' id='word_1_152' title='bbox 942 1780 979 1812; x_wconf 86' lang='lat' dir='ltr'>ad</span> <span class='ocrx_word' id='word_1_153' title='bbox 1004 1779 1152 1813; x_wconf 83' lang='lat' dir='ltr'>ell’ectum</span> 
     </span>
     <span class='ocr_line' id='line_1_32' title="bbox 408 1834 1150 1880; baseline -0.004 -11"><span class='ocrx_word' id='word_1_154' title='bbox 408 1835 628 1880; x_wconf 84' lang='lat' dir='ltr'>praesentium</span> <span class='ocrx_word' id='word_1_155' title='bbox 665 1835 833 1866; x_wconf 76' lang='lat' dir='ltr'>dumtaxat</span> <span class='ocrx_word' id='word_1_156' title='bbox 869 1834 1150 1877; x_wconf 85' lang='lat' dir='ltr'>consequendum,</span> 
     </span>
     <span class='ocr_line' id='line_1_33' title="bbox 410 1887 1152 1922; baseline -0.003 -1"><span class='ocrx_word' id='word_1_157' title='bbox 410 1890 529 1922; x_wconf 87' lang='lat' dir='ltr'>harum</span> <span class='ocrx_word' id='word_1_158' title='bbox 565 1888 650 1920; x_wconf 88' lang='lat' dir='ltr'>serie</span> <span class='ocrx_word' id='word_1_159' title='bbox 689 1888 896 1920; x_wconf 79' lang='lat' dir='ltr'>absolventes</span> <span class='ocrx_word' id='word_1_160' title='bbox 933 1893 964 1919; x_wconf 87' lang='lat' dir='ltr'>et</span> <span class='ocrx_word' id='word_1_161' title='bbox 989 1887 1152 1920; x_wconf 85' lang='lat' dir='ltr'>absolutas</span> 
     </span>
    </p>
   </div>
   <div class='ocr_carea' id='block_1_4' title="bbox 408 1941 1176 2038">
    <p class='ocr_par' dir='ltr' id='par_1_5' title="bbox 408 1941 1176 2038">
     <span class='ocr_line' id='line_1_34' title="bbox 409 1941 1175 1984; baseline -0.005 -8"><span class='ocrx_word' id='word_1_162' title='bbox 409 1943 480 1976; x_wconf 84' lang='lat' dir='ltr'>sore</span> <span class='ocrx_word' id='word_1_163' title='bbox 506 1947 695 1980; x_wconf 76' lang='lat' dir='ltr'>censentes,</span> <span class='ocrx_word' id='word_1_164' title='bbox 721 1941 1016 1984; x_wconf 82' lang='lat' dir='ltr'>supplicationibus</span> <span class='ocrx_word' id='word_1_165' title='bbox 1041 1950 1152 1973; x_wconf 87' lang='lat' dir='ltr'>eorum</span> <span class='ocrx_word' id='word_1_166' title='bbox 1174 1956 1175 1972; x_wconf 62' lang='grc' dir='ltr'>ι</span> 
     </span>
     <span class='ocr_line' id='line_1_35' title="bbox 408 1990 1176 2038; baseline -0.005 -8"><span class='ocrx_word' id='word_1_167' title='bbox 408 1996 540 2031; x_wconf 88' lang='lat' dir='ltr'>nomine</span> <span class='ocrx_word' id='word_1_168' title='bbox 562 1995 657 2028; x_wconf 85' lang='lat' dir='ltr'>nobis</span> <span class='ocrx_word' id='word_1_169' title='bbox 683 2005 780 2038; x_wconf 89' lang='lat' dir='ltr'>super</span> <span class='ocrx_word' id='word_1_170' title='bbox 805 1995 869 2027; x_wconf 85' lang='lat' dir='ltr'>hoc</span> <span class='ocrx_word' id='word_1_171' title='bbox 895 1995 1062 2027; x_wconf 90' lang='lat' dir='ltr'>humiliter</span> <span class='ocrx_word' id='word_1_172' title='bbox 1078 2005 1153 2038; x_wconf 90' lang='lat' dir='ltr'>por-</span> <span class='ocrx_word' id='word_1_173' title='bbox 1174 1990 1176 2013; x_wconf 63' lang='lat'>⁵</span> 
     </span>
    </p>
   </div>
   <div class='ocr_carea' id='block_1_5' title="bbox 408 2049 1154 2146">
    <p class='ocr_par' dir='ltr' id='par_1_6' title="bbox 408 2049 1154 2146">
     <span class='ocr_line' id='line_1_36' title="bbox 408 2049 1152 2092; baseline -0.003 -9"><span class='ocrx_word' id='word_1_174' title='bbox 408 2050 508 2084; x_wconf 85' lang='lat' dir='ltr'>rectis</span> <span class='ocrx_word' id='word_1_175' title='bbox 533 2049 691 2089; x_wconf 84' lang='lat' dir='ltr'>inclinati,</span> <span class='ocrx_word' id='word_1_176' title='bbox 719 2050 886 2082; x_wconf 88' lang='lat' dir='ltr'>decretum</span> <span class='ocrx_word' id='word_1_177' title='bbox 912 2049 1152 2092; x_wconf 85' lang='lat' dir='ltr'>praeinsertum</span> 
     </span>
     <span class='ocr_line' id='line_1_37' title="bbox 409 2103 1154 2146; baseline -0.004 -9"><span class='ocrx_word' id='word_1_178' title='bbox 409 2105 602 2138; x_wconf 84' lang='lat' dir='ltr'>auctoritate</span> <span class='ocrx_word' id='word_1_179' title='bbox 629 2103 818 2146; x_wconf 76' lang='lat' dir='ltr'>apostolica,</span> <span class='ocrx_word' id='word_1_180' title='bbox 855 2108 968 2135; x_wconf 87' lang='lat' dir='ltr'>tenore</span> <span class='ocrx_word' id='word_1_181' title='bbox 1001 2113 1154 2146; x_wconf 84' lang='lat' dir='ltr'>praesen-</span> 
     </span>
    </p>
   </div>
   <div class='ocr_carea' id='block_1_6' title="bbox 410 2155 1176 2200">
    <p class='ocr_par' dir='ltr' id='par_1_7' title="bbox 410 2155 1176 2200">
     <span class='ocr_line' id='line_1_38' title="bbox 410 2155 1176 2200; baseline -0.003 -10"><span class='ocrx_word' id='word_1_182' title='bbox 410 2158 500 2198; x_wconf 88' lang='lat' dir='ltr'>tium,</span> <span class='ocrx_word' id='word_1_183' title='bbox 527 2157 749 2200; x_wconf 69' lang='lat' dir='ltr'>a1;›prol;›anms</span> <span class='ocrx_word' id='word_1_184' title='bbox 774 2160 805 2190; x_wconf 90' lang='lat' dir='ltr'>et</span> <span class='ocrx_word' id='word_1_185' title='bbox 829 2155 1067 2196; x_wconf 75' lang='lat' dir='ltr'>confirmamus,</span> <span class='ocrx_word' id='word_1_186' title='bbox 1093 2156 1176 2200; x_wconf 65' lang='lat' dir='ltr'>illi-f</span> 
     </span>
    </p>
   </div>
   <div class='ocr_carea' id='block_1_7' title="bbox 411 2209 1155 2733">
    <p class='ocr_par' dir='ltr' id='par_1_8' title="bbox 411 2209 1155 2412">
     <span class='ocr_line' id='line_1_39' title="bbox 411 2209 1153 2254; baseline -0.003 -11"><span class='ocrx_word' id='word_1_187' title='bbox 411 2222 474 2254; x_wconf 85' lang='lat' dir='ltr'>que</span> <span class='ocrx_word' id='word_1_188' title='bbox 511 2210 709 2243; x_wconf 84' lang='lat' dir='ltr'>inviolabilis</span> <span class='ocrx_word' id='word_1_189' title='bbox 749 2210 952 2253; x_wconf 72' lang='lat' dir='ltr'>apostolicae</span> <span class='ocrx_word' id='word_1_190' title='bbox 992 2209 1153 2242; x_wconf 79' lang='lat' dir='ltr'>firmitatis</span> 
     </span>
     <span class='ocr_line' id='line_1_40' title="bbox 411 2263 1155 2306; baseline -0.003 -9"><span class='ocrx_word' id='word_1_191' title='bbox 411 2265 511 2297; x_wconf 85' lang='lat' dir='ltr'>robur</span> <span class='ocrx_word' id='word_1_192' title='bbox 537 2263 728 2303; x_wconf 84' lang='lat' dir='ltr'>adiicimus;</span> <span class='ocrx_word' id='word_1_193' title='bbox 768 2264 855 2296; x_wconf 79' lang='lat' dir='ltr'>salva</span> <span class='ocrx_word' id='word_1_194' title='bbox 888 2268 995 2295; x_wconf 88' lang='lat' dir='ltr'>tamen</span> <span class='ocrx_word' id='word_1_195' title='bbox 1025 2273 1155 2306; x_wconf 82' lang='lat' dir='ltr'>semper</span> 
     </span>
     <span class='ocr_line' id='line_1_41' title="bbox 412 2316 1154 2360; baseline -0.001 -10"><span class='ocrx_word' id='word_1_196' title='bbox 412 2318 446 2350; x_wconf 91' lang='lat' dir='ltr'>in</span> <span class='ocrx_word' id='word_1_197' title='bbox 486 2316 674 2360; x_wconf 83' lang='lat' dir='ltr'>praemissis</span> <span class='ocrx_word' id='word_1_198' title='bbox 719 2317 912 2349; x_wconf 85' lang='lat' dir='ltr'>auctoritate</span> <span class='ocrx_word' id='word_1_199' title='bbox 957 2322 1154 2349; x_wconf 84' lang='lat' dir='ltr'>memoratae</span> 
     </span>
     <span class='ocr_line' id='line_1_42' title="bbox 412 2369 936 2412; baseline -0.002 -9"><span class='ocrx_word' id='word_1_200' title='bbox 412 2369 683 2412; x_wconf 79' lang='lat' dir='ltr'>Congregationis</span> <span class='ocrx_word' id='word_1_201' title='bbox 710 2369 936 2402; x_wconf 84' lang='lat' dir='ltr'>cardinalium.</span> 
     </span>
    </p>

    <p class='ocr_par' dir='ltr' id='par_1_9' title="bbox 412 2423 1155 2733">
     <span class='ocr_line' id='line_1_43' title="bbox 457 2423 1154 2467; baseline -0.003 -10"><span class='ocrx_word' id='word_1_202' title='bbox 457 2424 522 2467; x_wconf 61' lang='lat'>§3</span> <span class='ocrx_word' id='word_1_203' title='bbox 550 2423 778 2463; x_wconf 81' lang='lat' dir='ltr'>Deeernentos,</span> <span class='ocrx_word' id='word_1_204' title='bbox 809 2424 937 2456; x_wconf 79' lang='lat' dir='ltr'>easdem</span> <span class='ocrx_word' id='word_1_205' title='bbox 964 2428 1154 2466; x_wconf 83' lang='lat' dir='ltr'>praesentes</span> 
     </span>
     <span class='ocr_line' id='line_1_44' title="bbox 412 2474 1155 2518; baseline -0.003 -8"><span class='ocrx_word' id='word_1_206' title='bbox 412 2477 537 2510; x_wconf 85' lang='lat' dir='ltr'>litteras</span> <span class='ocrx_word' id='word_1_207' title='bbox 563 2486 692 2518; x_wconf 85' lang='lat' dir='ltr'>semper</span> <span class='ocrx_word' id='word_1_208' title='bbox 710 2474 826 2515; x_wconf 74' lang='lat' dir='ltr'>firmas,</span> <span class='ocrx_word' id='word_1_209' title='bbox 845 2476 966 2508; x_wconf 87' lang='lat' dir='ltr'>validas</span> <span class='ocrx_word' id='word_1_210' title='bbox 993 2481 1024 2508; x_wconf 89' lang='lat' dir='ltr'>et</span> <span class='ocrx_word' id='word_1_211' title='bbox 1049 2475 1155 2508; x_wconf 83' lang='lat' dir='ltr'>effica-</span> 
     </span>
     <span class='ocr_line' id='line_1_45' title="bbox 412 2529 1155 2572; baseline -0.001 -9"><span class='ocrx_word' id='word_1_212' title='bbox 412 2541 465 2563; x_wconf 85' lang='lat' dir='ltr'>ces</span> <span class='ocrx_word' id='word_1_213' title='bbox 490 2529 630 2562; x_wconf 83' lang='lat' dir='ltr'>existere</span> <span class='ocrx_word' id='word_1_214' title='bbox 656 2534 687 2561; x_wconf 89' lang='lat' dir='ltr'>et</span> <span class='ocrx_word' id='word_1_215' title='bbox 712 2529 792 2570; x_wconf 82' lang='lat' dir='ltr'>sore,</span> <span class='ocrx_word' id='word_1_216' title='bbox 819 2539 963 2572; x_wconf 88' lang='lat' dir='ltr'>suosque</span> <span class='ocrx_word' id='word_1_217' title='bbox 989 2530 1155 2572; x_wconf 87' lang='lat' dir='ltr'>plenarios</span> 
     </span>
     <span class='ocr_line' id='line_1_46' title="bbox 412 2581 1154 2625; baseline 0 -9"><span class='ocrx_word' id='word_1_218' title='bbox 412 2589 444 2616; x_wconf 89' lang='lat' dir='ltr'>et</span> <span class='ocrx_word' id='word_1_219' title='bbox 469 2584 615 2625; x_wconf 71' lang='lat' dir='ltr'>integros</span> <span class='ocrx_word' id='word_1_220' title='bbox 641 2581 775 2615; x_wconf 71' lang='lat' dir='ltr'>ell‘ectus</span> <span class='ocrx_word' id='word_1_221' title='bbox 801 2581 910 2615; x_wconf 88' lang='lat' dir='ltr'>sortiri</span> <span class='ocrx_word' id='word_1_222' title='bbox 937 2587 969 2614; x_wconf 87' lang='lat' dir='ltr'>et</span> <span class='ocrx_word' id='word_1_223' title='bbox 993 2583 1154 2621; x_wconf 85' lang='lat' dir='ltr'>obtinere,</span> 
     </span>
     <span class='ocr_line' id='line_1_47' title="bbox 413 2636 1154 2679; baseline 0 -10"><span class='ocrx_word' id='word_1_224' title='bbox 413 2647 448 2669; x_wconf 87' lang='lat' dir='ltr'>ac</span> <span class='ocrx_word' id='word_1_225' title='bbox 473 2636 548 2675; x_wconf 83' lang='lat' dir='ltr'>illis,</span> <span class='ocrx_word' id='word_1_226' title='bbox 575 2636 613 2668; x_wconf 83' lang='lat' dir='ltr'>ad</span> <span class='ocrx_word' id='word_1_227' title='bbox 636 2646 717 2678; x_wconf 86' lang='lat' dir='ltr'>quos</span> <span class='ocrx_word' id='word_1_228' title='bbox 736 2640 861 2678; x_wconf 84' lang='lat' dir='ltr'>spectat</span> <span class='ocrx_word' id='word_1_229' title='bbox 881 2641 912 2668; x_wconf 91' lang='lat' dir='ltr'>et</span> <span class='ocrx_word' id='word_1_230' title='bbox 929 2646 988 2678; x_wconf 86' lang='lat' dir='ltr'>pro</span> <span class='ocrx_word' id='word_1_231' title='bbox 1007 2641 1154 2679; x_wconf 82' lang='lat' dir='ltr'>tempore</span> 
     </span>
     <span class='ocr_line' id='line_1_48' title="bbox 413 2688 1153 2733; baseline -0.001 -11"><span class='ocrx_word' id='word_1_232' title='bbox 413 2689 588 2733; x_wconf 84' lang='lat' dir='ltr'>spectabit,</span> <span class='ocrx_word' id='word_1_233' title='bbox 627 2688 661 2722; x_wconf 93' lang='lat' dir='ltr'>in</span> <span class='ocrx_word' id='word_1_234' title='bbox 697 2689 848 2723; x_wconf 87' lang='lat' dir='ltr'>omuibus</span> <span class='ocrx_word' id='word_1_235' title='bbox 887 2693 919 2722; x_wconf 90' lang='lat' dir='ltr'>et</span> <span class='ocrx_word' id='word_1_236' title='bbox 954 2699 1013 2733; x_wconf 87' lang='lat' dir='ltr'>per</span> <span class='ocrx_word' id='word_1_237' title='bbox 1045 2689 1153 2722; x_wconf 86' lang='lat' dir='ltr'>omnia</span> 
     </span>
    </p>
   </div>
   <div class='ocr_carea' id='block_1_8' title="bbox 1169 342 1178 2583">
    <p class='ocr_par' dir='ltr' id='par_1_10' title="bbox 1169 342 1178 2583">
     <span class='ocr_line' id='line_1_49' title="bbox 1169 342 1178 2583; baseline 0 0"><span class='ocrx_word' id='word_1_238' title='bbox 1169 342 1178 2583; x_wconf 95' lang='lat' dir='ltr'> </span> 
     </span>
    </p>
   </div>
   <div class='ocr_carea' id='block_1_9' title="bbox 992 290 1352 314">
    <p class='ocr_par' dir='ltr' id='par_1_11' title="bbox 992 290 1352 314">
     <span class='ocr_line' id='line_1_50' title="bbox 992 290 1352 314; baseline -0.003 0"><span class='ocrx_word' id='word_1_239' title='bbox 992 291 1171 314; x_wconf 68' lang='lat' dir='ltr'><strong>BULLARIL&#39;M</strong></span> <span class='ocrx_word' id='word_1_240' title='bbox 1198 290 1352 313; x_wconf 71' lang='lat' dir='ltr'><strong>ROMANUM</strong></span> 
     </span>
    </p>
   </div>
   <div class='ocr_carea' id='block_1_10' title="bbox 1191 337 1941 1117">
    <p class='ocr_par' dir='ltr' id='par_1_12' title="bbox 1191 337 1939 913">
     <span class='ocr_line' id='line_1_51' title="bbox 1191 337 1935 382; baseline 0 -11"><span class='ocrx_word' id='word_1_241' title='bbox 1191 338 1381 382; x_wconf 86' lang='lat' dir='ltr'>plenissime</span> <span class='ocrx_word' id='word_1_242' title='bbox 1407 337 1597 380; x_wconf 76' lang='lat' dir='ltr'>suffragari,</span> <span class='ocrx_word' id='word_1_243' title='bbox 1625 343 1656 370; x_wconf 87' lang='lat' dir='ltr'>et</span> <span class='ocrx_word' id='word_1_244' title='bbox 1686 337 1726 370; x_wconf 85' lang='lat' dir='ltr'>ab</span> <span class='ocrx_word' id='word_1_245' title='bbox 1752 337 1799 370; x_wconf 90' lang='lat' dir='ltr'>eis</span> <span class='ocrx_word' id='word_1_246' title='bbox 1825 348 1935 380; x_wconf 84' lang='lat' dir='ltr'>respe-</span> 
     </span>
     <span class='ocr_line' id='line_1_52' title="bbox 1192 391 1934 434; baseline -0.003 -10"><span class='ocrx_word' id='word_1_247' title='bbox 1192 392 1272 424; x_wconf 87' lang='lat' dir='ltr'>ctive</span> <span class='ocrx_word' id='word_1_248' title='bbox 1299 391 1534 424; x_wconf 89' lang='lat' dir='ltr'>inviolabiliter</span> <span class='ocrx_word' id='word_1_249' title='bbox 1559 391 1726 424; x_wconf 83' lang='lat' dir='ltr'>observari</span> <span class='ocrx_word' id='word_1_250' title='bbox 1743 418 1751 432; x_wconf 80' lang='lat'>,</span> <span class='ocrx_word' id='word_1_251' title='bbox 1771 391 1883 434; x_wconf 87' lang='lat' dir='ltr'>sicque</span> <span class='ocrx_word' id='word_1_252' title='bbox 1901 391 1934 423; x_wconf 92' lang='lat' dir='ltr'>in</span> 
     </span>
     <span class='ocr_line' id='line_1_53' title="bbox 1191 444 1936 488; baseline 0 -11"><span class='ocrx_word' id='word_1_253' title='bbox 1191 445 1378 487; x_wconf 86' lang='lat' dir='ltr'>praemissis</span> <span class='ocrx_word' id='word_1_254' title='bbox 1405 455 1465 488; x_wconf 89' lang='lat' dir='ltr'>per</span> <span class='ocrx_word' id='word_1_255' title='bbox 1489 455 1716 487; x_wconf 83' lang='lat' dir='ltr'>quoscumque</span> <span class='ocrx_word' id='word_1_256' title='bbox 1743 444 1869 477; x_wconf 89' lang='lat' dir='ltr'>iudices</span> <span class='ocrx_word' id='word_1_257' title='bbox 1888 455 1936 477; x_wconf 93' lang='lat' dir='ltr'>or-</span> 
     </span>
     <span class='ocr_line' id='line_1_54' title="bbox 1193 498 1934 540; baseline 0 -10"><span class='ocrx_word' id='word_1_258' title='bbox 1193 498 1337 530; x_wconf 87' lang='lat' dir='ltr'>dinarios</span> <span class='ocrx_word' id='word_1_259' title='bbox 1363 503 1393 529; x_wconf 87' lang='lat' dir='ltr'>et</span> <span class='ocrx_word' id='word_1_260' title='bbox 1420 498 1611 540; x_wconf 82' lang='lat' dir='ltr'>delegatos,</span> <span class='ocrx_word' id='word_1_261' title='bbox 1643 498 1739 530; x_wconf 88' lang='lat' dir='ltr'>etiam</span> <span class='ocrx_word' id='word_1_262' title='bbox 1767 508 1934 530; x_wconf 87' lang='lat' dir='ltr'>causarum</span> 
     </span>
     <span class='ocr_line' id='line_1_55' title="bbox 1192 550 1937 593; baseline 0 -10"><span class='ocrx_word' id='word_1_263' title='bbox 1192 551 1303 593; x_wconf 83' lang='lat' dir='ltr'>palatii</span> <span class='ocrx_word' id='word_1_264' title='bbox 1333 551 1503 593; x_wconf 89' lang='lat' dir='ltr'>apostolici</span> <span class='ocrx_word' id='word_1_265' title='bbox 1537 550 1713 590; x_wconf 84' lang='lat' dir='ltr'>auditores,</span> <span class='ocrx_word' id='word_1_266' title='bbox 1743 550 1880 583; x_wconf 86' lang='lat' dir='ltr'>iudicari</span> <span class='ocrx_word' id='word_1_267' title='bbox 1906 557 1937 583; x_wconf 86' lang='lat' dir='ltr'>ct</span> 
     </span>
     <span class='ocr_line' id='line_1_56' title="bbox 1194 602 1935 643; baseline -0.001 -7"><span class='ocrx_word' id='word_1_268' title='bbox 1194 602 1320 636; x_wconf 82' lang='lat' dir='ltr'>definiri</span> <span class='ocrx_word' id='word_1_269' title='bbox 1349 603 1482 643; x_wconf 88' lang='lat' dir='ltr'>debere,</span> <span class='ocrx_word' id='word_1_270' title='bbox 1510 614 1547 636; x_wconf 84' lang='lat' dir='ltr'>ac</span> <span class='ocrx_word' id='word_1_271' title='bbox 1564 603 1694 635; x_wconf 88' lang='lat' dir='ltr'>irritum</span> <span class='ocrx_word' id='word_1_272' title='bbox 1720 609 1754 636; x_wconf 90' lang='lat' dir='ltr'>et</span> <span class='ocrx_word' id='word_1_273' title='bbox 1776 603 1883 643; x_wconf 86' lang='lat' dir='ltr'>inane,</span> <span class='ocrx_word' id='word_1_274' title='bbox 1909 603 1935 635; x_wconf 79' lang='lat' dir='ltr'>si</span> 
     </span>
     <span class='ocr_line' id='line_1_57' title="bbox 1194 656 1936 699; baseline 0.001 -12"><span class='ocrx_word' id='word_1_275' title='bbox 1194 666 1286 687; x_wconf 89' lang='lat' dir='ltr'>secus</span> <span class='ocrx_word' id='word_1_276' title='bbox 1319 666 1418 698; x_wconf 86' lang='lat' dir='ltr'>super</span> <span class='ocrx_word' id='word_1_277' title='bbox 1458 656 1509 688; x_wconf 86' lang='lat' dir='ltr'>his</span> <span class='ocrx_word' id='word_1_278' title='bbox 1550 667 1568 688; x_wconf 83' lang='lat' dir='ltr'>a</span> <span class='ocrx_word' id='word_1_279' title='bbox 1604 666 1795 699; x_wconf 86' lang='lat' dir='ltr'>quoquam,</span> <span class='ocrx_word' id='word_1_280' title='bbox 1824 656 1936 699; x_wconf 87' lang='lat' dir='ltr'>quavis</span> 
     </span>
     <span class='ocr_line' id='line_1_58' title="bbox 1194 709 1939 751; baseline 0.001 -11"><span class='ocrx_word' id='word_1_281' title='bbox 1194 709 1401 749; x_wconf 83' lang='lat' dir='ltr'>auctoritate,</span> <span class='ocrx_word' id='word_1_282' title='bbox 1418 709 1560 741; x_wconf 84' lang='lat' dir='ltr'>scienter</span> <span class='ocrx_word' id='word_1_283' title='bbox 1577 710 1627 741; x_wconf 88' lang='lat' dir='ltr'>vel</span> <span class='ocrx_word' id='word_1_284' title='bbox 1646 709 1848 751; x_wconf 79' lang='lat' dir='ltr'>ignoranter,</span> <span class='ocrx_word' id='word_1_285' title='bbox 1865 719 1939 742; x_wconf 89' lang='lat' dir='ltr'>con-</span> 
     </span>
     <span class='ocr_line' id='line_1_59' title="bbox 1195 762 1938 805; baseline 0 -10"><span class='ocrx_word' id='word_1_286' title='bbox 1195 763 1303 805; x_wconf 77' lang='lat' dir='ltr'>tigerit</span> <span class='ocrx_word' id='word_1_287' title='bbox 1327 763 1492 795; x_wconf 87' lang='lat' dir='ltr'>attentari.</span> <span class='ocrx_word' id='word_1_288' title='bbox 1526 762 1595 795; x_wconf 91' lang='lat' dir='ltr'>Non</span> <span class='ocrx_word' id='word_1_289' title='bbox 1627 762 1832 795; x_wconf 78' lang='lat' dir='ltr'>obstantibus</span> <span class='ocrx_word' id='word_1_290' title='bbox 1862 773 1938 795; x_wconf 86' lang='lat' dir='ltr'>con-</span> 
     </span>
     <span class='ocr_line' id='line_1_60' title="bbox 1195 816 1939 859; baseline 0.001 -11"><span class='ocrx_word' id='word_1_291' title='bbox 1195 816 1419 849; x_wconf 87' lang='lat' dir='ltr'>stitutionibus</span> <span class='ocrx_word' id='word_1_292' title='bbox 1446 821 1477 849; x_wconf 90' lang='lat' dir='ltr'>et</span> <span class='ocrx_word' id='word_1_293' title='bbox 1502 816 1765 849; x_wconf 81' lang='lat' dir='ltr'>ordinationibus</span> <span class='ocrx_word' id='word_1_294' title='bbox 1784 816 1939 859; x_wconf 86' lang='lat' dir='ltr'>apostoli-</span> 
     </span>
     <span class='ocr_line' id='line_1_61' title="bbox 1195 869 1935 913; baseline 0 -11"><span class='ocrx_word' id='word_1_295' title='bbox 1195 870 1249 910; x_wconf 88' lang='lat' dir='ltr'>cis,</span> <span class='ocrx_word' id='word_1_296' title='bbox 1269 870 1452 913; x_wconf 85' lang='lat' dir='ltr'>ceterisque</span> <span class='ocrx_word' id='word_1_297' title='bbox 1471 869 1643 902; x_wconf 89' lang='lat' dir='ltr'>contrariis</span> <span class='ocrx_word' id='word_1_298' title='bbox 1665 869 1935 913; x_wconf 87' lang='lat' dir='ltr'>quibuscumque.</span> 
     </span>
    </p>

    <p class='ocr_par' dir='ltr' id='par_1_13' title="bbox 1195 922 1941 1117">
     <span class='ocr_line' id='line_1_62' title="bbox 1239 922 1941 966; baseline 0 -10"><span class='ocrx_word' id='word_1_299' title='bbox 1239 923 1352 956; x_wconf 89' lang='lat' dir='ltr'>Datum</span> <span class='ocrx_word' id='word_1_300' title='bbox 1377 923 1508 963; x_wconf 85' lang='lat' dir='ltr'>Romae,</span> <span class='ocrx_word' id='word_1_301' title='bbox 1527 923 1613 966; x_wconf 87' lang='lat' dir='ltr'>apud</span> <span class='ocrx_word' id='word_1_302' title='bbox 1635 923 1667 956; x_wconf 78' lang='lat' dir='ltr'>S.</span> <span class='ocrx_word' id='word_1_303' title='bbox 1686 922 1816 955; x_wconf 80' lang='lat' dir='ltr'>Mariam</span> <span class='ocrx_word' id='word_1_304' title='bbox 1842 923 1941 956; x_wconf 77' lang='lat' dir='ltr'>Maio-</span> 
     </span>
     <span class='ocr_line' id='line_1_63' title="bbox 1195 977 1940 1017; baseline -0.001 -7"><span class='ocrx_word' id='word_1_305' title='bbox 1195 988 1273 1017; x_wconf 87' lang='lat' dir='ltr'>rem,</span> <span class='ocrx_word' id='word_1_306' title='bbox 1304 978 1362 1009; x_wconf 88' lang='lat' dir='ltr'>sub</span> <span class='ocrx_word' id='word_1_307' title='bbox 1392 978 1513 1010; x_wconf 86' lang='lat' dir='ltr'>annulo</span> <span class='ocrx_word' id='word_1_308' title='bbox 1532 977 1717 1016; x_wconf 87' lang='lat' dir='ltr'>Piscatoris,</span> <span class='ocrx_word' id='word_1_309' title='bbox 1748 977 1799 1009; x_wconf 85' lang='lat' dir='ltr'>die</span> <span class='ocrx_word' id='word_1_310' title='bbox 1827 986 1859 1010; x_wconf 89' lang='lat' dir='ltr'>v1</span> <span class='ocrx_word' id='word_1_311' title='bbox 1891 987 1940 1009; x_wconf 90' lang='lat' dir='ltr'>se-</span> 
     </span>
     <span class='ocr_line' id='line_1_64' title="bbox 1195 1028 1940 1074; baseline -0.001 -11"><span class='ocrx_word' id='word_1_312' title='bbox 1195 1030 1354 1074; x_wconf 87' lang='lat' dir='ltr'>ptembris</span> <span class='ocrx_word' id='word_1_313' title='bbox 1379 1039 1557 1070; x_wconf 80' lang='lat' dir='ltr'>nncxcvm,</span> <span class='ocrx_word' id='word_1_314' title='bbox 1593 1028 1806 1073; x_wconf 83' lang='lat' dir='ltr'>pontificatus</span> <span class='ocrx_word' id='word_1_315' title='bbox 1838 1029 1940 1062; x_wconf 87' lang='lat' dir='ltr'>nostri</span> 
     </span>
     <span class='ocr_line' id='line_1_65' title="bbox 1195 1094 1373 1117; baseline 0 -1"><span class='ocrx_word' id='word_1_316' title='bbox 1195 1095 1280 1116; x_wconf 86' lang='lat' dir='ltr'>anno</span> <span class='ocrx_word' id='word_1_317' title='bbox 1306 1094 1373 1117; x_wconf 86' lang='lat' dir='ltr'>v111.</span> 
     </span>
    </p>
   </div>
   <div class='ocr_carea' id='block_1_11' title="bbox 1233 1145 1929 1182">
    <p class='ocr_par' dir='ltr' id='par_1_14' title="bbox 1233 1145 1929 1182">
     <span class='ocr_line' id='line_1_66' title="bbox 1233 1145 1929 1182; baseline -0.001 -10"><span class='ocrx_word' id='word_1_318' title='bbox 1233 1146 1291 1172; x_wconf 81' lang='lat' dir='ltr'>Dat.</span> <span class='ocrx_word' id='word_1_319' title='bbox 1311 1146 1354 1173; x_wconf 88' lang='lat' dir='ltr'>die</span> <span class='ocrx_word' id='word_1_320' title='bbox 1371 1146 1387 1173; x_wconf 81' lang='lat'><strong>6</strong></span> <span class='ocrx_word' id='word_1_321' title='bbox 1403 1145 1567 1182; x_wconf 78' lang='lat' dir='ltr'>septembris</span> <span class='ocrx_word' id='word_1_322' title='bbox 1585 1145 1663 1177; x_wconf 81' lang='grc'>1698,</span> <span class='ocrx_word' id='word_1_323' title='bbox 1679 1145 1776 1181; x_wconf 83' lang='lat' dir='ltr'>pontif.</span> <span class='ocrx_word' id='word_1_324' title='bbox 1795 1154 1865 1173; x_wconf 86' lang='lat' dir='ltr'>anno</span> <span class='ocrx_word' id='word_1_325' title='bbox 1881 1151 1929 1172; x_wconf 81' lang='lat' dir='ltr'>vni</span> 
     </span>
    </p>
   </div>
   <div class='ocr_carea' id='block_1_12' title="bbox 1495 1289 1649 1323">
    <p class='ocr_par' dir='ltr' id='par_1_15' title="bbox 1495 1289 1649 1323">
     <span class='ocr_line' id='line_1_67' title="bbox 1495 1289 1649 1323; baseline -0.006 0"><span class='ocrx_word' id='word_1_326' title='bbox 1495 1289 1649 1323; x_wconf 68' lang='lat' dir='ltr'>CLXVIII.</span> 
     </span>
    </p>
   </div>
   <div class='ocr_carea' id='block_1_13' title="bbox 1195 1368 1943 1625">
    <p class='ocr_par' dir='ltr' id='par_1_16' title="bbox 1195 1368 1943 1625">
     <span class='ocr_line' id='line_1_68' title="bbox 1195 1368 1942 1403; baseline -0.001 -1"><span class='ocrx_word' id='word_1_327' title='bbox 1195 1369 1360 1403; x_wconf 72' lang='lat' dir='ltr'>Avocalur</span> <span class='ocrx_word' id='word_1_328' title='bbox 1384 1379 1484 1401; x_wconf 79' lang='lat' dir='ltr'>causa</span> <span class='ocrx_word' id='word_1_329' title='bbox 1508 1379 1581 1401; x_wconf 79' lang='lat' dir='ltr'>cum</span> <span class='ocrx_word' id='word_1_330' title='bbox 1605 1369 1801 1402; x_wconf 74' lang='lat' dir='ltr'>eoelinclione</span> <span class='ocrx_word' id='word_1_331' title='bbox 1820 1368 1889 1401; x_wconf 75' lang='lat' dir='ltr'>litis</span> <span class='ocrx_word' id='word_1_332' title='bbox 1913 1373 1942 1401; x_wconf 85' lang='lat' dir='ltr'>et</span> 
     </span>
     <span class='ocr_line' id='line_1_69' title="bbox 1240 1422 1941 1465; baseline 0 -11"><span class='ocrx_word' id='word_1_333' title='bbox 1240 1422 1447 1465; x_wconf 69' lang='lat' dir='ltr'>impositione</span> <span class='ocrx_word' id='word_1_334' title='bbox 1471 1423 1600 1455; x_wconf 77' lang='lat' dir='ltr'>silentii</span> <span class='ocrx_word' id='word_1_335' title='bbox 1627 1432 1725 1465; x_wconf 78' lang='lat' dir='ltr'>super</span> <span class='ocrx_word' id='word_1_336' title='bbox 1755 1422 1941 1455; x_wconf 74' lang='lat' dir='ltr'>executione</span> 
     </span>
     <span class='ocr_line' id='line_1_70' title="bbox 1239 1475 1943 1518; baseline 0.001 -11"><span class='ocrx_word' id='word_1_337' title='bbox 1239 1476 1457 1507; x_wconf 75' lang='lat' dir='ltr'>alternativae</span> <span class='ocrx_word' id='word_1_338' title='bbox 1496 1476 1532 1507; x_wconf 77' lang='lat' dir='ltr'>in</span> <span class='ocrx_word' id='word_1_339' title='bbox 1569 1475 1743 1518; x_wconf 54' lang='lat' dir='ltr'>provincia</span> <span class='ocrx_word' id='word_1_340' title='bbox 1783 1475 1943 1508; x_wconf 78' lang='lat' dir='ltr'>Ianuensi</span> 
     </span>
     <span class='ocr_line' id='line_1_71' title="bbox 1239 1528 1942 1571; baseline 0.001 -11"><span class='ocrx_word' id='word_1_341' title='bbox 1239 1530 1381 1571; x_wconf 76' lang='lat' dir='ltr'>fratrum</span> <span class='ocrx_word' id='word_1_342' title='bbox 1399 1529 1568 1561; x_wconf 77' lang='lat' dir='ltr'>Minorum</span> <span class='ocrx_word' id='word_1_343' title='bbox 1588 1529 1693 1561; x_wconf 77' lang='lat' dir='ltr'>sancti</span> <span class='ocrx_word' id='word_1_344' title='bbox 1709 1528 1881 1561; x_wconf 66' lang='lat' dir='ltr'>Francz&#39;scz·</span> <span class='ocrx_word' id='word_1_345' title='bbox 1904 1528 1942 1560; x_wconf 84' lang='lat' dir='ltr'>de</span> 
     </span>
     <span class='ocr_line' id='line_1_72' title="bbox 1241 1581 1780 1625; baseline 0 -11"><span class='ocrx_word' id='word_1_346' title='bbox 1241 1582 1453 1615; x_wconf 73' lang='lat' dir='ltr'>Observantz&#39;ci</span> <span class='ocrx_word' id='word_1_347' title='bbox 1478 1583 1743 1625; x_wconf 78' lang='lat' dir='ltr'>Resormatorum</span> <span class='ocrx_word' id='word_1_348' title='bbox 1760 1581 1780 1615; x_wconf 89' lang='lat'>¹.</span> 
     </span>
    </p>
   </div>
   <div class='ocr_carea' id='block_1_14' title="bbox 1331 1663 1786 1736">
    <p class='ocr_par' dir='ltr' id='par_1_17' title="bbox 1331 1663 1786 1736">
     <span class='ocr_line' id='line_1_73' title="bbox 1375 1663 1760 1696; baseline -0.003 -6"><span class='ocrx_word' id='word_1_349' title='bbox 1375 1663 1576 1690; x_wconf 79' lang='lat' dir='ltr'>Innocentius</span> <span class='ocrx_word' id='word_1_350' title='bbox 1597 1663 1677 1696; x_wconf 84' lang='lat' dir='ltr'>Papa</span> <span class='ocrx_word' id='word_1_351' title='bbox 1696 1663 1760 1696; x_wconf 86' lang='lat' dir='ltr'>xn,</span> 
     </span>
     <span class='ocr_line' id='line_1_74' title="bbox 1331 1708 1786 1736; baseline 0.002 -1"><span class='ocrx_word' id='word_1_352' title='bbox 1331 1709 1368 1736; x_wconf 87' lang='lat' dir='ltr'>ad</span> <span class='ocrx_word' id='word_1_353' title='bbox 1384 1709 1520 1735; x_wconf 75' lang='lat' dir='ltr'>futuram</span> <span class='ocrx_word' id='word_1_354' title='bbox 1536 1708 1581 1735; x_wconf 90' lang='lat' dir='ltr'>rei</span> <span class='ocrx_word' id='word_1_355' title='bbox 1601 1708 1786 1736; x_wconf 84' lang='lat' dir='ltr'>memoriam.</span> 
     </span>
    </p>
   </div>
   <div class='ocr_carea' id='block_1_15' title="bbox 1196 1779 1942 2642">
    <p class='ocr_par' dir='ltr' id='par_1_18' title="bbox 1196 1779 1942 2411">
     <span class='ocr_line' id='line_1_75' title="bbox 1239 1779 1941 1823; baseline -0.003 -9"><span class='ocrx_word' id='word_1_356' title='bbox 1239 1780 1444 1814; x_wconf 82' lang='lat' dir='ltr'>Sacrosancti</span> <span class='ocrx_word' id='word_1_357' title='bbox 1470 1780 1672 1823; x_wconf 86' lang='lat' dir='ltr'>apostolatus</span> <span class='ocrx_word' id='word_1_358' title='bbox 1698 1779 1859 1820; x_wconf 86' lang='lat' dir='ltr'>officium,</span> <span class='ocrx_word' id='word_1_359' title='bbox 1889 1791 1941 1813; x_wconf 90' lang='lat' dir='ltr'>su-</span> 
     </span>
     <span class='ocr_line' id='line_1_76' title="bbox 1196 1833 1939 1877; baseline 0.001 -11"><span class='ocrx_word' id='word_1_360' title='bbox 1196 1834 1289 1877; x_wconf 86' lang='lat' dir='ltr'>perni</span> <span class='ocrx_word' id='word_1_361' title='bbox 1316 1833 1534 1876; x_wconf 88' lang='lat' dir='ltr'>dispositione</span> <span class='ocrx_word' id='word_1_362' title='bbox 1556 1833 1696 1873; x_wconf 89' lang='lat' dir='ltr'>consilii,</span> <span class='ocrx_word' id='word_1_363' title='bbox 1716 1833 1821 1874; x_wconf 81' lang='lat' dir='ltr'>nobis,</span> <span class='ocrx_word' id='word_1_364' title='bbox 1848 1834 1939 1867; x_wconf 93' lang='lat' dir='ltr'>nullo</span> 
     </span>
     <span class='ocr_line' id='line_1_77' title="bbox 1198 1885 1940 1929; baseline -0.003 -9"><span class='ocrx_word' id='word_1_365' title='bbox 1198 1888 1273 1921; x_wconf 86' lang='lat' dir='ltr'>licet</span> <span class='ocrx_word' id='word_1_366' title='bbox 1308 1887 1499 1920; x_wconf 87' lang='lat' dir='ltr'>meritorum</span> <span class='ocrx_word' id='word_1_367' title='bbox 1537 1891 1728 1919; x_wconf 89' lang='lat' dir='ltr'>nostrorum</span> <span class='ocrx_word' id='word_1_368' title='bbox 1764 1885 1918 1929; x_wconf 77' lang='lat' dir='ltr'>suffragio</span> <span class='ocrx_word' id='word_1_369' title='bbox 1933 1913 1940 1926; x_wconf 91' lang='lat'>,</span> 
     </span>
     <span class='ocr_line' id='line_1_78' title="bbox 1198 1939 1940 1984; baseline 0 -11"><span class='ocrx_word' id='word_1_370' title='bbox 1198 1941 1395 1984; x_wconf 86' lang='lat' dir='ltr'>impositum,</span> <span class='ocrx_word' id='word_1_371' title='bbox 1422 1940 1600 1973; x_wconf 86' lang='lat' dir='ltr'>salubriter</span> <span class='ocrx_word' id='word_1_372' title='bbox 1622 1939 1750 1983; x_wconf 83' lang='lat' dir='ltr'>exequi,</span> <span class='ocrx_word' id='word_1_373' title='bbox 1767 1940 1940 1973; x_wconf 86' lang='lat' dir='ltr'>adiuvante</span> 
     </span>
     <span class='ocr_line' id='line_1_79' title="bbox 1198 1993 1942 2036; baseline 0 -10"><span class='ocrx_word' id='word_1_374' title='bbox 1198 1994 1343 2033; x_wconf 88' lang='lat' dir='ltr'>Domino,</span> <span class='ocrx_word' id='word_1_375' title='bbox 1365 1993 1482 2035; x_wconf 72' lang='lat' dir='ltr'>iugiter</span> <span class='ocrx_word' id='word_1_376' title='bbox 1500 1998 1698 2036; x_wconf 80' lang='lat' dir='ltr'>satagentes,</span> <span class='ocrx_word' id='word_1_377' title='bbox 1719 1999 1830 2026; x_wconf 76' lang='lat' dir='ltr'>exorta</span> <span class='ocrx_word' id='word_1_378' title='bbox 1854 1993 1942 2027; x_wconf 89' lang='lat' dir='ltr'>inter</span> 
     </span>
     <span class='ocr_line' id='line_1_80' title="bbox 1199 2047 1941 2090; baseline 0.001 -11"><span class='ocrx_word' id='word_1_379' title='bbox 1199 2048 1371 2090; x_wconf 78' lang='lat' dir='ltr'>religiosos</span> <span class='ocrx_word' id='word_1_380' title='bbox 1392 2047 1488 2086; x_wconf 83' lang='lat' dir='ltr'>viros,</span> <span class='ocrx_word' id='word_1_381' title='bbox 1508 2057 1590 2089; x_wconf 89' lang='lat' dir='ltr'>quos</span> <span class='ocrx_word' id='word_1_382' title='bbox 1607 2051 1681 2079; x_wconf 87' lang='lat' dir='ltr'>vota</span> <span class='ocrx_word' id='word_1_383' title='bbox 1699 2057 1757 2079; x_wconf 89' lang='lat' dir='ltr'>sua</span> <span class='ocrx_word' id='word_1_384' title='bbox 1774 2047 1941 2080; x_wconf 87' lang='lat' dir='ltr'>Altissimo</span> 
     </span>
     <span class='ocr_line' id='line_1_81' title="bbox 1198 2100 1942 2143; baseline 0 -9"><span class='ocrx_word' id='word_1_385' title='bbox 1198 2102 1229 2134; x_wconf 90' lang='lat' dir='ltr'>in</span> <span class='ocrx_word' id='word_1_386' title='bbox 1250 2101 1419 2134; x_wconf 77' lang='lat' dir='ltr'>sanctitate</span> <span class='ocrx_word' id='word_1_387' title='bbox 1438 2106 1469 2133; x_wconf 91' lang='lat' dir='ltr'>et</span> <span class='ocrx_word' id='word_1_388' title='bbox 1492 2100 1614 2132; x_wconf 81' lang='lat' dir='ltr'>iustitia</span> <span class='ocrx_word' id='word_1_389' title='bbox 1634 2110 1780 2143; x_wconf 84' lang='lat' dir='ltr'>paceque</span> <span class='ocrx_word' id='word_1_390' title='bbox 1799 2102 1942 2134; x_wconf 75' lang='lat' dir='ltr'>fraterna</span> 
     </span>
     <span class='ocr_line' id='line_1_82' title="bbox 1198 2153 1942 2197; baseline 0 -10"><span class='ocrx_word' id='word_1_391' title='bbox 1198 2155 1340 2187; x_wconf 84' lang='lat' dir='ltr'>reddere</span> <span class='ocrx_word' id='word_1_392' title='bbox 1366 2155 1476 2192; x_wconf 80' lang='lat' dir='ltr'>decet,</span> <span class='ocrx_word' id='word_1_393' title='bbox 1513 2153 1696 2186; x_wconf 89' lang='lat' dir='ltr'>animorum</span> <span class='ocrx_word' id='word_1_394' title='bbox 1723 2153 1856 2186; x_wconf 79' lang='lat' dir='ltr'>dissidia</span> <span class='ocrx_word' id='word_1_395' title='bbox 1887 2164 1942 2197; x_wconf 92' lang='lat' dir='ltr'>op-</span> 
     </span>
     <span class='ocr_line' id='line_1_83' title="bbox 1199 2207 1939 2252; baseline -0.001 -11"><span class='ocrx_word' id='word_1_396' title='bbox 1199 2208 1347 2252; x_wconf 87' lang='lat' dir='ltr'>portunis</span> <span class='ocrx_word' id='word_1_397' title='bbox 1363 2208 1543 2240; x_wconf 82' lang='lat' dir='ltr'>rationibus</span> <span class='ocrx_word' id='word_1_398' title='bbox 1562 2207 1726 2248; x_wconf 83' lang='lat' dir='ltr'>dirimere,</span> <span class='ocrx_word' id='word_1_399' title='bbox 1741 2207 1880 2251; x_wconf 86' lang='lat' dir='ltr'>illisque,</span> <span class='ocrx_word' id='word_1_400' title='bbox 1899 2218 1939 2240; x_wconf 89' lang='lat' dir='ltr'>ne</span> 
     </span>
     <span class='ocr_line' id='line_1_84' title="bbox 1198 2260 1939 2304; baseline -0.001 -10"><span class='ocrx_word' id='word_1_401' title='bbox 1198 2272 1310 2294; x_wconf 88' lang='lat' dir='ltr'>rursus</span> <span class='ocrx_word' id='word_1_402' title='bbox 1335 2261 1609 2304; x_wconf 87' lang='lat' dir='ltr'>quandocumque</span> <span class='ocrx_word' id='word_1_403' title='bbox 1636 2260 1770 2293; x_wconf 79' lang='lat' dir='ltr'>excitari</span> <span class='ocrx_word' id='word_1_404' title='bbox 1798 2262 1939 2300; x_wconf 86' lang='lat' dir='ltr'>valeant,</span> 
     </span>
     <span class='ocr_line' id='line_1_85' title="bbox 1198 2313 1942 2357; baseline -0.003 -10"><span class='ocrx_word' id='word_1_405' title='bbox 1198 2325 1309 2347; x_wconf 83' lang='lat' dir='ltr'>ansam</span> <span class='ocrx_word' id='word_1_406' title='bbox 1335 2320 1460 2347; x_wconf 86' lang='lat' dir='ltr'>mature</span> <span class='ocrx_word' id='word_1_407' title='bbox 1483 2313 1673 2357; x_wconf 82' lang='lat' dir='ltr'>praecidere</span> <span class='ocrx_word' id='word_1_408' title='bbox 1698 2313 1871 2354; x_wconf 86' lang='lat' dir='ltr'>studemus,</span> <span class='ocrx_word' id='word_1_409' title='bbox 1901 2314 1942 2346; x_wconf 90' lang='lat' dir='ltr'>si-</span> 
     </span>
     <span class='ocr_line' id='line_1_86' title="bbox 1198 2367 1941 2411; baseline 0 -11"><span class='ocrx_word' id='word_1_410' title='bbox 1198 2373 1259 2408; x_wconf 83' lang='lat' dir='ltr'>eut,</span> <span class='ocrx_word' id='word_1_411' title='bbox 1285 2367 1440 2411; x_wconf 90' lang='lat' dir='ltr'>prudenti</span> <span class='ocrx_word' id='word_1_412' title='bbox 1473 2367 1710 2399; x_wconf 80' lang='lat' dir='ltr'>deliberatione</span> <span class='ocrx_word' id='word_1_413' title='bbox 1731 2367 1875 2409; x_wconf 78' lang='lat' dir='ltr'>praevia,</span> <span class='ocrx_word' id='word_1_414' title='bbox 1902 2367 1941 2400; x_wconf 81' lang='lat' dir='ltr'>ad</span> 
     </span>
    </p>

    <p class='ocr_par' dir='ltr' id='par_1_19' title="bbox 1197 2429 1941 2642">
     <span class='ocr_line' id='line_1_87' title="bbox 1243 2429 1941 2464; baseline 0 -8"><span class='ocrx_word' id='word_1_415' title='bbox 1243 2432 1251 2457; x_wconf 83' lang='lat' dir='ltr'>l</span> <span class='ocrx_word' id='word_1_416' title='bbox 1275 2430 1318 2456; x_wconf 86' lang='lat' dir='ltr'>Ab</span> <span class='ocrx_word' id='word_1_417' title='bbox 1340 2429 1497 2456; x_wconf 83' lang='lat' dir='ltr'>Innocentio</span> <span class='ocrx_word' id='word_1_418' title='bbox 1518 2429 1562 2463; x_wconf 82' lang='lat' dir='ltr'>XI,</span> <span class='ocrx_word' id='word_1_419' title='bbox 1584 2432 1671 2455; x_wconf 85' lang='lat' dir='ltr'>const.</span> <span class='ocrx_word' id='word_1_420' title='bbox 1698 2429 1740 2455; x_wconf 84' lang='lat' dir='ltr'>ed.</span> <span class='ocrx_word' id='word_1_421' title='bbox 1762 2435 1941 2464; x_wconf 77' lang='lat' dir='ltr'>MDchxxvu,</span> 
     </span>
     <span class='ocr_line' id='line_1_88' title="bbox 1197 2473 1941 2507; baseline 0.001 -7"><span class='ocrx_word' id='word_1_422' title='bbox 1197 2475 1239 2502; x_wconf 81' lang='lat' dir='ltr'>die</span> <span class='ocrx_word' id='word_1_423' title='bbox 1258 2475 1289 2502; x_wconf 68' lang='lat'>1⁰2</span> <span class='ocrx_word' id='word_1_424' title='bbox 1310 2475 1388 2507; x_wconf 84' lang='lat' dir='ltr'>iunii,</span> <span class='ocrx_word' id='word_1_425' title='bbox 1410 2475 1569 2501; x_wconf 79' lang='lat' dir='ltr'>confirmata</span> <span class='ocrx_word' id='word_1_426' title='bbox 1589 2474 1639 2500; x_wconf 82' lang='lat' dir='ltr'>fuit</span> <span class='ocrx_word' id='word_1_427' title='bbox 1665 2473 1736 2500; x_wconf 86' lang='lat' dir='ltr'>dicta</span> <span class='ocrx_word' id='word_1_428' title='bbox 1763 2474 1941 2506; x_wconf 85' lang='lat' dir='ltr'>alternativa,</span> 
     </span>
     <span class='ocr_line' id='line_1_89' title="bbox 1197 2518 1939 2551; baseline -0.001 -5"><span class='ocrx_word' id='word_1_429' title='bbox 1197 2524 1223 2546; x_wconf 88' lang='lat' dir='ltr'>et</span> <span class='ocrx_word' id='word_1_430' title='bbox 1243 2519 1276 2546; x_wconf 86' lang='lat' dir='ltr'>ab</span> <span class='ocrx_word' id='word_1_431' title='bbox 1298 2519 1348 2546; x_wconf 88' lang='lat' dir='ltr'>hoc</span> <span class='ocrx_word' id='word_1_432' title='bbox 1369 2519 1498 2546; x_wconf 85' lang='lat' dir='ltr'>Pontilice</span> <span class='ocrx_word' id='word_1_433' title='bbox 1519 2522 1603 2545; x_wconf 79' lang='lat' dir='ltr'>const,</span> <span class='ocrx_word' id='word_1_434' title='bbox 1626 2518 1690 2545; x_wconf 86' lang='lat' dir='ltr'>edit.</span> <span class='ocrx_word' id='word_1_435' title='bbox 1713 2525 1838 2551; x_wconf 71' lang='lat' dir='ltr'>mncxcvl,</span> <span class='ocrx_word' id='word_1_436' title='bbox 1861 2518 1905 2545; x_wconf 89' lang='lat' dir='ltr'>die</span> <span class='ocrx_word' id='word_1_437' title='bbox 1925 2519 1939 2545; x_wconf 81' lang='lat'><strong>7</strong></span> 
     </span>
     <span class='ocr_line' id='line_1_90' title="bbox 1197 2562 1941 2599; baseline -0.003 -9"><span class='ocrx_word' id='word_1_438' title='bbox 1197 2564 1323 2595; x_wconf 80' lang='lat' dir='ltr'>ianuarii,</span> <span class='ocrx_word' id='word_1_439' title='bbox 1341 2563 1435 2599; x_wconf 85' lang='lat' dir='ltr'>pontis.</span> <span class='ocrx_word' id='word_1_440' title='bbox 1453 2571 1483 2596; x_wconf 70' lang='lat' dir='ltr'>v,</span> <span class='ocrx_word' id='word_1_441' title='bbox 1501 2562 1534 2589; x_wconf 87' lang='lat' dir='ltr'>ab</span> <span class='ocrx_word' id='word_1_442' title='bbox 1550 2562 1705 2589; x_wconf 85' lang='lat' dir='ltr'>Innocentio</span> <span class='ocrx_word' id='word_1_443' title='bbox 1722 2571 1785 2589; x_wconf 87' lang='lat' dir='ltr'>vero</span> <span class='ocrx_word' id='word_1_444' title='bbox 1802 2562 1861 2589; x_wconf 79' lang='lat' dir='ltr'><strong>XIII</strong></span> <span class='ocrx_word' id='word_1_445' title='bbox 1878 2571 1941 2589; x_wconf 88' lang='lat' dir='ltr'>eon—</span> 
     </span>
     <span class='ocr_line' id='line_1_91' title="bbox 1197 2607 1939 2642; baseline -0.004 -6"><span class='ocrx_word' id='word_1_446' title='bbox 1197 2609 1251 2636; x_wconf 87' lang='lat' dir='ltr'>stit.</span> <span class='ocrx_word' id='word_1_447' title='bbox 1280 2608 1345 2635; x_wconf 90' lang='lat' dir='ltr'>edit.</span> <span class='ocrx_word' id='word_1_448' title='bbox 1372 2614 1501 2641; x_wconf 81' lang='lat' dir='ltr'>MDchx1‚</span> <span class='ocrx_word' id='word_1_449' title='bbox 1531 2607 1574 2634; x_wconf 93' lang='lat' dir='ltr'>die</span> <span class='ocrx_word' id='word_1_450' title='bbox 1597 2607 1628 2633; x_wconf 83' lang='lat'>16</span> <span class='ocrx_word' id='word_1_451' title='bbox 1648 2607 1783 2642; x_wconf 82' lang='lat' dir='ltr'>ianuarii,</span> <span class='ocrx_word' id='word_1_452' title='bbox 1805 2607 1898 2642; x_wconf 87' lang='lat' dir='ltr'>pontif.</span> <span class='ocrx_word' id='word_1_453' title='bbox 1921 2615 1939 2641; x_wconf 81' lang='grc' dir='ltr'>ι,</span> 
     </span>
    </p>
   </div>
   <div class='ocr_carea' id='block_1_16' title="bbox 1196 2652 1940 2726">
    <p class='ocr_par' dir='ltr' id='par_1_20' title="bbox 1196 2652 1940 2726">
     <span class='ocr_line' id='line_1_92' title="bbox 1197 2652 1940 2687; baseline -0.003 -6"><span class='ocrx_word' id='word_1_454' title='bbox 1197 2655 1373 2681; x_wconf 73' lang='lat' dir='ltr'>confirmatur</span> <span class='ocrx_word' id='word_1_455' title='bbox 1392 2653 1553 2680; x_wconf 80' lang='lat' dir='ltr'>alternativa</span> <span class='ocrx_word' id='word_1_456' title='bbox 1573 2653 1600 2679; x_wconf 93' lang='lat' dir='ltr'>in</span> <span class='ocrx_word' id='word_1_457' title='bbox 1621 2653 1759 2687; x_wconf 79' lang='lat' dir='ltr'>provincia</span> <span class='ocrx_word' id='word_1_458' title='bbox 1778 2653 1806 2680; x_wconf 91' lang='lat' dir='ltr'>S.</span> <span class='ocrx_word' id='word_1_459' title='bbox 1827 2652 1940 2680; x_wconf 81' lang='lat' dir='ltr'>Antonii</span> 
     </span>
     <span class='ocr_line' id='line_1_93' title="bbox 1196 2697 1776 2726; baseline 0 -2"><span class='ocrx_word' id='word_1_460' title='bbox 1196 2699 1223 2725; x_wconf 93' lang='lat' dir='ltr'>in</span> <span class='ocrx_word' id='word_1_461' title='bbox 1243 2699 1381 2726; x_wconf 71' lang='lat' dir='ltr'>Lusitania</span> <span class='ocrx_word' id='word_1_462' title='bbox 1400 2697 1512 2725; x_wconf 84' lang='lat' dir='ltr'>fratrum</span> <span class='ocrx_word' id='word_1_463' title='bbox 1533 2697 1776 2725; x_wconf 80' lang='lat' dir='ltr'>Discateeatorum.</span> 
     </span>
    </p>
   </div>
   <div class='ocr_carea' id='block_1_17' title="bbox 1943 289 2127 318">
    <p class='ocr_par' dir='ltr' id='par_1_21' title="bbox 1943 289 2127 318">
     <span class='ocr_line' id='line_1_94' title="bbox 1943 289 2127 318; baseline 0.016 -3"><span class='ocrx_word' id='word_1_464' title='bbox 1943 289 1990 316; x_wconf 81' lang='lat' dir='ltr'>An.</span> <span class='ocrx_word' id='word_1_465' title='bbox 2011 289 2041 317; x_wconf 89' lang='lat' dir='ltr'>C.</span> <span class='ocrx_word' id='word_1_466' title='bbox 2061 289 2127 318; x_wconf 86' lang='grc'>1698</span> 
     </span>
    </p>
   </div>
   <div class='ocr_carea' id='block_1_18' title="bbox 1980 1790 2098 1811">
    <p class='ocr_par' dir='ltr' id='par_1_22' title="bbox 1980 1790 2098 1811">
     <span class='ocr_line' id='line_1_95' title="bbox 1980 1790 2098 1811; baseline 0 -1"><span class='ocrx_word' id='word_1_467' title='bbox 1980 1790 2098 1811; x_wconf 74' lang='lat' dir='ltr'>Exordium.</span> 
     </span>
    </p>
   </div>
   <div class='ocr_carea' id='block_1_19' title="bbox 2233 0 2254 1144">
    <p class='ocr_par' dir='ltr' id='par_1_23' title="bbox 2233 0 2254 1144">
     <span class='ocr_line' id='line_1_96' title="bbox 2233 0 2254 1144; baseline 0 0"><span class='ocrx_word' id='word_1_468' title='bbox 2233 0 2254 1144; x_wconf 95' lang='lat' dir='ltr'> </span> 
     </span>
    </p>
   </div>
  </div>
 </body>
</html>
