2254 3225
227 253 279 278 Αη.
301 252 330 281 c.
348 252 417 280 1091
462 242 526 277 636

417 305 531 334 sanela
553 300 742 344 Evangelia.
769 300 807 333 Et
831 299 870 334 de
902 300 1083 333 iuramento
1107 299 1175 331 se-'

419 353 575 387 cretarius
601 354 756 387 examinis
781 359 892 390 actum,
910 353 1044 396 rogabit,
1066 351 1154 395 quod

419 408 459 440 ab
481 407 630 441 omnibus
644 407 876 441 subscribetur.
888 406 994 439 Finito
1007 404 1154 449 examine

420 461 459 494 de
480 472 571 495 more
596 460 780 505 provinciae
801 466 833 493 et
857 459 895 493 ad
919 458 1155 503 praescriptum

419 519 613 548 statutorum
637 513 837 556 generalium
854 512 1048 546 convenient
1064 520 1157 553 prae-

421 567 497 601 dicti
514 567 652 608 iudices;
670 572 702 600 et
724 576 856 610 praeses
875 569 1039 609 proponet
1060 573 1156 595 unam

420 620 585 660 lecturam,
603 625 635 653 et
651 618 874 662 unusquisque
895 627 931 650 ex
957 627 1011 649 sex
1038 615 1157 648 electo-

420 673 511 706 ribus
524 673 627 706 mittat
641 672 673 704 in
687 681 802 703 urnam
823 679 943 703 nomen
959 668 1044 702 illius
1059 677 1156 710 quem

421 726 602 760 aestimavit
625 725 800 769 aptiorem;
823 723 910 767 quod
928 727 964 755 ut
987 721 1110 754 facilius
1127 725 1158 753 et
1177 760 1179 765 ,

420 781 552 814 brevius
578 779 640 820 fiat,
658 779 779 823 poterit
796 777 935 821 quilibet
958 781 1088 819 portare
1110 785 1159 807 se-

419 834 484 868 ries
509 833 708 867 sufficientes
730 831 874 865 onmium
891 829 1060 862 nominum
1083 837 1159 860 eon·
1177 826 1178 862 l

421 887 639 926 currentium;
662 890 694 918 et
711 885 737 917 si
764 883 879 928 aliquis
897 883 930 915 in
948 892 986 915 eo
1002 880 1158 914 scrutinio
1177 868 1178 880 ¹

1005 249 1184 277 Butuntum
1207 248 1361 273 ROMANUM

420 939 604 984 reperiatur
633 938 787 972 habuisse
812 941 951 980 quatuor
986 933 1158 977 suffragia,

420 992 475 1027 ille
500 993 561 1026 erit
592 992 664 1036 ipso
700 992 769 1024 iure
804 991 946 1029 electus,
974 988 1024 1021 sin
1042 987 1157 1027 minus,

420 1047 648 1090 relinquantur
664 1056 723 1088 pro
742 1043 886 1077 secundo
912 1041 1068 1075 scrutinio
1094 1041 1158 1074 duo

420 1099 468 1133 illi
486 1099 541 1143 qui
566 1099 661 1143 plura
687 1098 873 1130 habuerunt
897 1094 1067 1138 suffragia3
1085 1100 1117 1127 et
1133 1094 1158 1126 si

421 1153 455 1185 hi
481 1152 686 1196 reperientur
703 1151 735 1183 in
761 1149 904 1183 secundo
929 1147 1085 1182 scrutinio
1107 1158 1160 1181 ae-

1195 297 1492 341 indispensabiliter
1515 296 1620 330 locum
1645 294 1761 329 cedant
1785 292 1876 333 aliis;
1903 291 1931 325 si

1197 350 1251 394 qui
1276 361 1352 384 vero
1369 350 1489 384 iudicio
1505 349 1642 383 ministri
1657 346 1874 392 provincialis,
1893 355 1930 378 ex

1198 403 1248 436 his
1273 404 1328 447 qui
1346 403 1520 447 collegium
1535 403 1752 442 absolverunt,
1771 400 1837 444 apti
1853 409 1931 433 con-

1198 456 1307 488 cursui
1331 457 1472 490 lecturae
1509 455 1746 495 censebuntur,
1777 456 1932 497 poterunt

1198 509 1293 542 etiam
1317 509 1356 541 ad
1377 509 1526 542 eumdem
1547 518 1741 541 concursum
1761 506 1878 540 vocari.
1895 504 1932 538 In

1199 561 1367 604 praedicto
1386 571 1462 595 vero
1479 561 1618 603 collegio
1643 565 1840 594 censuerunt
1865 568 1933 592 mu-

1200 614 1328 647 tandam
1354 623 1423 647 esse
1447 613 1638 647 methodum
1664 612 1818 653 exercitii,
1843 610 1934 645 vide-

1199 667 1276 700 licet
1310 671 1345 699 ut
1380 677 1445 700 non
1481 671 1687 710 exponantur
1721 664 1933 709 disputandae

1200 720 1260 753 nisi
1285 720 1475 754 selectiores
1499 725 1531 753 et
1554 720 1702 753 utiliores
1726 717 1934 763 quaestiones

1200 773 1295 807 unius
1320 778 1482 814 tractatus,
1500 773 1617 817 quibus
1640 772 1725 806 bene
1748 770 1934 812 intellectis,

1200 826 1282 860 aliae
1299 826 1564 870 quaestiunculae
1585 825 1680 859 facile
1697 829 1820 869 patent,
1840 829 1882 865 et,
1901 828 1938 856 ut

1200 881 1291 914 locus
1315 879 1357 913 sit
1388 885 1423 912 ut
1447 879 1636 922 collegiales
1663 877 1780 912 melius
1804 886 1937 921 praepa-

1202 938 1332 974 rentur,
1359 932 1490 966 nonnisi
1519 942 1583 964 una
1607 931 1755 975 quaestio
1780 929 1938 974 quotidie,

1202 987 1252 1020 vel
1275 997 1369 1019 mane
1388 986 1420 1019 in
1436 990 1567 1026 aestate,
1587 986 1636 1019 vel
1651 994 1789 1028 vespere
1806 983 1840 1016 in
1857 983 1937 1027 hye-

1201 1050 1252 1073 me
1286 1040 1488 1082 exagitetur3
1521 1038 1696 1083 disputatio
1727 1043 1834 1071 tamen
1865 1042 1940 1081 post

1201 1093 1458 1138 propositionem
1483 1098 1515 1126 et
1541 1093 1770 1136 probationem
1810 1090 1940 1124 conclu-

1201 1147 1302 1181 sionis
1327 1147 1367 1180 ad
1393 1147 1472 1180 duas
1495 1145 1641 1189 integras
1677 1145 1775 1178 horas
1805 1149 1940 1189 proten-

1934 242 1986 270 An.
2006 241 2036 269 C.
2056 242 2121 270 ¹69³

421 1206 543 1249 quales,
570 1205 765 1238 adhibeatur
789 1203 945 1246 septimus
970 1201 1073 1241 iudex,
1104 1201 1159 1244 qui
1203 1200 1313 1241 datur·,
1349 1199 1439 1232 finito
1465 1209 1541 1232 vero
1579 1208 1642 1231 uno
1674 1202 1833 1238 tractatu,
1858 1196 1939 1230 alius

421 1270 480 1292 suo
497 1258 650 1302 suffragio
672 1258 762 1290 litem
781 1256 929 1296 dirimat,
949 1255 975 1288 si
996 1265 1072 1287 vero
1089 1264 1161 1287 con·
1202 1253 1383 1297 incipiatur,
1410 1257 1442 1286 et
1457 1251 1708 1296 principaliores
1728 1250 1825 1284 etiam
1843 1260 1941 1294 quae-

423 1313 533 1356 tigerit
560 1312 645 1355 quod
671 1311 702 1343 in
727 1310 832 1354 primo
859 1308 1016 1342 scrutinio
1039 1308 1159 1341 nedum
1202 1307 1325 1341 stiones
1351 1305 1575 1345 discutiantur,
1600 1309 1633 1337 et
1655 1309 1769 1349 postea
1785 1304 1824 1337 ad
1841 1303 1941 1337 alium

421 1377 487 1399 non
501 1365 650 1408 sequitur
667 1364 792 1402 electio,
814 1362 879 1403 sed,
897 1367 1036 1406 propter
1053 1360 1161 1395 suffra·
1179 1396 1182 1415 l
1201 1359 1256 1393 {iat
1280 1369 1471 1403 processus,
1496 1368 1570 1390 nam
1588 1357 1652 1390 hoc
1669 1357 1767 1391 modo
1785 1361 1942 1400 poterunt

421 1420 550 1462 giorum
575 1417 812 1462 dispersionem
838 1422 890 1449 aut
921 1415 1159 1459 aequalitatem,
1180 1429 1181 1460 3
1200 1413 1346 1457 potiores
1372 1416 1523 1444 tractatus
1545 1410 1644 1444 totius
1666 1409 1851 1453 theologiae
1875 1420 1940 1443 uno

421 1482 488 1506 non
513 1476 650 1515 possunt
675 1469 789 1502 haberi
815 1469 879 1502 duo
905 1468 951 1501 illi
980 1468 1034 1511 qui
1059 1479 1161 1501 rema·
1180 1465 1181 1479 ³
1202 1464 1340 1498 triennio
1366 1463 1534 1508 percurri;
1562 1464 1617 1496 sed
1643 1473 1682 1496 ne
1707 1462 1940 1506 philosophiae

421 1530 521 1558 neant
544 1534 602 1567 pro
635 1523 780 1556 secundo
805 1521 973 1561 scrutinio,
1007 1521 1161 1554 adhibea-
1201 1518 1404 1552 difficultates
1425 1518 1634 1556 exsolescant,
1654 1516 1706 1549 die
1724 1515 1804 1549 iovis
1823 1521 1854 1549 et
1869 1515 1942 1549 sab-

423 1585 474 1613 tur
498 1577 676 1621 septimus;
704 1581 736 1609 et
760 1585 872 1609 omnes
893 1580 1018 1608 secreto
1039 1574 1161 1617 eligant
1180 1570 1182 1609 i
1200 1571 1267 1605 bati
1293 1570 1443 1614 (singulis
1471 1580 1610 1613 namque
1638 1569 1752 1602 diebus
1785 1568 1942 1602 exercitia

421 1641 523 1664 unum
541 1641 578 1663 ex
597 1630 661 1663 illis
687 1628 933 1669 excludendum,
952 1627 1007 1671 qui
1028 1627 1089 1660 erit
1106 1627 1160 1660 ille
1180 1610 1183 1656 i
1201 1624 1352 1657 habenda
1372 1623 1460 1666 sunt)
1479 1627 1642 1666 proponat
1665 1621 1845 1654 defendens
1862 1620 1940 1654 duas

421 1684 478 1729 qui
501 1685 595 1728 plura
619 1682 755 1716 habebit
780 1680 947 1725 suffragia3
974 1686 1005 1714 et
1029 1679 1055 1713 si
1080 1690 1161 1724 opus
1180 1719 1181 1722 Ἴ
1201 1676 1430 1710 conclusiones
1446 1675 1693 1719 philosophicas
1713 1675 1786 1708 loco
1811 1674 1942 1707 conclu-

422 1739 472 1779 sit,
494 1737 540 1770 sie
563 1736 618 1769 fiat
640 1736 855 1779 quoadusque
877 1734 1053 1767 secundum
1076 1744 1161 1766 scru-
1181 1769 1182 1772 Ἴ
1202 1730 1303 1763 sionis
1330 1728 1532 1771 theologiae,
1559 1728 1599 1761 de
1625 1727 1743 1771 quibus
1774 1726 1828 1761 fiet
1859 1738 1938 1760 con-

421 1791 538 1824 tinium
554 1790 729 1824 reducatur
745 1789 785 1822 ad
806 1789 897 1829 duos,
917 1798 953 1821 ex
972 1787 1089 1831 quibus
1107 1797 1159 1820 sex
1181 1792 1182 1802 ³
1202 1782 1368 1823 troversia,
1392 1783 1457 1814 una
1481 1781 1561 1813 hora
1593 1780 1632 1813 de
1656 1780 1762 1824 prima
1785 1784 1818 1813 et
1841 1780 1943 1813 altera

422 1847 582 1880 electores
609 1843 750 1886 eligant,
777 1842 860 1875 sieut
886 1841 1006 1874 dictum
1033 1845 1103 1881 est;
1131 1845 1162 1872 et
1203 1838 1242 1871 de
1268 1835 1429 1875 secunda,
1467 1839 1499 1868 et
1534 1834 1595 1867 hae
1627 1833 1660 1866 in
1697 1834 1941 1877 quaestionario

422 1899 455 1932 in
481 1909 556 1932 casu
580 1896 784 1941 aequalitatis
802 1923 809 1937 ,
836 1895 983 1928 adhibito
1009 1894 1159 1938 septimo,
1180 1876 1183 1908 ⁴
1202 1890 1423 1934 praefigentur
1441 1887 1527 1920 iuxta
1539 1887 1698 1927 ordinem,
1713 1897 1776 1931 quo
1793 1887 1826 1920 in
1845 1896 1943 1920 cursu

257 2119 286 2141 lta
297 2122 359 2139 eliam
371 2117 413 2138 cul·

229 2147 347 2170 leg-anne
370 2146 413 2166 col-

229 2175 280 2199 lagu
310 2173 413 2193 Atlvauen-

230 2207 259 2219 εις
276 2216 280 2222 ,
309 2205 346 2224 pro
372 2204 413 2224 quo

230 2227 347 2246 studiorum
372 2231 413 2245 me·

231 2253 307 2273 thodus
318 2252 414 2275 traditur,

230 2285 311 2300 necnon

332 2279 414 2303 Pegula-

230 2312 258 2328 ris
269 2305 403 2330 Δίειὲςὶἶιιε.

423 1951 538 1986 electio
570 1952 760 1984 resolvatur.
794 1949 831 1982 Et
854 1948 948 1980 unius
983 1948 1162 1980 conventus

422 2005 552 2050 provisa
576 2006 720 2045 lectura,
753 2008 971 2047 prosequatur
999 2001 1037 2034 ad
1063 2000 1161 2034 alium

423 2061 482 2093 sub
508 2059 620 2092 eadem
644 2058 793 2091 formula.

466 2123 511 2146 v1.
531 2111 657 2144 Pariter
674 2110 906 2152 collegiaturac
925 2107 1083 2152 praedicti
1101 2107 1163 2140 col-

425 2165 503 2208 legii
521 2163 713 2198 Albanensis
739 2173 797 2206 per
822 2172 1015 2195 concursum
1041 2166 1072 2193 et
1090 2170 1163 2193 exa-

425 2229 499 2252 men
532 2217 781 2261 provideantur,
817 2215 937 2248 vocatis
962 2214 1048 2254 illis,
1083 2213 1160 2256 qui,

426 2273 553 2315 expleto
579 2270 721 2303 triennio
754 2269 950 2311 theologiae,
976 2266 1162 2300 testimonio

425 2327 581 2359 lectorum
608 2323 665 2354 sub
688 2332 824 2365 quorum
846 2320 1017 2364 disciplina
1036 2318 1164 2352 studue-

425 2384 513 2418 runt,
539 2376 603 2420 apti
629 2380 704 2407 sunt
730 2384 930 2413 concurrere,
953 2373 1006 2416 qui
1033 2371 1163 2415 quidem

425 2433 459 2466 in
487 2429 656 2475 praedicto
691 2428 831 2470 collegio
871 2428 956 2460 ultra
989 2426 1163 2459 triennium

425 2495 493 2520 non
517 2480 813 2519 commorabuntur,
831 2479 897 2518 sed,
915 2478 924 2495 ¹
951 2479 1092 2511 triennio
1111 2489 1164 2511 ex-

426 2540 527 2583 pleto,
541 2536 579 2569 ad
599 2535 739 2578 aliquem
753 2538 947 2566 conventum
963 2531 1059 2564 studii
1073 2532 1164 2564 theo·

425 2591 533 2634 legiae
559 2599 614 2622 seu
640 2585 870 2631 philosophiae
896 2584 977 2617 mitti
995 2590 1162 2628 poterunt,

463 2655 474 2681 1
498 2652 610 2680 Videtur
625 2650 719 2678 deesse
735 2658 782 2676 vox
798 2648 850 2684 qui
863 2648 902 2683 (n.
919 2646 968 2683 Τ.).

1202 1943 1430 1988 philosophico
1455 1942 1639 1974 traduntur.
1671 1940 1762 1974 Circa
1795 1940 1857 1974 alia
1887 1951 1943 1973 au—

1205 2003 1277 2037 tem,
1304 2006 1384 2040 quae
1410 1995 1449 2028 ad
1474 2005 1581 2028 mores
1606 1994 1798 2037 religiosos,
1835 1994 1944 2027 obser·

1203 2050 1342 2083 vantiam
1367 2048 1522 2091 regulae,
1550 2048 1674 2081 cultum
1710 2047 1872 2087 divinum,
1905 2057 1942 2081 ac

1204 2103 1408 2146 disciplinam
1434 2102 1619 2143 regularem
1645 2105 1803 2144 spectant,
1830 2110 1943 2133 execu-

1206 2156 1284 2190 tioni
1309 2154 1501 2188 mandentur
1526 2158 1645 2186 statuta
1670 2152 1857 2196 provinciae
1881 2162 1941 2196 pro

1205 2210 1288 2244 dicto
1315 2208 1454 2251 collegio
1480 2207 1579 2246 edita,
1605 2217 1707 2249 eaque
1733 2206 1944 2239 introducan-

1206 2270 1257 2297 tur
1282 2273 1365 2307 quae
1398 2271 1457 2305 pro
1483 2259 1579 2293 simili
1612 2260 1676 2292 alio
1701 2259 1842 2302 collegio
1867 2269 1943 2292 con-

1206 2319 1329 2351 firmata
1349 2315 1559 2349 inveniuntur
1575 2313 1605 2346 in
1621 2313 1711 2346 Brevi
1732 2319 1863 2346 sanctae
1878 2323 1943 2346 me-

1205 2371 1327 2404 moriae
1338 2367 1516 2402 Innocentii
1531 2366 1579 2407 XI,
1589 2365 1748 2399 Ecclesiae
1759 2365 1944 2400 Catholicae

1206 2423 1395 2468 incipiente,
1409 2422 1459 2455 die
1469 2431 1548 2454 xv111
1562 2418 1756 2463 septembris
1777 2429 1943 2453 iinccxxxv

1206 2477 1423 2522 promulgato.

1248 2541 1303 2564 vu.
1329 2529 1431 2562 Etiam
1461 2531 1685 2560 convenerunt
1709 2525 1867 2570 praedicti
1887 2536 1943 2570 pa-

1206 2642 1432 2675 conventuum,
1460 2633 1513 2677 qui
1529 2633 1758 2666 conventuales
1775 2633 1941 2675 dicuntur,

1969 2532 2064 2554 Tandem
2073 2537 2136 2559 pru·

1953 2560 2069 2580 dicatorum
2076 2564 2137 2586 prae·

1207 2591 1283 2623 tres,
1311 2583 1399 2626 quod
1423 2592 1483 2614 nec
1508 2580 1750 2623 praedicatores
1774 2590 1940 2623 praecipui
1953 2586 2062 2634 ssffgmm
2093 2586 2137 2608 0¹·-
