2254 3225
163 245 211 271 Λ11,
233 243 262 270 C.
282 242 349 270 1695

190 625 310 647 Exordium.

203 1738 271 1767 Causa

162 1768 246 1785 ClletllS.

394 231 458 266 680

398 290 430 324 S.
458 289 561 323 Marci
579 316 586 330 ,
611 299 684 322 cum
716 288 888 322 nonnullis
913 287 1090 321 ordinario-

400 341 527 377 nibus⁴.

538 431 734 461 Innocentius
755 431 832 464 Papa
851 430 914 459 ΧΠ,

478 478 515 505 ad
534 480 710 512 perpetuam
728 475 775 502 roi
793 474 973 501 memoriam.

402 559 447 592 Ad
466 557 637 602 pastoralis
653 556 818 600 dignitatis
836 554 1010 596 fastigium,
1026 554 1093 585 nul-

356 613 389 645 lo
413 612 491 645 licet
514 611 701 644 meritorum
720 614 902 642 nostrorum
929 606 1091 648 suffragio,

358 675 416 707 per
434 664 630 698 ineffabilem
656 662 780 694 divinae
798 659 974 703 sapientiae
995 664 1090 701 atque

358 717 510 751 bonitatis
527 710 757 749 abundantiam
776 714 885 753 evecti,
905 712 982 745 inid
1000 723 1093 756 prae-

360 771 454 814 cipue
479 768 634 812 peculiari
660 768 765 800 studio
786 767 974 809 summaque
994 765 1091 797 animi

357 824 563 857 contentione
604 820 839 859 incumbimus,
864 825 899 851 ut
935 829 1091 862 prospero

358 876 511 919 felicique
537 874 796 908 christifidelium
828 873 860 905 in
885 877 1006 904 sortem
1031 871 1092 904 Do-

356 930 434 963 mini
460 934 698 972 assumptorum
724 932 754 959 et
779 926 895 959 divinis
925 924 1090 968 obsequiis

357 983 415 1015 sub
442 982 527 1014 suavi
554 980 720 1024 religionis
746 979 821 1022 iugo
835 978 1090 1021 mancipatorum

356 1035 462 1075 statui,
488 1033 639 1077 regimini
665 1038 697 1065 et
713 1031 912 1076 progressui,
937 1035 1091 1073 quantum

356 1088 449 1121 nobis
477 1099 513 1120 ex
539 1088 602 1120 alto
629 1086 831 1124 conceditur,
850 1083 1021 1127 providere
1045 1083 1092 1114 iu-

356 1141 437 1184 giter
454 1146 659 1182 satagamus3
682 1149 718 1171 ac
734 1137 872 1181 proinde
895 1146 992 1169 novas
1012 1136 1093 1168 eius·

355 1193 443 1227 modi
469 1192 697 1235 religiosorum
712 1191 851 1223 virorum
866 1188 1092 1231 Congregatio-

354 1257 412 1279 nes
447 1256 507 1288 pro
543 1245 615 1277 data
639 1244 733 1276 nobis
765 1242 898 1276 caelitus
928 1246 1091 1285 potestate

355 1299 518 1331 interdum
534 1297 741 1335 instituimus,
757 1296 848 1335 sicut,
866 1305 1089 1338 personarum,

355 1353 512 1391 locorum,
539 1360 645 1382 rerum
672 1354 703 1382 et
728 1354 910 1391 temporum
937 1347 1093 1390 qualitati-

355 1406 416 1439 bus
435 1410 581 1437 maturae
601 1401 870 1436 considerationis
891 1401 1010 1433 trutina
1023 1411 1094 1443 per-

356 1458 480 1503 pensis,
496 1457 535 1490 ad
557 1455 793 1499 omnipotentis
814 1455 869 1487 Dei
888 1454 1034 1496 gloriam,
1053 1454 1091 1486 ad

356 1510 524 1554 religionis
548 1510 795 1548 incrementum,
822 1508 1092 1551 spiritualemque

358 1563 617 1599 christifidelium
644 1558 899 1595 aedificationem
925 1566 955 1594 et
980 1562 1094 1594 anima-

359 1629 432 1651 rum
456 1618 593 1650 salutem
618 1616 651 1648 in
675 1614 810 1648 Domino
836 1614 988 1658 expedire
1013 1614 1094 1647 arbi-

359 1676 494 1704 tramur.

402 1724 417 1767 ἓ
441 1722 473 1756 1.
502 1721 695 1764 Regularem
714 1721 822 1764 itaque
841 1719 1043 1763 disciplinam
1062 1720 1093 1753 in

357 1776 533 1821 provinciis
558 1775 768 1808 Lombardiae
798 1780 828 1807 et
852 1773 1015 1807 Roman&
1039 1774 1094 1807 Or-

358 1829 442 1864 dinis
478 1829 614 1861 fratrum
648 1828 907 1861 Praedicatorum
932 1827 1094 1860 custodire

357 1894 393 1917 ac
406 1893 609 1927 promovere,
627 1892 774 1925 eamque,
789 1892 864 1925 quo,
879 1881 917 1914 ad
931 1882 1094 1924 perfectae

357 1936 553 1970 maturitatis
578 1936 721 1978 frugem,
748 1934 936 1978 adspirante
962 1934 1093 1977 superni

359 1989 477 2023 favoris
503 1989 635 2027 auxilio,
659 1992 825 2031 provecta,
844 1987 1019 2020 Ecclesiam
1036 1986 1096 2019 Do—

357 2043 437 2076 mini
463 2041 671 2075 uberioribus
697 2041 729 2073 in
756 2040 823 2074 dies
840 2041 1000 2073 bonorum
1017 2050 1095 2083 ope-

358 2108 429 2131 rum
454 2096 610 2129 fructibus
635 2095 797 2135 laetificet,
822 2095 1014 2138 apostolicae
1039 2095 1095 2128 be-

358 2149 523 2192 nignitatis
560 2149 723 2182 favoribus
750 2149 922 2188 excolere,
948 2158 983 2180 ac
1009 2148 1094 2180 felici

358 2202 642 2245 infrascriptorum
668 2207 884 2234 conventuum
910 2201 1094 2233 earumdem

358 2255 598 2299 provinciarum
625 2255 823 2296 fratrumque
849 2253 881 2285 in
909 2253 954 2286 eis
975 2253 1096 2295 degen-

395 2326 405 2352 1
421 2325 451 2352 ln
463 2325 569 2352 constit.
580 2324 644 2351 edit.
656 2331 784 2356 sincxcui,
795 2323 837 2351 die
848 2324 882 2351 90
893 2324 1020 2357 octobris,
1033 2332 1097 2358 pon-

358 2371 398 2398 tif.
410 2377 450 2402 111,
465 2369 553 2405 agitur
573 2369 606 2396 de
625 2368 794 2395 studentibus
814 2368 1012 2403 provinciarum
1029 2368 1097 2395 Con-

358 2414 523 2451 gregationis
543 2414 571 2440 S.
587 2413 682 2446 Marci3
703 2413 730 2439 in
747 2416 831 2439 const.
853 2412 895 2439 ed.
913 2419 1037 2447 uncxevi,
1054 2413 1097 2439 die

359 2460 393 2487 23
408 2459 478 2493 iulii,
500 2457 595 2494 pontif.
616 2463 642 2491 v,
663 2456 696 2483 de
717 2456 848 2483 electione
864 2456 1013 2489 lectorum3
1030 2457 1095 2483 etin

360 2503 503 2533 Clementis
519 2502 550 2529 Xl
571 2505 657 2528 const.
671 2500 736 2527 edit.
760 2507 874 2531 uocem,
890 2500 933 2526 die
948 2500 977 2527 21
997 2502 1095 2535 martii,

361 2549 456 2585 pontif.
468 2554 506 2580 111,
517 2547 692 2574 confirmatur
703 2544 904 2571 dismembratio
919 2546 1096 2580 quorumdam

363 2593 557 2622 coenobiorum
576 2600 591 2617 a
613 2589 749 2626 provincia
770 2589 937 2615 Germaniae.

399 2638 415 2665 2
435 2637 504 2664 Edit.
523 2636 600 2663 illain.
618 2635 682 2670 legit
697 2635 846 2662 Romanae
866 2640 903 2669 (R.
921 2635 969 2669 T.).

932 236 1112 262 BULLARIUM
1137 236 1290 261 ROMANUM

1875 242 1924 269 An.
1941 242 1969 270 C.
1992 244 2057 272 ¹695

1132 286 1210 319 tium
1235 286 1330 320 statui
1356 291 1387 320 et
1412 287 1570 330 gubernio
1595 297 1630 321 ac
1662 288 1863 323 incremento

1133 339 1305 374 salubriter
1335 341 1506 374 consulere
1530 342 1711 385 cupientes,
1737 353 1862 376 necnon

1134 394 1318 427 eorumdem
1344 394 1477 427 fratrum
1501 394 1683 437 singulares
1709 406 1865 438 personas

1134 456 1152 477 a
1169 446 1332 488 quibusvis
1350 447 1708 488 excommunicationis,
1728 457 1867 492 suspen-

1135 498 1234 531 sionis
1260 504 1291 532 et
1315 499 1491 539 interdicti,
1519 499 1655 543 aliisque
1673 501 1867 534 ecclesiasti-

1135 551 1179 584 eis
1203 552 1386 592 sententiis,
1404 551 1548 585 censuris
1573 558 1605 585 et
1621 553 1744 595 poenis,
1764 564 1782 586 a
1797 554 1867 587 iure

1134 605 1184 637 vel
1221 605 1260 637 ab
1294 604 1442 645 homine,
1470 605 1581 648 quavis
1618 606 1787 639 occasione
1818 608 1868 640 vel

1134 658 1323 698 causalatis‚
1340 658 1365 690 si
1382 658 1496 701 quibus
1514 659 1759 701 quomodolibet
1776 659 1868 694 inno-

1135 711 1225 743 datae
1247 711 1398 752 existunt‚
1413 712 1451 744 ad
1476 712 1625 745 effectum
1650 714 1869 756 praesentium

1135 765 1299 797 dumtaxat
1335 765 1617 808 consequendum,
1644 766 1760 799 harum
1785 766 1868 800 serie

1135 818 1340 851 absolventes
1377 824 1408 851 et
1438 819 1600 851 absolutas
1637 819 1707 852 fore
1732 829 1868 853 censen-

1136 877 1192 911 tes,
1215 871 1253 904 do
1271 871 1504 904 venerabilium
1524 871 1660 904 fratrum
1680 877 1868 905 nostrorum

1135 925 1165 957 S.
1194 925 1229 957 R.
1257 925 1288 957 Ε.
1315 925 1526 957 cardinalium
1552 930 1582 958 et
1608 925 1801 959 dilectorum
1830 925 1868 958 fi-

1134 978 1248 1011 liorum
1267 978 1430 1010 Romanae
1448 977 1560 1010 Curiae
1578 979 1800 1021 praelatorum
1819 989 1870 1011 su-

1135 1042 1191 1074 per
1205 1030 1375 1073 disciplina
1389 1030 1729 1074 regularigspeeialiter
1743 1042 1759 1064 a
1773 1031 1867 1065 nobis

1135 1085 1360 1127 deputatorum
1386 1083 1536 1124 consilio,
1563 1094 1599 1116 ac
1623 1089 1712 1117 motu
1733 1085 1868 1127 proprio

1135 1143 1167 1170 et
1191 1147 1228 1170 ex
1252 1138 1338 1169 certa
1363 1137 1497 1169 scientia
1521 1147 1557 1169 ac
1574 1139 1698 1170 matura
1715 1137 1870 1170 delibera-

1135 1190 1223 1223 tione
1242 1189 1373 1230 nostris,
1391 1189 1496 1232 deque
1512 1189 1711 1232 apostolicae
1729 1195 1870 1233 potesta-

1136 1243 1174 1276 tis
1197 1243 1419 1286 plenitudine,
1451 1247 1627 1275 eonventus
1663 1242 1694 1275 S.
1730 1242 1868 1275 Sabinae
1916 1255 1989 1285 nit-iae
2006 1255 2063 1284 1111111

1136 1290 1192 1329 de'
1211 1295 1314 1336 Urbe,
1341 1296 1372 1329 S.
1404 1295 1561 1328 Dominiei
1595 1287 2063 1338 Ravennatensis,Pn‘fltflss'i‘iu'ssssssi

1135 1349 1166 1382 S.
1192 1349 1348 1382 Dominiei
1381 1348 1619 1389 Ferrariensis,
1646 1349 1677 1382 S.
1711 1336 2064 1386 Dominiciftss'ss'ssssowltlssi

1136 1403 1273 1436 civitatis
1288 1402 1317 1435 S.
1332 1402 1485 1441 Severini,
1500 1402 1530 1435 S.
1547 1402 1655 1435 Crucis
1671 1408 1701 1435 et
1718 1402 1868 1435 Omnium
1881 1389 1940 1408 ¹¹⁰⁰*

1135 1456 1324 1489 Sanctorum
1355 1455 1466 1497 oppidi
1499 1455 1614 1487 Boscbi
1647 1455 1870 1495 Dertonensis‚

1136 1515 1167 1541 et
1198 1508 1228 1541 S.
1257 1507 1449 1541 Catharinae
1484 1508 1596 1551 oppidi
1626 1518 1682 1540 seu
1710 1508 1774 1541 loci
1803 1508 1871 1540 Tri-

1136 1561 1202 1594 dini
1228 1559 1404 1595 Casalensis
1423 1560 1599 1604 respective
1615 1560 1786 1601 dioecesis,
1806 1561 1871 1604 pri-

1135 1615 1317 1654 modictae,
1340 1624 1467 1646 necnon
1496 1613 1526 1646 S.
1559 1614 1653 1646 Marci
1681 1614 1871 1655 Florentini,

1136 1668 1165 1704 S.
1184 1667 1340 1700 Dominiei
1366 1667 1527 1707 Fesulani‚
1547 1672 1578 1700 et
1595 1667 1741 1700 eiusdem
1759 1668 1790 1700 S.
1813 1668 1873 1700 Do-

1136 1721 1244 1753 miniei
1263 1720 1396 1752 civitatis
1418 1721 1448 1752 S.
1469 1719 1616 1761 miniatis,
1638 1731 1674 1752 ae
1692 1719 1872 1763 hospitium

1136 1773 1267 1806 Liburni
1294 1772 1478 1805 pisanensis
1503 1773 1663 1806 dioecesis
1679 1800 1686 1814 ‚
1714 1774 1874 1807 secundo-

1137 1827 1238 1860 dictae
1264 1826 1443 1869 respective
1469 1826 1722 1868 provinciarum,
1747 1837 1874 1861 eorum-

1137 1890 1198 1923 que
1213 1880 1327 1911 fratres
1347 1885 1544 1922 etpersonas
1559 1889 1784 1923 quascumque,
1801 1891 1873 1913 eum

1137 1934 1288 1966 omnibus
1316 1938 1347 1965 et
1371 1933 1508 1975 singulis
1540 1933 1671 1966 illorum
1699 1934 1872 1975 membris,

1137 1987 1261 2019 iuribus
1280 1990 1311 2019 et
1326 1985 1530 2028 pertinentiis
1545 1985 1713 2026 universis,
1731 1986 1769 2019 ab
1788 1987 1873 2019 omni

1138 2047 1378 2083 etquaeuinque
1391 2038 1626 2079 iurisdictione,
1637 2039 1874 2082 superioritate,

1138 2093 1353 2132 correctione,
1379 2092 1571 2131 visitatione,
1596 2092 1774 2135 regimine,
1800 2095 1875 2126 eura

1138 2153 1170 2181 et
1193 2145 1352 2190 gubernio
1378 2145 1572 2178 dilectorum
1592 2145 1733 2178 filiorum
1747 2147 1876 2179 moder·

1137 2210 1252 2234 norum
1278 2204 1310 2232 et.
1325 2209 1383 2242 pro
1404 2204 1550 2242 tempore
1564 2198 1772 2231 existentium
1790 2200 1875 2243 prio-

1138 2265 1209 2287 rum
1244 2252 1493 2296 provincialium
1530 2252 1719 2285 earumdem
1743 2253 1874 2295 provin-

1139 2307 1260 2340 ciarum
1279 2333 1286 2346 ‚
1312 2311 1375 2338 tam
1400 2306 1434 2338 in
1465 2305 1687 2348 spiritualibus
1718 2316 1816 2349 quam
1841 2306 1874 2340 in

1140 2359 1385 2403 temporalibus,
1418 2364 1529 2391 tenore
1554 2359 1775 2402 praesentium
1800 2370 1875 2403 per-

1138 2419 1238 2458 petuo
1259 2412 1429 2446 eximimus
1455 2416 1488 2445 et
1512 2412 1659 2455 plenarie
1683 2413 1872 2447 liberamus.

1183 2467 1198 2510 g
1222 2466 1253 2498 2.
1280 2466 1434 2508 Ipsosque
1456 2470 1632 2498 conventus
1658 2465 1689 2498 in
1716 2467 1795 2499 duas
1817 2478 1876 2500 no-
1911 2474 1962 2495 nem
1987 2474 2069 2499 erit-un-

1284 2519 1289 2524 .
1433 2518 1438 2523 .
1478 2517 1484 2523 .
1804 2521 1809 2526 ,
1886 2504 1919 2522 tur
1948 2503 1967 2522 tn
1999 2501 2068 2522 dicias

1139 2530 1213 2559 vas,
1242 2529 1379 2562 primam
1408 2528 1559 2551 nlmlt·um
1584 2519 1643 2551 sub
1675 2519 1705 2552 S.
1737 2519 1874 2554 Sabinae
1886 2528 2068 2557 duascongrega-

1886 2557 1953 2574 nones
1997 2561 2069 2574 unme-

1139 2573 1306 2616 utriusque
1332 2572 1568 2612 Lonibardiae,
1596 2573 1771 2606 secundam
1796 2581 1938 2610 vero<1³¹e⁴
1961 2580 2069 2601 subiet-tas

1886 2608 1985 2630 magistro
1997 2608 2028 2627 vet
2041 2608 2069 2627 vi-

1141 2627 1199 2659 sub
1224 2626 1255 2659 S.
1282 2625 1376 2658 Marci
1406 2625 1569 2659 Romanae
1597 2627 1779 2670 respective
1799 2634 2060 2671 pro-cariosuuerah-
