2254 3225
182 172 233 198 Λη.
251 172 279 201 c.
302 175 368 204 1695
415 170 478 204 ’.706

185 551 253 573 eausa
265 553 353 578 decreti.
399 550 576 595 §1.Nupe1·
591 564 649 596 per
663 554 954 599 Congregationem
970 563 1107 595 nonnul-

419 228 674 271 Capuccz'norum
689 235 723 267 in
738 237 848 279 reqnis
860 238 1112 283 Hispaniarum,
1132 242 1135 263 ³

416 281 591 318 Sardiniae
615 292 643 319 et
661 288 839 324 illaioricae
859 292 893 326 iu
915 294 1113 336 delinitoriis

412 336 674 376 provincialibus
688 340 709 374 ¹.

544 427 740 458 Innocentius
760 433 841 467 Papa
854 434 909 462 XII
922 457 929 468 ,

509 472 546 498 ad
565 473 699 502 futuram
723 477 768 503 rei
787 480 968 507 memoriam.

365 604 469 636 lorum
495 606 728 639 venerabilium
758 609 891 643 fratrum
922 618 1127 659 nostrorum:

364 655 476 689 S.R.E.
493 659 712 699 cardinalium,
725 672 741 693 a
756 663 851 695 nobis
866 665 1105 706 particulariter

363 709 592 752 deputatorum
612 719 754 756 accepto,
771 716 857 758 quod
872 728 908 749 ex
926 719 1103 753 abolitione

363 761 575 796 discretorum
612 768 875 801 conventualium
911 771 988 803 olim
1026 773 1125 820 eligi3

362 821 591 849 consuetorum
624 829 684 860 pro
717 821 866 863 capitulis
897 824 1123 867 provinciali-¹

360 865 421 899 bus
438 869 678 910 provinciarum
696 872 727 904 in
745 875 856 916 regnis
873 876 1101 919 Hispaniarum

360 920 578 961 existentium,
604 933 731 957 necnon
756 926 924 961 Sardiniae
950 935 982 962 et
1002 930 1101 964 Maio-

357 972 455 1012 ricae,
473 974 602 1008 Ordinis
627 976 761 1010 fratrum
779 979 937 1014 Minorum
953 982 985 1015 S.
1000 983 1100 1016 Fran·
1119 1006 1121 1016 1

356 1026 431 1058 cisci
456 1026 710 1070 Capuccinorum
737 1038 1006 1076 nuncupatorum,
1029 1047 1119 1072 nec-s

355 1088 421 1110 non
447 1089 483 1111 ex
505 1081 738 1124 subrogatione
764 1095 876 1118 eorum
899 1087 972 1121 loco
990 1095 1117 1123 custo-¹

355 1130 431 1163 dum
468 1137 501 1164 et
540 1134 804 1170 exministrorum
845 1140 1117 1186 provincialium,

354 1183 614 1219 immediatorum
651 1189 792 1232 ipsarum
830 1188 1116 1237 provinciarum?

353 1246 433 1278 quas
459 1248 517 1271 nos
541 1250 607 1272 non
632 1241 675 1274 ita
701 1243 827 1285 pridem
851 1246 890 1278 de
911 1246 1113 1292 Congreget-³

353 1289 449 1322 tionis
476 1291 660 1326 huiusmodi
687 1296 824 1330 consilio
849 1309 909 1341 per
933 1303 1090 1343 quasdam

350 1348 476 1375 nostras
508 1343 541 1376 in
575 1346 673 1380 simili
707 1348 807 1382 forma
831 1351 941 1385 Brevis
966 1353 1090 1389 litteras

350 1394 527 1429 feceramus
543 1424 550 1437 ‚
589 1405 694 1432 ortum
730 1402 836 1436 suerat
879 1405 1011 1439 dubium
1049 1419 1088 1441 an

349 1449 499 1482 custodes
525 1456 555 1483 ct
581 1453 761 1487 exministri
793 1458 1010 1499 provinciales
1031 1462 1088 1494 1111-

347 1500 486 1534 iusmodi
512 1510 619 1537 votum
645 1506 768 1540 babere
789 1509 950 1544 deberent
973 1513 1005 1544 in
1032 1514 1087 1547 de·
1107 1506 1109 1544 1

346 1552 499 1588 iinitoriis
532 1559 719 1592 earumdem
754 1563 1006 1606 provinciarum,
1035 1569 1106 1614 vel¹

345 1608 455 1649 potius
470 1608 501 1640 in
516 1610 592 1642 solis
605 1611 825 1647 functionibus
842 1617 1083 1662 capitularibus;

342 1670 404 1702 pro
431 1661 651 1696 declaratione
677 1665 763 1698 dubii
791 1667 976 1703 huiusmodi
1002 1683 1105 1709 ema,

344 1713 429 1745 navit
455 1714 493 1746 ab
519 1716 631 1748 eadem
650 1716 912 1762 Congregatione
937 1724 1104 1797 cardina-f

342 1765 421 1797 lium
447 1767 612 1801 decretum
638 1771 757 1804 tenoris
786 1773 839 1816 qui
865 1776 1020 1818 sequitur,
1039 1779 1082 1811 vi-

342 1818 460 1851 delicet
477 1830 483 1851 :
517 1833 530 1851 α
552 1821 647 1854 Sacra
665 1822 884 1867 Congregatio
910 1830 1081 1870 particula·
1099 1835 1102 1876 j

341 1870 386 1902 ris
417 1872 746 1909 eminentissimorum
779 1883 812 1910 et
846 1882 1101 1916 reverendissi-i

314 1934 465 1957 ‘morum
511 1926 717 1961 dominorum
763 1932 977 1967 cardinalium
1020 1930 1101 1981 per}

338 1977 575 2012 sanctissimum
602 1980 768 2016 dominun]
805 1992 952 2020 nostrum
977 1989 1078 2033 depu-

338 2035 402 2063 tata
427 2033 552 2065 censuit
586 2044 622 2066 ae
647 2035 844 2079 declaravit,
869 2042 1020 2076 custodes
1046 2050 1077 2077 et
1098 2048 1099 2051 ’

337 2084 544 2118 exministros
570 2088 786 2130 provinciales
803 2091 1018 2136 immediatos,
1031 2097 1076 2129 vi-
1096 2115 1097 2121 1

335 2146 414 2177 gore
445 2138 593 2172 Brevium
631 2140 670 2174 de
708 2143 827 2184 quibus
852 2145 980 2188 agitur,
1009 2149 1097 2183 non?

335 2189 457 2222 habere
482 2201 593 2224 vocem
615 2193 647 2224 in
675 2194 867 2230 delinitoriis
893 2200 1075 2242 provincia-

334 2242 427 2282 libus,
454 2243 510 2276 sed
535 2246 640 2277 solum
673 2246 705 2279 in
731 2249 903 2292 capitulis:
941 2263 977 2286 ac
1000 2265 1074 2297 pro-

369 2307 380 2330 1
404 2304 496 2332 Const.
517 2305 581 2332 edit.
603 2314 735 2341 uncxein,
763 2311 806 2337 die
827 2312 860 2339 29
880 2314 982 2349 martii,
1002 2324 1071 2350 pon-

331 2347 372 2375 tif.
392 2355 421 2380 11,
441 2349 563 2384 abrogati
582 2350 660 2378 suere
680 2352 808 2387 discreti;
831 2360 857 2382 et
877 2358 982 2385 constit.
1005 2359 1068 2388 edit.

332 2399 461 2426 nncxcui,
483 2393 526 2420 die
548 2394 580 2420 12
599 2396 772 2432 septembris,
802 2400 898 2433 pontif.
920 2408 956 2435 111,
974 2403 1071 2431 subro-

330 2438 384 2471 gati
404 2437 481 2465 fuere
500 2439 626 2466 custodes
647 2443 674 2466 et
697 2442 855 2470 exministri.
876 2444 904 2471 ln
926 2445 1070 2475 Clementis

329 2490 391 2510 vero
410 2483 445 2509 xi
464 2484 572 2510 constit.
593 2485 637 2511 ed.
657 2492 746 2520 ripaei,
763 2487 806 2513 die
822 2488 856 2515 28
871 2491 988 2524 augusti,
1002 2500 1068 2527 pon-

330 2526 369 2552 tif.
391 2533 408 2559 1,
425 2527 591 2563 abrogantur
610 2529 721 2557 discreti
741 2531 766 2557 in
786 2532 924 2567 provincia
939 2534 1067 2565 flandro-

329 2569 443 2604 belgica.

941 193 1121 218 BL'LLARIUM
1146 195 1299 222 ROMANUM

1153 251 1265 286 pterea
1289 246 1523 291 iniungendum
1557 252 1677 284 nuncio
1709 253 1888 295 apostolico

1152 297 1392 341 Hispaniarum,
1418 307 1579 344 quatenus
1612 303 1657 337 ita
1692 305 1809 348 exequi
1835 318 1889 339 cu-

1150 355 1212 382 ret.
1240 351 1373 393 Romae,
1391 364 1464 387 xxlv
1483 356 1589 388 martii
1606 366 1748 391 nincxcv.
1778 378 1820 381 Q
1849 358 1885 392 G.

1150 403 1324 438 cardinalis
1348 405 1536 440 CAnPiifflcs.
1568 409 1604 442 A.
1633 410 1813 445 Amol-ms
1837 423 1888 445 sc-

1149 456 1302 489 cretarius
1328 469 1358 490 1).

1192 507 1206 550 ἓ
1232 507 1262 541 ⁶2.
1286 509 1362 542 Cum
1388 516 1505 552 autem,
1533 512 1614 545 sicut.
1637 525 1697 557 pro
1724 522 1813 558 parte
1840 529 1885 550 ca-

1147 559 1267 593 rissimi
1293 562 1325 594 in
1350 562 1479 597 Christo
1501 565 1558 598 filii
1583 568 1687 600 nostri
1712 569 1816 603 Caroli
1834 572 1885 604 tli-

1147 613 1332 655 spaniarum
1357 617 1441 658 regis
1467 618 1620 653 catholici
1646 632 1705 664 per
1730 623 1885 658 dilectum

1146 665 1248 698 silium
1266 667 1409 701 nobilem
1426 670 1529 703 virum
1550 673 1742 707 modernum
1770 677 1884 710 ducem

1146 717 1184 750 de
1210 718 1430 761 Medinacaeli,
1447 722 1548 765 ipsius
1572 724 1676 759 Caroli
1696 728 1780 770 regis
1799 731 1883 773 apud

1145 780 1204 803 nos
1223 778 1253 803 et
1267 772 1382 805 Sedem
1402 775 1618 818 Apostolicam
1637 785 1807 822 oratorem,
1827 793 1884 815 no-

1144 823 1192 856 bis
1209 825 1346 858 subinde
1365 828 1547 871 expositum
1565 830 1632 871 fuit,
1648 832 1733 866 idem
1748 834 1883 870 C:·1·olus

1142 887 1196 910 rex
1221 879 1407 921 praemissa,
1426 892 1490 924 quo
1508 883 1629 918 firmius
1655 887 1833 921 subsistant
1851 895 1882 923 ct

1141 935 1310 966 serventur
1345 935 1498 976 exactius,
1530 939 1726 980 apostolicae
1763 943 1879 975 contir-

1141 983 1290 1017 mationis
1315 992 1444 1020 nostrae
1470 991 1653 1031 patrocinio
1686 995 1879 1029 communiri

1139 1045 1347 1081 summopere
1383 1039 1569 1075 desideret:
1597 1053 1674 1084 nos,
1700 1045 1763 1089 piis
1800 1047 1878 1081 dicti

1138 1087 1242 1123 Caroli
1268 1091 1354 1133 regis
1378 1093 1459 1126 votis
1496 1094 1557 1127 hac
1591 1095 1624 1128 in
1650 1107 1696 1137 re,
1723 1105 1877 1142 quantum

1137 1150 1208 1174 cum
1226 1142 1362 1177 Domino
1380 1155 1559 1188 possumus,
1577 1148 1797 1184 favorabiliter
1821 1164 1877 1186 an-

1135 1204 1237 1228 nuere
1275 1197 1433 1239 volentes,
1460 1200 1756 1243 supplicationibus
1792 1206 1875 1240 eius-

1135 1247 1208 1280 dem
1233 1248 1336 1282 Caroli
1361 1251 1448 1293 regis
1478 1253 1613 1287 nomine
1649 1256 1744 1290 nobis
1775 1268 1874 1302 super

1133 1300 1197 1334 hoc
1217 1302 1387 1337 humiliter
1403 1307 1564 1348 porrectis
1584 1308 1742 1351 inclinati,
1762 1312 1874 1347 decre-

1132 1359 1198 1387 tum
1216 1356 1466 1400 praeinsertum,
1477 1361 1668 1396 auctoritate
1687 1366 1870 1408 apostolica,

1132 1413 1244 1441 tenore
1261 1412 1496 1452 praesentium,
1515 1415 1732 1457 approbamus
1750 1423 1781 1450 et
1796 1430 1871 1452 con-

1129 1460 1301 1502 firmamus,
1321 1463 1434 1506 illique
1452 1465 1648 1500 inviolabilis
1668 1472 1867 1512 apostolicae

1127 1512 1286 1547 firmitatis
1310 1516 1411 1548 robur
1435 1517 1614 1560 adiicimus‚
1637 1532 1673 1554 ac
1698 1533 1810 1556 omnes
1836 1531 1866 1558 ct

1127 1566 1272 1609 singulos
1297 1568 1376 1601 iuris
1403 1574 1435 1601 et
1460 1570 1532 1604 sacti
1563 1573 1721 1614 desectus,
1752 1577 1777 1608 si
1809 1578 1864 1620 qui

1126 1619 1266 1663 desuper
1315 1623 1565 1664 quomodolibet
1607 1626 1862 1670 intervenerint,

1124 1674 1328 1716 supplemus.

1168 1726 1182 1768 ξ
1205 1725 1236 1759 3.
1263 1727 1491 1770 &cernentes
1511 1732 1642 1766 easdem
1671 1742 1862 1777 praesentes

1122 1779 1249 1812 litteras
1275 1791 1404 1824 semper
1420 1782 1540 1825 sirmas,
1554 1786 1677 1820 validas
1703 1794 1734 1821 et
1755 1790 1859 1824 effica-

1122 1843 1176 1865 ces
1200 1833 1337 1867 existere
1363 1841 1393 1868 et
1418 1836 1494 1876 sore,
1529 1849 1671 1883 suosque
1696 1843 1861 1884 plenarios

1122 1892 1154 1917 et
1177 1885 1323 1928 integros
1349 1887 1485 1922 effectus
1510 1891 1619 1924 sortiri
1645 1898 1678 1925 et
1701 1894 1859 1937 obtinere,

1119 1949 1155 1971 ac
1173 1939 1249 1980 illis,
1275 1940 1315 1973 ad
1342 1952 1424 1984 quos
1440 1949 1565 1986 spectat
1584 1951 1614 1978 et
1631 1957 1690 1989 pro
1711 1952 1858 1992 tempore

1119 1993 1390 2037 quandocumque
1416 1997 1585 2038 spectabit,
1602 1999 1635 2031 in
1660 2001 1810 2035 omnibus
1827 2009 1859 2036 et

1117 2055 1177 2087 per
1208 2046 1316 2079 omnia
1341 2048 1531 2089 plenissime
1557 2051 1739 2094 suffragari,
1762 2059 1794 2087 et
1818 2056 1856 2088 ab

1116 2097 1180 2130 illis
1206 2100 1383 2141 respective
1408 2101 1638 2136 iuviolabiliter
1664 2105 1853 2149 observari,

1116 2151 1227 2194 sicque
1263 2152 1296 2184 in
1321 2153 1507 2195 praemissis
1544 2166 1604 2198 per
1629 2168 1854 2203 quoscumque

1116 2203 1242 2237 iudices
1276 2206 1459 2239 ordinarios
1485 2213 1515 2240 et
1541 2209 1731 2252 delegatos,
1757 2214 1852 2246 etiam

1115 2267 1280 2290 causarum
1298 2259 1407 2301 palatii
1423 2261 1592 2303 apostolici
1610 2263 1786 2305 auditores,
1804 2266 1853 2298 iu—

1114 2309 1214 2342 dicari
1239 2315 1270 2343 et
1294 2311 1420 2345 definiri
1448 2313 1580 2355 debere,
1607 2325 1644 2349 ac
1665 2316 1793 2350 irritum
1819 2325 1852 2352 et

1112 2362 1226 2403 inane,
1253 2363 1279 2396 si
1304 2374 1396 2398 secus
1429 2376 1528 2409 super
1552 2367 1604 2400 his
1630 2379 1647 2401 a
1672 2379 1850 2414 quoquam,

1112 2416 1222 2459 quavis
1248 2418 1452 2459 auctoritate,
1473 2420 1614 2454 scienter
1630 2423 1680 2455 vel
1698 2422 1849 2466 ignoran-

1111 2473 1172 2510 ter,
1200 2470 1372 2513 contigerit
1395 2474 1558 2506 attentari.

1153 2522 1168 2565 g
1192 2521 1223 2554 4.
1250 2522 1407 2560 Quocirca
1431 2526 1607 2559 venerabili
1633 2527 1722 2561 fratri
1739 2529 1845 2564 Fride-

1108 2573 1174 2607 rico
1208 2575 1452 2621 archiepiscopo
1490 2578 1749 2623 Mediolanensi,
1779 2594 1844 2618 mo-

1897 206 1944 232 An.
1963 205 1995 236 C„
2013 208 2080 234 too-'2

1943 529 2079 554 Confirmatio

1895 556 1956 576 relati
1971 559 2060 580 dcci-uu.

1899 1744 2020 1769 clausulae.

1899 2534 2040 2560 Commiuiiur

1855 2566 1960 2585 executio.
