2254 3225
191 238 239 263 An.
259 237 287 264 C.
313 236 373 263 1691

426 226 488 262 ΨΜ)
960 239 1138 264 numium
1163 238 1315 263 noum-cu

385 286 522 319 eeclesia
547 292 618 330 post
643 287 851 326 offertorium,
872 287 937 320 sive
962 288 995 320 in
1020 287 1119 320 choro

384 344 439 371 aut
469 339 649 382 capitulo),
675 341 893 373 constituatur
925 351 941 373 a
966 340 1118 382 magistro

383 391 518 434 genibus
543 393 632 425 flexis
658 399 731 426 ante
757 394 956 436 praelatum,
984 393 1034 426 cui
1060 394 1118 425 sub

384 446 726 481 excommunicationis
766 447 924 479 sententia
962 445 1119 488 praeeipi-

383 507 464 537 mus,
490 504 534 539 ut,
549 498 636 542 prius
661 509 754 541 quam
773 499 812 532 ab
829 508 867 532 eo
888 498 1026 532 novitius
1044 508 1119 541 pro-

382 551 558 584 fessionem
583 558 615 584 et
638 557 707 584 vota
732 552 892 595 suscipiat,
918 552 1118 593 singulorum

385 604 598 637 substantiam
631 611 661 637 et
694 605 823 637 vincula
847 605 874 637 ei
901 605 1042 646 graviter
1067 614 1120 636 ex-

383 662 505 699 ponat:
531 657 608 699 quid
635 667 750 700 nempe
767 658 857 691 illum
875 657 996 699 obliget
1011 662 1118 689 votum

384 708 605 748 obedientiae,
631 710 829 752 paupertatis
853 715 883 742 et
907 708 1069 747 castitatis,
1089 714 1120 741 et

384 761 559 804 praecipue
586 767 735 803 quartum
751 762 888 804 speciale
907 762 1009 794 nostri
1030 761 1120 794 Ordi-

386 813 451 852 nis,
479 823 515 846 ex
540 813 715 846 visceribus
743 814 970 857 primaevaque
995 813 1120 846 institu-

385 865 473 898 tione
499 866 602 908 ipsius
628 876 803 905 emanans,
837 866 865 898 vi
891 866 983 898 euius
1005 866 1120 898 fratres

384 918 484 950 nostri
509 918 655 951 absolute
680 918 869 961 promittunt
887 918 1047 952 redimere
1072 928 1120 951 ca-

384 970 502 1014 ptivos,
527 976 559 1004 et
582 971 716 1004 ulterius
741 976 771 1003 et
796 980 897 1013 aeque
914 971 1060 1005 absolute
1085 981 1118 1003 se

384 1024 511 1057 tradere
536 1023 567 1055 in
593 1024 710 1066 pignus
735 1029 766 1056 et
791 1032 1012 1066 quaecumque
1037 1023 1119 1056 vitae

385 1074 572 1108 discrimina
608 1085 666 1117 pro
698 1075 958 1119 periclitantibus
991 1075 1022 1107 in
1046 1075 1118 1115 fide,

384 1137 463 1169 quos
499 1127 562 1159 iani
597 1133 732 1169 argento
767 1128 817 1160 vel
854 1136 930 1160 auro
956 1128 1118 1162 redimere

383 1189 449 1212 non
474 1179 653 1222 potuerint.

428 1242 462 1265 11.
494 1232 569 1265 Post
604 1233 683 1265 haec
720 1233 817 1266 debet
852 1234 897 1266 itti
934 1238 1118 1276 proponere

384 1284 491 1317 omnia
506 1285 710 1318 incommoda
725 1291 756 1318 et
773 1287 962 1329 asperitates
979 1285 1118 1325 Ordinis,

384 1337 533 1380 quodque
559 1348 611 1370 eas
637 1338 809 1371 observare
835 1339 939 1377 debet,
966 1344 1061 1381 prout
1087 1339 1119 1370 in

384 1389 668 1422 constitutionibus
693 1391 884 1424 continetur.
920 1390 1040 1428 Quibus
1075 1391 1121 1423 sie

384 1441 547 1484 expositis,
574 1442 754 1485 interroget
792 1444 1013 1486 professurum
1032 1469 1039 1482 ‚
1082 1453 1120 1475 an

385 1493 465 1536 ipse,
481 1494 565 1527 bene
590 1495 775 1538 perpensis,
804 1496 903 1538 eligat
927 1495 1032 1538 potius
1056 1506 1121 1528 ma-

384 1556 464 1579 nere
489 1547 520 1579 in
546 1547 717 1590 religione,
755 1558 850 1591 quam
885 1548 923 1581 ad
958 1550 1121 1581 saeculum

385 1599 519 1638 reverti,
553 1610 616 1642 quo
641 1608 868 1641 asseverante,
895 1606 1007 1644 surgat
1030 1612 1122 1644 prae-

385 1652 466 1683 latus
490 1651 601 1685 dicens
619 1664 624 1684 :
644 1653 803 1686 Dominus¹
820 1654 879 1696 qui
901 1655 1028 1696 incepit,
1055 1654 1122 1696 ipse

384 1703 549 1745 perficiam
572 1710 602 1737 et
621 1705 733 1738 fratres
750 1707 983 1749 respondeant:
1001 1707 1117 1739 Amen.

385 1758 497 1791 Postea
521 1769 596 1791 vero
621 1759 709 1792 illum
733 1766 827 1793 exuat
851 1761 988 1803 caputio,
1019 1763 1120 1804 cappa

385 1816 417 1842 et
444 1811 624 1853 scapulario
654 1812 712 1845 sub
739 1813 788 1845 liis
808 1813 916 1846 verbis
933 1824 940 1845 ·.
959 1814 1066 1846 Evilat
1093 1819 1120 1846 te

384 1861 469 1897 Deus
493 1863 590 1896 veleri
615 1863 743 1897 homine
774 1876 845 1897 cum
871 1867 1019 1898 omnibus
1044 1867 1120 1898 acli-

386 1915 442 1946 bus
466 1916 551 1955 suis,
578 1921 608 1948 et
628 1917 745 1950 chorus
763 1919 972 1961 respondeat:
1000 1920 1115 1952 Arnen.

386 1966 432 1999 Ad
453 1967 533 2000 haec
557 1967 690 2011 insuper
706 1969 966 2004 benedictionem
990 1971 1118 2004 habitus

386 2018 417 2052 in
443 2019 527 2053 hane
551 2020 683 2054 formam
708 2023 884 2057 adhibeat:

425 2071 458 2111 Χ.
482 2071 606 2103 Ostende
627 2073 722 2111 nobis,
742 2074 872 2112 Domine,
888 2076 1119 2106 misericordiam

387 2124 475 2157 tuam,
742 2142 747 2145 -

425 2170 458 2208 ΒΚ
482 2169 515 2199 Et
536 2170 663 2200 salutare
686 2174 766 2200 tuum
790 2172 824 2201 da
849 2172 943 2202 nohis.

426 2216 459 2256 γέ.
481 2216 613 2253 Domine,
629 2219 731 2249 exaudi
754 2221 913 2250 orationem
931 2229 1036 2260 meam,

426 2267 459 2304 15'.
483 2265 516 2296 Et
536 2266 644 2296 clamor
667 2276 747 2297 meus
769 2268 803 2297 ad
825 2272 852 2298 te
875 2269 982 2298 veniat.

1161 286 1195 316 ad
1216 285 1400 316 innocentiae
1421 288 1449 315 et
1471 284 1632 315 sanctitatis
1654 284 1794 316 indicium
1818 283 1894 315 serre

1161 340 1342 373 sanxerunt,
1365 335 1404 364 ita
1434 333 1508 366 bene
1528 336 1546 371 †
1567 334 1662 364 dicere
1690 334 1819 373 digneris
1833 358 1840 372 ‚
1863 338 1896 364 ut

1161 383 1209 422 qui
1233 383 1286 413 hoc
1309 392 1377 412 usus
1409 383 1508 419 suerit,
1533 386 1560 412 te
1582 383 1704 413 induere
1722 386 1892 413 mereatur:

1160 431 1214 467 Qui
1230 431 1304 461 viris
1326 435 1354 461 et
1376 440 1492 469 regnas,
1515 435 1571 461 etc.

1204 489 1326 523 Deinde
1366 494 1558 532 aspergatur
1596 490 1677 532 aque
1710 489 1892 523 benedicta.

1161 541 1247 574 Tunc
1277 541 1365 574 flexis
1394 541 1531 584 genibus
1563 542 1700 574 novitius
1732 547 1781 575 ter
1812 541 1897 575 dicat

1162 595 1249 627 hunc
1265 604 1388 627 versum
1401 605 1407 625 z
1419 593 1548 637 Sitscipe
1564 604 1623 634 me,
1636 594 1781 635 Domine,
1792 605 1898 628 secun-

1162 647 1235 681 dum
1262 647 1428 690 eloquium
1458 651 1562 686 tinam,
1589 651 1618 680 el
1642 647 1758 687 vivam,
1785 652 1814 680 et
1835 658 1899 681 non

1162 699 1341 743 confundus
1366 710 1413 732 me
1437 699 1474 733 ab
1499 700 1716 743 expectatione
1746 702 1826 734 mezi.
1861 701 1900 734 Et

1164 757 1211 784 ter
1242 752 1436 794 respondeat
1461 757 1661 785 conventus:
1686 751 1899 796 Suscepimus,

1162 803 1256 844 Deus,
1275 803 1533 836 misericordiam
1553 808 1642 836 tuam
1659 805 1695 836 in
1711 804 1814 838 medio
1829 809 1900 838 lem-

1161 855 1212 899 pli
1238 856 1298 888 tui.
1321 855 1433 890 Gloria
1451 856 1558 896 Patri,
1578 860 1634 889 etc.
1655 855 1770 890 Postea
1787 857 1901 891 induat

1163 918 1235 940 eum
1249 907 1409 950 praelatus
1424 908 1564 941 vestibus
1579 908 1766 949 benedictis,
1778 909 1899 943 dicens:

1162 960 1236 1003 Eyo,
1252 961 1443 993 aztctorz‘tate
1456 961 1583 994 domini
1599 962 1703 994 nostri
1718 962 1791 995 Iesu
1811 962 1900 996 Cleri-

1162 1013 1214 1052 εἰτ’,
1251 1017 1278 1045 el
1309 1014 1483 1046 atiloritute
1505 1014 1732 1056 Apostolorum
1757 1015 1849 1047 Petri
1872 1019 1901 1047 el

1164 1063 1274 1103 Pauli,
1311 1069 1339 1097 el
1374 1066 1565 1098 sizo-torilule
1600 1065 1637 1098 ab
1664 1065 1785 1099 Ordine
1816 1067 1901 1099 mihi

1163 1117 1344 1156 commissa,
1367 1117 1406 1149 (Io
1433 1118 1491 1149 tibi
1516 1118 1661 1152 habitum
1684 1119 1901 1161 professorum

1165 1166 1298 1202 Ordinis
1321 1170 1433 1202 nostri.
1450 1170 1490 1202 Ιη
1511 1171 1640 1202 nomine
1660 1171 1783 1211 Patris,
1800 1175 1826 1204 et
1845 1171 1901 1204 Fi-

1164 1221 1212 1259 lii,
1239 1226 1266 1254 et
1283 1222 1426 1264 Spiritus
1444 1222 1567 1255 Sancti.
1587 1224 1700 1256 Amen.
1720 1223 1756 1256 Et
1771 1225 1901 1267 otiando

1163 1273 1277 1316 incipit
1312 1274 1448 1307 induere
1483 1275 1591 1309 dicat:
1618 1275 1741 1308 Induat
1766 1280 1794 1308 te
1816 1276 1901 1309 Deus

1164 1326 1304 1365 homine,
1325 1327 1384 1369 qni
1403 1327 1576 1359 secundnm
1596 1327 1698 1361 Deum
1716 1333 1841 1361 creatus
1857 1333 1901 1361 ext

1165 1379 1200 1410 in
1223 1379 1368 1417 iustitio,
1394 1380 1563 1412 ¹sanctitate
1587 1384 1615 1412 ec
1640 1381 1785 1413 veritate.
1813 1381 1901 1414 Tune

1164 1436 1387 1474 prosternatur
1401 1432 1549 1471 novitius,
1568 1438 1598 1465 et
1615 1434 1778 1476 praelatus
1794 1433 1898 1466 dicat:

1469 1480 1583 1514 oremus

1202 1528 1277 1561 Deus
1299 1532 1477 1570 misericors,
1501 1533 1575 1563 Deus
1597 1534 1736 1573 clemens,
1753 1535 1801 1564 cui
1824 1534 1900 1565 bona

1163 1585 1266 1610 cuneta
1289 1581 1415 1620 placent,
1439 1582 1502 1610 sine
1525 1591 1582 1621 quo
1605 1582 1677 1612 nihil
1700 1587 1832 1613 sanctum
1855 1583 1901 1613 in-

1163 1629 1294 1667 choatur,
1311 1629 1444 1668 nihilque
1467 1629 1533 1660 boni
1557 1631 1720 1669 perficitur,
1737 1631 1833 1661 adsint
1849 1641 1900 1661 no-

1162 1677 1231 1706 stris
1254 1677 1388 1722 precibus
1408 1687 1494 1707 aures
1517 1678 1633 1716 pietatis
1662 1683 1748 1717 tuae,
1772 1684 1801 1709 et
1822 1680 1900 1710 hunc

1163 1725 1302 1755 famulum
1332 1730 1413 1755 tuum
1427 1749 1435 1761 ‚
1465 1726 1511 1755 cui
1533 1726 1562 1755 in
1587 1731 1634 1756 tuo
1656 1732 1756 1757 sancto
1778 1728 1900 1758 Nomine

1163 1773 1293 1802 habitum
1315 1783 1414 1803 sacrae
1442 1774 1593 1812 religionis
1620 1780 1737 1805 nostrae
1759 1775 1899 1815 imposui-

1163 1831 1237 1858 mus,
1254 1832 1268 1851 a
1289 1822 1388 1853 mundi
1407 1822 1616 1862 impedimento
1638 1828 1665 1853 et
1688 1825 1830 1854 saeculari
1852 1825 1900 1854 de-

1162 1869 1269 1899 siderio
1302 1870 1440 1907 defende3
1464 1875 1492 1900 et
1515 1872 1640 1901 concede
1663 1872 1711 1909 ei,
1735 1877 1766 1902 ut
1788 1872 1816 1902 in
1841 1872 1897 1902 hoc

1162 1922 1261 1947 sancto
1284 1919 1433 1958 proposito
1454 1919 1575 1949 devotus
1604 1920 1779 1959 persistere,
1802 1924 1831 1950 et
1853 1930 1898 1950 re-

1163 1967 1300 1996 missione
1315 1971 1499 2005 peccatorum
1516 1969 1613 2007 captat,
1629 1968 1663 1998 ad
1678 1969 1837 1998 electorum
1850 1979 1898 1999 va-

1162 2015 1218 2044 leat
1234 2015 1385 2054 pervenire
1404 2016 1594 2045 consortium.
1611 2016 1666 2046 Per
1682 2016 1828 2047 Christum
1845 2016 1897 2047 Do-

1162 2064 1271 2094 minum
1294 2069 1437 2094 nostrum.
1461 2065 1560 2094 Amen.

1204 2120 1326 2154 Deinde
1351 2123 1447 2155 dicat.
1476 2121 1603 2155 Psalm.
1632 2133 1749 2157 exxxn.

1199 2174 1272 2203 Ecce
1294 2184 1379 2213 qnam
1396 2175 1504 2204 bonum
1520 2180 1547 2205 et
1566 2185 1650 2215 quam
1668 2176 1826 2206 iucundum
1847 2177 1897 2207 ita-

1137 2229 1140 2232 *
1161 2222 1253 2252 bitare
1275 2222 1378 2252 fratres
1401 2223 1429 2252 in
1454 2233 1553 2253 unum.

1894 233 1952 264 An(
1965 236 1995 264 C,
2019 236 2080 264 ¹001

1199 2270 1279 2300 Sicut
1300 2276 1479 2309 unguentum
1510 2272 1538 2300 in
1563 2273 1656 2311 capite
1677 2273 1754 2312 quod
1776 2274 1896 2304 descen·

428 2313 460 2353 μ’.
482 2313 621 2343 Dominus
640 2315 799 2345 vohiscum.
1160 2319 1203 2348 dit
1223 2319 1252 2348 in
1275 2319 1404 2355 barbam,
1429 2319 1546 2348 barbam
1570 2320 1677 2349 Aaron.

427 2364 458 2402 δ’.
481 2363 514 2392 Et
537 2371 601 2392 cum
624 2363 729 2401 spiritu
753 2368 810 2393 tuo.
1199 2366 1279 2402 Quod
1301 2367 1450 2397 descendit
1472 2369 1500 2397 in
1523 2378 1603 2397 oram
1627 2370 1790 2399 vestimenti
1813 2371 1892 2401 eius:

689 2409 813 2440 Oremus.
1160 2416 1235 2444 sicut
1256 2424 1303 2444 ros
1322 2415 1459 2452 Hermon,
1477 2416 1525 2454 qui
1548 2416 1700 2446 descendit
1720 2419 1750 2446 in
1767 2423 1894 2449 muntem

426 2458 546 2489 Domine
568 2458 631 2488 lesu
648 2458 772 2496 Christe,
789 2460 837 2498 qui
854 2461 984 2498 regimen
1004 2467 1118 2493 nostrae
1160 2464 1240 2493 Sion.

388 2507 573 2536 mortalitatis
594 2507 714 2536 induere
729 2508 864 2544 dignatus
876 2518 917 2541 es,
931 2509 1118 2540 obsecramus
1199 2511 1339 2547 Quoniam
1362 2513 1421 2542 illi-c
1445 2513 1590 2543 uiui-tavit
1617 2514 1754 2544 Dominus
1776 2515 1895 2546 benedi-

389 2557 546 2586 immensae
577 2556 717 2593 targitatis
750 2561 815 2587 tuae
837 2557 1063 2595 ubiuidantiain,
1088 2565 1116 2589 ut
1160 2561 1284 2589 ctionem
1301 2566 1329 2590 et
1345 2561 1430 2590 vitain
1450 2570 1540 2600 usque
1561 2562 1592 2591 in
1615 2562 1775 2592 saeculum.
1800 2563 1895 2594 Gloria

388 2606 440 2635 1⁴00
455 2614 546 2643 genus
563 2604 802 2635 vestimentorum
820 2606 895 2645 quod
914 2607 1004 2636 sancti
1022 2612 1117 2646 patres·
1160 2607 1246 2639 Patri.

2247 2733 2254 2826 1
