2254 3225
224 224 261 249 :in
292 222 320 249 c.
342 221 409 248 noi
452 213 494 246 0213

272 1768 342 1788 1111·va
354 1775 368 1787 κ
385 1770 413 1786 Ιν-

231 1797 299 1815 stum:
312 1800 376 1820 usque
387 1795 413 1814 ad

231 1824 349 1841 >vves-utum
376 1821 410 1841 dur

245 1853 289 1867 ,ttu-
300 1851 317 1867 et
328 1854 371 1868 sirie
380 1854 412 1867 so-

232 1875 380 1895 lrmmtatilms,

990 221 1165 245 nrtmmrn

419 277 532 313 gnatae
565 277 596 304 et
627 276 826 310 reservatae,
852 282 907 304 seu
937 271 1098 313 assignata
1121 274 1152 302 et

418 335 569 357 concessa
583 325 700 357 suerint
714 325 903 367 respective,
917 324 1013 356 etiam
1030 323 1150 364 absque

419 388 580 411 consensu
606 378 734 411 easdem
757 377 932 420 pensiones
956 377 1080 409 solvere
1099 375 1152 407 de-

418 431 586 471 bentium,
624 431 747 464 etiamsi
785 431 855 464 illas
892 431 941 463 v‚·1
978 430 1033 462 illa
1070 428 1149 460 alias

419 485 536 518 cassari
570 492 602 519 et
637 484 795 518 reservari
829 485 867 517 de
901 494 981 516 novo
1014 481 1150 514 faciendi

417 539 602 572 facultatem
627 549 691 571 non
718 537 904 575 habueritis,
924 547 958 568 ae
976 535 1150 578 pensiones

418 596 451 624 et
474 592 617 630 fructus,
644 591 787 623 redditus
803 617 811 630 ‚
837 594 1034 632 proventus,
1060 587 1149 626 iura,

418 645 632 678 obventiones
657 655 693 677 ac
719 643 961 676 distributiones
979 646 1011 673 et
1029 642 1151 673 emolu-

418 704 528 731 menta
552 697 735 730 huiusmodi
762 696 857 729 etiam
883 694 1004 738 pluries
1029 698 1153 726 cassata

419 757 451 784 et
475 752 514 784 de
540 762 621 784 novo
647 750 805 793 assignata
830 748 963 787 suerint,
987 757 1088 790 usque
1113 747 1151 779 ad

418 815 573 836 suminam
610 809 641 836 et
677 801 888 845 quantitatem
926 799 1150 843 praedictam,

418 857 514 889 etiam
541 855 654 889 litteris
679 853 866 898 apostolicis
888 864 988 896 super
1012 863 1152 886 reserva-

419 910 558 943 tionibns
584 914 615 941 et
643 907 913 951 assignationibus
942 905 1152 940 liuiusmodi¹

418 974 483 996 non
507 962 680 1000 consectis,
707 972 743 994 ac
777 961 855 993 alias
885 971 959 993 cum
983 960 1151 999 omnibus,

419 1017 605 1059 privilegiis,
632 1015 779 1054 decretis,
806 1014 969 1053 clausulis,
995 1013 1153 1046 cautioni-

419 1071 490 1108 bus,
515 1069 656 1107 vinculis,
677 1068 931 1110 obligationibus
949 1072 981 1100 et
1004 1067 1151 1105 cautelis,

420 1135 455 1155 ac
473 1123 567 1155 etiam
585 1122 731 1155 censuris
751 1126 782 1153 et
798 1120 923 1164 poenis,
940 1120 970 1152 in
989 1120 1153 1163 prioribus

420 1175 689 1209 reservationibus
720 1173 903 1206 huiusmodi
936 1173 1098 1206 concessis
1123 1178 1155 1205 et

421 1228 593 1268 contentis,
621 1238 747 1260 necnon
773 1237 845 1259 cum
874 1226 1104 1269 subrogatione
1122 1226 1152 1258 in

420 1280 583 1324 quibusvis
613 1280 726 1313 vestris
756 1279 896 1319 iuribus,
925 1279 1021 1312 etiam
1047 1279 1154 1321 quoad

421 1335 510 1378 quasi
527 1333 766 1377 possessionem
782 1333 942 1375 exigendi,
958 1333 989 1364 in
1004 1343 1065 1376 qua
1079 1338 1155 1365 tunc

421 1387 519 1426 eritis,
544 1387 668 1428 integre
695 1386 940 1428 persolvendas,
969 1387 1095 1418 servata
1113 1390 1156 1417 ta-

421 1450 495 1472 men
512 1440 612 1472 forma
629 1438 872 1472 constitutionis
890 1439 991 1472 felicis
1008 1438 1155 1471 recorda-

423 1492 518 1526 tionis
547 1492 726 1525 Inuocentii
760 1492 865 1535 Papae
896 1492 934 1524 XI
965 1492 1156 1535 praedeces-

422 1546 504 1578 soris
530 1545 631 1577 nostri
657 1555 754 1588 super
781 1545 1046 1578 translationibus
1077 1555 1156 1588 pen-

423 1600 547 1633 sionum
566 1599 689 1638 editae,
708 1609 873 1631 reservare
886 1626 893 1638 ,
911 1598 1110 1632 constituere
1128 1605 1158 1632 et

424 1653 587 1695 assignare
612 1653 752 1691 valeant,
779 1652 969 1685 auctoritate
996 1657 1027 1685 et
1046 1658 1156 1685 tenore

424 1707 605 1750 praedictis,
622 1707 660 1739 de
676 1707 808 1750 speciali
827 1707 928 1749 gratia
940 1707 1156 1749 indulgemus.

469 1762 483 1804 ’ᾗ
509 1762 521 1792 ‘l
535 1761 560 1792 l.
579 1760 641 1793 Nec
668 1771 730 1792 non
753 1760 848 1792 etiam
866 1760 965 1799 vobis,
984 1765 1018 1792 ut
1038 1761 1077 1793 de
1095 1771 1161 1792 om-

425 1814 519 1846 nibus
551 1820 582 1846 et
622 1814 758 1855 singulis
794 1813 965 1852 domibus,
999 1813 1159 1856 praediis,

426 1867 687 1911 possessionibus
716 1872 746 1899 et
782 1866 881 1905 locis,
906 1877 942 1899 ac
967 1866 1161 1899 iurisdictio-

426 1921 547 1960 nibus,
580 1920 762 1963 ceterisque
799 1920 893 1952 bonis
926 1919 1100 1952 mobilibus
1130 1924 1161 1951 et

426 1973 664 2013 immobilibus,
691 1984 773 2016 (luae
805 1978 910 2005 tamen
938 1983 1003 2005 non
1029 1972 1093 2005 sint
1118 1973 1162 2005 al-

427 2027 502 2059 taris
537 2038 590 2059 seu
629 2027 776 2059 altarium
820 2026 1031 2059 ecclesiarum
1072 2026 1162 2058 vobis

427 2080 667 2112 commissarum
693 2079 873 2112 ministerio
895 2089 951 2111 seu
970 2078 1063 2111 alicui
1089 2089 1163 2121 spe-

428 2133 500 2166 ciali
526 2133 711 2165 earumdem
732 2132 943 2165 ecelesiarum
965 2132 1072 2165 divino
1098 2132 1164 2164 cul-

428 2187 473 2219 tui
491 2197 548 2219 seu
566 2187 638 2219 usui
653 2187 812 2229 deputata,
832 2196 930 2229 seque
947 2185 1164 2225 moventibus,

430 2239 656 2282 cuiuscumque
682 2239 856 2282 qualitatis,
883 2238 1083 2281 quantitatis,
1108 2249 1163 2271 va-

430 2292 519 2331 loris,
543 2292 674 2335 speciei,
699 2292 794 2335 pretii
820 2298 852 2325 et
875 2291 1072 2325 conditionis
1098 2291 1164 2324 exi-

431 2345 607 2385 stentibus,
631 2355 668 2377 ac
700 2345 824 2378 iuribus
860 2350 892 2378 et
921 2344 1102 2378 actionibus
1125 2344 1163 2377 ad

430 2408 485 2431 vos
510 2398 634 2431 ratione
666 2399 875 2431 ecclesiarum
892 2426 899 2439 ,
927 2399 1021 2431 etiam
1057 2398 1166 2430 cathe-

432 2450 570 2484 dralium
605 2457 635 2483 et
669 2452 1014 2495 metropolitanarum,
1048 2451 1165 2494 quibus

431 2514 486 2536 vos
512 2504 620 2537 forsan
638 2515 787 2548 praeesse
813 2504 999 2548 contigerit,
1020 2515 1082 2538 nec
1101 2515 1166 2537 non

421 2557 702 2604 'monasteriorum
717 2584 724 2598 ,
754 2558 955 2602 prioratuum
969 2584 977 2599 ‚
1000 2556 1169 2603 praeposi-

1188 2623 1194 2646 t

468 2620 483 2662 l
505 2618 664 2649 l‘artieulam
683 2620 709 2648 si
729 2620 849 2649 delemus
869 2621 908 2658 (a.
929 2620 975 2656 T.).

1192 219 1344 242 Romus!

1197 274 1358 307 turaruin,
1394 267 1585 309 dignitatum
1619 272 1650 300 et
1682 267 1818 300 aliorum
1852 278 1930 310 quo-

1195 332 1406 364 rumcumque
1432 320 1663 354 beneficiorum
1694 321 1929 354 ecclesiastico-

1195 385 1277 414 rum,
1301 385 1373 406 cum
1401 376 1475 406 cura
1505 379 1537 407 et
1568 374 1636 407 sine
1669 377 1755 415 eura,
1786 376 1929 407 saecula-

1195 428 1277 459 rium
1294 433 1325 459 et
1345 427 1529 470 quorumvis
1549 419 1928 471 Ordinunsregularium,

1194 492 1276 523 qnae
1294 481 1390 514 etiam
1416 492 1451 514 ex
1478 482 1643 524 quibusvis
1660 482 1928 515 concessionibus

1195 542 1225 568 et
1250 536 1546 579 dispensationibus
1577 537 1762 579 apostolicis
1797 537 1829 568 in
1856 537 1930 569 titu-

1194 591 1270 630 lum,
1293 591 1530 629 commendam,
1548 590 1871 628 administrationem,
1893 600 1931 622 ac

1194 642 1271 675 alias
1285 642 1531 685 quomodolibet
1544 643 1759 683 obtinueritis,
1774 642 1930 676 obtinetis

1195 702 1225 729 et
1250 695 1451 735 obtinebitis,
1478 700 1508 728 et
1533 696 1694 728 fructuum
1711 723 1718 736 ‚
1745 695 1930 728 reddituum

1195 754 1226 782 et
1260 754 1473 792 proventuum
1508 749 1828 789 ecclesiasticorum,
1859 749 1932 782 loco

1194 804 1390 846 pensionum
1424 813 1604 835 annuarum
1636 813 1735 846 super
1769 802 1931 836 similibus

1196 857 1361 896 fructibus,
1388 856 1580 895 redditibus,
1607 856 1819 899 proventibus
1843 856 1933 890 vobis

1196 915 1430 943 reservatorum
1449 915 1480 941 et
1503 909 1749 950 assignatarum,
1771 919 1807 941 ac
1827 920 1933 942 reser-

1196 963 1370 995 vandorum
1408 967 1440 995 et
1473 961 1759 1004 assiguandarum,
1785 973 1866 1005 qnos
1902 967 1934 995 et

1197 1028 1274 1060 quas
1301 1015 1538 1059 perceperitis,
1563 1015 1731 1058 percipitis
1764 1021 1795 1048 et
1830 1015 1935 1058 perci-

1197 1071 1291 1113 pietis
1317 1070 1348 1102 in
1375 1070 1527 1110 futurum,
1556 1080 1615 1101 nec
1645 1080 1711 1102 non
1737 1070 1934 1102 emolumen-

1198 1130 1302 1156 torum
1329 1132 1604 1166 quorumcmnspie
1635 1122 1796 1154 Romanae
1821 1121 1934 1154 Curiae

1197 1177 1379 1209 officiorum
1417 1180 1448 1208 et
1482 1175 1561 1208 alias
1592 1174 1839 1217 quomodolibet
1862 1184 1935 1217 spe-

1198 1229 1358 1262 ctantibus
1384 1234 1416 1261 et
1439 1227 1691 1271 pertinentibus,
1712 1238 1749 1260 ac
1774 1227 1869 1260 etiam
1896 1227 1934 1259 de

1198 1283 1292 1316 dictis
1318 1281 1537 1325 proventibus,
1560 1281 1729 1320 fructibus,
1753 1280 1935 1313 redditibus

1198 1341 1229 1368 et
1254 1334 1464 1378 pensionibus
1490 1334 1625 1373 annuis,
1650 1344 1710 1366 nec
1742 1343 1808 1365 non
1834 1333 1936 1366 unde-

1199 1398 1352 1430 cumque,
1379 1387 1466 1419 licite
1494 1393 1616 1425 tamen,
1641 1385 1807 1429 acquisitis
1832 1391 1863 1418 et
1887 1396 1937 1418 ac-

1199 1441 1376 1484 quirendis,
1396 1451 1430 1472 ac
1456 1440 1534 1472 alias
1562 1439 1657 1472 etiam
1684 1439 1722 1472 de
1748 1439 1936 1471 muneribus

1200 1501 1232 1528 et
1251 1494 1366 1527 officiis
1386 1504 1467 1536 quae
1486 1493 1694 1525 exercueritis
1713 1498 1744 1525 et
1768 1503 1823 1525 vos
1850 1503 1938 1525 exer-

1200 1559 1272 1581 cere
1291 1547 1471 1590 contigerit,
1491 1553 1520 1580 et
1539 1546 1617 1580 alias
1636 1546 1746 1589 quavis
1767 1547 1937 1580 occasione

1200 1603 1249 1635 vel
1286 1604 1380 1633 eausa
1411 1611 1468 1633 seu
1501 1601 1774 1643 contemplatione
1810 1600 1850 1632 ad
1884 1610 1937 1633 vos

1201 1655 1363 1698 perventis
1389 1660 1420 1687 et
1444 1653 1655 1696 perventuris,
1681 1653 1807 1685 etiamsi
1832 1653 1865 1685 in
1886 1663 1940 1696 pe-

1202 1708 1295 1740 cnnia
1328 1708 1497 1739 numerata
1521 1711 1552 1738 et
1583 1705 1756 1746 jocalibus,
1783 1706 1937 1748 gemmis,

1203 1761 1338 1803 aliisque
1364 1759 1615 1803 pretiosioribus
1634 1760 1730 1791 rebus
1749 1759 1937 1798 consistant,

1204 1820 1266 1846 tam
1292 1815 1322 1846 in
1349 1814 1432 1845 dicta
1451 1814 1536 1845 curia
1554 1823 1647 1855 quam
1673 1817 1762 1845 extra
1780 1822 1849 1845 eam
1867 1812 1940 1844 ubi-

1205 1878 1266 1911 que
1286 1869 1433 1900 locorum
1451 1866 1546 1899 etiam
1571 1876 1672 1908 penes
1698 1865 1855 1898 beneficia
1873 1866 1942 1908 ipsa

1205 1921 1418 1955 existentibus
1437 1926 1590 1963 (quorum
1608 1920 1752 1953 omnium
1772 1919 1942 1962 qualitates

1206 1975 1319 2007 etiam'
1345 1984 1472 2007 annuos
1490 1974 1631 2012 valeres,
1650 1973 1773 2006 etiamsi
1795 1973 1870 2005 talia
1896 1973 1942 2005 so-

1206 2034 1288 2067 rent,
1314 2038 1398 2071 quae
1424 2026 1569 2069 generali
1595 2026 1815 2068 appellatione
1840 2025 1942 2058 bono-

1206 2092 1276 2113 rum
1296 2086 1327 2113 et
1343 2077 1695 2123 supellectiliuiii²110n
1714 2078 1870 2117 venirent,
1885 2078 1941 2110 sed

1206 2133 1400 2178 specialibus
1427 2132 1613 2174 indigerent
1637 2131 1822 2171 vocabulis,
1849 2141 1942 2174 prae-

1207 2187 1365 2225 sentssbus,
1392 2195 1428 2217 ac
1445 2185 1469 2217 si
1489 2183 1638 2227 specifice
1660 2189 1691 2216 et
1708 2184 1873 2226 sigillatim
1891 2194 1944 2217 ex-

1206 2239 1424 2283 primerentur
1459 2242 1490 2270 et
1529 2237 1845 2277 denominarentur,
1883 2248 1942 2280 pro

1207 2291 1406 2324 sufficienter
1419 2289 1579 2333 expressis
1595 2300 1629 2321 ac
1644 2289 1812 2322 declaratis
1828 2289 1944 2322 haberi

1206 2344 1369 2386 volumus)
1386 2353 1488 2386 usque
1506 2343 1544 2375 ad
1561 2353 1718 2374 summam
1732 2352 1786 2374 sex
1805 2342 1945 2375 millium

1208 2398 1396 2431 ducatorum
1416 2395 1485 2428 auri
1504 2395 1542 2428 de
1564 2395 1693 2428 Camera
1718 2405 1777 2437 pro
1802 2405 1945 2437 unoquo-

1209 2461 1270 2494 que
1297 2455 1455 2489 vestrum,
1481 2459 1517 2481 ac
1545 2448 1640 2482 etiam
1663 2448 1740 2491 ipsis
1765 2448 1921 2481 fructibus
1942 2476 1951 2490 ,

1210 2503 1392 2537 redditibus
1425 2509 1455 2536 et
1480 2501 1689 2545 proventibus
1720 2507 1752 2534 et
1782 2501 1953 2545 pensioni-

1248 2575 1258 2600 1
1283 2573 1373 2600 Potius
1393 2573 1451 2605 tege
1471 2575 1497 2600 et
1513 2572 1553 2603 (R.
1569 2571 1619 2603 T.l.

1245 2619 1261 2646 2
1281 2618 1351 2645 Edit.
1372 2617 1451 2646 ill-ain.
1469 2617 1533 2654 legit
1546 2617 1782 2653 seppetteccc'tium
1798 2617 1837 2653 (R.
1861 2618 1908 2657 ιχ),

1929 219 1978 244 Au.
2001 222 2029 246 (ἑ.
2054 221 2120 249 {tLCO
