2254 3225
209 259 260 285 An.
280 257 308 283 C.
326 255 392 282 1094

237 477 324 499 Sanctio
342 481 394 503 poo-

210 506 273 527 nalts.

253 1904 374 1926 Exta-num.

438 243 501 277 6118

402 302 573 335 missorum
600 298 760 338 effectum,
783 296 845 329 hac
867 295 937 328 vice
963 293 1132 333 dumtaxat,

403 353 588 398 specialiter
605 357 635 385 et
652 360 803 394 expresse
821 349 1034 390 derogamus,
1054 350 1134 378 cete-

403 409 512 451 risque
537 405 707 439 contrariis
732 403 1001 447 quibuscumque.

448 461 463 504 §
494 459 525 492 6.
560 459 714 492 Volumus
746 461 850 488 autem
880 459 915 486 ut
951 450 1137 509 earumdem

404 512 626 558 praesentium
644 511 824 544 litterarum
844 510 1062 547 transumptis,
1081 512 1137 535 seu

405 564 573 608 exemplis,
599 563 694 596 etiam
720 559 898 603 impressis,
922 567 1018 590 manu
1045 554 1140 587 alicu-

405 619 455 652 ius
486 616 607 651 notarii
638 613 760 658 publici
792 610 1005 653 subscriptis,
1039 612 1069 640 et
1100 606 1141 639 si-

407 671 485 715 gillo
505 679 665 714 personae
683 668 715 699 in
741 663 959 699 ecclesiastica
984 660 1139 703 dignitate

407 723 601 757 constitutae
637 719 786 759 munitis,
813 717 924 750 eadem
950 723 1084 757 prorsus
1109 712 1142 743 si-

408 777 465 810 des
499 775 620 818 ubique
663 774 809 806 locorum
849 774 909 801 tani
950 768 982 800 in
1021 764 1142 799 iudicio

407 839 504 873 quam
528 832 618 861 extra
642 825 722 859 illud
747 824 926 861 habeatur,
953 830 1035 864 quae
1066 818 1144 861 ipsis

407 880 636 926 praesentibus
667 878 843 911 haberetur
874 875 898 908 si
926 875 1032 907 forent
1055 871 1145 904 exhi-

408 935 496 968 bitae
521 935 571 967 vel
597 937 760 966 ostensae.

452 988 566 1020 Datum
591 986 721 1024 Romae,
738 983 823 1026 apud
848 982 879 1015 S.
902 979 1031 1013 Mariam
1052 978 1146 1011 Maio-

408 1051 477 1074 rem
496 1067 503 1081 ,
530 1040 590 1072 sub
621 1038 741 1070 annulo
775 1034 967 1074 Piscatoris,
1007 1032 1058 1065 die
1079 1059 1085 1064 .
1108 1057 1113 1063 .
1137 1057 1142 1063 .

409 1092 617 1137 pontificatus
629 1090 730 1123 nostri
746 1099 854 1121 anno.
877 1114 883 1120 .
904 1114 910 1119 .

449 1155 522 1184 Haec
543 1153 698 1184 constitutio
730 1151 831 1189 teglitm·
858 1151 916 1179 sine
944 1152 1080 1186 tempore,
1102 1145 1148 1174 sed

410 1209 484 1234 extat
498 1203 634 1241 descripta
651 1204 677 1230 in
692 1201 760 1230 libro
772 1200 872 1229 mensis
884 1198 1008 1227 {attuarii
1020 1203 1146 1231 MDCXCV,

410 1258 434 1282 et
455 1263 471 1282 a
492 1252 672 1282 Snnrtz'ssimo
694 1250 800 1288 sistam
833 1249 876 1278 tlte
904 1255 975 1276 xxm
996 1244 1149 1275 noremhrc's

410 1309 547 1332 nucxeiv.

446 1359 508 1387 Dat.
525 1358 569 1385 die
583 1357 618 1384 23
633 1355 789 1384 novembris
809 1354 887 1388 1094,
908 1352 1006 1389 pontif.
1026 1359 1098 1379 anno
1113 1357 1148 1377 tv.

640 1482 731 1515 XCIX
759 1480 818 1523 (al.
847 1478 915 1521 98).

416 1555 660 1599 Confirtnantnr
684 1551 908 1594 itzsstulqcntsac
923 1553 1097 1593 perpetuae
1113 1558 1131 1579 a

458 1607 649 1642 Innocentio
666 1605 719 1639 XI
735 1613 905 1643 concessae,
923 1606 950 1635 et
975 1602 1062 1633 attae
1083 1611 1154 1632 con-

460 1661 620 1694 ceduntur
644 1658 871 1691 comitantibus
896 1656 950 1689 SS.
969 1655 1140 1688 sacramen

463 1718 533 1747 tum
554 1723 614 1756 pro
645 1712 768 1745 Viatico
793 1710 937 1742 delatum
966 1708 985 1740 ¹.

600 1782 798 1811 Innocentius
819 1782 897 1814 Papa
917 1780 981 1809 xit,

558 1828 595 1855 ad
614 1828 747 1854 futuram
773 1826 818 1853 rei
838 1824 1019 1852 memoriam.

425 1997 512 2030 tione
539 1995 776 2039 praesidemus,
797 1992 904 2034 exigit,
923 1997 966 2026 ut,
985 1991 1023 2023 ad
1043 2000 1159 2033 augen-

424 2050 497 2082 dam
516 2047 659 2081 fidelium
677 2046 872 2088 religionem
891 2044 1160 2087 promovendam-

425 2113 487 2145 que
524 2101 705 2133 animarum
741 2100 878 2131 salutem
913 2098 967 2141 pia
1003 2096 1161 2129 charitate

427 2155 560 2194 intenti,
586 2152 802 2196 spiritualium
828 2150 1003 2192 gratiarum
1030 2160 1163 2182 conces-

427 2208 557 2246 siones,
595 2216 676 2249 quae
713 2216 730 2237 a
766 2203 917 2236 Romanis
953 2203 1163 2236 Pontificibus

426 2258 735 2303 praedecessoribus
760 2257 890 2297 nostris,
908 2256 946 2289 ad
965 2256 1162 2289 incitandam

464 2331 474 2356 1
500 2329 553 2356 Hae
573 2328 756 2362 indulgentiae
777 2328 809 2353 ab
830 2327 985 2354 Innocentio
1001 2325 1033 2353 XI
1053 2335 1164 2353 conces-

427 2383 474 2402 sae
488 2375 562 2401 fuere
577 2373 604 2399 in
615 2376 701 2399 const.
715 2372 754 2398 etl⁴
769 2378 933 2405 mcccxxvui,
950 2372 991 2397 die
1011 2373 1017 2397 1
1037 2371 1164 2403 octobris,

429 2423 456 2447 et
474 2420 501 2445 in
515 2418 623 2445 constit.
645 2416 687 2443 ed.
709 2422 854 2448 nneLxxtx,
871 2416 914 2442 die
934 2416 968 2441 ‘20
995 2416 1165 2451 septembris,

430 2463 525 2500 pontif.
542 2468 580 2496 111,
603 2465 712 2488 extensa
734 2460 784 2486 suit
806 2460 937 2494 quaedam
955 2459 1121 2493 indulgentia
1140 2460 1165 2485 in

431 2509 474 2535 die
486 2505 755 2535 Commemorationis
771 2504 976 2531 Defunctorum,
989 2504 1016 2530 ln
1025 2505 1169 2531 Clementis

431 2561 496 2580 vero
517 2552 546 2578 Xl
567 2554 652 2578 const.
675 2550 739 2576 edit.
761 2555 850 2582 11111001,
872 2548 914 2574 die
938 2549 972 2575 ⁶26
995 2549 1168 2583 septembris,

431 2597 529 2633 pontif.
544 2594 737 2629 1,,0011001111111·
751 2593 918 2628 indulgentia
934 2593 1100 2620 visitantibus
1116 2593 1168 2620 Do-

433 2651 506 2671 mum
526 2641 716 2668 Lauretanam.

985 242 1165 269 nULLARmM
1188 241 1206 265 11
1212 241 1342 266 ΟΜᾹΝΗΜ

1176 291 1413 332 fovendamque
1446 288 1633 322 eorumdem
1664 287 1808 321 fidelium
1834 297 1912 332 erga

1177 343 1413 376 sanctissimum
1439 341 1768 384 augustissimumque
1793 341 1912 385 Corpo-

1178 397 1222 428 ris
1254 401 1286 429 et
1317 395 1488 438 Sanguinis
1531 394 1654 427 domini
1697 394 1800 427 nostri
1841 394 1911 428 Iesu

1180 449 1295 482 Christi
1333 453 1592 489 sacramentum,
1630 448 1785 491 pietatem
1818 453 1913 491 atque

1182 502 1394 541 devotionem,
1421 501 1555 544 provide
1581 505 1614 534 et
1634 501 1809 536 salubriter
1834 512 1916 534 ema-

1181 565 1275 587 nasse
1307 560 1498 594 noscuntur,
1529 554 1700 597 apostolici
1728 555 1916 587 muniminis

1182 607 1284 640 nostri
1295 607 1477 650 patrocinio
1490 607 1691 648 roboremus,
1704 607 1918 651 eiusdemque

1184 660 1236 692 SS.
1257 659 1454 692 Sacramenti
1478 661 1595 693 cultum
1621 659 1766 693 uberiori
1795 660 1919 693 caeles-

1185 713 1264 745 tium
1300 723 1473 745 munerum
1512 713 1730 755 elargitione,
1763 718 1919 756 quantum

1186 766 1278 799 nohis
1297 776 1333 799 ex
1359 767 1422 799 alto
1447 766 1644 807 conceditur,
1671 767 1830 810 ampliare
1854 771 1921 800 stu-

1188 820 1329 852 deamus.

1232 872 1246 915 ξ
1271 872 1302 905 1.
1330 873 1416 905 Alias
1442 871 1603 915 siquidem
1635 872 1736 906 felicis
1767 872 1923 906 recorda-

1188 925 1286 958 tionis
1312 925 1519 958 Innocentius
1545 925 1604 958 PP.
1631 926 1669 958 XI
1690 926 1925 968 praedecessor

1189 984 1300 1011 noster
1336 978 1487 1011 omnibus
1523 984 1554 1011 et
1590 979 1726 1021 singulis
1756 979 1925 1022 utriusque

1190 1042 1283 1064 sexus
1302 1031 1582 1072 christifidelibus,
1602 1037 1664 1064 tam
1685 1031 1717 1064 in
1742 1032 1824 1064 alma
1840 1031 1926 1064 Urbe

1189 1087 1311 1126 nostra,
1333 1090 1406 1117 tunc
1431 1087 1494 1124 sua,
1514 1096 1610 1128 quam
1632 1084 1709 1118 alibi
1729 1085 1927 1128 ubicumque

1190 1140 1335 1171 locorum
1362 1138 1565 1179 degentibus,
1585 1138 1639 1181 qui
1658 1138 1838 1181 praefatum
1858 1148 1929 1170 san-

1191 1191 1366 1223 ctissimum
1405 1190 1626 1224 Eucharistiae
1665 1196 1926 1232 sacramentum,

1191 1254 1261 1276 cum
1288 1245 1326 1276 ad
1352 1243 1499 1277 infirmos
1518 1254 1576 1286 pro
1594 1243 1717 1278 Viatico
1736 1244 1927 1286 deferretur,

1192 1297 1305 1329 devote
1337 1296 1480 1330 comitati
1517 1297 1663 1337 fuissent,
1700 1307 1737 1329 ac
1762 1307 1820 1340 pro
1845 1296 1933 1330 cbri-

1192 1350 1368 1383 stianorum
1393 1350 1577 1394 principum
1603 1350 1787 1390 concordia,
1816 1350 1932 1383 haere-

1193 1414 1263 1436 sum
1289 1403 1517 1446 extimatione,
1539 1413 1574 1435 ac
1591 1408 1722 1436 sanctae
1748 1403 1857 1436 matris
1874 1403 1932 1435 Ec-

1195 1457 1314 1489 clesiae
1340 1457 1536 1489 exaltatione
1562 1456 1632 1499 pias
1665 1457 1704 1489 ad
1735 1457 1836 1489 Deum
1860 1466 1933 1499 pre-

1136 1524 1152 1556 b
1195 1520 1248 1542 ces
1274 1509 1470 1550 effudissent,
1497 1520 1697 1553 quacumque
1716 1510 1784 1542 vice
1802 1510 1834 1542 id
1851 1509 1934 1552 egis-

1196 1569 1278 1603 sent,
1304 1563 1329 1596 si
1355 1574 1426 1596 cum
1460 1563 1591 1603 lumine,
1618 1569 1744 1606 septem
1770 1573 1871 1596 annos
1903 1567 1934 1595 et

1196 1617 1329 1649 totidem
1348 1617 1582 1659 quadragenas,
1605 1616 1630 1649 si
1650 1626 1725 1648 vero
1752 1615 1820 1648 sine
1845 1615 1936 1649 lumi-

1197 1681 1237 1703 ne
1263 1670 1343 1702 illud
1369 1675 1404 1702 ut
1428 1670 1611 1712 praefertur
1628 1669 1772 1703 comitati
1790 1669 1934 1710 fuissent,

1177 1764 1178 1772 ἵ
1199 1723 1343 1766 quinque
1369 1733 1471 1756 annos
1490 1728 1522 1756 et
1548 1723 1692 1766 quinque
1709 1723 1935 1766 quadragenas

1177 1776 1376 1819 ¹respective
1420 1776 1459 1809 de
1497 1776 1648 1809 iniunctis
1681 1776 1727 1809 eis
1770 1781 1824 1809 aut
1858 1776 1937 1809 alias

1177 1821 1179 1859 i
1200 1829 1450 1872 quomodolibet
1474 1839 1533 1872 per
1558 1839 1612 1862 eos
1632 1828 1749 1861 debitis
1766 1829 1939 1872 poeniten-

465 1891 613 1924 Debitum
637 1887 808 1932 pastoralis
835 1886 942 1925 officii,
960 1896 1023 1928 quo
1050 1885 1158 1917 catho-
1179 1907 1180 1936 ᾗ

421 1945 504 1979 licae
529 1942 691 1977 Ecclesiae
716 1940 867 1983 regimini
894 1939 999 1972 divina
1022 1937 1159 1980 disposi-
1180 1937 1181 1944 ¹

1200 1882 1251 1916 tiis
1279 1882 1310 1914 in
1348 1883 1450 1915 forma
1481 1881 1643 1915 Ecclesiae
1679 1884 1842 1923 consueta,
1878 1881 1938 1914 sub

1201 1935 1298 1969 certis
1320 1936 1434 1968 *modo
1467 1940 1500 1968 et
1535 1935 1638 1968 forma
1664 1939 1739 1967 tunc
1764 1934 1937 1978 expressis,

1202 1988 1464 2022 misericorditer
1498 1988 1531 2020 in
1562 1988 1697 2021 Domino
1722 1988 1883 2029 relaxavit,
1909 1994 1940 2021 et

1203 2041 1282 2074 alias
1301 2047 1397 2084 prout
1418 2041 1450 2073 in
1471 2040 1573 2084 ipsius
1599 2041 1780 2074 Innocentii
1804 2041 1941 2084 praede-

1204 2095 1341 2129 cessoris
1367 2095 1482 2128 litteris
1502 2095 1645 2138 desuper
1670 2095 1700 2127 in
1727 2095 1821 2128 simili
1842 2096 1942 2128 forma

1205 2148 1312 2181 Brevis
1350 2148 1401 2180 die
1430 2157 1440 2181 1
1466 2148 1608 2180 octobris
1632 2157 1818 2181 MDCLxxvtn
1851 2158 1943 2190 expe-

1206 2200 1302 2242 ditis¹,
1318 2211 1453 2244 quarum
1475 2206 1619 2233 tenorem
1638 2201 1864 2243 praesentibus
1883 2211 1942 2243 pro

1206 2255 1303 2298 plene
1321 2260 1351 2286 ct
1369 2253 1567 2286 sufficienter
1592 2263 1744 2295 expresso
1763 2263 1798 2285 ac
1816 2253 1856 2285 de
1874 2263 1943 2285 ver-

1207 2309 1247 2341 bo
1273 2308 1312 2340 ad
1343 2308 1477 2339 verbum
1505 2307 1626 2339 inserto
1652 2306 1764 2338 haberi
1789 2306 1943 2345 volumus,

1206 2361 1339 2393 uberius
1363 2360 1556 2392 continetur.

1253 2415 1267 2457 g
1292 2413 1323 2445 ΕΖ.
1349 2413 1439 2445 Nunc
1467 2419 1572 2445 autem
1596 2413 1850 2451 nos,1nemorati
1875 2423 1945 2446 san-

1210 2466 1342 2500 ctissimi
1358 2466 1549 2499 sacramenti
1565 2466 1811 2498 venerationem
1828 2466 1861 2498 in
1876 2466 1945 2499 dies

1210 2521 1311 2563 magis
1329 2519 1495 2561 magisque
1513 2518 1637 2560 augeri,
1653 2518 1809 2562 piumque
1827 2529 1863 2552 ac
1882 2519 1948 2552 lau-

1212 2576 1360 2614 dabilem,
1388 2584 1483 2617 quem
1509 2573 1725 2606 benedicente
1750 2573 1888 2607 Domino
1913 2573 1947 2606 in

1250 2638 1259 2664 1
1278 2637 1375 2663 Extant
1392 2636 1416 2662 in
1434 2639 1496 2662 tom.
1515 2642 1569 2670 mx,
1586 2644 1645 2670 pag.
1667 2635 1713 2662 103
1727 2636 1765 2670 (R.
1782 2637 1830 2671 1,).

1920 240 1968 268 Α11.
1989 240 2017 268 C.
2034 241 2103 268 ¹095

1967 885 1997 906 Ab
2015 885 2116 906 Innocen-

1935 912 1963 932 tio
1974 912 2001 932 Χῐ
2016 917 2117 931 concessa

1936 939 1974 959 suit
2008 938 2117 961 indulgen-

1936 966 1965 985 tia
1999 964 2118 984 comitanti·

1937 993 1974 1011 bus
1990 991 2029 1011 SS.
2041 991 2119 1012 Sacra-

1936 1021 2035 1039 mentum.

2003 2417 2139 2438 Confirmatio

1957 2444 2099 2470 indulgentiae
2107 2444 2139 2465 ln-

1957 2472 2048 2492 nocentii
2063 2470 2098 2492 XI.
