2227 3225
82 229 134 254 An.
150 227 179 254 C.
206 227 274 254 ¹⁴·90

455 273 620 301 Alexander
640 272 719 306 Papa
739 271 817 298 vm.

403 319 439 346 ad
459 320 633 351 perpetuam
652 317 696 344 rei
716 315 895 342 memoriam.

320 381 362 414 Ex
381 380 528 413 iniuncto
553 379 646 412 nobis
673 378 823 411 divinitus
840 375 1012 420 pastoralis
1033 356 1036 418 l

277 433 506 467 sollicitudinis
530 442 682 471 munere,
715 440 875 463 sacrarum
909 429 1010 461 bona-

275 497 413 530 rumque
432 486 608 518 litterarum
625 485 742 523 studia,
757 482 945 526 praesertim
967 481 1015 513 in-

276 545 326 573 ter
351 538 579 572 christifideles
616 537 733 570 divinis
766 534 931 579 obsequiis
956 534 1013 566 sub
1034 556 1037 580 t

276 593 366 625 suavi
392 591 559 635 religionis
585 591 661 633 iugo
680 589 836 628 addictos,
859 593 1015 631 opportu-

275 647 326 679 nis
350 646 529 680 rationibus
555 646 697 678 fovemus
717 650 749 677 et
773 652 1013 687 promovemus,

276 710 324 738 ac,
341 705 376 732 ut
393 699 521 732 debitus
542 698 650 731 virtuti
670 698 776 731 honor
801 696 1012 739 rependatur,

276 753 417 786 libenter
434 752 652 796 providemus,
669 751 762 790 sicut,
781 750 932 783 omnibus
954 759 1015 781 ma-

277 811 368 838 turae
393 805 664 838 considerationis
691 804 809 836 trutina
834 802 1013 846 perpensis,

277 858 397 891 rationi
428 863 681 892 consentaneum
718 867 790 890 esse
821 857 851 889 in
877 855 1014 888 Domino

278 911 483 944 arbitramur.

111 976 200 1002 Species
219 976 267 996 meu
321 964 336 1007 g
361 964 392 996 1.
411 964 533 1007 Exponi
559 964 718 1008 siquidem
737 964 830 997 nobis
848 973 953 1006 nuper
971 962 1016 995 fe-

85 1005 323 1057 itti-''iiiii‘i'icit
343 1017 481 1051 dilectus
515 1017 602 1050 fitius
638 1017 756 1061 loseph
789 1016 951 1050 Guerrcro
976 1016 1015 1048 de

85 1058 178 1077 ”mma
279 1070 406 1111 Torres,
431 1071 533 1104 frater
556 1081 709 1114 expresse
734 1071 898 1113 professus
917 1075 950 1102 et
966 1080 1017 1102 as-

279 1124 394 1157 sistens
411 1124 636 1167 Hispaniarum
649 1124 776 1157 Ordinis
794 1124 928 1155 sratrum
942 1123 1017 1155 Ere-

109 394 222 415 Exordium

865 220 1052 244 ALEXANDER
1078 220 1130 242 viil
1156 220 1202 242 ΓΡ.

280 1176 429 1209 mitarum
454 1177 556 1209 sancti
583 1176 771 1219 Augustini,
797 1176 882 1219 quod
914 1174 1015 1209 alias¹

280 1228 455 1271 capitulum
481 1231 632 1271 generale
661 1229 736 1262 dicti
762 1229 889 1263 Ordinis
914 1229 1017 1261 novis-

280 1281 359 1313 sime
385 1281 416 1313 in
442 1282 525 1314 alma
550 1281 633 1314 Urbe
663 1284 773 1314 nostra
797 1282 1015 1321 celebratum,

280 1333 454 1366 inhaerens
485 1334 615 1367 decreto
647 1335 768 1367 dudum
794 1345 811 1367 a
835 1334 1019 1376 Congrcga-

280 1386 369 1418 tione
397 1391 472 1418 tunc
496 1387 703 1419 existentium
728 1387 759 1419 S.
794 1387 828 1419 R.
854 1387 888 1419 E.
915 1387 1018 1419 cardi-

279 1438 399 1471 nalium
417 1439 557 1481 negotiis
582 1445 614 1472 et
639 1440 930 1473 consultationibus
951 1441 1019 1484 epi-

279 1501 451 1534 scoporum
479 1498 511 1525 et
535 1494 734 1535 regularium
758 1495 1017 1538 praepositorum

279 1545 331 1577 die
348 1554 397 1577 xix
416 1546 602 1579 novembris
623 1557 793 1581 iinctxxxn
810 1558 871 1590 pro
889 1548 1019 1590 provin-

278 1598 327 1630 cia
351 1598 497 1630 Peruana
523 1599 665 1631 eiusdem
690 1599 820 1632 Ordinis
845 1600 955 1638 edito,
985 1600 1016 1632 in

279 1660 354 1692 quo,
378 1656 502 1684 attento
528 1651 612 1694 quod
630 1661 786 1684 numerus
812 1652 944 1685 fratrum
971 1653 1019 1685 di-

279 1709 348 1736 ctae
373 1704 560 1747 provinciae
594 1705 784 1738 notabiliter
808 1711 1017 1745 excreverat,

279 1757 508 1789 demandatum
536 1757 642 1790 suerat
666 1763 702 1790 ut
726 1757 758 1791 in
788 1758 933 1802 capitulo
963 1768 1019 1800 ge-

279 1809 381 1842 nerali
399 1809 527 1842 Ordinis
544 1810 687 1853 praefati,
708 1821 793 1843 nunc
809 1811 953 1854 proxime
972 1822 1019 1845 ce-

279 1862 445 1901 lebrando,
460 1862 498 1895 de
516 1873 653 1896 numero
670 1864 898 1906 magistrorum
914 1865 1017 1898 dictae

280 1914 465 1957 provinciae
490 1915 638 1957 augendo
652 1921 812 1957 ageretur,
835 1917 1019 1959 proutsub-

280 1967 357 2000 inde
382 1967 505 2000 decreti
535 1968 721 2001 huiusmodi
754 1969 864 2011 vigore
898 1969 1017 2002 dictum

281 2020 457 2062 capitulum
490 2021 643 2062 generale
676 2021 840 2054 senarium
872 2022 1016 2055 eiusdem

279 2072 464 2114 provinciae
504 2073 733 2115 magistrorum
770 2084 941 2107 numerum
978 2076 1017 2108 ad

280 2125 517 2158 duodenarium
549 2127 790 2160 extendendum
816 2138 887 2161 esse
912 2130 1018 2162 sanci-

278 2179 330 2217 vit,
352 2179 561 2222 praesataque
586 2180 735 2212 extensio
753 2191 769 2212 a
787 2180 890 2213 felicis
908 2191 1017 2215 recor-

280 2232 418 2266 dationis
444 2232 633 2265 Innocentio
658 2233 744 2276 Papa
761 2234 798 2266 Xl
825 2235 1018 2277 praedeces-

279 2295 352 2318 sore
377 2289 487 2318 nostro
512 2295 571 2328 per
591 2286 746 2328 quasdam
768 2297 841 2319 suas
862 2287 894 2319 in
920 2288 1015 2321 simili

280 2338 383 2372 forma
408 2338 518 2371 Brevis
544 2339 709 2382 expeditas
734 2340 873 2380 litteras,
899 2351 1017 2384 appro-

279 2391 353 2425 bata
378 2396 410 2424 et
434 2391 621 2425 confirmata
645 2392 720 2432 suit3
745 2393 912 2436 probeque
937 2405 1016 2427 con-

279 2444 428 2477 siderans
449 2444 623 2487 capitulum
649 2445 801 2487 generale
826 2447 1015 2488 praefatum,

281 2498 411 2530 easdem
435 2498 581 2541 plenarie
605 2499 747 2531 rationes
771 2498 865 2531 etiam
892 2499 922 2531 in
942 2510 1016 2542 pro—

280 2550 384 2583 vincia
407 2551 533 2584 Baetica
556 2550 684 2583 Ordinis
708 2551 906 2593 supradicti,
933 2563 1014 2595 quae

317 2613 328 2640 ¹
349 2612 468 2649 Sequens
487 2613 604 2648 syntaxis
622 2612 774 2640 inabsoluta
793 2616 885 2641 manet
904 2614 943 2650 (n.
965 2616 1012 2647 Τ.).

1057 267 1188 309 copioso
1209 267 1329 310 pariter
1356 267 1487 300 fratrum
1513 279 1648 301 numero
1673 271 1790 302 rel'crta

1057 320 1172 357 existit,
1187 320 1244 351 sibi
1261 321 1367 352 locum
1386 321 1560 359 vindicare,
1574 322 1612 354 de
1630 332 1791 355 consensu

1056 373 1248 405 venerabilis
1268 374 1372 405 fratris
1390 374 1488 406 nostri
1509 374 1632 414 l‘alutii,
1649 377 1790 419 episcopi

1055 426 1256 466 §abinensis
1281 428 1426 459 eiusdem
1451 428 1482 458 S.
1504 427 1540 459 It.
1561 427 1594 460 E.
1618 430 1791 463 cardinalis

1057 480 1095 510 dc
1115 479 1242 512 Altcriis
1258 480 1446 523 nuncupati,
1466 480 1540 512 dicti
1561 481 1689 514 Ordinis
1706 484 1792 526 apud

1057 543 1115 564 nos
1141 538 1172 564 et
1196 533 1312 566 Sedcm
1340 534 1558 576 Apostolicam
1584 537 1791 577 protectoris,

1057 586 1229 618 duodecim
1250 586 1457 629 imposterum
1477 597 1546 619 esse
1565 589 1736 630 magistros
1754 590 1793 623 de

1057 649 1193 672 numero
1215 639 1318 672 dictae
1335 640 1520 682 provinciae
1540 641 1689 674 Baeticae
1707 642 1793 676 illius

1056 692 1262 735 amplitudini
1282 699 1313 725 et
1329 694 1486 736 aequitati
1505 695 1642 727 maxime
1656 706 1795 728 consen-

1057 751 1188 778 taneum
1214 746 1353 785 censuit,
1373 746 1397 778 si
1416 753 1527 779 noster
1552 752 1583 779 et
1608 748 1703 780 huius
1722 759 1795 781 san-

1057 804 1125 831 ctae
1147 798 1238 831 Sedis
1256 799 1395 842 desuper
1412 810 1591 833 consensus
1609 802 1790 835 accederet.

1057 851 1153 884 Nobis
1171 857 1346 895 propterea
1363 852 1466 886 dictus
1484 854 1600 897 loseph
1627 855 1795 888 humiliter

1056 905 1231 948 supplicari
1258 906 1332 939 fecit
1356 912 1391 938 ut
1416 907 1447 938 in
1466 908 1652 950 praemissis
1678 919 1795 952 oppor-

1057 964 1132 991 tune
1157 959 1329 1002 providere
1347 965 1379 992 et
1400 965 1436 992 ut
1452 961 1534 994 infra
1559 961 1728 1004 indulgere
1754 963 1794 996 de

1056 1012 1258 1054 benignitate
1284 1014 1461 1056 apostolica
1482 1014 1703 1056 dignaremur.

1708 210 1752 243 35
1799 220 1882 246 Aust:
1917 220 1983 246 ¹090

1101 1065 1115 1108 ἓ
1141 1065 1171 1098 2.
1196 1065 1259 1098 Nos
1275 1066 1383 1108 igitur,
1400 1067 1545 1100 eiusdem
1562 1068 1690 1112 losephi
1711 1070 1793 1103 votis
1820 1081 1990 1108 Euonstoprae-

1059 1118 1119 1150 hac
1143 1118 1174 1150 in
1200 1128 1244 1158 re,
1271 1124 1425 1162 quantum
1457 1130 1527 1153 cum
1560 1121 1697 1155 Domino
1722 1133 1797 1166 pos-

1058 1181 1179 1211 sumus,
1208 1172 1430 1206 favorabiliter
1458 1184 1601 1207 annuere
1628 1176 1795 1216 volentes,

1059 1234 1197 1267 eumque
1215 1235 1231 1256 a
1250 1225 1417 1267 quibusvis
1442 1227 1796 1268 excommunicationis,

1058 1277 1285 1320 suspensionis
1310 1284 1343 1310 et
1371 1279 1552 1320 interdicti,
1578 1280 1717 1324 aliisque
1746 1292 1799 1314 ec-

1059 1329 1250 1362 clesiasticis
1266 1332 1448 1370 sententiis,
1465 1333 1610 1366 censuris
1624 1340 1656 1367 et
1669 1335 1798 1377 poenis,

1060 1392 1077 1413 a
1101 1382 1171 1415 iure
1196 1384 1246 1416 vel
1268 1384 1307 1415 ab
1326 1384 1469 1423 homine,
1489 1385 1599 1427 quavis
1626 1387 1797 1419 occasione

1059 1436 1110 1468 vel
1128 1438 1224 1468 causa
1249 1437 1337 1476 latis,
1357 1438 1381 1469 si
1407 1438 1526 1480 quibus
1552 1439 1800 1482 quomodolibet

1061 1488 1232 1522 innodatus
1253 1490 1371 1529 existit,
1399 1491 1436 1522 ad
1464 1491 1612 1524 ellectum
1640 1503 1798 1535 praesen-

1061 1542 1140 1574 tium
1167 1543 1333 1576 dumtaxat
1364 1546 1652 1587 consequendum,
1680 1546 1797 1579 harum

1061 1595 1146 1628 serie
1164 1596 1373 1630 absolventes
1390 1602 1419 1630 et
1438 1598 1622 1630 absolutum
1644 1599 1712 1631 sore
1729 1609 1801 1632 cen-

1061 1655 1194 1689 sentes,
1218 1650 1404 1683 huiusmodi
1431 1652 1726 1694 supplicationibus
1750 1653 1800 1685 in-

1062 1703 1184 1743 clinati,
1199 1708 1234 1735 ut
1252 1704 1290 1736 de
1309 1709 1416 1737 cetero
1435 1705 1583 1737 senarius
1602 1706 1706 1738 dictae
1724 1717 1799 1749 pro-

1061 1756 1184 1789 vinciae
1211 1757 1358 1790 Baeticae
1387 1758 1615 1800 magistrorum
1642 1769 1798 1792 numerus

1061 1809 1100 1842 ad
1127 1810 1383 1850 duodenarium,
1410 1814 1537 1844 servata
1563 1817 1666 1845 tamen
1692 1812 1724 1845 in
1751 1823 1800 1845 re-

1062 1862 1157 1905 liquis
1187 1864 1294 1906 quoad
1324 1864 1481 1906 praedicti
1513 1864 1642 1897 Ordinis
1678 1866 1800 1898 consti-

1061 1916 1200 1948 tutiones
1218 1926 1279 1949 nec
1297 1927 1362 1949 non
1388 1917 1639 1950 consuetudines
1666 1924 1698 1950 et
1720 1929 1799 1951 usus

1061 1970 1224 2011 praefatae
1254 1970 1438 2013 provinciae
1464 1971 1610 2004 Baeticae
1636 1973 1798 2014 praescri-

1060 2026 1115 2067 pta
1138 2023 1248 2063 forma,
1266 2029 1431 2066 augeatur,
1458 2025 1637 2067 apostoliea
1662 2026 1799 2059 auctori-

1061 2082 1137 2115 tate,
1158 2082 1271 2109 tenore
1289 2077 1518 2120 praesentium,
1537 2079 1748 2112 concedimus
1767 2085 1799 2112 et

1059 2129 1278 2172 indulgemus.

1103 2182 1166 2226 53.
1193 2183 1411 2215 Decernentes
1443 2183 1572 2216 easdem
1605 2191 1797 2227 praesentes

1060 2236 1184 2269 litteras
1208 2246 1340 2279 semper
1364 2236 1485 2277 sirmas,
1501 2237 1623 2270 validas
1641 2244 1672 2270 et
1692 2238 1798 2271 effica-

1059 2300 1111 2322 ces
1129 2290 1268 2322 existere
1294 2295 1325 2322 et
1350 2290 1439 2329 sore,
1465 2300 1608 2333 suosque
1634 2292 1798 2333 plenarios

1058 2348 1091 2375 et
1117 2343 1264 2386 integros
1289 2342 1420 2375 ell'ectus
1445 2343 1554 2376 sortiri
1581 2349 1613 2376 et
1636 2344 1797 2385 obtinere,

1058 2406 1095 2428 ac
1118 2396 1192 2433 illis,
1211 2396 1250 2428 ad
1272 2406 1355 2440 qnos
1373 2401 1499 2439 spectat
1517 2401 1547 2429 et
1565 2398 1734 2440 spectabit,
1755 2398 1798 2430 in-

1057 2448 1253 2481 violabiliter
1286 2449 1319 2481 in
1355 2449 1494 2481 futurum
1527 2449 1558 2482 in
1592 2450 1741 2482 omnibus
1765 2455 1797 2483 et

1058 2511 1115 2543 per
1139 2501 1248 2533 onmia
1274 2501 1461 2544 plenissime
1486 2501 1665 2543 suffragari,
1683 2502 1796 2544 sicque

1057 2554 1089 2586 in
1114 2554 1299 2597 praemissis
1331 2565 1390 2597 per
1412 2565 1638 2597 quoscumque
1670 2554 1795 2587 iudices

1057 2607 1245 2641 ordinarios
1275 2612 1308 2640 et
1339 2608 1527 2650 delegatos,
1554 2607 1652 2640 etiam
1684 2617 1797 2640 causa-

1807 1109 1870 1128 dicta.

1834 2188 1955 2211 clausulae.
