2254 3225
220 230 268 257 An.
291 230 320 257 c.
339 230 407 258 1693
454 222 518 256 532

244 557 315 578 Tei-tio
330 563 354 578 ex
365 563 399 578 va·

216 590 253 605 rus
271 585 353 606 officiis.

245 2301 295 2321 lii‘m
311 2307 334 2321 cv
353 2307 391 2321 von

219 2329 297 2348 ditioni=
314 2329 401 2350 aliorum

219 2355 343 2375 ostii-iorum.

410 280 511 312 menti
532 285 563 312 et
581 280 816 324 quinquaginta
832 281 1032 324 leguminum
1049 282 1149 314 rubra

410 331 510 374 ipsius
528 334 791 377 archihospilalis
809 334 957 377 expensis
972 335 1011 367 ad
1028 333 1147 368 Urbem

409 384 587 426 praefatam
613 391 829 429 transportata
854 386 995 429 hospitio
1020 385 1150 429 praedi-

410 441 461 470 cto
498 439 677 481 apostolico
712 449 891 482 pauperum
934 438 1147 471 invalidorum

410 494 579 524 teneretur
603 491 737 534 singulis
763 491 855 524 annis
881 491 1102 523 contribuere.

454 544 469 586 ἕ
494 543 547 576 1⁶2.
571 544 631 577 Per
655 544 750 576 aliam
774 544 906 587 insuper
924 548 1068 576 nostram
1085 552 1150 575 mo-

410 597 589 640 tusproprii
615 597 762 630 cedulam
794 597 853 629 sub
886 597 993 629 datum
1028 605 1047 627 v
1076 595 1148 627 idus

410 650 486 684 dicti
510 651 631 684 mensis
656 650 822 689 februarii,
855 660 954 682 unum
988 653 1149 682 correcto-

408 703 477 737 riae
501 703 634 737 archivii
660 704 823 736 Romanae
849 702 960 736 Curiae
992 712 1051 744 per
1075 711 1149 744 sup-

408 757 614 799 pressionem
648 756 827 789 venalitatis
863 754 957 788 officii
991 753 1148 787 auditoris

409 809 559 843 Gamerae
583 809 808 853 Apostolicae,
833 809 987 852 illiusque
1020 806 1149 840 restitu-

410 863 531 896 tionem
566 868 597 895 et
626 862 819 895 reunionem
855 861 959 894 eidem
995 860 1147 893 Gamerae

410 927 466 949 seu
492 916 638 949 statariae
665 916 883 959 Apostolicac,
909 914 1034 947 aliudve
1055 923 1148 955 rege-

410 969 466 1001 stri
483 968 662 1002 litterarum
682 968 933 1012 apostolicarum
958 967 997 999 de
1021 976 1087 999 non
1104 976 1149 998 sa·

410 1022 533 1055 lariatis
558 1027 789 1064 nuncupatum,
816 1026 847 1053 et
867 1020 1046 1063 scripturae
1064 1018 1149 1052 litte-

409 1085 517 1108 rarum
542 1076 795 1118 apostolicarum
826 1085 893 1107 non
929 1073 1086 1112 divisum,
1117 1076 1149 1104 et

409 1128 497 1161 aliud
518 1128 549 1161 S.
576 1128 675 1168 Pauli,
703 1133 734 1160 et
754 1128 841 1160 aliud
866 1126 897 1159 S.
925 1125 1025 1165 Petri,
1052 1130 1148 1167 atque

409 1181 498 1214 aliud
515 1182 561 1214 Pii
587 1181 765 1224 respective
791 1184 1048 1222 nuncupatorum
1065 1178 1149 1211 mili-

409 1240 489 1275 tum,
515 1245 643 1268 necnon
669 1234 755 1267 aliud
772 1233 1033 1277 praesidentatus
1052 1241 1150 1264 anno-

410 1298 481 1328 nae,
499 1298 535 1320 ae
555 1287 716 1330 reliquum
735 1287 894 1330 portionis
914 1285 1015 1328 Ripae
1034 1284 1149 1323 officia,

410 1351 470 1383 per
487 1340 612 1373 obitum
630 1339 811 1383 respective
840 1339 885 1371 sic
905 1337 1058 1377 vacantia,
1077 1347 1149 1369 cum

410 1393 560 1426 omnihus
585 1398 615 1425 et
639 1392 775 1433 singulis
802 1392 929 1424 illorum
956 1389 1146 1429 honoribus,

411 1446 575 1485 oneribus,
601 1445 735 1485 salariis,
762 1444 886 1476 iuribus
905 1449 935 1476 et
953 1443 1151 1476 emolumen-

412 1500 451 1532 tis
486 1499 589 1532 solitis
614 1504 646 1532 et
670 1498 845 1538 consuetis,
879 1503 939 1529 tam
976 1496 1150 1530 ordinariis

411 1562 505 1595 quam
527 1550 800 1591 extraordinariis,
819 1550 981 1593 certisque
1000 1554 1030 1581 ct
1046 1549 1152 1581 incer-

411 1606 460 1647 tis,
488 1606 584 1638 etiam
602 1616 639 1638 ex
657 1603 979 1647 congregationibus,
1000 1612 1150 1646 praesen-

411 1658 461 1691 tiis
487 1663 518 1691 et
542 1657 738 1696 officiaturis,
763 1667 798 1689 ac
823 1656 901 1689 alias
925 1656 1150 1698 undecumque

411 1721 448 1743 ac
472 1711 778 1754 quomodocumque
804 1709 1041 1753 provenientia,
1077 1719 1150 1741 eum

412 1764 563 1797 facultate
590 1764 767 1806 deputandi
792 1773 966 1806 personam
997 1772 1053 1794 seu
1079 1771 1152 1804 per-

411 1827 506 1850 sonas
532 1827 592 1860 per
609 1816 902 1858 Congregationem
922 1815 997 1847 dicti
1016 1814 1150 1857 hospitii

413 1869 581 1913 apostolici
618 1870 657 1902 ad
680 1868 826 1902 effectum
859 1868 1009 1910 exigendi
1046 1868 1150 1901 dictos

413 1922 534 1954 fructus
553 1926 583 1954 et
601 1922 820 1954 emolumenta
834 1930 1066 1964 quaecumque,
1082 1930 1152 1953 nec-

412 1985 475 2008 non
502 1974 811 2017 congregationibus
838 1979 869 2007 ct
893 1973 1079 2006 officiaturis
1105 1973 1152 2006 di-

412 2034 536 2061 ctorum
563 2028 742 2061 officiorum
763 2027 1014 2067 interveniendi,
1030 2037 1152 2060 memo-

411 2087 480 2114 rato
505 2081 649 2124 hospitio
674 2081 854 2124 apostolico
872 2091 1048 2124 pauperum
1066 2081 1152 2113 inva-

412 2134 552 2168 lidorum
574 2134 750 2177 apostolica
775 2134 963 2167 auctoritate
988 2138 1151 2177 perpetuo

413 2187 644 2229 concessimus,
670 2187 903 2231 assignavimus
940 2192 972 2220 et
1004 2186 1151 2231 applica-

412 2251 530 2274 Vimus.

456 2294 538 2337 §13
558 2294 604 2327 Ad
621 2294 710 2335 haec,
729 2294 791 2327 alia
809 2299 897 2327 scuta
914 2294 1067 2327 undecim
1086 2294 1153 2328 mil-

412 2349 442 2381 le
460 2347 666 2390 septingenta
684 2352 715 2380 et
733 2348 969 2391 quinquaginta
989 2348 1152 2391 praefatae

412 2405 563 2434 monetae
576 2411 728 2434 romanae
746 2411 782 2434 ex
802 2401 897 2433 trium
916 2401 1151 2441 scutiferorum,

411 2454 506 2487 unius
533 2454 696 2498 portionis
722 2465 888 2488 cursorum
914 2454 1050 2487 duorum
1075 2455 1153 2487 Lau-

411 2514 610 2548 retanorum,
631 2512 663 2540 et
687 2507 822 2540 aliorum
849 2507 988 2540 duorum
1007 2507 1150 2546 Piorum,

414 2567 446 2595 et
463 2561 582 2605 reliqui
599 2561 670 2595 Lilii
688 2566 947 2605 nuncupatorum
966 2560 1153 2600 officiorum,

415 2625 497 2659 quae
521 2625 581 2659 per
605 2615 727 2649 obitum
752 2615 808 2649 illa
833 2613 1071 2660 possidentium
1097 2625 1153 2647 uu-

994 232 1172 258 BULLARIUM
1196 233 1350 257 ROMANUM

1190 293 1247 325 per
1271 285 1469 322 vacaverant,
1495 281 1601 325 pretio
1626 284 1772 320 retracta,
1798 289 1926 313 necnon

1189 335 1330 378 pretium
1349 346 1384 368 ex
1403 335 1508 368 officio
1524 334 1700 368 notariatus
1721 333 1927 376 magistratus

1189 388 1311 420 viarum
1346 387 1534 430 nuncupati,
1558 387 1678 430 pariter
1707 396 1767 429 per
1802 385 1927 418 obitum

1191 441 1333 472 vacantis
1348 466 1355 479 ,
1380 437 1601 473 venditionis¹
1625 438 1871 479 retrahendum,
1895 437 1928 469 in

1190 492 1294 525 banco
1316 492 1425 525 dilecti
1443 492 1499 525 filii
1517 491 1680 524 Francisci
1701 491 1853 524 Montioni
1871 500 1930 523 no-

1190 545 1246 577 stri
1273 551 1305 577 et
1328 544 1481 578 Gamerae
1511 540 1697 587 praedictae
1736 542 1929 586 depositarii

1191 597 1363 639 generalis,
1380 597 1412 629 in
1431 596 1590 630 creditum
1607 595 1779 629 memorati
1793 594 1928 638 hospitii

1190 650 1372 692 apostolici,
1400 655 1432 682 et
1457 650 1495 682 ad
1523 648 1773 692 dispositionem
1795 648 1929 691 deputa-

1191 708 1293 736 torum
1320 703 1465 736 eiusdem
1492 701 1638 745 hospitii,
1656 706 1689 745 et
1714 702 1754 734 ad
1779 700 1928 734 effectum

1189 748 1245 789 illa
1270 762 1301 789 et
1326 757 1406 789 illud
1432 756 1463 788 in
1488 761 1536 789 tot
1560 756 1639 788 locis
1656 754 1833 797 montium,
1858 763 1930 787 cen-

1190 809 1277 842 sibus
1298 819 1352 842 seu
1379 809 1550 842 stabilibus
1570 818 1630 852 pro
1656 806 1845 840 huiusmodi
1870 807 1931 840 ho-

1190 862 1289 906 spitio
1326 861 1547 901 investiendi,
1576 871 1636 904 per
1661 860 1746 893 aliud
1788 859 1930 902 desuper

1190 915 1372 948 confectum
1400 920 1431 948 et
1447 924 1507 958 per
1524 924 1582 946 nos
1609 913 1660 946 die
1685 924 1741 946 xm
1767 912 1930 946 currentis

1189 969 1308 1001 mensis
1338 968 1417 1000 'maii
1455 967 1617 1009 signatum
1653 966 1926 1009 chirographum,

1190 1032 1261 1054 curn
1288 1020 1553 1063 derogationibus
1580 1024 1612 1052 et
1635 1018 1784 1054 clausulis
1810 1028 1932 1061 oppor-

1191 1074 1287 1114 tunis,
1315 1073 1434 1117 deponi
1460 1072 1693 1112 mandavimus,
1722 1076 1821 1114 prout
1847 1071 1932 1103 dicta

1190 1134 1280 1160 scuta
1297 1127 1446 1160 undecim
1464 1126 1552 1159 mille
1570 1125 1774 1169 septingenta
1792 1129 1824 1157 et
1842 1124 1931 1167 quin-

1191 1180 1346 1224 quaginta
1372 1180 1434 1212 iam
1461 1179 1612 1222 deposita
1637 1179 1782 1210 fuerunt.

1234 1234 1248 1276 g
1273 1234 1326 1266 ¹14.
1354 1233 1391 1265 Et
1416 1232 1629 1265 nihilominus
1655 1229 1841 1274 praemissis
1872 1240 1932 1268 nQ-

1191 1344 1223 1372 ct
1247 1339 1470 1371 instrumentis
1498 1338 1613 1370 harum
1645 1337 1730 1370 serie
1756 1336 1857 1369 maius
1882 1346 1933 1369 ro-

1191 1393 1252 1425 bur
1288 1398 1320 1425 et
1354 1392 1535 1435 pleniorem
1572 1390 1749 1424 efficaciam
1788 1390 1931 1423 adiicere

1191 1446 1346 1486 volentes,
1368 1445 1562 1488 illarumque
1588 1450 1620 1477 ct
1644 1444 1784 1482 illorum,
1803 1452 1932 1475 necnon

1191 1496 1466 1542 'quarumcumque
1492 1498 1627 1530 aliarum
1653 1497 1833 1529 litterarum
1859 1505 1933 1538 apo-

1192 1553 1390 1592 stolicarum,
1411 1551 1540 1591 iurium,
1561 1551 1842 1588 documentorum,
1861 1548 1932 1580 fun-

1193 1606 1359 1639 dationum
1378 1609 1410 1637 et
1428 1603 1678 1647 dispositionum
1697 1602 1930 1644 cuiuscumque

1193 1657 1466 1692 denominationis
1503 1661 1536 1688 et
1573 1655 1704 1699 speciei,
1730 1665 1865 1698 quarum
1898 1657 1931 1686 et

1194 1722 1330 1755 quorum
1355 1709 1487 1749 mentio,
1513 1708 1678 1751 expressio
1716 1718 1772 1740 seu
1795 1706 1930 1740 insertio

1193 1775 1324 1809 quoquo
1350 1763 1444 1796 modo
1471 1761 1653 1794 necessaria
1677 1762 1726 1794 vel
1745 1765 1931 1804 opportuna

1194 1818 1317 1857 fuisset,
1351 1827 1410 1860 pro
1435 1816 1532 1859 plene
1554 1820 1586 1847 et
1610 1813 1810 1847 sufficienter
1836 1818 1867 1846 et
1891 1813 1930 1846 de

1192 1871 1290 1905 verbo
1326 1870 1365 1902 ad
1400 1869 1531 1901 verbum
1568 1867 1727 1911 expressis
1763 1866 1930 1906 habentes,

1194 1929 1291 1964 motu,
1318 1921 1467 1962 scientia,
1494 1921 1742 1960 deliberatione,
1761 1919 1931 1963 potestatis

1194 1976 1398 2022 plenitudine
1424 1974 1593 2014 similibus,
1619 1973 1779 2017 praefatas
1805 1977 1930 2005 nostras

1194 2028 1425 2073 motusproprii
1457 2028 1612 2067 cedulas‚
1647 2026 1867 2069 chirographa
1901 2030 1933 2058 et

1194 2083 1406 2116 instrumenta
1445 2079 1645 2119 huiusmodi,
1684 2078 1859 2121 omniaque
1900 2083 1931 2111 et

1194 2136 1320 2178 singula
1347 2135 1379 2166 in
1404 2133 1450 2166 eis
1469 2137 1620 2165 contenta
1638 2136 1668 2164 et
1686 2141 1847 2174 expressa,
1866 2140 1930 2163 non

1195 2189 1301 2222 solum
1324 2198 1362 2220 eo
1389 2186 1443 2229 qui
1477 2185 1507 2217 in
1542 2184 1635 2218 dictis
1660 2183 1796 2224 cedulis,
1824 2183 1932 2216 chiro-

1195 2241 1327 2285 graphis
1353 2245 1385 2273 et
1409 2238 1631 2271 instrumentis
1657 2237 1850 2277 continetur,
1872 2236 1931 2269 sed

1195 2294 1280 2328 omni
1300 2293 1362 2327 alio
1380 2292 1519 2332 meliori,
1540 2290 1688 2324 validiori
1707 2295 1737 2322 et
1755 2287 1931 2323 efficaciori

1194 2347 1291 2381 modo
1303 2345 1493 2389 plenissime
1510 2344 1696 2376 earumdem
1712 2347 1829 2375 tenore
1840 2352 1932 2385 prae-

1195 2400 1516 2441 sentium‘perpetuo
1541 2396 1780 2435 confirmamus,
1805 2405 1932 2438 appro-

1195 2455 1305 2486 bamus
1324 2457 1355 2485 et
1370 2451 1572 2490 innovamus,
1591 2459 1627 2481 ac
1648 2447 1876 2481 inviolabiliter
1901 2452 1932 2480 et

1195 2507 1388 2539 inconcusse
1415 2503 1535 2536 servari
1566 2503 1713 2535 volumus
1738 2507 1770 2534 et
1794 2501 1930 2533 manda-

1195 2570 1273 2599 mus,
1292 2567 1469 2600 omnesque
1488 2562 1519 2589 et
1536 2556 1682 2598 singulos
1701 2554 1780 2586 iuris
1809 2560 1840 2586 ct
1858 2553 1930 2586 facti

1233 2622 1241 2648 1
1261 2621 1353 2648 Potius
1368 2619 1425 2654 lege
1442 2627 1477 2645 cx
1491 2618 1580 2653 officii
1598 2639 1602 2643 .
1619 2638 1644 2644 ..
1663 2617 1826 2645 venditione
1840 2616 1927 2651 (nau).

1928 231 1979 259 An.
1999 231 2028 258 C.
2047 230 2115 258 1693

1241 1286 1246 1291 .
1502 1284 1520 1289 ..
1645 1284 1650 1289 .
1744 1283 1750 1288 .
1907 1282 1913 1288 .
1942 1239 2125 1288 θιῑιξὶῖἓῖῗῗὲἱῗ

1191 1291 1265 1318 stris
1288 1291 1521 1330 motusproprn
1548 1284 1682 1324 ceduhs,
1699 1283 1999 1326 clurograplnsiatae
2014 1293 2078 1314 doun.
