2227 3225
90 249 141 276 Αη.
161 248 190 277 C.
211 248 276 276 1690

283 299 427 332 locorum
453 296 635 330 huiusmodi
661 295 796 335 admitti,
814 305 869 328 seu
895 295 1020 327 illorum

284 351 459 396 privilegiis
484 351 530 383 uti
555 350 691 394 possint,
717 349 778 382 nisi
804 348 891 393 prius
918 349 948 381 in
975 348 1021 381 di-

284 406 341 448 ctis
366 405 559 446 civitatibus,
585 403 732 448 oppidis,
764 402 858 436 terris
886 408 918 436 et
942 401 1021 435 locis

284 469 343 503 per
375 463 501 492 certum
537 462 663 500 tempus
700 455 936 495 habitaverint,
962 465 1020 488 seu

284 512 380 547 etiam
397 512 430 546 in
447 511 511 545 illis
528 511 614 544 bona
638 509 734 550 etiam
759 509 885 543 stabilia
912 509 1020 541 forsan

284 566 323 600 ad
357 571 481 600 certum
522 565 664 598 valorem
700 563 910 597 ascendentia
941 572 1022 605 pos—

283 618 438 659 sederint,
463 617 615 662 quodque
640 615 885 661 praeceptoriae
911 620 942 647 et
959 614 1022 647 alia

283 672 443 707 beneficia
468 682 690 716 quaecumque
724 670 801 704 dicti
828 669 1020 713 hospitalis,

283 733 347 761 tam
367 738 404 760 ex
422 726 491 760 eius
515 725 719 758 institutione
738 735 834 768 quam
859 734 893 756 ex
922 722 1020 755 stabi-

283 780 496 814 limentorum
513 778 754 823 praedictorum
775 775 1019 820 dispositione&

283 833 511 878 pensionibus,
526 831 654 865 clericis
670 830 891 864 saecularibus
907 835 937 863 et
951 829 1020 862 aliis

283 885 432 931 personis
472 885 568 919 etiam
612 885 791 928 apostolica
830 883 1020 917 auctoritate

282 939 498 979 reservandis,
520 939 646 981 gravari
665 948 730 971 non
752 937 897 981 possint,
922 935 1021 979 quod-

283 1003 345 1036 que
370 991 595 1025 stabilimentis
627 995 658 1024 et
683 989 862 1034 privilegiis
895 988 1021 1032 praedi-

283 1046 352 1086 ctis,
368 1044 464 1079 etiam
480 1045 591 1088 vigore
609 1044 784 1088 implicitae
802 1041 1020 1085 derogationis

284 1099 440 1133 latissime
466 1097 699 1137 extendendae,
722 1096 816 1130 etiam
844 1107 903 1139 per
929 1106 1022 1139 quas-

284 1163 423 1196 cumque
446 1152 569 1186 litteras
594 1151 786 1195 apostolieas
803 1177 810 1190 ‚
839 1155 868 1183 et
893 1149 1021 1194 quasvis

285 1205 381 1239 etiam
405 1205 682 1248 derogatoriarum
703 1203 934 1246 derogatorias,
954 1202 1020 1235 essi-

284 1258 426 1291 caciores
451 1263 482 1291 et
507 1257 654 1290 insolitas
674 1257 845 1295 clausulas,
871 1256 1019 1298 derogari

284 1321 349 1344 non
380 1310 502 1353 possit,
528 1320 588 1343 nee
613 1310 803 1352 derogatum
832 1315 1017 1348 censeatur,

283 1363 344 1396 nisi
380 1363 548 1406 derogatio
586 1363 768 1396 huiusmodi
807 1363 845 1395 dc
882 1362 1019 1395 consilio

283 1416 495 1449 cardinalium
522 1416 711 1449 eorumdem
736 1415 800 1455 fiat,
816 1421 847 1448 et
873 1420 938 1447 tum
966 1415 1020 1448 de-

283 1479 369 1502 mum
394 1468 539 1512 magistri
573 1474 604 1502 et
636 1474 814 1502 conventus
842 1469 1021 1511 praedicto-

283 1533 353 1556 rum
379 1522 417 1555 ad
436 1522 468 1555 id
493 1522 624 1555 accedat
642 1532 801 1562 assensus,
821 1521 950 1565 sintque
970 1522 1020 1555 lit-

284 1581 372 1609 terae
397 1575 618 1618 derogationis
640 1575 824 1608 huiusmodi
844 1575 940 1608 etiam
963 1585 1021 1618 per

284 1628 403 1663 dictum
427 1627 614 1671 magistrum
650 1628 855 1672 subscriptae
871 1655 878 1669 ,
911 1640 947 1661 ac
973 1628 1018 1662 illi

283 1687 315 1716 et
342 1682 487 1726 praefato
524 1682 697 1715 conventui
734 1693 792 1726 per
825 1683 964 1716 diversas
989 1682 1020 1715 in

283 1736 385 1770 forma
408 1735 520 1769 Brevis
545 1741 598 1768 aut
623 1736 699 1769 alias
732 1736 856 1769 litteras
888 1735 1020 1769 diversis

283 1789 487 1833 temporibus
513 1800 584 1822 cum
610 1790 705 1822 certis
725 1789 901 1823 intervallis
926 1800 1020 1833 prae-

284 1846 425 1875 sentatas
446 1841 623 1882 intimatae,
641 1847 672 1875 et
690 1853 754 1875 non
773 1843 861 1883 alias,
880 1853 940 1876 nee
957 1843 1019 1876 alio

285 1895 392 1935 modo,
410 1899 441 1928 et
464 1904 595 1938 semper
619 1894 651 1927 in
678 1895 839 1936 omnibus,
867 1906 948 1939 quae
974 1896 1020 1929 sie

284 1948 362 1982 fient
385 1947 481 1981 etiarn
499 1947 538 1981 de
555 1947 651 1981 simili
673 1948 821 1989 consilio,
839 1948 1021 1991 derogatio-

284 2001 380 2034 nibus
399 2001 440 2034 sit
453 2001 602 2045 apposita
615 2001 767 2042 clausula,
787 2002 873 2045 quod
893 2002 1020 2035 illarum

285 2054 432 2088 effectum
465 2054 640 2087 sortiantur
664 2054 703 2087 de
733 2065 895 2087 consensu
921 2055 1021 2098 magi-

285 2107 342 2141 stri
359 2113 392 2141 et
417 2112 593 2141 conventus
618 2107 880 2151 praedictorum,
902 2114 933 2141 et
954 2119 1019 2141 non

285 2162 362 2195 alias
387 2171 448 2194 nec
472 2160 535 2194 alio
561 2160 671 2202 modo,
691 2162 842 2205 quodque
861 2161 922 2205 ipsi
948 2173 1020 2195 exa-

285 2220 390 2248 ctores
410 2218 443 2248 et
466 2214 686 2258 appaltatores
709 2215 859 2255 decimas,
882 2216 1019 2259 pedagia

286 2274 318 2303 et
340 2278 441 2301 onera
463 2267 650 2301 huiusmodi
676 2267 772 2301 etiam
797 2268 836 2301 ab
861 2270 1018 2313 exemptis

286 2321 424 2365 exigere,
442 2326 473 2354 et
491 2320 564 2354 illos
586 2320 624 2354 ad
650 2321 847 2355 solutionem
872 2333 927 2355 seu
945 2333 1020 2356 con-

287 2374 494 2408 tributionem
518 2384 636 2417 cogere
665 2378 698 2406 et
722 2375 918 2418 compellere
944 2387 1020 2420 pos-

286 2428 352 2462 sint
367 2438 422 2461 seu
441 2427 599 2468 debeant,
619 2426 737 2470 quibus
762 2427 924 2469 omnibus,
947 2429 1020 2463 illo-

286 2492 357 2516 rum
381 2480 523 2514 omnium
548 2485 685 2521 tenores,
709 2491 744 2514 ac
761 2481 787 2514 si
809 2480 848 2514 tle
865 2482 962 2516 verbo
980 2484 1018 2517 ad

287 2535 422 2568 verbum
445 2535 679 2575 insererentur,
705 2535 934 2578 praesentibus
959 2547 1018 2579 pro

288 2587 449 2631 expressis
474 2586 645 2627 habentes,
665 2586 729 2620 illis
747 2587 824 2620 alias
842 2588 873 2620 in
892 2599 949 2621 suo
968 2600 1020 2622 ro-

323 2651 335 2677 ¹
356 2648 421 2676 Male
441 2648 505 2676 edit.
525 2648 607 2675 Main.
623 2648 686 2684 legit
702 2649 903 2685 dispositiones
919 2651 956 2687 (n.
970 2651 1018 2687 r.).

368 2703 445 2731 Bull.
467 2703 548 2730 Rom.
574 2704 632 2731 Vol.
654 2720 686 2723 —
707 2705 766 2732 XX.
912 2705 928 2733 5

866 246 1051 270 Atmanisti
1079 245 1132 268 vui
1158 245 1205 268 rr.
1721 239 1761 267 :ts

1754 237 1760 250 ἱ

1810 246 1856 272 Au.
1880 247 1907 272 tl.
1929 246 1993 272 {ooo

1042 299 1043 313 ¹
1064 293 1142 327 bore
1163 292 1391 336 permansuris,
1410 293 1471 326 liae
1489 294 1556 326 vice
1575 294 1747 333 dumtaxat,
1769 295 1800 327 iu

1065 357 1183 389 genere
1209 351 1241 379 et
1264 346 1296 378 in
1321 346 1438 389 specie,
1469 347 1508 379 ad
1533 345 1680 379 effectum
1708 358 1801 390 prae-

1064 400 1222 441 sentium,
1250 399 1446 432 sufficienter
1472 404 1504 432 et
1528 410 1679 444 expresse
1706 401 1801 434 dero-

1065 464 1189 496 gamus,
1206 463 1242 486 ac
1267 453 1458 495 derogatum
1484 463 1554 486 esse
1580 453 1799 494 decernimus;

1064 507 1218 550 quodque
1252 517 1307 539 vos
1339 507 1474 550 primam
1507 516 1572 539 non
1606 506 1744 539 feceritis
1771 507 1800 540 in

1065 560 1203 593 ecclesia
1230 559 1413 593 huiusmodi
1431 560 1637 603 personalem
1664 560 1804 593 residen-

1066 613 1141 646 tiam
1176 618 1387 654 consuetam·,
1414 614 1595 658 ceterisque
1631 615 1801 646 contrariis

1064 667 1332 711 quibuscumque.

1107 720 1121 764 ἓ
1140 720 1194 754 18.
1209 721 1364 754 Volumus
1382 726 1499 760 autem,
1515 720 1612 764 quod,
1627 725 1800 764 antequam
1813 730 1994 776 1m⁰³affl)vait-'t

1064 774 1167 815 gratia
1202 774 1376 807 creationis
1411 774 1443 806 in
1476 778 1606 807 nostros
1644 778 1676 807 et
1710 764 1937 807 Sedisiamtusf¹
1990 769 1997 773 ’

1065 827 1272 870 Apostolicae
1296 827 1442 860 notarios
1465 827 1555 860 vobis
1587 833 1621 859 ut
1645 838 1741 870 supra
1762 828 1803 860 fa-

1064 882 1113 912 cta
1138 880 1259 923 perfrui
1285 881 1429 920 valeatis,
1452 880 1483 913 in
1502 880 1651 913 manibus
1669 881 1804 913 alicuius

1064 943 1224 975 personae
1250 934 1280 966 in
1307 934 1462 977 dignitate
1488 933 1705 967 ecclesiastica
1729 944 1805 967 con-

1065 988 1196 1020 stitutae
1221 987 1458 1030 professionem
1477 987 1566 1020 Fidei
1586 987 1672 1020 iuxta
1690 987 1806 1020 articu-

1064 1041 1113 1075 los
1137 1041 1263 1085 pridem
1281 1053 1298 1074 a
1323 1041 1405 1074 Sede
1428 1041 1593 1084 praedicta
1614 1041 1803 1085 propositos

1064 1104 1218 1138 expresse
1244 1093 1405 1134 emittere,
1424 1098 1456 1126 et
1480 1093 1613 1126 solitum
1639 1093 1802 1127 fidelitatis

1064 1147 1279 1180 iuramentum
1317 1151 1485 1192 praestare
1519 1146 1652 1180 omnino
1687 1151 1782 1180 tenea

1063 1199 1154 1233 mini.

1107 1252 1121 1296 ἓ
1146 1252 1199 1285 19.
1227 1252 1384 1296 Quodque
1403 1253 1622 1297 praesentium
1649 1258 1803 1286 transum-

1064 1305 1137 1348 ptis,
1155 1305 1250 1338 etiam
1278 1306 1452 1349 impressis,
1474 1317 1571 1339 manu
1590 1306 1725 1339 alicuius
1746 1318 1803 1340 no-

1064 1357 1134 1390 tarii
1160 1358 1283 1401 publici
1309 1359 1513 1402 subscriptis,
1539 1364 1570 1392 et
1594 1359 1702 1402 sigillo
1730 1371 1803 1403 per-

1063 1421 1161 1444 sonae
1182 1412 1214 1444 in
1230 1411 1385 1454 dignitate
1408 1412 1630 1445 ecclesiastica
1648 1413 1804 1446 eonstitu-

1064 1469 1112 1497 tae
1131 1465 1276 1505 munitis,
1294 1465 1408 1498 eadem
1425 1476 1560 1508 prorsus
1581 1466 1660 1499 fides
1682 1467 1803 1509 ubique

1063 1518 1258 1551 adhibeatur
1273 1519 1304 1551 in
1320 1519 1441 1552 iudicio
1459 1524 1601 1559 etextra,
1615 1530 1697 1563 quae
1715 1520 1804 1553 adhi-

1062 1570 1196 1604 beretur
1209 1571 1290 1615 ipsis
1306 1571 1535 1615 praesentibus
1552 1572 1577 1605 si
1596 1572 1704 1606 forent
1717 1573 1804 1606 exhi-

1063 1624 1150 1658 bitae
1168 1626 1219 1658 vel
1238 1630 1403 1659 ostensae.

1106 1678 1120 1722 ἓ
1146 1677 1199 1711 ⁶20.
1227 1679 1373 1712 Ceterum
1390 1680 1538 1713 volumus
1557 1679 1679 1723 pariter
1705 1683 1997 1728 atquelpsstefcssfflssht·

1822 1715 1870 1728 rrae
1894 1716 1932 1729 uuu
1955 1712 1995 1729 xut-

1063 1730 1290 1774 deeernimus,
1316 1738 1350 1764 ut
1375 1732 1440 1766 illis
1475 1744 1512 1766 ex
1544 1733 1635 1766 vobis
1652 1761 1659 1773 ,
1685 1734 1997 1783 quibusg'jffggffismss‘ff

1063 1784 1185 1818 similes
1210 1786 1349 1819 testandi
1375 1786 1414 1818 de
1440 1786 1535 1819 bonis
1563 1798 1599 1819 ae
1623 1787 1800 1830 pensiones
1813 1788 1937 1810 '¹²¹¹'⁴s¹¹’¹¹⁵·

1063 1839 1279 1872 transferendi
1305 1840 1473 1873 facultates
1499 1851 1516 1872 a
1541 1840 1695 1873 Romanis
1721 1841 1802 1873 Pon-

1064 1891 1203 1924 tificibus
1228 1892 1539 1935 praedecessoribus
1563 1893 1694 1934 nostris,
1723 1905 1801 1937 quo-

1062 1955 1131 1977 rum
1149 1946 1328 1988 respective
1349 1946 1445 1978 etiam
1461 1946 1634 1979 familiares
1654 1948 1800 1980 continui

1063 2000 1299 2032 commensales
1326 2005 1432 2040 eraut,
1460 2010 1634 2033 concessae
1660 2001 1800 2041 suerunt,

1062 2058 1250 2095 praesentes
1269 2053 1407 2093 litterae,
1425 2054 1532 2097 quoad
1559 2054 1727 2086 facultates
1754 2059 1800 2087 te-

1062 2105 1167 2138 standi
1193 2105 1231 2138 de
1250 2106 1345 2139 bonis
1379 2112 1410 2139 et
1435 2107 1651 2140 transferendi
1670 2108 1800 2151 pensio-

1061 2170 1119 2192 nes
1143 2159 1342 2200 huiusmodi,
1369 2159 1502 2193 minime
1527 2160 1753 2204 suffragentur.

1104 2213 1216 2246 Datum
1241 2213 1370 2253 Romae,
1390 2214 1472 2257 apud
1498 2214 1529 2248 S.
1549 2215 1678 2248 Mariam
1704 2215 1801 2249 Maio-

1061 2277 1142 2307 rem,
1169 2267 1227 2299 sub
1253 2268 1375 2300 annulo
1401 2267 1587 2308 piscatoris,
1608 2268 1660 2301 die
1685 2279 1727 2303 xu
1753 2269 1800 2301 ia-

1853 1257 1915 1277 Fido<
1941 1260 1996 1278 tuan-

1813 1288 1949 1310 sumpturum.

1061 2321 1165 2354 nuarii
1182 2331 1299 2362 uocxc,
1316 2321 1529 2365 pontificatus
1548 2322 1652 2355 nostri
1674 2334 1759 2355 anno
1775 2334 1797 2357 1.

1096 2382 1154 2411 Dat.
1177 2382 1221 2410 die
1242 2383 1274 2411 12
1293 2383 1407 2411 ianuarii
1430 2384 1506 2418 1690,
1527 2384 1622 2420 pontif.
1640 2392 1709 2412 anno
1725 2391 1745 2412 1.

1403 2510 1454 2543 lX.

1063 2590 1255 2625 Conceditur
1278 2595 1313 2623 ul
1331 2591 1540 2633 indulqenna
1562 2591 1714 2635 plenaria
1727 2602 1798 2635 per-

1103 2648 1202 2688 petua
1230 2644 1265 2678 in
1299 2644 1438 2678 ecclesiis
1465 2645 1628 2679 Minorum
1652 2645 1794 2679 Conven-
