2227 3225
137 220 185 245 An.
202 219 229 246 C.
255 218 319 245 ¹693

908 215 1119 239 INNOCENTIL'S

328 264 451 300 deferri
484 264 634 308 possint,
665 261 817 297 omnibus
849 262 999 296 similiter
1034 267 1066 295 ct

327 317 463 361 singulis
488 315 640 360 personis
667 321 730 349 tam
760 316 853 350 laicis
879 326 975 360 quam
1000 316 1066 349 cle·

327 370 402 404 ricis
419 397 426 411 ,
454 370 550 403 etiarn
575 370 607 402 in
633 369 735 402 sacris
761 374 795 403 et
818 370 1064 413 presbyteratus

328 423 500 457 ordinibus
536 422 736 463 constitutis,
763 421 999 462 saecularibus,
1035 426 1066 455 et

329 475 519 520 quorumvis
535 475 704 516 Ordinum,
724 475 1016 518 congregationum
1036 477 1067 508 et

330 529 468 563 instituti
493 529 711 572 regularibus,
737 528 850 571 quavis
877 528 972 561 ctiam
998 528 1067 571 epi-

331 582 454 626 scopali
472 583 521 615 vel
542 581 656 615 maiori
674 581 892 615 ecclesiastica
908 582 957 614 vel
976 591 1068 613 mun-

332 637 416 670 dana
429 636 587 679 dignitate
605 635 654 668 vel
669 634 929 678 praeeminentia
947 634 1068 677 fulgen-

330 689 431 730 tibus,
459 690 513 732 qui
539 689 571 722 111
596 694 668 722 actu
694 688 838 722 eiusdem
862 687 1068 728 visitationis,

330 753 387 776 seu
407 742 485 776 alias
512 741 599 775 illius
624 741 810 782 occasione,
830 741 966 784 aliquid,
983 741 1068 784 quod

331 795 370 828 ad
385 795 566 838 praedictas
581 805 694 827 causas
714 794 889 837 pertineat,
909 804 968 837 per
985 794 1069 826 viam

332 847 615 888 denunciationis,
642 848 794 890 querelae
819 848 869 880 vel
894 846 1069 879 accusatio-

331 901 393 941 nis,
419 901 525 943 palam
555 900 605 933 vel
637 900 786 940 occulte,
812 905 929 942 sponte
960 901 1009 932 vel
1030 900 1069 933 ad

331 953 468 986 aliorum
493 952 588 986 etiam
614 951 836 995 procuratoris
857 951 925 984 fisci
947 952 1070 985 instan-

332 1006 418 1047 tIam,
448 1005 482 1039 in
506 1005 627 1039 iudicio
652 1006 701 1038 vel
727 1010 817 1038 extra
841 1004 997 1038 iudicium
1022 1015 1071 1037 10-

331 1059 520 1099 velaverint,
536 1058 635 1092 autin
646 1057 836 1101 praemissis
851 1058 1071 1091 testimonium

334 1112 486 1154 dixerint,
509 1113 560 1146 vel
584 1112 707 1155 aliquid
737 1116 911 1155 propterea
935 1111 1072 1154 scripse-

334 1166 409 1206 rint,
435 1165 703 1210 subscripserint,
725 1165 950 1205 iudicaverint,
975 1165 1072 1197 dicta-

334 1219 462 1259 verint,
487 1218 677 1258 detulerint,
704 1217 996 1260 interrogaverint,
1022 1218 1071 1250 vel

334 1271 527 1314 interrogati
560 1270 813 1314 responderint,
842 1271 904 1311 vel,
932 1271 970 1302 ad
997 1280 1071 1302 reos

336 1324 570 1364 defendendos,
596 1323 854 1363 convincendos,
881 1323 1070 1366 capiendos,

336 1377 578 1417 custodiendos,
593 1376 788 1419 puniendos,
807 1375 936 1415 indicia,
954 1380 1072 1417 votum,

337 1430 520 1471 consilium,
546 1429 701 1462 auxilium
718 1429 769 1462 vel
790 1429 933 1462 savorem
952 1439 1012 1472 per
1040 1439 1072 1462 se

335 1483 387 1517 vel
411 1483 510 1516 alium
535 1483 656 1516 directe
680 1483 730 1515 vel
755 1482 911 1515 indirecte
936 1481 1073 1525 praesti-

336 1536 443 1577 terint,
471 1536 538 1569 sive
565 1540 730 1579 tamquam
760 1535 885 1568 iudices
918 1534 1074 1568 ordinarii

336 1591 387 1624 vel
412 1590 566 1633 delegati,
592 1589 767 1629 custodes,
795 1589 938 1630 scribae,
964 1594 1075 1630 testes,

337 1643 534 1677 tabelliones
551 1669 558 1683 ,
583 1643 797 1683 consultores,
822 1647 1074 1685 procuratores,

338 1695 494 1736 advocati,
510 1705 565 1729 seu
583 1695 661 1728 alias
678 1705 712 1728 se
737 1695 770 1728 in
795 1695 983 1738 praemissis
1000 1705 1077 1738 quo-

339 1748 523 1782 modolibet
546 1748 763 1791 ingesserint,
788 1753 824 1780 ut
855 1749 979 1781 nullam
1004 1758 1077 1791 pro-

339 1807 455 1845 pterea
478 1812 618 1845 poenam
642 1801 691 1834 vel
716 1811 885 1835 censuram
910 1801 1078 1834 ecclesias-

341 1854 436 1887 ticam
465 1859 521 1887 aut
550 1853 798 1896 irregularitatis
830 1860 937 1887 notam
971 1854 1079 1887 incur-

340 1912 422 1948 rant,
441 1907 648 1941 concedimus
662 1907 786 1950 pariter
807 1912 836 1939 et
854 1906 1075 1949 indulgemus.

395 1960 467 1994 Non
505 1960 710 1993 obstantibus
749 1959 913 2003 generalis
948 1961 1078 1993 concilii

342 2020 438 2058 atque
469 2014 541 2047 aliis
567 2013 851 2047 constitutioniluis
882 2019 914 2047 et
944 2014 1076 2047 ordina-

341 2067 483 2100 tionibus
505 2067 704 2110 apostolicis,
721 2077 757 2100 ac
774 2066 1004 2109 cuiuscumque
1025 2067 1080 2100 Or-

343 2121 428 2155 dinis
457 2126 488 2154 et
519 2121 716 2161 monasterii,
746 2125 841 2164 atquc
869 2120 1078 2153 ecclesiarum

343 2179 374 2207 et
387 2174 527 2207 aliorum
544 2173 672 2217 piorum
692 2174 836 2207 locorum
852 2183 1081 2216 quorumcum-

344 2237 433 2271 que,
472 2227 569 2260 etiam
602 2227 805 2268 iuramento,
832 2227 1080 2261 confirmatione

344 2280 534 2325 apostolica,
560 2281 612 2314 vel
637 2280 698 2313 alia
719 2281 829 2323 quavis
854 2279 1003 2313 firmitate
1030 2291 1081 2313 ro-

343 2333 479 2374 boratis,
497 2333 622 2366 statutis
647 2338 677 2366 et
702 2333 1007 2374 consuetudinibus,
1032 2344 1082 2366 cc-

344 2385 488 2430 terisque
509 2385 678 2420 contrariis
704 2385 973 2430 quibuscumque.

389 2439 503 2473 Datum
526 2439 658 2480 Rornae,
684 2439 769 2482 apud
793 2439 824 2472 S.
852 2439 995 2480 Petrum,
1023 2439 1081 2472 sub

347 2493 466 2526 annulo
512 2492 686 2526 piscatoris
708 2519 716 2533 ,
758 2492 809 2526 die
848 2503 898 2525 xm
946 2492 1082 2525 ianuarii

346 2555 502 2587 innexum,
527 2544 734 2590 pontificatus
757 2545 861 2579 nostri
887 2555 973 2578 anno
999 2556 1032 2578 11.

383 2607 443 2636 Dat.
460 2607 502 2636 die
519 2607 552 2636 16
566 2607 682 2636 ianuarii
700 2607 778 2642 1693,
799 2607 893 2643 pontii.
915 2614 985 2634 auno
1006 2614 1032 2634 11.

1147 215 1189 239 xu
1214 216 1262 238 rr.
1740 206 1802 242 503

1413 262 1527 297 XLVII.

1109 342 1304 377 Conceditur
1327 342 1554 376 cardinalibus
1586 344 1785 378 visitationis
1809 358 1843 379 a·

1149 396 1323 439 postolicae
1350 396 1445 428 Urbis
1469 396 1608 438 sacullas
1635 397 1676 428 ud
1705 408 1737 429 se
1770 409 1842 431 avo-

1152 448 1249 481 candi
1262 459 1375 481 causas
1391 448 1570 491 pendentes,
1586 453 1613 482 el
1629 450 1845 493 transfhremli

1152 502 1265 534 missas
1288 502 1329 534 ab
1353 501 1547 534 altaribus&

1286 581 1483 609 Innocentius
1504 581 1582 615 Papa
1601 582 1663 613 XII,

1109 635 1341 663 Venerabilibus
1352 635 1497 663 fratribus
1513 636 1627 663 nostris
1644 637 1672 664 S.
1690 636 1721 663 R.
1734 637 1762 664 E.
1780 644 1845 664 car-

1146 680 1299 707 dinalibus
1326 687 1379 713 pro
1399 680 1578 707 visitatione
1599 681 1797 708 ecclesiarum
1817 684 1848 708 et.

1145 725 1278 751 locorum
1298 724 1414 757 piorum
1435 724 1530 751 almae
1551 724 1636 751 Urbis
1657 732 1673 752 a
1694 725 1780 753 nobis
1800 725 1848 752 in—

1146 767 1258 795 stituta
1278 768 1454 801 specialiter
1474 768 1640 802 deputatis.

1251 829 1445 857 venerabiles
1463 830 1577 858 fratres
1597 831 1707 865 nostrl,

1153 875 1283 902 salutem
1298 878 1329 902 et
1343 875 1538 908 apostolicam
1553 875 1805 903 benedictionem.

1156 952 1195 986 Ut
1219 953 1252 986 in
1277 953 1506 997 prosequendo
1532 952 1723 987 visitationis
1748 954 1850 988 eccle-

1113 1006 1231 1039 siarum
1258 1010 1288 1040 et
1312 1006 1441 1050 piorum
1468 1007 1616 1040 locorum
1637 1008 1739 1040 almae
1757 1007 1851 1041 Urbis

1114 1066 1243 1094 nostrae
1269 1071 1415 1101 munere,
1441 1062 1480 1094 ad
1506 1061 1592 1104 quod
1617 1072 1673 1095 vos
1700 1062 1851 1104 speciali-

1116 1119 1163 1146 ter
1188 1124 1222 1146 cx
1251 1124 1342 1146 sacro
1372 1114 1607 1147 venerabilium
1637 1114 1769 1147 fratrum
1795 1125 1853 1148 no-

1115 1171 1256 1199 strorum
1282 1176 1391 1199 sacrae
1414 1167 1577 1200 Romanae
1602 1167 1764 1201 Ecclesiae
1782 1179 1853 1201 car-

1116 1218 1272 1252 dinalium
1298 1219 1435 1261 collegio
1457 1220 1647 1262 delegimus,
1667 1231 1784 1253 causae
1802 1231 1854 1254 oc-

1116 1277 1296 1310 currentes,
1323 1273 1408 1304 omui
1435 1283 1498 1315 qua
1516 1272 1586 1305 fieri
1604 1278 1711 1316 potest
1739 1274 1854 1307 celeri-

1118 1330 1181 1358 tate
1198 1353 1205 1364 ,
1232 1325 1351 1357 iustitia
1385 1325 1550 1358 mediante
1567 1352 1574 1366 ,
1609 1326 1850 1367 terminentur,

1117 1383 1271 1421 quantum
1303 1388 1373 1410 cum
1399 1377 1536 1411 Domino
1569 1388 1753 1421 possumus,
1779 1390 1854 1422 pro-

1117 1431 1225 1463 videre
1251 1431 1419 1470 volentes,
1446 1435 1535 1462 motu
1568 1431 1726 1473 proprio,
1755 1442 1791 1463 ac
1815 1442 1853 1464 ex

1117 1482 1204 1517 cerui
1229 1483 1365 1517 scientia
1389 1485 1508 1523 nostra,
1535 1483 1640 1524 vobis,
1665 1485 1750 1517 ultra
1775 1484 1854 1517 alias

1118 1537 1286 1570 facultates
1308 1547 1368 1580 per
1392 1536 1535 1569 diversas
1560 1541 1686 1569 nostras
1708 1536 1739 1569 in
1758 1537 1855 1571 simili

1119 1591 1219 1623 forma
1240 1590 1351 1623 Brevis
1369 1590 1535 1632 expeditas
1560 1590 1685 1622 litteras
1701 1590 1791 1623 vobis
1812 1596 1856 1624 at-

1119 1643 1275 1683 tributas,
1300 1647 1334 1674 ut
1359 1652 1473 1677 omnes
1505 1647 1537 1675 et
1572 1642 1714 1684 singulas
1747 1654 1856 1676 causas

1118 1697 1289 1738 occasione
1314 1696 1506 1728 visitationis
1532 1695 1721 1729 huiusmodi
1748 1707 1855 1730 coram

1120 1749 1373 1792 quibuscumque
1404 1748 1566 1781 iudicibus
1591 1754 1654 1782 tam
1681 1748 1855 1782 ordinariis

1121 1813 1215 1845 quam
1241 1802 1398 1845 delegatis
1423 1802 1613 1845 pendentes,
1634 1808 1666 1835 et
1694 1803 1788 1837 etiam
1809 1802 1854 1835 111-

1121 1860 1267 1894 structas,
1294 1855 1326 1887 111
1347 1859 1429 1887 statu
1455 1859 1487 1887 et
1512 1854 1656 1888 terminis
1682 1855 1714 1888 in
1740 1856 1856 1899 quibus

1122 1908 1349 1951 reperiuntur,
1374 1917 1446 1940 011111
1479 1908 1630 1940 omnibus
1664 1913 1695 1941 ct
1720 1908 1855 1951 singulis

1123 1971 1235 1994 eorum
1260 1960 1491 1999 incidentibus,
1518 1961 1802 2004 dependentibus,
1824 1972 1857 1994 e-

1122 2013 1357 2056 mergentibus,
1380 2013 1513 2046 annexis
1531 2018 1563 2045 ct
1587 2014 1753 2053 connexis,
1775 2019 1858 2047 toto-

1123 2078 1184 2110 que
1211 2066 1344 2108 negotio
1368 2066 1553 2109 principali,
1572 2067 1611 2099 ad
1638 2077 1692 2099 vos
1717 2067 1858 2100 auctori-

1125 2126 1185 2153 tate
1211 2121 1321 2153 nostra
1346 2129 1494 2160 avocare,
1514 2119 1654 2162 illasque
1672 2121 1858 2160 summarie.

1123 2172 1314 2216 simpliciter
1341 2177 1371 2205 ct
1393 2173 1432 2205 de
1458 2173 1564 2215 plano,
1583 2172 1653 2205 sine
1670 2173 1804 2216 strepitu
1827 2178 1859 2206 et

1123 2227 1223 2269 ligura
1247 2225 1376 2265 iudicii,
1401 2225 1469 2258 sola
1495 2225 1567 2258 sacti
1593 2225 1725 2258 veritate.
1750 2226 1859 2269 inspe-

1123 2282 1189 2319 cta,
1215 2285 1246 2312 et
1271 2289 1369 2311 manu
1391 2278 1487 2320 regia,
1503 2278 1628 2318 audire,
1647 2288 1856 2321 cognoscere,

1124 2338 1154 2365 et
1179 2332 1240 2364 sine
1267 2331 1391 2373 debito,
1418 2336 1517 2375 prout.
1540 2332 1618 2365 iuris
1644 2332 1765 2373 suerit,
1798 2337 1859 2366 ter-

1125 2386 1268 2426 minare,
1294 2389 1480 2428 praeterea,
1498 2385 1553 2417 ubi
1571 2384 1745 2428 contigerit
1762 2385 1858 2418 alicui

1125 2438 1219 2472 altari
1245 2438 1342 2477 etiam
1367 2449 1426 2482 pro
1453 2438 1612 2472 defunctis
1636 2438 1855 2482 privilegiato,

1125 2503 1181 2525 scu
1199 2493 1351 2536 capellae,
1372 2497 1435 2525 tam
1452 2502 1603 2535 magnum
1618 2491 1789 2525 missarum
1809 2501 1859 2524 ce-

1164 2564 1171 2589 1
1196 2562 1263 2588 Vide
1283 2563 1389 2590 constit.
1413 2562 1617 2598 praecedentes,
1638 2566 1665 2589 et
1684 2562 1791 2590 constit.
1813 2561 1856 2589 ed.

1126 2614 1247 2637 1111010111,
1268 2607 1312 2634 die
1335 2609 1361 2634 11
1386 2607 1533 2639 februarii,
1554 2607 1649 2643 pontis.
1670 2613 1699 2634 11„

1848 218 1895 244 An.
1915 218 1930 243 C
1966 217 2030 244 109³

1886 966 2005 987 Concessio.
2021 967 2044 986 nt

1860 992 1880 1014 ln
1896 994 1986 1013 tainica.
