2254 3225
230 189 277 214 An.
298 188 327 216 c.
350 188 416 216 1093
462 180 525 214 504
977 183 1174 234 ‘nutrimen
1198 191 1352 217 Romanu

420 238 647 271 lebrandarum
673 248 843 272 numerum
864 250 901 273 cx
925 239 1020 273 variis
1044 240 1156 274 defunn

421 295 547 324 ctorum
572 291 687 334 legatis
712 291 896 335 impositum
921 278 1004 332 ess}
1033 297 1068 325 ut
1091 291 1155 325 sin-

423 343 507 386 gulis
541 344 654 377 diebus
679 344 887 387 praescriptis
923 349 1067 388 nequeat
1090 345 1154 379 illis

423 395 582 436 satisfieri,
600 396 756 440 quidquid
781 397 882 439 magis
907 397 947 430 ad
970 397 1025 431 Dei
1051 398 1153 430 hono-

424 459 502 489 rem,
522 449 732 481 ecclesiarum
754 449 934 490 utilitatem,
951 451 1154 493 salutemque

423 501 600 534 animarum
635 512 766 541 eorum,
793 501 847 545 qui
872 503 979 545 legata
1003 503 1057 545 pia
1081 502 1156 535 reli-

425 558 576 597 querunt,
595 554 690 586 etiam
708 563 766 597 per
792 555 1037 588 translationem
1057 554 1156 597 partis

424 606 591 639 missarum
610 605 793 638 huiusmodi
814 606 853 639 ad
874 606 962 639 aliud
980 608 1082 640 altare
1102 617 1158 639 seu

425 658 539 692 altaria
564 658 659 691 etiam
685 669 749 692 non
774 658 988 701 privilegiata,
1015 659 1159 692 videritis

427 711 590 755 expedire,
610 722 643 744 re
662 716 767 744 tamen
787 711 961 754 diligenter
978 713 1158 755 perspecta,

1930 192 1980 218 An.
2001 191 2030 218 c.
2055 191 2124 218 ¹693

1484 239 1612 273 XLVIII.

1196 310 1363 344 Statuitur
1389 314 1425 342 ut
1449 309 1552 352 officia
1571 314 1599 342 et
1621 309 1688 342 loca
1705 309 1865 342 montium
1881 318 1934 341 va-

1240 363 1362 396 cabilz'a
1382 363 1548 396 Romanae
1577 362 1694 396 Curiae
1727 372 1793 394 non
1824 365 1934 394 vacent

1238 425 1296 458 per
1315 416 1569 457 assumptionem
1585 414 1628 447 ad
1653 413 1929 448 cardinalatum&

1382 493 1575 521 Innocentius
1595 493 1675 527 Papa
1694 493 1758 527 ΧΠ,

1322 539 1357 565 ad
1377 540 1552 571 perpetuam
1571 537 1615 564 rei
1635 537 1817 564 memoriam.

1243 608 1286 642 Ex
1311 619 1373 652 quo
1393 608 1612 641 humilitatem
1633 613 1777 641 nostram
1802 608 1835 641 in
1860 608 2129 667 sub-meffrinffim,

1202 661 1270 694 limi
1301 661 1393 694 Sedis
1426 660 1633 703 Apostolicae
1666 660 1816 703 speculo,
1848 662 1936 695 nullo
1948 675 2013 694 iarum
2029 676 2129 703 consunt-

1949 703 2027 720 tisinum
2043 700 2092 719 huie
2104 706 2129 720 »r

1203 713 1389 747 meritorum
1415 718 1599 746 nostrorum
1632 711 1806 755 suffragio,
1838 714 2130 752 collo-m.isu1.1pa·iu....

427 770 569 798 statuere
595 770 626 797 et
650 765 799 798 ordinare
814 791 822 805 ,
846 770 880 797 ut
904 764 937 798 in
970 765 1090 798 eisdem
1117 766 1162 798 al-

429 817 549 850 taribus
575 817 776 850 commodius
801 827 837 850 ac
860 818 989 860 plenius
1012 818 1086 861 piac
1108 817 1162 851 de-

429 870 611 902 functorum
637 869 798 902 voluntati
824 870 980 910 satisfiat,
1006 867 1162 913 ita‘quod

429 922 548 955 missae
583 922 622 954 ad
659 922 773 954 altaria
798 922 992 963 huiusmodi,
1020 924 1058 956 ad
1083 933 1163 966 quae

430 975 557 1007 illarum
578 974 832 1007 celebrationem
858 975 1097 1014 transtuleritis,
1116 986 1163 1007 ce-

430 1026 583 1066 lebratae,
603 1026 678 1066 illis,
696 1037 755 1069 pro
773 1026 887 1070 quibus
903 1027 1163 1067 celebrabuntur,

430 1080 566 1122 perinde
600 1078 828 1122 suffragentur,
855 1090 891 1112 ae
924 1079 949 1112 si
982 1080 1022 1112 ad
1055 1079 1166 1112 altaria

432 1131 652 1175 privilegiata,
679 1142 735 1164 seu
761 1131 840 1164 alias
865 1131 953 1164 iuxta
979 1132 1165 1164 eorumdem

433 1185 659 1217 defunctorum
686 1185 864 1218 voluntates
888 1185 1068 1218 celebratae
1094 1184 1166 1217 suis-

433 1243 519 1278 sent;
534 1244 708 1281 ceteraque
723 1238 831 1270 omnia
845 1243 875 1270 et
891 1238 1063 1279 singulam
1078 1247 1166 1280 prae-

434 1289 549 1330 missis,
568 1295 600 1322 et
619 1290 703 1322 eirca
729 1300 766 1322 ea
790 1290 984 1329 neccssaria,
1010 1300 1064 1322 seu
1091 1299 1168 1332 quo-

434 1342 612 1374 modolibet
636 1348 832 1385 opportuna,
857 1342 982 1374 etiamsi
1003 1341 1080 1374 talia
1103 1342 1169 1374 sint

434 1396 484 1428 vel
511 1395 629 1427 suerint
658 1406 738 1438 qnae
765 1395 866 1437 magis
892 1395 1077 1437 specialem,
1103 1405 1168 1438 spe-

436 1448 558 1482 cificam
585 1453 616 1481 et
641 1459 827 1491 expressam
854 1448 1062 1491 requirerent
1085 1459 1169 1481 men-

436 1501 567 1541 tionem,
588 1501 704 1541 sacere,
725 1501 843 1540 dicere,
862 1510 987 1543 gerere,
1005 1505 1035 1533 et
1052 1500 1168 1544 exequi

437 1554 540 1587 libere
558 1558 591 1587 et
608 1553 694 1587 licite
720 1554 851 1596 possitis
876 1559 907 1587 et
931 1554 1077 1594 valeatis,
1097 1564 1171 1596 apo-

437 1606 551 1640 stolica
577 1606 775 1647 auctoritate,
802 1612 915 1639 tenore
940 1606 1169 1649 praesentium,

438 1660 568 1702 plenam
587 1663 620 1692 et
644 1659 784 1702 amplam
812 1659 996 1692 facultatem
1021 1659 1171 1692 corcodi-

439 1722 509 1744 mus
534 1716 566 1744 et
590 1711 805 1754 impartImur.

483 1763 551 1797 Non
582 1762 785 1797 obstantibus
820 1763 1106 1797 constitutionibus
1142 1769 1174 1797 et

440 1816 699 1850 ordinationibus
724 1816 926 1860 apostolicis,
953 1827 989 1849 ac
1015 1816 1173 1850 dictorum

441 1869 667 1902 defunctorum
701 1869 796 1902 etiam
837 1868 961 1902 ultimis
1001 1870 1174 1902 voluntati-

440 1922 511 1961 bus,
538 1932 627 1966 quas,
659 1922 764 1966 quoad
797 1922 983 1965 praemissa,
1013 1923 1174 1955 sufficien-

443 1981 490 2007 ter
514 1980 545 2008 et
573 1986 725 2019 expresse
762 1980 1019 2016 coimimtanms,
1046 1986 1175 2009 necnon

442 2029 551 2060 nostra
575 2033 607 2060 et
641 2027 859 2061 Cancellariae
894 2028 1098 2071 Apostolicae
1123 2039 1174 2061 re-

442 2082 515 2122 gula
548 2081 586 2112 de
612 2090 677 2113 non
713 2080 932 2113 concedendis
966 2081 1176 2123 indulgentiis

443 2133 481 2165 ad
503 2132 613 2172 instar,
640 2132 819 2176 ceterisque
844 2133 1012 2166 contrariis
1037 2133 1172 2177 quibus-

444 2196 513 2218 cum
520 2196 560 2228 qu
566 2196 594 2218 e.

487 2238 599 2271 Datum
639 2239 788 2279 Romae,
824 2240 911 2283 apud
949 2240 979 2272 S.
1023 2239 1174 2280 Petrum,

445 2291 504 2324 sub
529 2293 648 2324 annulo
674 2292 859 2333 piscatoris,
886 2293 937 2325 die
962 2303 1011 2326 xv1
1041 2292 1176 2325 ianuarii

445 2354 597 2385 uncxcm,
622 2345 827 2388 pontismaus
852 2346 955 2378 nostri
981 2356 1119 2379 annon.

480 2404 538 2432 Dat.
560 2405 603 2433 die
624 2406 656 2432 16
675 2406 789 2432 ianuarii
811 2406 888 2440 1093,
908 2406 1003 2442 pontif.
1021 2415 1090 2434 anno
1111 2415 1140 2434 11.

1204 766 1287 799 cavit
1311 765 1508 806 Altissimus,
1539 765 1621 798 nihil
1646 765 1792 807 profecto
1818 764 1942 808 (quan-

1205 824 1270 851 tum
1296 818 1403 852 divina
1434 817 1563 851 bonitas
1597 817 1709 860 dedit)
1739 818 1940 861 praetermit-

1206 877 1273 904 tere
1290 871 1397 904 conati
1424 871 1550 911 suimus,
1573 880 1636 913 quo
1662 870 1825 903 Romanae
1845 870 1941 903 huius

1206 923 1338 964 Curiae,
1373 934 1470 966 quam
1509 933 1586 967 prae
1620 923 1738 956 ceteris
1772 922 1943 956 ordinatis-

1207 977 1320 1008 simam
1346 986 1414 1009 esse
1439 977 1543 1015 decet,
1562 976 1714 1009 decoram
1737 975 1883 1019 undique
1902 976 1942 1008 sa-

1208 1029 1298 1067 ciem,
1315 1039 1351 1061 ac
1377 1028 1596 1071 pulcherrima
1624 1028 1819 1071 integritatis
1844 1028 1942 1063 laude

1208 1081 1447 1126 perfulgentem
1471 1080 1540 1114 sine
1566 1082 1647 1123 ruga
1672 1085 1703 1113 et
1727 1081 1795 1114 sine
1819 1080 1943 1118 macula

1208 1133 1348 1167 omnium
1374 1133 1477 1167 oculis
1504 1133 1744 1173 exhiberemus,
1767 1133 1943 1176 praecipue

1208 1196 1284 1219 vero
1310 1195 1547 1229 quamcumque
1583 1185 1622 1217 ab
1658 1186 1696 1218 ea
1730 1184 1942 1229 cupiditatis,

1210 1250 1290 1282 quae
1316 1239 1404 1271 radix
1430 1239 1572 1271 omnium
1604 1239 1762 1271 malorum
1787 1243 1834 1271 est
1851 1265 1858 1278 ,
1891 1248 1945 1271 su-

1211 1292 1391 1335 spicionem
1408 1302 1467 1335 pro
1487 1291 1606 1324 viribus
1628 1292 1828 1331 tolleremus,
1847 1296 1882 1323 ut
1901 1291 1945 1323 ita

1212 1345 1241 1385 ii,
1267 1345 1321 1388 qui
1347 1356 1383 1377 ex
1409 1346 1544 1378 adverso
1570 1349 1844 1385 sunt,vereantur,
1862 1344 1944 1377 nihil

1212 1397 1366 1429 habentes
1392 1398 1510 1429 [nalum
1547 1397 1655 1430 dicere
1682 1397 1721 1429 dc
1747 1397 1851 1429 nobis.
1879 1397 1946 1429 Hoc

1212 1459 1289 1482 sane
1314 1449 1450 1482 consilio
1468 1460 1526 1493 per
1543 1455 1686 1483 nostram
1704 1460 1809 1493 nuper
1826 1449 1944 1482 editam

1212 1501 1495 1541 constitutionem,
1522 1502 1627 1535 carnis
1659 1507 1690 1535 et
1713 1502 1878 1545 sanguinis
1902 1503 1947 1535 la-

1213 1563 1314 1597 queos
1339 1554 1535 1596 alu-umpere
1561 1559 1749 1596 satagentes,
1771 1555 1946 1587 salutarem

1213 1605 1481 1649 praeseripsimus
1501 1606 1631 1638 modum
1649 1606 1735 1639 circa
1753 1606 1946 1639 donationes

1215 1664 1246 1691 et
1263 1659 1524 1692 distributionem
1550 1659 1737 1692 reddituum
1754 1659 1949 1693 ecelesiasti-

1215 1721 1326 1743 corum
1352 1711 1384 1743 in
1410 1712 1670 1754 consanguineos
1691 1713 1739 1745 vel
1757 1712 1868 1745 affines
1887 1712 1950 1745 Ro-

1215 1763 1299 1796 mani
1325 1764 1487 1796 Pontiticis
1521 1774 1579 1806 pro
1608 1770 1751 1807 tempore
1783 1764 1948 1798 existentis

1216 1817 1444 1850 inviolabiliter
1460 1818 1724 1851 obsc1·vandum'².
1739 1818 1858 1851 Eodem
1876 1819 1951 1851 sub-

1216 1870 1291 1903 inde
1328 1870 1456 1911 animo,
1495 1871 1620 1903 tametsi
1657 1870 1759 1914 probe
1795 1870 1950 1903 sciremus

1219 1924 1298 1957 falso
1325 1934 1388 1956 non
1415 1923 1520 1956 minus
1546 1934 1640 1967 quam
1659 1924 1778 1957 iniuste
1804 1924 1949 1957 eiusdem

1217 1976 1329 2009 Curiae
1355 1975 1554 2009 detractores
1586 1976 1743 2019 conqueri
1775 1977 1814 2009 de
1844 1987 1952 2009 causa-

1218 2040 1285 2061 rum
1312 2028 1416 2061 curiae
1441 2028 1591 2061 Gamerae
1627 2033 1756 2062 nostrae
1789 2028 1952 2072 Apostoli-

1218 2092 1271 2115 cae
1297 2082 1496 2114 auditoratus
1525 2093 1562 2114 ac
1583 2081 1686 2114 dictae
1711 2081 1862 2115 Gamerae
1883 2082 1952 2115 the-

1218 2134 1414 2166 saurariams
1439 2134 1640 2176 generalium
1669 2144 1796 2167 necnon
1821 2134 1953 2167 clerica-

1219 2191 1308 2219 tnum
1335 2191 1366 2219 et
1392 2186 1650 2229 praesidentatus
1680 2186 1860 2229 respective
1886 2187 1954 2219 ossi-

1255 2303 1265 2327 1
1289 2299 1361 2327 Idem
1381 2299 1431 2327 fuit
1450 2299 1590 2327 Pontificis
1616 2307 1714 2335 scopus
1732 2300 1759 2326 in
1780 2299 1848 2334 hac,
1869 2308 1901 2328 ac
1924 2301 1954 2328 in

1219 2345 1434 2372 constititutione
1455 2344 1527 2371 εαίῐὶι
1554 2350 1686 2376 nucxcu,
1707 2344 1750 2371 die
1770 2344 1803 2372 23
1824 2345 1953 2380 octobris,

1220 2389 1312 2424 pontif.
1335 2395 1362 2423 11,
1383 2392 1478 2416 contra
1497 2389 1667 2415 venalitatem
1688 2389 1837 2416 officiorum
1861 2390 1954 2418 Came-

1219 2442 1274 2460 rae.
1287 2433 1338 2459 Nec
1350 2433 1494 2460 admodum
1508 2433 1631 2459 diversae
1646 2433 1746 2467 speciei
1763 2437 1836 2461 extat
1846 2434 1952 2461 constit.

1219 2478 1283 2504 edit,
1307 2484 1433 2511 nncxeix,
1450 2478 1493 2504 die
1513 2477 1547 2504 30
1567 2477 1692 2511 ianuarii,
1709 2478 1802 2512 pontif.
1820 2486 1856 2512 1x,
1873 2485 1954 2513 super

1220 2522 1290 2548 datis
1310 2526 1336 2548 et
1357 2522 1496 2556 promissis
1517 2529 1563 2556 pro
1579 2521 1679 2548 iustitia
1695 2522 1737 2548 vel
1751 2523 1848 2556 gratia.

1256 2566 1271 2592 ’2
1294 2565 1357 2592 Vide
1378 2574 1458 2601 supra
1479 2573 1539 2600 pag.
1562 2565 1607 2592 441
1632 2570 1659 2592 et
1678 2574 1736 2601 seq.
1757 2566 1794 2601 (Π.
1809 2567 1858 2600 12),
