<?xml version="1.0" encoding="UTF-8"?>
<!DOCTYPE html PUBLIC "-//W3C//DTD XHTML 1.0 Transitional//EN"
    "http://www.w3.org/TR/xhtml1/DTD/xhtml1-transitional.dtd">
<html xmlns="http://www.w3.org/1999/xhtml" xml:lang="en" lang="en">
 <head>
  <title>
</title>
<meta http-equiv="Content-Type" content="text/html;charset=utf-8" />
  <meta name='ocr-system' content='tesseract 3.04.00' />
  <meta name='ocr-capabilities' content='ocr_page ocr_carea ocr_par ocr_line ocrx_word'/>
</head>
<body>
  <div class='ocr_page' id='page_1' title='image "./bullarumdiplomat20cath_0492.png"; bbox 0 0 2254 3225; ppageno 0'>
   <div class='ocr_carea' id='block_1_1' title="bbox 206 895 387 943">
    <p class='ocr_par' dir='ltr' id='par_1_1' title="bbox 206 895 387 943">
     <span class='ocr_line' id='line_1_1' title="bbox 274 895 387 917; baseline 0.009 -6"><span class='ocrx_word' id='word_1_1' title='bbox 274 895 387 917; x_wconf 47' lang='lat' dir='ltr'>Iti-mentio</span> 
     </span>
     <span class='ocr_line' id='line_1_2' title="bbox 206 924 366 943; baseline -0.013 0"><span class='ocrx_word' id='word_1_2' title='bbox 206 924 366 943; x_wconf 60' lang='lat' dir='ltr'>colitianorum.</span> 
     </span>
    </p>
   </div>
   <div class='ocr_carea' id='block_1_2' title="bbox 387 192 1156 1454">
    <p class='ocr_par' dir='ltr' id='par_1_2' title="bbox 387 192 1156 872">
     <span class='ocr_line' id='line_1_3' title="bbox 891 192 1150 231; baseline -0.019 -12"><span class='ocrx_word' id='word_1_3' title='bbox 891 229 919 231; x_wconf 33' lang='lat' dir='ltr'>h</span> <span class='ocrx_word' id='word_1_4' title='bbox 974 192 1150 217; x_wconf 51' lang='lat' dir='ltr'>notter-nau</span> 
     </span>
     <span class='ocr_line' id='line_1_4' title="bbox 388 241 1127 290; baseline -0.011 -9"><span class='ocrx_word' id='word_1_5' title='bbox 388 253 460 289; x_wconf 86' lang='lat' dir='ltr'>tur,</span> <span class='ocrx_word' id='word_1_6' title='bbox 485 247 596 290; x_wconf 86' lang='lat' dir='ltr'>sicque</span> <span class='ocrx_word' id='word_1_7' title='bbox 621 250 652 279; x_wconf 89' lang='lat' dir='ltr'>et</span> <span class='ocrx_word' id='word_1_8' title='bbox 677 254 743 278; x_wconf 89' lang='lat' dir='ltr'>non</span> <span class='ocrx_word' id='word_1_9' title='bbox 768 243 864 277; x_wconf 84' lang='lat' dir='ltr'>aliter</span> <span class='ocrx_word' id='word_1_10' title='bbox 888 244 921 276; x_wconf 90' lang='lat' dir='ltr'>in</span> <span class='ocrx_word' id='word_1_11' title='bbox 943 241 1127 287; x_wconf 72' lang='lat' dir='ltr'>praemissis</span> 
     </span>
     <span class='ocr_line' id='line_1_5' title="bbox 387 294 1128 345; baseline -0.011 -11"><span class='ocrx_word' id='word_1_12' title='bbox 387 310 449 345; x_wconf 90' lang='lat' dir='ltr'>per</span> <span class='ocrx_word' id='word_1_13' title='bbox 473 309 696 344; x_wconf 90' lang='lat' dir='ltr'>quoscumque</span> <span class='ocrx_word' id='word_1_14' title='bbox 721 297 843 332; x_wconf 88' lang='lat' dir='ltr'>iudices</span> <span class='ocrx_word' id='word_1_15' title='bbox 863 301 925 329; x_wconf 88' lang='lat' dir='ltr'>tam</span> <span class='ocrx_word' id='word_1_16' title='bbox 944 294 1128 329; x_wconf 88' lang='lat' dir='ltr'>ordinarios</span> 
     </span>
     <span class='ocr_line' id='line_1_6' title="bbox 388 347 1129 398; baseline -0.009 -12"><span class='ocrx_word' id='word_1_17' title='bbox 388 364 483 398; x_wconf 88' lang='lat' dir='ltr'>quam</span> <span class='ocrx_word' id='word_1_18' title='bbox 509 353 687 395; x_wconf 82' lang='lat' dir='ltr'>delegatos,</span> <span class='ocrx_word' id='word_1_19' title='bbox 713 350 823 394; x_wconf 85' lang='lat' dir='ltr'>quavis</span> <span class='ocrx_word' id='word_1_20' title='bbox 849 349 1042 383; x_wconf 84' lang='lat' dir='ltr'>auctoritate</span> <span class='ocrx_word' id='word_1_21' title='bbox 1058 347 1129 379; x_wconf 84' lang='lat' dir='ltr'>sun-</span> 
     </span>
     <span class='ocr_line' id='line_1_7' title="bbox 390 400 1130 450; baseline -0.012 -10"><span class='ocrx_word' id='word_1_22' title='bbox 390 412 513 450; x_wconf 81' lang='lat' dir='ltr'>gentes,</span> <span class='ocrx_word' id='word_1_23' title='bbox 540 406 637 440; x_wconf 88' lang='lat' dir='ltr'>etiam</span> <span class='ocrx_word' id='word_1_24' title='bbox 655 405 687 438; x_wconf 86' lang='lat' dir='ltr'>S.</span> <span class='ocrx_word' id='word_1_25' title='bbox 705 403 743 437; x_wconf 86' lang='lat' dir='ltr'>R.</span> <span class='ocrx_word' id='word_1_26' title='bbox 763 403 797 436; x_wconf 88' lang='lat' dir='ltr'>E.</span> <span class='ocrx_word' id='word_1_27' title='bbox 819 402 1015 442; x_wconf 78' lang='lat' dir='ltr'>cardinales,</span> <span class='ocrx_word' id='word_1_28' title='bbox 1033 400 1130 433; x_wconf 87' lang='lat' dir='ltr'>etiam</span> 
     </span>
     <span class='ocr_line' id='line_1_8' title="bbox 391 455 1131 500; baseline -0.014 -6"><span class='ocrx_word' id='word_1_29' title='bbox 391 461 431 496; x_wconf 89' lang='lat' dir='ltr'>de</span> <span class='ocrx_word' id='word_1_30' title='bbox 456 461 558 492; x_wconf 87' lang='lat' dir='ltr'>latere</span> <span class='ocrx_word' id='word_1_31' title='bbox 583 460 718 500; x_wconf 85' lang='lat' dir='ltr'>legatos,</span> <span class='ocrx_word' id='word_1_32' title='bbox 739 456 867 489; x_wconf 75' lang='lat' dir='ltr'>sublata</span> <span class='ocrx_word' id='word_1_33' title='bbox 891 455 937 487; x_wconf 86' lang='lat' dir='ltr'>eis</span> <span class='ocrx_word' id='word_1_34' title='bbox 963 458 996 486; x_wconf 89' lang='lat' dir='ltr'>et</span> <span class='ocrx_word' id='word_1_35' title='bbox 1018 461 1131 486; x_wconf 86' lang='lat' dir='ltr'>eorum</span> 
     </span>
     <span class='ocr_line' id='line_1_9' title="bbox 391 504 1154 555; baseline -0.014 -9"><span class='ocrx_word' id='word_1_36' title='bbox 391 511 525 546; x_wconf 75' lang='lat' dir='ltr'>cuilibet</span> <span class='ocrx_word' id='word_1_37' title='bbox 555 511 666 555; x_wconf 88' lang='lat' dir='ltr'>quavis</span> <span class='ocrx_word' id='word_1_38' title='bbox 701 509 796 542; x_wconf 89' lang='lat' dir='ltr'>aliter</span> <span class='ocrx_word' id='word_1_39' title='bbox 828 506 995 541; x_wconf 89' lang='lat' dir='ltr'>iudicandi</span> <span class='ocrx_word' id='word_1_40' title='bbox 1028 509 1060 538; x_wconf 88' lang='lat' dir='ltr'>et</span> <span class='ocrx_word' id='word_1_41' title='bbox 1084 504 1154 547; x_wconf 69' lang='lat' dir='ltr'>in-3</span> 
     </span>
     <span class='ocr_line' id='line_1_10' title="bbox 392 556 1155 608; baseline -0.016 -9"><span class='ocrx_word' id='word_1_42' title='bbox 392 564 593 608; x_wconf 85' lang='lat' dir='ltr'>terpretandi</span> <span class='ocrx_word' id='word_1_43' title='bbox 616 563 775 601; x_wconf 72' lang='lat' dir='ltr'>facultate,</span> <span class='ocrx_word' id='word_1_44' title='bbox 794 559 932 594; x_wconf 86' lang='lat' dir='ltr'>iudicari</span> <span class='ocrx_word' id='word_1_45' title='bbox 951 563 983 591; x_wconf 91' lang='lat' dir='ltr'>et</span> <span class='ocrx_word' id='word_1_46' title='bbox 1001 556 1132 593; x_wconf 79' lang='lat' dir='ltr'>definiri</span> <span class='ocrx_word' id='word_1_47' title='bbox 1153 558 1155 594; x_wconf 60' lang='grc' dir='ltr'>ἕ,</span> 
     </span>
     <span class='ocr_line' id='line_1_11' title="bbox 395 601 1155 659; baseline -0.018 -5"><span class='ocrx_word' id='word_1_48' title='bbox 395 620 530 659; x_wconf 88' lang='lat' dir='ltr'>debere,</span> <span class='ocrx_word' id='word_1_49' title='bbox 556 617 687 650; x_wconf 88' lang='lat' dir='ltr'>irritum</span> <span class='ocrx_word' id='word_1_50' title='bbox 714 623 845 659; x_wconf 87' lang='lat' dir='ltr'>quoque</span> <span class='ocrx_word' id='word_1_51' title='bbox 865 618 896 646; x_wconf 74' lang='lat' dir='ltr'>et</span> <span class='ocrx_word' id='word_1_52' title='bbox 924 613 1021 645; x_wconf 87' lang='lat' dir='ltr'>inane</span> <span class='ocrx_word' id='word_1_53' title='bbox 1040 610 1134 653; x_wconf 84' lang='lat' dir='ltr'>quid·</span> <span class='ocrx_word' id='word_1_54' title='bbox 1153 601 1155 622; x_wconf 54' lang='lat'><em>³</em></span> 
     </span>
     <span class='ocr_line' id='line_1_12' title="bbox 396 662 1134 715; baseline -0.012 -11"><span class='ocrx_word' id='word_1_55' title='bbox 396 668 475 715; x_wconf 77' lang='lat' dir='ltr'>q&#39;uid</span> <span class='ocrx_word' id='word_1_56' title='bbox 499 681 594 704; x_wconf 87' lang='lat' dir='ltr'>secus</span> <span class='ocrx_word' id='word_1_57' title='bbox 620 679 722 713; x_wconf 85' lang='lat' dir='ltr'>super</span> <span class='ocrx_word' id='word_1_58' title='bbox 757 666 908 700; x_wconf 84' lang='lat' dir='ltr'>omnihus</span> <span class='ocrx_word' id='word_1_59' title='bbox 943 671 975 698; x_wconf 88' lang='lat' dir='ltr'>ct</span> <span class='ocrx_word' id='word_1_60' title='bbox 997 662 1134 706; x_wconf 80' lang='lat' dir='ltr'>singulis</span> 
     </span>
     <span class='ocr_line' id='line_1_13' title="bbox 395 719 1156 768; baseline -0.011 -11"><span class='ocrx_word' id='word_1_61' title='bbox 395 723 584 768; x_wconf 77' lang='lat' dir='ltr'>praemissis</span> <span class='ocrx_word' id='word_1_62' title='bbox 600 723 649 755; x_wconf 84' lang='lat' dir='ltr'>vel</span> <span class='ocrx_word' id='word_1_63' title='bbox 668 721 751 754; x_wconf 85' lang='lat' dir='ltr'>circa</span> <span class='ocrx_word' id='word_1_64' title='bbox 770 730 808 754; x_wconf 88' lang='lat' dir='ltr'>ea</span> <span class='ocrx_word' id='word_1_65' title='bbox 829 730 846 753; x_wconf 86' lang='lat' dir='ltr'>a</span> <span class='ocrx_word' id='word_1_66' title='bbox 866 727 1045 762; x_wconf 87' lang='lat' dir='ltr'>quoquam,</span> <span class='ocrx_word' id='word_1_67' title='bbox 1060 726 1137 760; x_wconf 86' lang='lat' dir='ltr'>qua·</span> <span class='ocrx_word' id='word_1_68' title='bbox 1155 719 1156 722; x_wconf 77' lang='grc'>’</span> 
     </span>
     <span class='ocr_line' id='line_1_14' title="bbox 397 771 1136 815; baseline -0.012 -5"><span class='ocrx_word' id='word_1_69' title='bbox 397 777 444 811; x_wconf 89' lang='lat' dir='ltr'>vis</span> <span class='ocrx_word' id='word_1_70' title='bbox 467 776 674 815; x_wconf 81' lang='lat' dir='ltr'>auctoritate,</span> <span class='ocrx_word' id='word_1_71' title='bbox 694 774 838 807; x_wconf 79' lang='lat' dir='ltr'>scienter</span> <span class='ocrx_word' id='word_1_72' title='bbox 858 773 909 805; x_wconf 92' lang='lat' dir='ltr'>vel</span> <span class='ocrx_word' id='word_1_73' title='bbox 933 771 1136 814; x_wconf 78' lang='lat' dir='ltr'>ignoranter,</span> 
     </span>
     <span class='ocr_line' id='line_1_15' title="bbox 398 826 769 872; baseline -0.011 -9"><span class='ocrx_word' id='word_1_74' title='bbox 398 829 578 872; x_wconf 82' lang='lat' dir='ltr'>contigerit</span> <span class='ocrx_word' id='word_1_75' title='bbox 602 826 769 861; x_wconf 86' lang='lat' dir='ltr'>attentari.</span> 
     </span>
    </p>

    <p class='ocr_par' dir='ltr' id='par_1_3' title="bbox 399 874 1144 1454">
     <span class='ocr_line' id='line_1_16' title="bbox 443 874 1140 925; baseline -0.013 -10"><span class='ocrx_word' id='word_1_76' title='bbox 443 882 532 925; x_wconf 50' lang='grc' dir='ltr'>ἑνὶ.</span> <span class='ocrx_word' id='word_1_77' title='bbox 558 880 627 914; x_wconf 89' lang='lat' dir='ltr'>Non</span> <span class='ocrx_word' id='word_1_78' title='bbox 653 878 856 913; x_wconf 79' lang='lat' dir='ltr'>obstantibus</span> <span class='ocrx_word' id='word_1_79' title='bbox 886 874 1085 920; x_wconf 77' lang='lat' dir='ltr'>praemissis,</span> <span class='ocrx_word' id='word_1_80' title='bbox 1108 878 1140 907; x_wconf 83' lang='lat' dir='ltr'>et</span> 
     </span>
     <span class='ocr_line' id='line_1_17' title="bbox 400 927 1139 969; baseline -0.012 -1"><span class='ocrx_word' id='word_1_81' title='bbox 400 935 471 969; x_wconf 85' lang='lat' dir='ltr'>aliis</span> <span class='ocrx_word' id='word_1_82' title='bbox 496 932 785 967; x_wconf 67' lang='lat' dir='ltr'>constitutionibus</span> <span class='ocrx_word' id='word_1_83' title='bbox 817 935 848 964; x_wconf 90' lang='lat' dir='ltr'>et</span> <span class='ocrx_word' id='word_1_84' title='bbox 879 927 1139 963; x_wconf 83' lang='lat' dir='ltr'>ordinationibus</span> 
     </span>
     <span class='ocr_line' id='line_1_18' title="bbox 399 978 1142 1031; baseline -0.013 -10"><span class='ocrx_word' id='word_1_85' title='bbox 399 987 595 1031; x_wconf 78' lang='lat' dir='ltr'>apostolicis,</span> <span class='ocrx_word' id='word_1_86' title='bbox 614 985 873 1028; x_wconf 88' lang='lat' dir='ltr'>quibuscumque</span> <span class='ocrx_word' id='word_1_87' title='bbox 898 978 1142 1016; x_wconf 87' lang='lat' dir='ltr'>consuetudini-</span> 
     </span>
     <span class='ocr_line' id='line_1_19' title="bbox 400 1034 1141 1081; baseline -0.015 -7"><span class='ocrx_word' id='word_1_88' title='bbox 400 1042 475 1081; x_wconf 85' lang='lat' dir='ltr'>bus,</span> <span class='ocrx_word' id='word_1_89' title='bbox 502 1051 538 1073; x_wconf 88' lang='lat' dir='ltr'>ac</span> <span class='ocrx_word' id='word_1_90' title='bbox 563 1038 714 1072; x_wconf 85' lang='lat' dir='ltr'>omnibus</span> <span class='ocrx_word' id='word_1_91' title='bbox 739 1042 770 1069; x_wconf 88' lang='lat' dir='ltr'>et</span> <span class='ocrx_word' id='word_1_92' title='bbox 794 1035 929 1077; x_wconf 79' lang='lat' dir='ltr'>singulis</span> <span class='ocrx_word' id='word_1_93' title='bbox 954 1034 1031 1073; x_wconf 87' lang='lat' dir='ltr'>illis,</span> <span class='ocrx_word' id='word_1_94' title='bbox 1058 1042 1141 1075; x_wconf 86' lang='lat' dir='ltr'>quae</span> 
     </span>
     <span class='ocr_line' id='line_1_20' title="bbox 402 1086 1141 1136; baseline -0.015 -9"><span class='ocrx_word' id='word_1_95' title='bbox 402 1094 478 1128; x_wconf 86' lang='lat' dir='ltr'>dicti</span> <span class='ocrx_word' id='word_1_96' title='bbox 503 1091 769 1136; x_wconf 82' lang='lat' dir='ltr'>praedecessores</span> <span class='ocrx_word' id='word_1_97' title='bbox 793 1088 826 1121; x_wconf 90' lang='lat' dir='ltr'>in</span> <span class='ocrx_word' id='word_1_98' title='bbox 850 1086 1004 1131; x_wconf 81' lang='lat' dir='ltr'>praefatis</span> <span class='ocrx_word' id='word_1_99' title='bbox 1029 1094 1141 1118; x_wconf 89' lang='lat' dir='ltr'>eorum</span> 
     </span>
     <span class='ocr_line' id='line_1_21' title="bbox 401 1139 1141 1181; baseline -0.014 -1"><span class='ocrx_word' id='word_1_100' title='bbox 401 1146 518 1181; x_wconf 86' lang='lat' dir='ltr'>litteris</span> <span class='ocrx_word' id='word_1_101' title='bbox 553 1145 729 1178; x_wconf 88' lang='lat' dir='ltr'>voluerunt</span> <span class='ocrx_word' id='word_1_102' title='bbox 761 1150 826 1176; x_wconf 87' lang='lat' dir='ltr'>non</span> <span class='ocrx_word' id='word_1_103' title='bbox 861 1142 999 1179; x_wconf 79' lang='lat' dir='ltr'>obstare,</span> <span class='ocrx_word' id='word_1_104' title='bbox 1032 1144 1086 1171; x_wconf 89' lang='lat' dir='ltr'>aut</span> <span class='ocrx_word' id='word_1_105' title='bbox 1117 1139 1141 1171; x_wconf 91' lang='lat' dir='ltr'>si</span> 
     </span>
     <span class='ocr_line' id='line_1_22' title="bbox 403 1191 1142 1243; baseline -0.012 -10"><span class='ocrx_word' id='word_1_106' title='bbox 403 1199 566 1243; x_wconf 80' lang='lat' dir='ltr'>aliquibus</span> <span class='ocrx_word' id='word_1_107' title='bbox 606 1196 820 1230; x_wconf 85' lang='lat' dir='ltr'>communiter</span> <span class='ocrx_word' id='word_1_108' title='bbox 855 1195 904 1226; x_wconf 86' lang='lat' dir='ltr'>vel</span> <span class='ocrx_word' id='word_1_109' title='bbox 941 1192 1067 1225; x_wconf 80' lang='lat' dir='ltr'>divisim</span> <span class='ocrx_word' id='word_1_110' title='bbox 1104 1191 1142 1226; x_wconf 80' lang='lat' dir='ltr'>ab</span> 
     </span>
     <span class='ocr_line' id='line_1_23' title="bbox 404 1245 1142 1290; baseline -0.012 -4"><span class='ocrx_word' id='word_1_111' title='bbox 404 1253 514 1286; x_wconf 71' lang='lat' dir='ltr'>eadem</span> <span class='ocrx_word' id='word_1_112' title='bbox 533 1251 573 1284; x_wconf 89' lang='lat' dir='ltr'>sit</span> <span class='ocrx_word' id='word_1_113' title='bbox 589 1250 672 1283; x_wconf 85' lang='lat' dir='ltr'>Sede</span> <span class='ocrx_word' id='word_1_114' title='bbox 691 1249 861 1287; x_wconf 86' lang='lat' dir='ltr'>indultum,</span> <span class='ocrx_word' id='word_1_115' title='bbox 877 1247 964 1290; x_wconf 82' lang='lat' dir='ltr'>quod</span> <span class='ocrx_word' id='word_1_116' title='bbox 983 1245 1142 1285; x_wconf 83' lang='lat' dir='ltr'>interdici,</span> 
     </span>
     <span class='ocr_line' id='line_1_24' title="bbox 404 1298 1144 1348; baseline -0.011 -10"><span class='ocrx_word' id='word_1_117' title='bbox 404 1304 558 1348; x_wconf 84' lang='lat' dir='ltr'>suspendi</span> <span class='ocrx_word' id='word_1_118' title='bbox 579 1304 628 1336; x_wconf 83' lang='lat' dir='ltr'>vel</span> <span class='ocrx_word' id='word_1_119' title='bbox 647 1300 915 1335; x_wconf 81' lang='lat' dir='ltr'>excommunicari</span> <span class='ocrx_word' id='word_1_120' title='bbox 933 1309 998 1332; x_wconf 92' lang='lat' dir='ltr'>non</span> <span class='ocrx_word' id='word_1_121' title='bbox 1017 1298 1144 1342; x_wconf 77' lang='lat' dir='ltr'>possint</span> 
     </span>
     <span class='ocr_line' id='line_1_25' title="bbox 404 1351 1142 1402; baseline -0.011 -11"><span class='ocrx_word' id='word_1_122' title='bbox 404 1368 464 1402; x_wconf 90' lang='lat' dir='ltr'>per</span> <span class='ocrx_word' id='word_1_123' title='bbox 497 1358 620 1390; x_wconf 78' lang='lat' dir='ltr'>litteras</span> <span class='ocrx_word' id='word_1_124' title='bbox 656 1353 849 1398; x_wconf 82' lang='lat' dir='ltr'>apostolicas</span> <span class='ocrx_word' id='word_1_125' title='bbox 884 1361 949 1385; x_wconf 90' lang='lat' dir='ltr'>non</span> <span class='ocrx_word' id='word_1_126' title='bbox 985 1351 1142 1384; x_wconf 82' lang='lat' dir='ltr'>facientes</span> 
     </span>
     <span class='ocr_line' id='line_1_26' title="bbox 405 1403 1142 1454; baseline -0.011 -10"><span class='ocrx_word' id='word_1_127' title='bbox 405 1412 535 1454; x_wconf 84' lang='lat' dir='ltr'>plenam</span> <span class='ocrx_word' id='word_1_128' title='bbox 564 1414 596 1442; x_wconf 86' lang='lat' dir='ltr'>et</span> <span class='ocrx_word' id='word_1_129' title='bbox 621 1417 807 1451; x_wconf 63' lang='lat' dir='ltr'>expressam</span> <span class='ocrx_word' id='word_1_130' title='bbox 833 1415 870 1438; x_wconf 87' lang='lat' dir='ltr'>ac</span> <span class='ocrx_word' id='word_1_131' title='bbox 902 1405 941 1439; x_wconf 90' lang='lat' dir='ltr'>de</span> <span class='ocrx_word' id='word_1_132' title='bbox 972 1404 1072 1437; x_wconf 87' lang='lat' dir='ltr'>verbo</span> <span class='ocrx_word' id='word_1_133' title='bbox 1103 1403 1142 1437; x_wconf 86' lang='lat' dir='ltr'>ad</span> 
     </span>
    </p>
   </div>
   <div class='ocr_carea' id='block_1_3' title="bbox 1150 244 1169 1518">
    <p class='ocr_par' dir='ltr' id='par_1_4' title="bbox 1150 244 1169 1518">
     <span class='ocr_line' id='line_1_27' title="bbox 1150 244 1169 1518; baseline 0 0"><span class='ocrx_word' id='word_1_134' title='bbox 1150 244 1169 1518; x_wconf 95' lang='lat' dir='ltr'> </span> 
     </span>
    </p>
   </div>
   <div class='ocr_carea' id='block_1_4' title="bbox 404 1456 1151 2617">
    <p class='ocr_par' dir='ltr' id='par_1_5' title="bbox 404 1456 1151 2617">
     <span class='ocr_line' id='line_1_28' title="bbox 404 1456 1144 1496; baseline -0.009 -1"><span class='ocrx_word' id='word_1_135' title='bbox 404 1463 536 1496; x_wconf 84' lang='lat' dir='ltr'>verbum</span> <span class='ocrx_word' id='word_1_136' title='bbox 563 1462 602 1495; x_wconf 88' lang='lat' dir='ltr'>de</span> <span class='ocrx_word' id='word_1_137' title='bbox 628 1460 753 1496; x_wconf 86' lang='lat' dir='ltr'>indulto</span> <span class='ocrx_word' id='word_1_138' title='bbox 786 1457 973 1493; x_wconf 87' lang='lat' dir='ltr'>huiusmodi</span> <span class='ocrx_word' id='word_1_139' title='bbox 1008 1456 1144 1489; x_wconf 89' lang='lat' dir='ltr'>mentio-</span> 
     </span>
     <span class='ocr_line' id='line_1_29' title="bbox 407 1508 1142 1558; baseline -0.011 -10"><span class='ocrx_word' id='word_1_140' title='bbox 407 1526 491 1556; x_wconf 90' lang='lat' dir='ltr'>nem,</span> <span class='ocrx_word' id='word_1_141' title='bbox 517 1519 549 1548; x_wconf 89' lang='lat' dir='ltr'>et</span> <span class='ocrx_word' id='word_1_142' title='bbox 573 1514 830 1558; x_wconf 84' lang='lat' dir='ltr'>quibuscumque</span> <span class='ocrx_word' id='word_1_143' title='bbox 858 1510 929 1544; x_wconf 91' lang='lat' dir='ltr'>aliis</span> <span class='ocrx_word' id='word_1_144' title='bbox 952 1508 1142 1553; x_wconf 80' lang='lat' dir='ltr'>privilegiis,</span> 
     </span>
     <span class='ocr_line' id='line_1_30' title="bbox 408 1561 1145 1606; baseline -0.011 -5"><span class='ocrx_word' id='word_1_145' title='bbox 408 1567 624 1606; x_wconf 83' lang='lat' dir='ltr'>facultatibus,</span> <span class='ocrx_word' id='word_1_146' title='bbox 650 1564 782 1599; x_wconf 90' lang='lat' dir='ltr'>indultis</span> <span class='ocrx_word' id='word_1_147' title='bbox 803 1569 835 1597; x_wconf 90' lang='lat' dir='ltr'>et</span> <span class='ocrx_word' id='word_1_148' title='bbox 853 1563 969 1597; x_wconf 86' lang='lat' dir='ltr'>litteris</span> <span class='ocrx_word' id='word_1_149' title='bbox 989 1561 1145 1605; x_wconf 85' lang='lat' dir='ltr'>apostoli-</span> 
     </span>
     <span class='ocr_line' id='line_1_31' title="bbox 408 1615 1145 1662; baseline -0.014 -7"><span class='ocrx_word' id='word_1_150' title='bbox 408 1622 463 1662; x_wconf 79' lang='lat' dir='ltr'>cis,</span> <span class='ocrx_word' id='word_1_151' title='bbox 482 1620 576 1653; x_wconf 78' lang='lat' dir='ltr'>etiam</span> <span class='ocrx_word' id='word_1_152' title='bbox 596 1623 684 1652; x_wconf 86' lang='lat' dir='ltr'>motu</span> <span class='ocrx_word' id='word_1_153' title='bbox 703 1617 847 1661; x_wconf 85' lang='lat' dir='ltr'>proprio,</span> <span class='ocrx_word' id='word_1_154' title='bbox 863 1615 924 1649; x_wconf 85' lang='lat' dir='ltr'>suh</span> <span class='ocrx_word' id='word_1_155' title='bbox 939 1615 1145 1658; x_wconf 87' lang='lat' dir='ltr'>quibuscum-</span> 
     </span>
     <span class='ocr_line' id='line_1_32' title="bbox 408 1667 1145 1718; baseline -0.012 -11"><span class='ocrx_word' id='word_1_156' title='bbox 408 1685 471 1718; x_wconf 87' lang='lat' dir='ltr'>que</span> <span class='ocrx_word' id='word_1_157' title='bbox 492 1671 659 1706; x_wconf 80' lang='lat' dir='ltr'>tenoribus</span> <span class='ocrx_word' id='word_1_158' title='bbox 676 1675 708 1703; x_wconf 89' lang='lat' dir='ltr'>et</span> <span class='ocrx_word' id='word_1_159' title='bbox 726 1669 849 1708; x_wconf 82' lang='lat' dir='ltr'>formis,</span> <span class='ocrx_word' id='word_1_160' title='bbox 877 1673 908 1701; x_wconf 91' lang='lat' dir='ltr'>et</span> <span class='ocrx_word' id='word_1_161' title='bbox 928 1678 998 1701; x_wconf 84' lang='lat' dir='ltr'>cum</span> <span class='ocrx_word' id='word_1_162' title='bbox 1017 1667 1145 1710; x_wconf 85' lang='lat' dir='ltr'>quihus-</span> 
     </span>
     <span class='ocr_line' id='line_1_33' title="bbox 407 1721 1144 1763; baseline -0.011 -3"><span class='ocrx_word' id='word_1_163' title='bbox 407 1728 454 1760; x_wconf 90' lang='lat' dir='ltr'>vis</span> <span class='ocrx_word' id='word_1_164' title='bbox 477 1725 631 1759; x_wconf 83' lang='lat' dir='ltr'>clausulis</span> <span class='ocrx_word' id='word_1_165' title='bbox 657 1728 689 1756; x_wconf 88' lang='lat' dir='ltr'>et</span> <span class='ocrx_word' id='word_1_166' title='bbox 713 1721 864 1762; x_wconf 76' lang='lat' dir='ltr'>decretiS,</span> <span class='ocrx_word' id='word_1_167' title='bbox 886 1721 918 1753; x_wconf 94' lang='lat' dir='ltr'>in</span> <span class='ocrx_word' id='word_1_168' title='bbox 950 1730 1070 1763; x_wconf 74' lang='lat' dir='ltr'>genere</span> <span class='ocrx_word' id='word_1_169' title='bbox 1095 1721 1144 1753; x_wconf 88' lang='lat' dir='ltr'>vel</span> 
     </span>
     <span class='ocr_line' id='line_1_34' title="bbox 409 1773 1146 1823; baseline -0.011 -10"><span class='ocrx_word' id='word_1_170' title='bbox 409 1782 441 1813; x_wconf 90' lang='lat' dir='ltr'>in</span> <span class='ocrx_word' id='word_1_171' title='bbox 465 1779 586 1823; x_wconf 75' lang='lat' dir='ltr'>specie,</span> <span class='ocrx_word' id='word_1_172' title='bbox 625 1782 656 1810; x_wconf 82' lang='lat' dir='ltr'>et</span> <span class='ocrx_word' id='word_1_173' title='bbox 690 1776 769 1809; x_wconf 76' lang='lat' dir='ltr'>alias</span> <span class='ocrx_word' id='word_1_174' title='bbox 805 1773 1053 1818; x_wconf 78' lang='lat' dir='ltr'>quomodolibet</span> <span class='ocrx_word' id='word_1_175' title='bbox 1088 1782 1146 1816; x_wconf 88' lang='lat' dir='ltr'>per</span> 
     </span>
     <span class='ocr_line' id='line_1_35' title="bbox 409 1823 1146 1876; baseline -0.009 -10"><span class='ocrx_word' id='word_1_176' title='bbox 409 1832 679 1876; x_wconf 83' lang='lat' dir='ltr'>praedecessores</span> <span class='ocrx_word' id='word_1_177' title='bbox 703 1832 831 1863; x_wconf 89' lang='lat' dir='ltr'>nostros</span> <span class='ocrx_word' id='word_1_178' title='bbox 855 1826 1016 1861; x_wconf 87' lang='lat' dir='ltr'>Romanos</span> <span class='ocrx_word' id='word_1_179' title='bbox 1043 1823 1146 1859; x_wconf 86' lang='lat' dir='ltr'>Ponti-</span> 
     </span>
     <span class='ocr_line' id='line_1_36' title="bbox 409 1879 1148 1920; baseline -0.009 -2"><span class='ocrx_word' id='word_1_180' title='bbox 409 1885 485 1918; x_wconf 79' lang='lat' dir='ltr'>fices</span> <span class='ocrx_word' id='word_1_181' title='bbox 503 1895 538 1917; x_wconf 91' lang='lat' dir='ltr'>ac</span> <span class='ocrx_word' id='word_1_182' title='bbox 559 1882 654 1916; x_wconf 88' lang='lat' dir='ltr'>etiam</span> <span class='ocrx_word' id='word_1_183' title='bbox 673 1892 732 1914; x_wconf 90' lang='lat' dir='ltr'>nos</span> <span class='ocrx_word' id='word_1_184' title='bbox 750 1880 925 1920; x_wconf 83' lang='lat' dir='ltr'>concessis,</span> <span class='ocrx_word' id='word_1_185' title='bbox 938 1879 1099 1912; x_wconf 83' lang='lat' dir='ltr'>innovatis</span> <span class='ocrx_word' id='word_1_186' title='bbox 1116 1884 1148 1912; x_wconf 90' lang='lat' dir='ltr'>et</span> 
     </span>
     <span class='ocr_line' id='line_1_37' title="bbox 410 1931 1146 1982; baseline -0.01 -11"><span class='ocrx_word' id='word_1_187' title='bbox 410 1936 614 1982; x_wconf 62' lang='lat' dir='ltr'>approbatis,</span> <span class='ocrx_word' id='word_1_188' title='bbox 640 1935 759 1978; x_wconf 68' lang='lat' dir='ltr'>quilius</span> <span class='ocrx_word' id='word_1_189' title='bbox 782 1932 933 1966; x_wconf 86' lang='lat' dir='ltr'>omnibus</span> <span class='ocrx_word' id='word_1_190' title='bbox 951 1937 982 1965; x_wconf 89' lang='lat' dir='ltr'>et</span> <span class='ocrx_word' id='word_1_191' title='bbox 998 1931 1146 1975; x_wconf 77' lang='lat' dir='ltr'>singulis,</span> 
     </span>
     <span class='ocr_line' id='line_1_38' title="bbox 410 1984 1149 2031; baseline -0.009 -8"><span class='ocrx_word' id='word_1_192' title='bbox 410 1989 534 2024; x_wconf 86' lang='lat' dir='ltr'>etiamsi</span> <span class='ocrx_word' id='word_1_193' title='bbox 561 1997 620 2031; x_wconf 87' lang='lat' dir='ltr'>pro</span> <span class='ocrx_word' id='word_1_194' title='bbox 644 1987 777 2019; x_wconf 89' lang='lat' dir='ltr'>illorum</span> <span class='ocrx_word' id='word_1_195' title='bbox 809 1984 981 2017; x_wconf 81' lang='lat' dir='ltr'>sufficienti</span> <span class='ocrx_word' id='word_1_196' title='bbox 1012 1984 1149 2027; x_wconf 77' lang='lat' dir='ltr'>deroga·</span> 
     </span>
     <span class='ocr_line' id='line_1_39' title="bbox 413 2036 1147 2081; baseline -0.007 -7"><span class='ocrx_word' id='word_1_197' title='bbox 413 2043 500 2075; x_wconf 82' lang='lat' dir='ltr'>tione</span> <span class='ocrx_word' id='word_1_198' title='bbox 524 2041 563 2074; x_wconf 91' lang='lat' dir='ltr'>de</span> <span class='ocrx_word' id='word_1_199' title='bbox 583 2040 648 2073; x_wconf 89' lang='lat' dir='ltr'>illis</span> <span class='ocrx_word' id='word_1_200' title='bbox 676 2046 854 2081; x_wconf 86' lang='lat' dir='ltr'>eorumque</span> <span class='ocrx_word' id='word_1_201' title='bbox 880 2036 954 2069; x_wconf 88' lang='lat' dir='ltr'>totis</span> <span class='ocrx_word' id='word_1_202' title='bbox 979 2037 1147 2070; x_wconf 86' lang='lat' dir='ltr'>tenoribus</span> 
     </span>
     <span class='ocr_line' id='line_1_40' title="bbox 412 2090 1147 2139; baseline -0.008 -10"><span class='ocrx_word' id='word_1_203' title='bbox 412 2094 576 2139; x_wconf 83' lang='lat' dir='ltr'>specialis,</span> <span class='ocrx_word' id='word_1_204' title='bbox 592 2091 750 2136; x_wconf 74' lang='lat' dir='ltr'>specifica,</span> <span class='ocrx_word' id='word_1_205' title='bbox 764 2090 930 2124; x_wconf 90' lang='lat' dir='ltr'>individua</span> <span class='ocrx_word' id='word_1_206' title='bbox 941 2095 972 2123; x_wconf 92' lang='lat' dir='ltr'>et</span> <span class='ocrx_word' id='word_1_207' title='bbox 985 2100 1147 2133; x_wconf 78' lang='lat' dir='ltr'>expressa,</span> 
     </span>
     <span class='ocr_line' id='line_1_41' title="bbox 413 2145 1150 2187; baseline -0.008 -5"><span class='ocrx_word' id='word_1_208' title='bbox 413 2159 449 2182; x_wconf 89' lang='lat' dir='ltr'>ac</span> <span class='ocrx_word' id='word_1_209' title='bbox 473 2149 511 2183; x_wconf 89' lang='lat' dir='ltr'>de</span> <span class='ocrx_word' id='word_1_210' title='bbox 536 2146 634 2180; x_wconf 86' lang='lat' dir='ltr'>verbo</span> <span class='ocrx_word' id='word_1_211' title='bbox 658 2146 696 2178; x_wconf 88' lang='lat' dir='ltr'>ad</span> <span class='ocrx_word' id='word_1_212' title='bbox 714 2145 859 2184; x_wconf 87' lang='lat' dir='ltr'>verbum,</span> <span class='ocrx_word' id='word_1_213' title='bbox 876 2152 942 2177; x_wconf 90' lang='lat' dir='ltr'>non</span> <span class='ocrx_word' id='word_1_214' title='bbox 963 2148 1070 2176; x_wconf 88' lang='lat' dir='ltr'>autem</span> <span class='ocrx_word' id='word_1_215' title='bbox 1089 2154 1150 2187; x_wconf 91' lang='lat' dir='ltr'>per</span> 
     </span>
     <span class='ocr_line' id='line_1_42' title="bbox 413 2197 1148 2242; baseline -0.008 -8"><span class='ocrx_word' id='word_1_216' title='bbox 413 2201 573 2235; x_wconf 85' lang='lat' dir='ltr'>clausulas</span> <span class='ocrx_word' id='word_1_217' title='bbox 597 2198 765 2242; x_wconf 83' lang='lat' dir='ltr'>generales</span> <span class='ocrx_word' id='word_1_218' title='bbox 798 2197 884 2231; x_wconf 90' lang='lat' dir='ltr'>idem</span> <span class='ocrx_word' id='word_1_219' title='bbox 915 2197 1148 2239; x_wconf 88' lang='lat' dir='ltr'>importantes,</span> 
     </span>
     <span class='ocr_line' id='line_1_43' title="bbox 414 2248 1149 2294; baseline -0.01 -6"><span class='ocrx_word' id='word_1_220' title='bbox 414 2254 536 2288; x_wconf 89' lang='lat' dir='ltr'>mentio</span> <span class='ocrx_word' id='word_1_221' title='bbox 561 2263 616 2285; x_wconf 88' lang='lat' dir='ltr'>seu</span> <span class='ocrx_word' id='word_1_222' title='bbox 642 2250 774 2294; x_wconf 87' lang='lat' dir='ltr'>quaevis</span> <span class='ocrx_word' id='word_1_223' title='bbox 802 2249 866 2282; x_wconf 85' lang='lat' dir='ltr'>alia</span> <span class='ocrx_word' id='word_1_224' title='bbox 896 2248 1060 2292; x_wconf 83' lang='lat' dir='ltr'>expressio</span> <span class='ocrx_word' id='word_1_225' title='bbox 1093 2249 1149 2282; x_wconf 89' lang='lat' dir='ltr'>ha-</span> 
     </span>
     <span class='ocr_line' id='line_1_44' title="bbox 415 2300 1147 2348; baseline -0.007 -7"><span class='ocrx_word' id='word_1_226' title='bbox 415 2307 520 2341; x_wconf 83' lang='lat' dir='ltr'>benda</span> <span class='ocrx_word' id='word_1_227' title='bbox 536 2310 591 2339; x_wconf 90' lang='lat' dir='ltr'>aut</span> <span class='ocrx_word' id='word_1_228' title='bbox 605 2304 715 2348; x_wconf 87' lang='lat' dir='ltr'>aliqua</span> <span class='ocrx_word' id='word_1_229' title='bbox 737 2303 799 2336; x_wconf 89' lang='lat' dir='ltr'>alia</span> <span class='ocrx_word' id='word_1_230' title='bbox 816 2302 974 2345; x_wconf 71' lang='lat' dir='ltr'>exquisita</span> <span class='ocrx_word' id='word_1_231' title='bbox 991 2300 1093 2334; x_wconf 76' lang='lat' dir='ltr'>lbrma</span> <span class='ocrx_word' id='word_1_232' title='bbox 1110 2302 1147 2336; x_wconf 85' lang='lat' dir='ltr'>ad</span> 
     </span>
     <span class='ocr_line' id='line_1_45' title="bbox 416 2355 1148 2396; baseline -0.008 -2"><span class='ocrx_word' id='word_1_233' title='bbox 416 2362 478 2394; x_wconf 88' lang='lat' dir='ltr'>hoc</span> <span class='ocrx_word' id='word_1_234' title='bbox 502 2358 658 2392; x_wconf 88' lang='lat' dir='ltr'>servanda</span> <span class='ocrx_word' id='word_1_235' title='bbox 681 2357 776 2396; x_wconf 90' lang='lat' dir='ltr'>soret,</span> <span class='ocrx_word' id='word_1_236' title='bbox 795 2363 926 2388; x_wconf 86' lang='lat' dir='ltr'>tenores</span> <span class='ocrx_word' id='word_1_237' title='bbox 951 2355 1148 2396; x_wconf 83' lang='lat' dir='ltr'>huiusmodi,</span> 
     </span>
     <span class='ocr_line' id='line_1_46' title="bbox 416 2407 1151 2451; baseline -0.01 -3"><span class='ocrx_word' id='word_1_238' title='bbox 416 2425 452 2448; x_wconf 87' lang='lat' dir='ltr'>ac</span> <span class='ocrx_word' id='word_1_239' title='bbox 477 2413 503 2446; x_wconf 89' lang='lat' dir='ltr'>si</span> <span class='ocrx_word' id='word_1_240' title='bbox 529 2413 568 2446; x_wconf 89' lang='lat' dir='ltr'>de</span> <span class='ocrx_word' id='word_1_241' title='bbox 592 2410 693 2444; x_wconf 87' lang='lat' dir='ltr'>verbo</span> <span class='ocrx_word' id='word_1_242' title='bbox 707 2409 745 2442; x_wconf 90' lang='lat' dir='ltr'>ad</span> <span class='ocrx_word' id='word_1_243' title='bbox 760 2408 906 2447; x_wconf 86' lang='lat' dir='ltr'>verbum,</span> <span class='ocrx_word' id='word_1_244' title='bbox 922 2407 1003 2441; x_wconf 74' lang='lat' dir='ltr'>nihil</span> <span class='ocrx_word' id='word_1_245' title='bbox 1023 2409 1151 2451; x_wconf 90' lang='lat' dir='ltr'>penitus</span> 
     </span>
     <span class='ocr_line' id='line_1_47' title="bbox 416 2460 1149 2506; baseline -0.011 -5"><span class='ocrx_word' id='word_1_246' title='bbox 416 2467 545 2506; x_wconf 80' lang='lat' dir='ltr'>omisso,</span> <span class='ocrx_word' id='word_1_247' title='bbox 556 2475 593 2498; x_wconf 88' lang='lat' dir='ltr'>ac</span> <span class='ocrx_word' id='word_1_248' title='bbox 606 2464 707 2497; x_wconf 76' lang='lat' dir='ltr'>forma</span> <span class='ocrx_word' id='word_1_249' title='bbox 719 2462 751 2495; x_wconf 91' lang='lat' dir='ltr'>in</span> <span class='ocrx_word' id='word_1_250' title='bbox 767 2462 830 2495; x_wconf 86' lang='lat' dir='ltr'>illis</span> <span class='ocrx_word' id='word_1_251' title='bbox 841 2461 956 2494; x_wconf 75' lang='lat' dir='ltr'>tradita</span> <span class='ocrx_word' id='word_1_252' title='bbox 970 2460 1149 2503; x_wconf 72' lang='lat' dir='ltr'>observata,</span> 
     </span>
     <span class='ocr_line' id='line_1_48' title="bbox 417 2514 1151 2557; baseline -0.008 -4"><span class='ocrx_word' id='word_1_253' title='bbox 417 2519 530 2552; x_wconf 89' lang='lat' dir='ltr'>inserti</span> <span class='ocrx_word' id='word_1_254' title='bbox 555 2517 673 2556; x_wconf 77' lang='lat' dir='ltr'>forent,</span> <span class='ocrx_word' id='word_1_255' title='bbox 694 2515 816 2548; x_wconf 89' lang='lat' dir='ltr'>eisdem</span> <span class='ocrx_word' id='word_1_256' title='bbox 840 2514 1068 2557; x_wconf 87' lang='lat' dir='ltr'>praesentibus</span> <span class='ocrx_word' id='word_1_257' title='bbox 1093 2524 1151 2557; x_wconf 87' lang='lat' dir='ltr'>pro</span> 
     </span>
     <span class='ocr_line' id='line_1_49' title="bbox 416 2564 1149 2617; baseline -0.008 -13"><span class='ocrx_word' id='word_1_258' title='bbox 416 2572 514 2617; x_wconf 84' lang='lat' dir='ltr'>plene</span> <span class='ocrx_word' id='word_1_259' title='bbox 531 2574 563 2604; x_wconf 82' lang='lat' dir='ltr'>et</span> <span class='ocrx_word' id='word_1_260' title='bbox 572 2567 774 2602; x_wconf 82' lang='lat' dir='ltr'>sufficienter</span> <span class='ocrx_word' id='word_1_261' title='bbox 786 2564 948 2610; x_wconf 82' lang='lat' dir='ltr'>expressis</span> <span class='ocrx_word' id='word_1_262' title='bbox 966 2575 1002 2598; x_wconf 89' lang='lat' dir='ltr'>ac</span> <span class='ocrx_word' id='word_1_263' title='bbox 1017 2564 1149 2598; x_wconf 86' lang='lat' dir='ltr'>insertis</span> 
     </span>
    </p>
   </div>
   <div class='ocr_carea' id='block_1_5' title="bbox 1177 189 1330 216">
    <p class='ocr_par' dir='ltr' id='par_1_6' title="bbox 1177 189 1330 216">
     <span class='ocr_line' id='line_1_50' title="bbox 1177 189 1330 216; baseline -0.007 -1"><span class='ocrx_word' id='word_1_264' title='bbox 1177 189 1330 216; x_wconf 60' lang='lat' dir='ltr'>ROMANFM</span> 
     </span>
    </p>
   </div>
   <div class='ocr_carea' id='block_1_6' title="bbox 1169 236 2111 2076">
    <p class='ocr_par' dir='ltr' id='par_1_7' title="bbox 1169 236 2111 2076">
     <span class='ocr_line' id='line_1_51' title="bbox 1169 236 1905 281; baseline -0.007 -8"><span class='ocrx_word' id='word_1_265' title='bbox 1169 240 1341 279; x_wconf 85' lang='lat' dir='ltr'>habentes,</span> <span class='ocrx_word' id='word_1_266' title='bbox 1359 239 1399 271; x_wconf 86' lang='lat' dir='ltr'>ad</span> <span class='ocrx_word' id='word_1_267' title='bbox 1419 236 1570 272; x_wconf 67' lang='lat' dir='ltr'>effectum</span> <span class='ocrx_word' id='word_1_268' title='bbox 1592 237 1825 281; x_wconf 83' lang='lat' dir='ltr'>praesentium,</span> <span class='ocrx_word' id='word_1_269' title='bbox 1841 236 1905 270; x_wconf 84' lang='lat' dir='ltr'>illis</span> 
     </span>
     <span class='ocr_line' id='line_1_52' title="bbox 1170 290 1907 334; baseline -0.004 -8"><span class='ocrx_word' id='word_1_270' title='bbox 1170 293 1248 326; x_wconf 77' lang='lat' dir='ltr'>alias</span> <span class='ocrx_word' id='word_1_271' title='bbox 1274 293 1305 325; x_wconf 87' lang='lat' dir='ltr'>in</span> <span class='ocrx_word' id='word_1_272' title='bbox 1339 302 1396 332; x_wconf 87' lang='lat' dir='ltr'>suo</span> <span class='ocrx_word' id='word_1_273' title='bbox 1422 290 1543 324; x_wconf 88' lang='lat' dir='ltr'>robore</span> <span class='ocrx_word' id='word_1_274' title='bbox 1576 290 1816 334; x_wconf 67' lang='lat' dir='ltr'>permansuris,</span> <span class='ocrx_word' id='word_1_275' title='bbox 1845 291 1907 323; x_wconf 87' lang='lat' dir='ltr'>hac</span> 
     </span>
     <span class='ocr_line' id='line_1_53' title="bbox 1170 344 1906 387; baseline -0.003 -9"><span class='ocrx_word' id='word_1_276' title='bbox 1170 346 1238 378; x_wconf 89' lang='lat' dir='ltr'>vice</span> <span class='ocrx_word' id='word_1_277' title='bbox 1265 346 1437 384; x_wconf 54' lang='lat' dir='ltr'>dumtaxat,</span> <span class='ocrx_word' id='word_1_278' title='bbox 1455 344 1570 376; x_wconf 86' lang='lat' dir='ltr'>harum</span> <span class='ocrx_word' id='word_1_279' title='bbox 1586 344 1670 377; x_wconf 86' lang='lat' dir='ltr'>serie</span> <span class='ocrx_word' id='word_1_280' title='bbox 1695 344 1906 387; x_wconf 73' lang='lat' dir='ltr'>derogamus;</span> 
     </span>
     <span class='ocr_line' id='line_1_54' title="bbox 1172 396 1842 441; baseline -0.001 -10"><span class='ocrx_word' id='word_1_281' title='bbox 1172 398 1354 441; x_wconf 83' lang='lat' dir='ltr'>ceterisque</span> <span class='ocrx_word' id='word_1_282' title='bbox 1374 397 1547 431; x_wconf 82' lang='lat' dir='ltr'>contrariis</span> <span class='ocrx_word' id='word_1_283' title='bbox 1572 396 1842 439; x_wconf 82' lang='lat' dir='ltr'>quibuscumque.</span> 
     </span>
     <span class='ocr_line' id='line_1_55' title="bbox 1216 449 1910 493; baseline 0 -11"><span class='ocrx_word' id='word_1_284' title='bbox 1216 450 1299 493; x_wconf 58' lang='lat'>513.</span> <span class='ocrx_word' id='word_1_285' title='bbox 1325 449 1478 483; x_wconf 85' lang='lat' dir='ltr'>Volumus</span> <span class='ocrx_word' id='word_1_286' title='bbox 1499 454 1616 489; x_wconf 88' lang='lat' dir='ltr'>autem,</span> <span class='ocrx_word' id='word_1_287' title='bbox 1631 449 1727 492; x_wconf 88' lang='lat' dir='ltr'>quod,</span> <span class='ocrx_word' id='word_1_288' title='bbox 1748 449 1847 493; x_wconf 83' lang='lat' dir='ltr'>lapsis</span> <span class='ocrx_word' id='word_1_289' title='bbox 1866 451 1910 482; x_wconf 89' lang='lat' dir='ltr'>vi-</span> 
     </span>
     <span class='ocr_line' id='line_1_56' title="bbox 1173 503 1907 545; baseline 0.001 -10"><span class='ocrx_word' id='word_1_290' title='bbox 1173 503 1252 545; x_wconf 77' lang='lat' dir='ltr'>girui</span> <span class='ocrx_word' id='word_1_291' title='bbox 1271 503 1386 536; x_wconf 86' lang='lat' dir='ltr'>diebus</span> <span class='ocrx_word' id='word_1_292' title='bbox 1403 506 1576 545; x_wconf 86' lang='lat' dir='ltr'>postquam</span> <span class='ocrx_word' id='word_1_293' title='bbox 1598 506 1789 544; x_wconf 86' lang='lat' dir='ltr'>praesentes</span> <span class='ocrx_word' id='word_1_294' title='bbox 1810 503 1907 536; x_wconf 87' lang='lat' dir='ltr'>valvis</span> 
     </span>
     <span class='ocr_line' id='line_1_57' title="bbox 1175 552 1911 588; baseline 0.001 -1"><span class='ocrx_word' id='word_1_295' title='bbox 1175 555 1335 588; x_wconf 86' lang='lat' dir='ltr'>ecclesiae</span> <span class='ocrx_word' id='word_1_296' title='bbox 1360 552 1585 586; x_wconf 86' lang='lat' dir='ltr'>Lateranensis</span> <span class='ocrx_word' id='word_1_297' title='bbox 1602 558 1633 585; x_wconf 85' lang='lat' dir='ltr'>et</span> <span class='ocrx_word' id='word_1_298' title='bbox 1649 554 1805 588; x_wconf 83' lang='lat' dir='ltr'>basilicae</span> <span class='ocrx_word' id='word_1_299' title='bbox 1827 554 1911 588; x_wconf 87' lang='lat' dir='ltr'>Prin-</span> 
     </span>
     <span class='ocr_line' id='line_1_58' title="bbox 1176 606 1909 652; baseline 0.001 -12"><span class='ocrx_word' id='word_1_300' title='bbox 1176 608 1257 652; x_wconf 77' lang='lat' dir='ltr'>cipis</span> <span class='ocrx_word' id='word_1_301' title='bbox 1268 608 1500 651; x_wconf 82' lang='lat' dir='ltr'>Apostolorum</span> <span class='ocrx_word' id='word_1_302' title='bbox 1517 606 1597 639; x_wconf 88' lang='lat' dir='ltr'>etin</span> <span class='ocrx_word' id='word_1_303' title='bbox 1616 606 1682 640; x_wconf 84' lang='lat' dir='ltr'>acie</span> <span class='ocrx_word' id='word_1_304' title='bbox 1697 607 1909 651; x_wconf 84' lang='lat' dir='ltr'>Campissorae</span> 
     </span>
     <span class='ocr_line' id='line_1_59' title="bbox 1176 659 1912 703; baseline 0.001 -10"><span class='ocrx_word' id='word_1_305' title='bbox 1176 662 1216 694; x_wconf 89' lang='lat' dir='ltr'>de</span> <span class='ocrx_word' id='word_1_306' title='bbox 1226 660 1312 694; x_wconf 88' lang='lat' dir='ltr'>Urbe</span> <span class='ocrx_word' id='word_1_307' title='bbox 1323 671 1383 703; x_wconf 84' lang='lat' dir='ltr'>per</span> <span class='ocrx_word' id='word_1_308' title='bbox 1393 660 1532 703; x_wconf 87' lang='lat' dir='ltr'>aliquem</span> <span class='ocrx_word' id='word_1_309' title='bbox 1548 668 1585 692; x_wconf 82' lang='lat' dir='ltr'>ex</span> <span class='ocrx_word' id='word_1_310' title='bbox 1595 659 1716 692; x_wconf 89' lang='lat' dir='ltr'>nostris</span> <span class='ocrx_word' id='word_1_311' title='bbox 1728 661 1912 698; x_wconf 83' lang='lat' dir='ltr'>cursoribus</span> 
     </span>
     <span class='ocr_line' id='line_1_60' title="bbox 1177 712 1912 755; baseline 0 -9"><span class='ocrx_word' id='word_1_312' title='bbox 1177 713 1289 746; x_wconf 74' lang='lat' dir='ltr'>affixae</span> <span class='ocrx_word' id='word_1_313' title='bbox 1307 718 1339 745; x_wconf 91' lang='lat' dir='ltr'>et</span> <span class='ocrx_word' id='word_1_314' title='bbox 1362 712 1570 755; x_wconf 85' lang='lat' dir='ltr'>pubblicatae</span> <span class='ocrx_word' id='word_1_315' title='bbox 1591 712 1720 752; x_wconf 79' lang='lat' dir='ltr'>suerint,</span> <span class='ocrx_word' id='word_1_316' title='bbox 1740 721 1854 746; x_wconf 88' lang='lat' dir='ltr'>omnes</span> <span class='ocrx_word' id='word_1_317' title='bbox 1879 718 1912 746; x_wconf 84' lang='lat' dir='ltr'>et</span> 
     </span>
     <span class='ocr_line' id='line_1_61' title="bbox 1179 764 1913 809; baseline 0.001 -12"><span class='ocrx_word' id='word_1_318' title='bbox 1179 765 1325 808; x_wconf 82' lang='lat' dir='ltr'>singulos</span> <span class='ocrx_word' id='word_1_319' title='bbox 1338 770 1400 797; x_wconf 82' lang='lat' dir='ltr'>tam</span> <span class='ocrx_word' id='word_1_320' title='bbox 1413 764 1445 796; x_wconf 91' lang='lat' dir='ltr'>in</span> <span class='ocrx_word' id='word_1_321' title='bbox 1459 764 1545 800; x_wconf 84' lang='lat' dir='ltr'>Urbe</span> <span class='ocrx_word' id='word_1_322' title='bbox 1564 774 1658 808; x_wconf 85' lang='lat' dir='ltr'>quam</span> <span class='ocrx_word' id='word_1_323' title='bbox 1676 765 1707 797; x_wconf 91' lang='lat' dir='ltr'>in</span> <span class='ocrx_word' id='word_1_324' title='bbox 1723 764 1811 798; x_wconf 87' lang='lat' dir='ltr'>Statu</span> <span class='ocrx_word' id='word_1_325' title='bbox 1826 775 1913 809; x_wconf 88' lang='lat' dir='ltr'>prae-</span> 
     </span>
     <span class='ocr_line' id='line_1_62' title="bbox 1179 817 1913 861; baseline 0 -11"><span class='ocrx_word' id='word_1_326' title='bbox 1179 817 1252 851; x_wconf 81' lang='lat' dir='ltr'>fatis</span> <span class='ocrx_word' id='word_1_327' title='bbox 1276 817 1452 850; x_wconf 81' lang='lat' dir='ltr'>existentes</span> <span class='ocrx_word' id='word_1_328' title='bbox 1477 817 1614 861; x_wconf 86' lang='lat' dir='ltr'>perinde</span> <span class='ocrx_word' id='word_1_329' title='bbox 1640 817 1789 860; x_wconf 80' lang='lat' dir='ltr'>obligent</span> <span class='ocrx_word' id='word_1_330' title='bbox 1808 823 1840 851; x_wconf 90' lang='lat' dir='ltr'>et</span> <span class='ocrx_word' id='word_1_331' title='bbox 1863 829 1913 850; x_wconf 83' lang='lat' dir='ltr'>ar-</span> 
     </span>
     <span class='ocr_line' id='line_1_63' title="bbox 1180 870 1913 913; baseline 0 -10"><span class='ocrx_word' id='word_1_332' title='bbox 1180 875 1277 910; x_wconf 87' lang='lat' dir='ltr'>ctent,</span> <span class='ocrx_word' id='word_1_333' title='bbox 1292 881 1328 903; x_wconf 88' lang='lat' dir='ltr'>ac</span> <span class='ocrx_word' id='word_1_334' title='bbox 1343 870 1368 902; x_wconf 93' lang='lat' dir='ltr'>si</span> <span class='ocrx_word' id='word_1_335' title='bbox 1382 870 1557 913; x_wconf 89' lang='lat' dir='ltr'>unicuique</span> <span class='ocrx_word' id='word_1_336' title='bbox 1573 881 1685 903; x_wconf 89' lang='lat' dir='ltr'>eorum</span> <span class='ocrx_word' id='word_1_337' title='bbox 1699 871 1913 913; x_wconf 85' lang='lat' dir='ltr'>personaliter</span> 
     </span>
     <span class='ocr_line' id='line_1_64' title="bbox 1182 923 1913 968; baseline 0.001 -11"><span class='ocrx_word' id='word_1_338' title='bbox 1182 929 1213 958; x_wconf 89' lang='lat' dir='ltr'>et</span> <span class='ocrx_word' id='word_1_339' title='bbox 1235 923 1429 959; x_wconf 85' lang='lat' dir='ltr'>nominatim</span> <span class='ocrx_word' id='word_1_340' title='bbox 1450 924 1614 957; x_wconf 85' lang='lat' dir='ltr'>intimatae</span> <span class='ocrx_word' id='word_1_341' title='bbox 1640 924 1792 965; x_wconf 77' lang='lat' dir='ltr'>fuissent3</span> <span class='ocrx_word' id='word_1_342' title='bbox 1810 925 1913 968; x_wconf 88' lang='lat' dir='ltr'>quod-</span> 
     </span>
     <span class='ocr_line' id='line_1_65' title="bbox 1183 977 1915 1020; baseline 0.001 -11"><span class='ocrx_word' id='word_1_343' title='bbox 1183 987 1245 1020; x_wconf 86' lang='lat' dir='ltr'>que</span> <span class='ocrx_word' id='word_1_344' title='bbox 1264 986 1373 1011; x_wconf 87' lang='lat' dir='ltr'>earum</span> <span class='ocrx_word' id='word_1_345' title='bbox 1390 977 1610 1019; x_wconf 82' lang='lat' dir='ltr'>transumptis,</span> <span class='ocrx_word' id='word_1_346' title='bbox 1624 977 1719 1009; x_wconf 85' lang='lat' dir='ltr'>etiam</span> <span class='ocrx_word' id='word_1_347' title='bbox 1737 977 1915 1020; x_wconf 86' lang='lat' dir='ltr'>impressis,</span> 
     </span>
     <span class='ocr_line' id='line_1_66' title="bbox 1184 1028 1917 1072; baseline 0.001 -11"><span class='ocrx_word' id='word_1_348' title='bbox 1184 1039 1280 1063; x_wconf 87' lang='lat' dir='ltr'>manu</span> <span class='ocrx_word' id='word_1_349' title='bbox 1302 1028 1421 1062; x_wconf 87' lang='lat' dir='ltr'>notarii</span> <span class='ocrx_word' id='word_1_350' title='bbox 1446 1029 1569 1072; x_wconf 88' lang='lat' dir='ltr'>publici</span> <span class='ocrx_word' id='word_1_351' title='bbox 1590 1029 1791 1072; x_wconf 86' lang='lat' dir='ltr'>subscriptis,</span> <span class='ocrx_word' id='word_1_352' title='bbox 1821 1036 1853 1062; x_wconf 85' lang='lat' dir='ltr'>et</span> <span class='ocrx_word' id='word_1_353' title='bbox 1875 1030 1917 1062; x_wconf 89' lang='lat' dir='ltr'>si-</span> 
     </span>
     <span class='ocr_line' id='line_1_67' title="bbox 1184 1081 1918 1125; baseline 0.004 -12"><span class='ocrx_word' id='word_1_354' title='bbox 1184 1082 1262 1123; x_wconf 76' lang='lat' dir='ltr'>gillo</span> <span class='ocrx_word' id='word_1_355' title='bbox 1276 1081 1411 1115; x_wconf 84' lang='lat' dir='ltr'>alicuius</span> <span class='ocrx_word' id='word_1_356' title='bbox 1423 1090 1587 1124; x_wconf 85' lang='lat' dir='ltr'>personae</span> <span class='ocrx_word' id='word_1_357' title='bbox 1600 1081 1633 1114; x_wconf 93' lang='lat' dir='ltr'>in</span> <span class='ocrx_word' id='word_1_358' title='bbox 1648 1082 1805 1125; x_wconf 80' lang='lat' dir='ltr'>dignitate</span> <span class='ocrx_word' id='word_1_359' title='bbox 1819 1084 1918 1116; x_wconf 86' lang='lat' dir='ltr'>eccle-</span> 
     </span>
     <span class='ocr_line' id='line_1_68' title="bbox 1184 1134 1919 1178; baseline 0.004 -12"><span class='ocrx_word' id='word_1_360' title='bbox 1184 1134 1312 1167; x_wconf 68' lang='lat' dir='ltr'>siastica</span> <span class='ocrx_word' id='word_1_361' title='bbox 1328 1134 1521 1167; x_wconf 85' lang='lat' dir='ltr'>constitutae</span> <span class='ocrx_word' id='word_1_362' title='bbox 1543 1135 1688 1173; x_wconf 89' lang='lat' dir='ltr'>munitis,</span> <span class='ocrx_word' id='word_1_363' title='bbox 1702 1135 1814 1170; x_wconf 88' lang='lat' dir='ltr'>eadem</span> <span class='ocrx_word' id='word_1_364' title='bbox 1830 1145 1919 1178; x_wconf 86' lang='lat' dir='ltr'>pror-</span> 
     </span>
     <span class='ocr_line' id='line_1_69' title="bbox 1186 1186 1917 1229; baseline 0.004 -11"><span class='ocrx_word' id='word_1_365' title='bbox 1186 1198 1239 1219; x_wconf 89' lang='lat' dir='ltr'>sus</span> <span class='ocrx_word' id='word_1_366' title='bbox 1260 1186 1339 1223; x_wconf 83' lang='lat' dir='ltr'>[ides</span> <span class='ocrx_word' id='word_1_367' title='bbox 1361 1187 1393 1219; x_wconf 90' lang='lat' dir='ltr'>in</span> <span class='ocrx_word' id='word_1_368' title='bbox 1411 1187 1531 1223; x_wconf 88' lang='lat' dir='ltr'>iudicio</span> <span class='ocrx_word' id='word_1_369' title='bbox 1551 1192 1582 1219; x_wconf 84' lang='lat' dir='ltr'>ct</span> <span class='ocrx_word' id='word_1_370' title='bbox 1602 1192 1691 1220; x_wconf 81' lang='lat' dir='ltr'>extra</span> <span class='ocrx_word' id='word_1_371' title='bbox 1715 1188 1917 1229; x_wconf 84' lang='lat' dir='ltr'>adhibeatur,</span> 
     </span>
     <span class='ocr_line' id='line_1_70' title="bbox 1186 1239 1919 1282; baseline 0.004 -11"><span class='ocrx_word' id='word_1_372' title='bbox 1186 1249 1267 1282; x_wconf 85' lang='lat' dir='ltr'>quae</span> <span class='ocrx_word' id='word_1_373' title='bbox 1296 1239 1488 1272; x_wconf 86' lang='lat' dir='ltr'>eisdemmet</span> <span class='ocrx_word' id='word_1_374' title='bbox 1511 1240 1756 1282; x_wconf 86' lang='lat' dir='ltr'>praesentibus,</span> <span class='ocrx_word' id='word_1_375' title='bbox 1780 1241 1807 1274; x_wconf 91' lang='lat' dir='ltr'>si</span> <span class='ocrx_word' id='word_1_376' title='bbox 1828 1242 1919 1274; x_wconf 80' lang='lat' dir='ltr'>exhi-</span> 
     </span>
     <span class='ocr_line' id='line_1_71' title="bbox 1185 1291 1916 1332; baseline 0.003 -8"><span class='ocrx_word' id='word_1_377' title='bbox 1185 1292 1272 1326; x_wconf 83' lang='lat' dir='ltr'>bitae</span> <span class='ocrx_word' id='word_1_378' title='bbox 1286 1293 1334 1325; x_wconf 90' lang='lat' dir='ltr'>vel</span> <span class='ocrx_word' id='word_1_379' title='bbox 1352 1297 1504 1325; x_wconf 84' lang='lat' dir='ltr'>ostensae</span> <span class='ocrx_word' id='word_1_380' title='bbox 1520 1291 1668 1332; x_wconf 84' lang='lat' dir='ltr'>fuissent,</span> <span class='ocrx_word' id='word_1_381' title='bbox 1688 1293 1916 1329; x_wconf 87' lang='lat' dir='ltr'>adhiberetur.</span> 
     </span>
     <span class='ocr_line' id='line_1_72' title="bbox 1229 1345 2111 1389; baseline 0.003 -12"><span class='ocrx_word' id='word_1_382' title='bbox 1229 1347 1243 1389; x_wconf 60' lang='grc' dir='ltr'>ξ</span> <span class='ocrx_word' id='word_1_383' title='bbox 1268 1345 1320 1378; x_wconf 79' lang='grc'>14.</span> <span class='ocrx_word' id='word_1_384' title='bbox 1348 1345 1433 1378; x_wconf 89' lang='lat' dir='ltr'>Nulli</span> <span class='ocrx_word' id='word_1_385' title='bbox 1468 1355 1546 1388; x_wconf 81' lang='lat' dir='ltr'>ergo</span> <span class='ocrx_word' id='word_1_386' title='bbox 1583 1345 1715 1380; x_wconf 91' lang='lat' dir='ltr'>omnino</span> <span class='ocrx_word' id='word_1_387' title='bbox 1750 1346 1919 1380; x_wconf 85' lang='lat' dir='ltr'>hominum</span> <span class='ocrx_word' id='word_1_388' title='bbox 1956 1355 2043 1376; x_wconf 54' lang='lat' dir='ltr'>S:aruo</span> <span class='ocrx_word' id='word_1_389' title='bbox 2061 1360 2111 1380; x_wconf 72' lang='lat'>1³00-</span> 
     </span>
     <span class='ocr_line' id='line_1_73' title="bbox 1186 1383 1990 1443; baseline 0.001 -12"><span class='ocrx_word' id='word_1_390' title='bbox 1186 1399 1281 1431; x_wconf 85' lang='lat' dir='ltr'>liceat</span> <span class='ocrx_word' id='word_1_391' title='bbox 1312 1398 1464 1442; x_wconf 73' lang='lat' dir='ltr'>paginam</span> <span class='ocrx_word' id='word_1_392' title='bbox 1490 1399 1572 1431; x_wconf 81' lang='lat' dir='ltr'>lianc</span> <span class='ocrx_word' id='word_1_393' title='bbox 1596 1403 1777 1434; x_wconf 85' lang='lat' dir='ltr'>nostrarum</span> <span class='ocrx_word' id='word_1_394' title='bbox 1803 1383 1990 1443; x_wconf 57' lang='lat' dir='ltr'>appro-nanu</span> 
     </span>
     <span class='ocr_line' id='line_1_74' title="bbox 1184 1449 1919 1492; baseline 0 -8"><span class='ocrx_word' id='word_1_395' title='bbox 1184 1451 1335 1492; x_wconf 61' lang='lat' dir='ltr'>babonis,</span> <span class='ocrx_word' id='word_1_396' title='bbox 1375 1449 1648 1492; x_wconf 78' lang='lat' dir='ltr'>confirmationis,</span> <span class='ocrx_word' id='word_1_397' title='bbox 1675 1452 1894 1485; x_wconf 86' lang='lat' dir='ltr'>innovationis</span> <span class='ocrx_word' id='word_1_398' title='bbox 1911 1479 1919 1492; x_wconf 90' lang='lat'>,</span> 
     </span>
     <span class='ocr_line' id='line_1_75' title="bbox 1185 1503 1921 1547; baseline 0.004 -12"><span class='ocrx_word' id='word_1_399' title='bbox 1185 1503 1368 1544; x_wconf 84' lang='lat' dir='ltr'>voluntatis,</span> <span class='ocrx_word' id='word_1_400' title='bbox 1395 1504 1528 1544; x_wconf 88' lang='lat' dir='ltr'>decreti,</span> <span class='ocrx_word' id='word_1_401' title='bbox 1555 1504 1804 1547; x_wconf 87' lang='lat' dir='ltr'>prohibitionis,</span> <span class='ocrx_word' id='word_1_402' title='bbox 1829 1505 1921 1538; x_wconf 87' lang='lat' dir='ltr'>dero—</span> 
     </span>
     <span class='ocr_line' id='line_1_76' title="bbox 1186 1556 1921 1600; baseline 0.001 -11"><span class='ocrx_word' id='word_1_403' title='bbox 1186 1556 1332 1600; x_wconf 81' lang='lat' dir='ltr'>gationis,</span> <span class='ocrx_word' id='word_1_404' title='bbox 1364 1557 1590 1597; x_wconf 86' lang='lat' dir='ltr'>revocationis,</span> <span class='ocrx_word' id='word_1_405' title='bbox 1625 1557 1826 1597; x_wconf 76' lang='lat' dir='ltr'>cassationis,</span> <span class='ocrx_word' id='word_1_406' title='bbox 1850 1557 1921 1590; x_wconf 89' lang='lat' dir='ltr'>irri-</span> 
     </span>
     <span class='ocr_line' id='line_1_77' title="bbox 1187 1609 1922 1650; baseline 0.001 -8"><span class='ocrx_word' id='word_1_407' title='bbox 1187 1610 1328 1650; x_wconf 80' lang='lat' dir='ltr'>tationis,</span> <span class='ocrx_word' id='word_1_408' title='bbox 1344 1609 1586 1649; x_wconf 74' lang='lat' dir='ltr'>annullationiS,</span> <span class='ocrx_word' id='word_1_409' title='bbox 1612 1610 1767 1650; x_wconf 87' lang='lat' dir='ltr'>mandati,</span> <span class='ocrx_word' id='word_1_410' title='bbox 1791 1620 1922 1643; x_wconf 85' lang='lat' dir='ltr'>conces-</span> 
     </span>
     <span class='ocr_line' id='line_1_78' title="bbox 1186 1662 1921 1706; baseline 0.001 -11"><span class='ocrx_word' id='word_1_411' title='bbox 1186 1663 1287 1696; x_wconf 82' lang='lat' dir='ltr'>sionis</span> <span class='ocrx_word' id='word_1_412' title='bbox 1312 1668 1343 1696; x_wconf 89' lang='lat' dir='ltr'>et</span> <span class='ocrx_word' id='word_1_413' title='bbox 1368 1663 1564 1696; x_wconf 79' lang='lat' dir='ltr'>extensionis</span> <span class='ocrx_word' id='word_1_414' title='bbox 1589 1662 1784 1706; x_wconf 80' lang='lat' dir='ltr'>infringere,</span> <span class='ocrx_word' id='word_1_415' title='bbox 1811 1673 1865 1696; x_wconf 86' lang='lat' dir='ltr'>seu</span> <span class='ocrx_word' id='word_1_416' title='bbox 1892 1664 1921 1697; x_wconf 86' lang='lat' dir='ltr'>ei</span> 
     </span>
     <span class='ocr_line' id='line_1_79' title="bbox 1187 1715 1923 1760; baseline 0 -11"><span class='ocrx_word' id='word_1_417' title='bbox 1187 1727 1265 1749; x_wconf 84' lang='lat' dir='ltr'>ausu</span> <span class='ocrx_word' id='word_1_418' title='bbox 1288 1715 1460 1750; x_wconf 86' lang='lat' dir='ltr'>temerario</span> <span class='ocrx_word' id='word_1_419' title='bbox 1478 1715 1659 1755; x_wconf 86' lang='lat' dir='ltr'>contraire;</span> <span class='ocrx_word' id='word_1_420' title='bbox 1679 1716 1705 1748; x_wconf 90' lang='lat' dir='ltr'>si</span> <span class='ocrx_word' id='word_1_421' title='bbox 1727 1716 1798 1760; x_wconf 90' lang='lat' dir='ltr'>quis</span> <span class='ocrx_word' id='word_1_422' title='bbox 1815 1722 1923 1750; x_wconf 85' lang='lat' dir='ltr'>autem</span> 
     </span>
     <span class='ocr_line' id='line_1_80' title="bbox 1187 1768 1923 1812; baseline 0.001 -10"><span class='ocrx_word' id='word_1_423' title='bbox 1187 1771 1251 1803; x_wconf 90' lang='lat' dir='ltr'>hoc</span> <span class='ocrx_word' id='word_1_424' title='bbox 1275 1774 1434 1802; x_wconf 84' lang='lat' dir='ltr'>attentare</span> <span class='ocrx_word' id='word_1_425' title='bbox 1469 1768 1749 1812; x_wconf 86' lang='lat' dir='ltr'>praesumpserit,</span> <span class='ocrx_word' id='word_1_426' title='bbox 1775 1769 1923 1812; x_wconf 80' lang='lat' dir='ltr'>indigna-</span> 
     </span>
     <span class='ocr_line' id='line_1_81' title="bbox 1188 1821 1922 1865; baseline 0 -9"><span class='ocrx_word' id='word_1_427' title='bbox 1188 1823 1311 1856; x_wconf 90' lang='lat' dir='ltr'>tionem</span> <span class='ocrx_word' id='word_1_428' title='bbox 1335 1821 1566 1865; x_wconf 88' lang='lat' dir='ltr'>omnipotentis</span> <span class='ocrx_word' id='word_1_429' title='bbox 1590 1821 1645 1854; x_wconf 86' lang='lat' dir='ltr'>Dei</span> <span class='ocrx_word' id='word_1_430' title='bbox 1679 1832 1716 1855; x_wconf 83' lang='lat' dir='ltr'>ac</span> <span class='ocrx_word' id='word_1_431' title='bbox 1751 1822 1922 1856; x_wconf 87' lang='lat' dir='ltr'>beatorum</span> 
     </span>
     <span class='ocr_line' id='line_1_82' title="bbox 1188 1873 1924 1918; baseline 0.001 -10"><span class='ocrx_word' id='word_1_432' title='bbox 1188 1875 1273 1909; x_wconf 86' lang='lat' dir='ltr'>Petri</span> <span class='ocrx_word' id='word_1_433' title='bbox 1298 1880 1330 1909; x_wconf 86' lang='lat' dir='ltr'>et</span> <span class='ocrx_word' id='word_1_434' title='bbox 1352 1873 1441 1908; x_wconf 84' lang='lat' dir='ltr'>Pauli</span> <span class='ocrx_word' id='word_1_435' title='bbox 1467 1875 1686 1918; x_wconf 86' lang='lat' dir='ltr'>apostolorum</span> <span class='ocrx_word' id='word_1_436' title='bbox 1713 1875 1780 1908; x_wconf 87' lang='lat' dir='ltr'>eius</span> <span class='ocrx_word' id='word_1_437' title='bbox 1805 1886 1840 1909; x_wconf 88' lang='lat' dir='ltr'>se</span> <span class='ocrx_word' id='word_1_438' title='bbox 1867 1886 1924 1909; x_wconf 87' lang='lat' dir='ltr'>no.-</span> 
     </span>
     <span class='ocr_line' id='line_1_83' title="bbox 1190 1928 1510 1962; baseline -0.003 -1"><span class='ocrx_word' id='word_1_439' title='bbox 1190 1929 1270 1962; x_wconf 86' lang='lat' dir='ltr'>verit</span> <span class='ocrx_word' id='word_1_440' title='bbox 1293 1928 1510 1962; x_wconf 88' lang='lat' dir='ltr'>incursurum.</span> 
     </span>
     <span class='ocr_line' id='line_1_84' title="bbox 1231 1979 1924 2024; baseline 0 -10"><span class='ocrx_word' id='word_1_441' title='bbox 1231 1981 1346 2015; x_wconf 88' lang='lat' dir='ltr'>Datum</span> <span class='ocrx_word' id='word_1_442' title='bbox 1370 1981 1501 2021; x_wconf 87' lang='lat' dir='ltr'>Romae,</span> <span class='ocrx_word' id='word_1_443' title='bbox 1531 1980 1618 2024; x_wconf 88' lang='lat' dir='ltr'>apud</span> <span class='ocrx_word' id='word_1_444' title='bbox 1641 1979 1673 2013; x_wconf 89' lang='lat' dir='ltr'>S.</span> <span class='ocrx_word' id='word_1_445' title='bbox 1705 1979 1835 2015; x_wconf 82' lang='lat' dir='ltr'>Mariam</span> <span class='ocrx_word' id='word_1_446' title='bbox 1859 1981 1924 2014; x_wconf 88' lang='lat' dir='ltr'>Ma-</span> 
     </span>
     <span class='ocr_line' id='line_1_85' title="bbox 1190 2033 1922 2076; baseline -0.001 -8"><span class='ocrx_word' id='word_1_447' title='bbox 1190 2035 1309 2076; x_wconf 80' lang='lat' dir='ltr'>iorem,</span> <span class='ocrx_word' id='word_1_448' title='bbox 1345 2044 1429 2068; x_wconf 86' lang='lat' dir='ltr'>anno</span> <span class='ocrx_word' id='word_1_449' title='bbox 1463 2033 1700 2066; x_wconf 84' lang='lat' dir='ltr'>Incarnationis</span> <span class='ocrx_word' id='word_1_450' title='bbox 1740 2033 1922 2071; x_wconf 88' lang='lat' dir='ltr'>dominicae</span> 
     </span>
    </p>
   </div>
   <div class='ocr_carea' id='block_1_7' title="bbox 1915 189 2097 217">
    <p class='ocr_par' dir='ltr' id='par_1_8' title="bbox 1915 189 2097 217">
     <span class='ocr_line' id='line_1_86' title="bbox 1915 189 2097 217; baseline 0 -2"><span class='ocrx_word' id='word_1_451' title='bbox 1915 189 1962 216; x_wconf 67' lang='grc' dir='ltr'>Λυ.</span> <span class='ocrx_word' id='word_1_452' title='bbox 1980 190 2008 215; x_wconf 75' lang='grc' dir='ltr'>(ἶ.</span> <span class='ocrx_word' id='word_1_453' title='bbox 2033 190 2097 217; x_wconf 69' lang='lat'>¹0:92</span> 
     </span>
    </p>
   </div>
   <div class='ocr_carea' id='block_1_8' title="bbox 1918 461 2100 515">
    <p class='ocr_par' dir='ltr' id='par_1_9' title="bbox 1918 461 2100 515">
     <span class='ocr_line' id='line_1_87' title="bbox 1958 461 2100 482; baseline -0.021 -1"><span class='ocrx_word' id='word_1_454' title='bbox 1958 461 2020 482; x_wconf 68' lang='lat' dir='ltr'>fule:</span> <span class='ocrx_word' id='word_1_455' title='bbox 2044 464 2100 482; x_wconf 73' lang='lat' dir='ltr'>tuan.</span> 
     </span>
     <span class='ocr_line' id='line_1_88' title="bbox 1918 491 2054 515; baseline -0.007 -7"><span class='ocrx_word' id='word_1_456' title='bbox 1918 491 2054 515; x_wconf 73' lang='lat' dir='ltr'>sumptorum,</span> 
     </span>
    </p>
   </div>
   <div class='ocr_carea' id='block_1_9' title="bbox 1178 2085 1923 2129">
    <p class='ocr_par' dir='ltr' id='par_1_10' title="bbox 1178 2085 1923 2129">
     <span class='ocr_line' id='line_1_89' title="bbox 1178 2085 1923 2129; baseline -0.003 -7"><span class='ocrx_word' id='word_1_457' title='bbox 1178 2091 1333 2127; x_wconf 59' lang='lat' dir='ltr'>&#39;iincxcin</span> <span class='ocrx_word' id='word_1_458' title='bbox 1351 2096 1396 2120; x_wconf 82' lang='lat' dir='ltr'>vn</span> <span class='ocrx_word' id='word_1_459' title='bbox 1413 2085 1484 2119; x_wconf 90' lang='lat' dir='ltr'>idus</span> <span class='ocrx_word' id='word_1_460' title='bbox 1502 2085 1577 2121; x_wconf 85' lang='lat' dir='ltr'>maii</span> <span class='ocrx_word' id='word_1_461' title='bbox 1591 2085 1802 2129; x_wconf 84' lang='lat' dir='ltr'>pontificatus</span> <span class='ocrx_word' id='word_1_462' title='bbox 1818 2087 1923 2123; x_wconf 81' lang='lat' dir='ltr'>nostri</span> 
     </span>
    </p>
   </div>
   <div class='ocr_carea' id='block_1_10' title="bbox 1190 2150 1819 2237">
    <p class='ocr_par' dir='ltr' id='par_1_11' title="bbox 1190 2150 1819 2237">
     <span class='ocr_line' id='line_1_90' title="bbox 1190 2150 1320 2174; baseline -0.008 0"><span class='ocrx_word' id='word_1_463' title='bbox 1190 2151 1274 2174; x_wconf 76' lang='grc' dir='ltr'>ἃΠΠΟ</span> <span class='ocrx_word' id='word_1_464' title='bbox 1297 2150 1320 2174; x_wconf 81' lang='lat' dir='ltr'>L</span> 
     </span>
     <span class='ocr_line' id='line_1_91' title="bbox 1224 2200 1819 2237; baseline -0.002 -6"><span class='ocrx_word' id='word_1_465' title='bbox 1224 2203 1284 2231; x_wconf 86' lang='lat' dir='ltr'>Dat.</span> <span class='ocrx_word' id='word_1_466' title='bbox 1307 2202 1351 2231; x_wconf 87' lang='lat' dir='ltr'>die</span> <span class='ocrx_word' id='word_1_467' title='bbox 1369 2200 1386 2232; x_wconf 81' lang='lat'>9</span> <span class='ocrx_word' id='word_1_468' title='bbox 1405 2202 1468 2230; x_wconf 88' lang='lat' dir='ltr'>maii</span> <span class='ocrx_word' id='word_1_469' title='bbox 1488 2200 1568 2236; x_wconf 82' lang='lat'>1692,</span> <span class='ocrx_word' id='word_1_470' title='bbox 1588 2200 1686 2237; x_wconf 80' lang='lat' dir='ltr'>pontif.</span> <span class='ocrx_word' id='word_1_471' title='bbox 1707 2208 1779 2231; x_wconf 81' lang='lat' dir='ltr'>anno</span> <span class='ocrx_word' id='word_1_472' title='bbox 1798 2208 1819 2230; x_wconf 92' lang='lat'>1.</span> 
     </span>
    </p>
   </div>
   <div class='ocr_carea' id='block_1_11' title="bbox 1451 2266 1660 2273">
    <p class='ocr_par' dir='ltr' id='par_1_12' title="bbox 1451 2266 1660 2273">
     <span class='ocr_line' id='line_1_92' title="bbox 1451 2266 1660 2273; baseline 0 0"><span class='ocrx_word' id='word_1_473' title='bbox 1451 2266 1660 2273; x_wconf 95' lang='lat' dir='ltr'> </span> 
     </span>
    </p>
   </div>
   <div class='ocr_carea' id='block_1_12' title="bbox 1502 2325 1607 2359">
    <p class='ocr_par' dir='ltr' id='par_1_13' title="bbox 1502 2325 1607 2359">
     <span class='ocr_line' id='line_1_93' title="bbox 1502 2325 1607 2359; baseline -0.01 0"><span class='ocrx_word' id='word_1_474' title='bbox 1502 2325 1607 2359; x_wconf 77' lang='lat' dir='ltr'>XXIV.</span> 
     </span>
    </p>
   </div>
   <div class='ocr_carea' id='block_1_13' title="bbox 1193 2403 1924 2597">
    <p class='ocr_par' dir='ltr' id='par_1_14' title="bbox 1193 2403 1924 2597">
     <span class='ocr_line' id='line_1_94' title="bbox 1193 2403 1924 2450; baseline -0.003 -9"><span class='ocrx_word' id='word_1_475' title='bbox 1193 2406 1414 2450; x_wconf 55' lang='lat' dir='ltr'>Consti-matur</span> <span class='ocrx_word' id='word_1_476' title='bbox 1437 2403 1643 2448; x_wconf 73' lang='lat' dir='ltr'>inclulqentia</span> <span class='ocrx_word' id='word_1_477' title='bbox 1672 2403 1828 2448; x_wconf 79' lang='lat' dir='ltr'>plenaria</span> <span class='ocrx_word' id='word_1_478' title='bbox 1854 2415 1924 2450; x_wconf 76' lang='lat' dir='ltr'>per-</span> 
     </span>
     <span class='ocr_line' id='line_1_95' title="bbox 1234 2457 1923 2503; baseline -0.001 -11"><span class='ocrx_word' id='word_1_479' title='bbox 1234 2464 1331 2503; x_wconf 76' lang='lat' dir='ltr'>petua</span> <span class='ocrx_word' id='word_1_480' title='bbox 1354 2459 1388 2491; x_wconf 73' lang='lat' dir='ltr'>in</span> <span class='ocrx_word' id='word_1_481' title='bbox 1415 2457 1554 2491; x_wconf 80' lang='lat' dir='ltr'>ecclesiis</span> <span class='ocrx_word' id='word_1_482' title='bbox 1578 2457 1773 2490; x_wconf 78' lang='lat' dir='ltr'>monialium</span> <span class='ocrx_word' id='word_1_483' title='bbox 1804 2457 1923 2491; x_wconf 75' lang='lat' dir='ltr'>Visila-</span> 
     </span>
     <span class='ocr_line' id='line_1_96' title="bbox 1236 2509 1922 2553; baseline -0.001 -9"><span class='ocrx_word' id='word_1_484' title='bbox 1236 2512 1334 2545; x_wconf 73' lang='lat' dir='ltr'>tionis</span> <span class='ocrx_word' id='word_1_485' title='bbox 1351 2511 1458 2543; x_wconf 74' lang='lat' dir='ltr'>bealae</span> <span class='ocrx_word' id='word_1_486' title='bbox 1476 2509 1602 2542; x_wconf 77' lang='lat' dir='ltr'>Mariae.</span> <span class='ocrx_word' id='word_1_487' title='bbox 1622 2509 1769 2553; x_wconf 75' lang='lat' dir='ltr'>Viryim‘s</span> <span class='ocrx_word' id='word_1_488' title='bbox 1794 2510 1829 2543; x_wconf 80' lang='lat' dir='ltr'>in</span> <span class='ocrx_word' id='word_1_489' title='bbox 1843 2511 1922 2553; x_wconf 82' lang='lat' dir='ltr'>sesto</span> 
     </span>
     <span class='ocr_line' id='line_1_97' title="bbox 1235 2562 1685 2597; baseline 0.002 -2"><span class='ocrx_word' id='word_1_490' title='bbox 1235 2564 1340 2597; x_wconf 80' lang='lat' dir='ltr'>sancti</span> <span class='ocrx_word' id='word_1_491' title='bbox 1362 2563 1533 2597; x_wconf 65' lang='lat' dir='ltr'>Franciscae·</span> <span class='ocrx_word' id='word_1_492' title='bbox 1555 2562 1685 2596; x_wconf 66' lang='lat' dir='ltr'>Salcszssi.</span> 
     </span>
    </p>
   </div>
  </div>
 </body>
</html>
