2227 3225
124 260 174 287 An.
195 258 224 286 C.
243 258 308 286 ¹699

360 304 554 349 applicandi
578 304 778 346 sacrificium
798 315 857 348 pro
880 303 1000 347 populo
1026 303 1061 335 in

361 358 473 392 diebus
495 356 653 401 festivis⁴.

496 448 695 475 Innocentius
717 449 794 481 Papa
814 448 875 478 xit,

454 495 489 519 ad
506 492 640 518 futuram
661 493 705 519 rei
718 492 912 521 memoriam.

121 615 133 635 d
149 587 222 634 emas
244 587 306 607 iamt<
362 573 376 616 ξ
394 572 425 605 1.
446 571 555 615 Nuper
573 583 589 605 a
607 571 871 614 Congrcgatione
894 571 1061 604 venerabi-

137 619 201 634 evrfflt
222 618 251 634 uit
264 621 295 639 ep!

122 647 199 666 tenpus
239 625 397 660 vamjlium
425 626 556 658 fratrum
585 631 769 659 nostrorum
797 627 828 658 S.
850 626 882 657 tt.
902 625 935 657 E.
956 625 1060 657 cardi-

123 673 198 687 rreuxis
214 670 234 687 et
257 668 278 688 l'i

123 697 196 715 tensis.

285 674 439 712 ‘'nalium
469 679 602 712 Concilii
635 678 815 711 Tridentini
845 679 1059 721 interpretum

319 732 489 770 emanavit,
503 742 600 775 super
614 732 755 774 quodam
770 731 870 764 dubio
890 742 949 774 pro
968 737 1059 774 parte

319 784 515 818 venerabilis
542 785 648 816 l'ratris
667 784 812 817 moderni
839 785 984 827 episcopi
1011 785 1060 816 Pi-

317 837 489 870 storiensis
536 843 567 870 ct
607 837 771 869 Pratcnsis
808 836 1057 879 Congregationi

317 891 504 924 huiusmodi
531 890 718 934 proposito,
746 891 910 923 decretum
939 891 1059 923 tenoris

317 943 371 989 qni
404 944 573 987 sequitur,
601 944 773 977 videlicet:
807 955 819 975 α
845 943 1060 977 Pt'sloriensi's

317 1002 345 1030 ει
371 997 561 1030 Pralensis:
587 996 664 1029 Cum
689 996 824 1040 parochi
851 996 1058 1028 ecclesiarum

317 1051 526 1085 pistoriensis
557 1057 588 1084 et
619 1051 780 1084 pratensis
799 1078 806 1091 ,
841 1051 927 1083 inter
955 1050 1058 1082 varias

317 1105 491 1148 opiniones
519 1105 688 1137 doctorum
713 1103 865 1143 involuti,
891 1104 1059 1146 negligant

316 1158 349 1191 in
376 1158 446 1191 dies
473 1158 730 1191 celebrationem
748 1163 779 1190 ct
804 1156 985 1200 respective
1007 1167 1060 1199 ap-

317 1211 526 1255 plicationem
551 1210 701 1244 sacrificii
734 1221 792 1254 pro
818 1211 941 1253 populo
975 1209 1059 1242 iuxta

317 1265 563 1309 dispositionem
581 1275 745 1297 sacrorum
764 1274 923 1297 canonum
938 1268 969 1296 et
981 1264 1060 1296 Con-

315 1318 383 1352 cilii
408 1318 603 1359 Tridentini,
623 1318 807 1361 episcopus,
827 1317 866 1349 ad
885 1317 1060 1349 consulen-

317 1374 392 1406 dum
406 1373 525 1406 nedum
541 1372 704 1415 propriae,
720 1383 831 1404 verum
850 1371 946 1404 etiam
963 1372 1060 1404 dicto-

317 1437 388 1459 rum
405 1427 624 1469 parochorum
650 1425 884 1464 eonscientiae,
899 1425 1061 1468 supplicat

317 1478 495 1511 declarari:
509 1479 563 1512 An
575 1478 713 1521 parochi
728 1482 899 1510 teneantur
913 1477 1060 1510 omuibus

316 1531 429 1564 diebus
453 1532 542 1574 festis
578 1531 747 1575 applicare
775 1531 972 1573 sacrificium
999 1541 1060 1574 pro

314 1585 445 1629 populo,
469 1585 536 1617 sive
560 1595 637 1618 non.

194 1652 306 1682 nectam
362 1651 376 1670 i>
395 1639 451 1672 Die
465 1648 518 1672 xiv
533 1638 684 1672 februarii
704 1647 854 1679 mcxcix,
870 1649 960 1671 sacra
978 1638 1060 1672 Con-

123 1678 466 1735 uffiffigqissgas‘llss'iissgregatio
484 1692 820 1725 eminentissimorum
839 1692 870 1725 S.
884 1692 921 1725 R.
934 1692 968 1725 E.
992 1703 1060 1725 car-

123 1732 186 1779 {iifen
201 1732 475 1780 §iflatfll'lldinalium
493 1745 625 1779 Concilii
642 1745 822 1778 Tridentini
845 1745 1059 1789 interpretum

125 1786 182 1807 '³⁰⁰'
319 1798 469 1840 censuit,
497 1798 619 1831 dandas
644 1809 713 1831 esse
739 1798 957 1832 resolutiones
982 1796 1060 1832 alias

319 1853 380 1886 hac
405 1853 444 1885 de
470 1862 504 1885 re
530 1852 652 1892 editas,
680 1857 711 1885 et
736 1852 904 1895 signanter
932 1852 964 1884 in
990 1854 1061 1885 nul-

319 1907 380 1941 lius
409 1905 638 1939 Nonantulano
665 1905 926 1939 eminentissimo
953 1907 1060 1939 abbati

318 1971 378 1994 xxx
403 1959 531 2002 augusti
556 1969 722 1993 nncxcvnl
748 1959 870 1992 tenoris
895 1964 928 1991 nt
956 1960 1058 1992 int'ra:

368 2026 381 2046 4
414 2013 489 2047 Cum
518 2019 695 2057 praecepto
729 2013 839 2046 divino
864 2013 919 2054 iis,
945 2014 1060 2057 quibus

319 2068 499 2101 animarum
531 2078 608 2101 cura
634 2067 811 2100 commissa
835 2073 904 2107 est,
930 2069 1062 2100 manda-

320 2127 385 2155 tum
412 2121 453 2154 sit
483 2132 542 2164 pro
568 2121 680 2154 ovibus
702 2122 770 2154 suis
796 2121 989 2154 sacrificinm
1016 2122 1062 2154 01-

318 2175 425 2216 ferre,
459 2186 556 2219 saepe
595 2173 673 2209 alias
715 2186 805 2208 sacra
847 2176 1061 2219 Congregatio

317 2229 453 2263 Concilii
496 2230 626 2263 censuit
662 2230 824 2272 parochos
862 2230 965 2263 teneri
1002 2241 1061 2274 pro

317 2282 529 2326 parochianis
565 2282 765 2316 sacrificium
803 2284 992 2327 applicare,
1032 2290 1063 2317 ct

316 2335 494 2380 praecipue
531 2336 564 2369 in
601 2336 701 2369 dubio
739 2337 970 2380 applicationis
1007 2348 1064 2369 sa·—

318 2388 428 2422 erificii
459 2389 630 2433 proposito
656 2395 688 2422 et
712 2390 891 2434 respective
917 2391 1062 2424 resoluto

356 2486 365 2511 1
390 2485 419 2511 111
434 2490 520 2513 const.
542 2486 585 2513 ed.
607 2493 752 2520 xmcxcvu,
775 2487 817 2513 die
837 2487 871 2513 ⁶23
901 2487 1062 2518 decembris,

319 2530 414 2565 pontif.
437 2537 480 2562 vtt.
502 2535 592 2558 extant
613 2532 689 2567 plura
710 2532 819 2559 decreta
839 2540 920 2566 super
941 2533 1063 2559 celebra-

320 2573 393 2600 tione
414 2575 572 2607 missarum
594 2580 620 2602 et
639 2576 666 2602 in
684 2576 823 2603 Benedicti
845 2576 899 2603 Xlll
915 2581 1000 2603 const.
1018 2577 1061 2603 ed.

320 2625 491 2651 nnccxan,
519 2619 561 2646 die
585 2621 614 2647 11
641 2621 722 2654 iunii,
747 2622 843 2656 pontif.
866 2631 889 2656 v,
918 2622 1006 2658 agitur
1030 2623 1063 2650 de

320 2663 454 2691 ordinatis
474 2664 567 2691 eiectis
587 2673 602 2692 a
621 2666 759 2694 Societate
781 2667 850 2695 lesu.

409 2718 490 2747 Butz.
507 2719 592 2749 Rom.
611 2735 647 2741 —
669 2722 730 2750 Vol.
750 2722 810 2751 XX.
957 2721 1008 2750 110

911 255 1108 279 Nxotlssx't'tt's
1134 255 1175 277 ΧΗ
1203 255 1248 277 PF.

1741 243 1806 277 873

1103 304 1161 335 suh
1196 302 1247 335 die
1279 312 1298 335 x
1323 300 1397 334 maii
1433 310 1565 334 uncxcn
1601 301 1651 333 his
1686 301 1841 344 praecisis

1104 356 1211 388 vcrbis
1238 360 1410 397 concepto:
1437 355 1491 388 An
1518 355 1676 398 parochus
1708 358 1842 388 missam,

1102 409 1262 442 celebrare
1288 413 1436 442 levientur
1460 413 1487 441 el
1510 409 1705 450 sacrificium
1740 410 1844 452 appli-

1103 473 1175 495 care
1206 473 1264 506 pro
1288 461 1503 505 parochianis
1542 461 1575 494 in
1608 462 1720 494 <liebus
1744 463 1843 495 domi·

1103 517 1185 549 uicis
1203 521 1231 549 el
1248 518 1349 559 festis,
1368 517 1433 548 sive
1451 515 1564 548 habeut
1583 526 1761 558 conyruam
1780 517 1844 549 sire

1103 570 1191 603 non?
1216 570 1323 608 Sacra,
1349 576 1424 609 etc„
1451 570 1537 602 iuxta
1557 569 1634 602 alias
1654 570 1845 602 declaratio-

1104 635 1167 662 nes,
1195 623 1322 656 censuit
1349 623 1473 662 teneri,
1502 633 1562 655 nce
1588 633 1684 665 posse
1721 622 1843 654 eisdem

1103 677 1217 709 diebus
1253 676 1348 709 aliam
1387 677 1627 718 eleemosynam
1665 675 1841 717 recipcre:

1102 740 1138 761 ae
1164 729 1301 772 proinde
1338 728 1423 760 idem
1457 738 1542 759 nunc
1577 727 1844 770 respondendum

1103 792 1173 814 esse
1211 787 1411 814 censuerunt
1446 780 1694 813 eminentissimi
1735 786 1843 823 patres

1103 835 1209 877 quoad
1242 835 1406 877 parochos
1436 833 1682 866 Nonantulauae
1715 831 1845 865 dioece-

1102 888 1163 928 sis3
1192 888 1346 920 addentes
1373 887 1506 929 iusuper
1541 886 1626 929 quod
1653 885 1687 918 E.
1716 885 1750 917 V.
1786 895 1844 927 pro

1102 952 1158 974 suo
1181 941 1335 984 pastorali
1356 942 1424 973 zclo
1443 940 1660 972 detrectantes
1680 939 1843 982 parochos

1102 996 1302 1037 compellere
1328 1004 1392 1026 non
1420 998 1630 1036 gravetur—
1650 992 1672 1024 l.
1700 991 1846 1024 cardina-

1103 1048 1141 1080 lis
1156 1050 1376 1080 §xcauxxle-:s
1393 1048 1577 1090 [melecius
1596 1065 1636 1070 —
1652 1046 1686 1078 F.
1706 1045 1845 1078 Nurrtns

1103 1101 1297 1134 secretarius
1324 1114 1354 1133 n.

1146 1155 1160 1198 ἓ
1185 1154 1216 1187 ⁶2.
1244 1155 1320 1187 Cum
1348 1159 1464 1194 autem,
1487 1153 1568 1186 sicut
1586 1152 1692 1186 dictus
1719 1151 1844 1195 cpisco-

1103 1221 1162 1253 pus
1192 1210 1286 1243 nobis
1322 1209 1459 1242 subinde
1497 1208 1614 1251 exponi
1653 1207 1748 1246 fecit,
1774 1207 1843 1250 ipse

1103 1265 1272 1297 decretum
1300 1263 1497 1301 huiusmodi,
1524 1273 1587 1305 quo
1621 1261 1744 1294 lirinius
1770 1261 1844 1293 sub-

1103 1318 1191 1350 sistat
1224 1324 1255 1351 et
1279 1322 1426 1350 servetur
1463 1317 1618 1355 exactius,
1644 1316 1843 1359 apostolicae

1103 1372 1358 1405 confirmationis
1386 1375 1516 1405 nostrae
1550 1370 1732 1414 patrocinio
1758 1380 1844 1402 com-

1103 1427 1221 1459 muniri
1249 1426 1422 1470 plurinuun
1455 1425 1640 1458 desideret:
1668 1434 1742 1462 nos,
1771 1433 1845 1465 spe-

1102 1480 1218 1513 cialem
1243 1480 1305 1523 ipsi
1332 1479 1488 1521 episcopo
1507 1478 1641 1519 gratiam
1664 1477 1768 1508 lacere
1794 1486 1846 1508 vo-

1102 1536 1228 1573 lentes,
1255 1543 1394 1575 eumque
1414 1542 1430 1564 a
1450 1530 1614 1574 quibusvis
1631 1530 1847 1562 excommuni-

1102 1586 1253 1625 cationis,
1273 1584 1502 1628 suspensionis
1517 1589 1548 1616 et
1567 1582 1745 1621 interdicti,
1763 1582 1846 1615 aliis-

1103 1651 1165 1684 que
1191 1638 1423 1672 ecclesiasticis
1445 1636 1627 1675 sententiis,
1649 1635 1795 1668 censuris
1815 1641 1847 1668 et

1103 1693 1227 1737 poenis,
1255 1704 1272 1725 a
1297 1692 1365 1724 iure
1392 1692 1441 1724 vel
1478 1691 1517 1723 ab
1559 1689 1703 1728 homine,
1737 1689 1847 1732 quavis

1102 1747 1272 1781 occasione
1300 1747 1348 1779 vel
1367 1747 1460 1777 causa
1481 1744 1567 1784 latis,
1587 1744 1611 1776 si
1634 1743 1751 1787 quibus
1772 1753 1847 1786 quo·

1102 1801 1285 1834 modolibet
1307 1799 1483 1832 innodatus
1497 1797 1624 1834 existit,
1643 1797 1681 1829 ad
1696 1796 1845 1829 ell'ectum

1103 1855 1324 1899 praesentium
1361 1854 1526 1886 dumtaxat
1566 1850 1845 1894 consequendum,

1105 1909 1217 1940 harum
1243 1907 1329 1940 serie
1355 1907 1562 1939 absolventes
1592 1910 1624 1938 et
1660 1904 1844 1937 absolutum

1105 1963 1172 1995 sore
1187 1966 1373 2001 censentes,
1393 1958 1687 2003 supplicationibus
1704 1958 1772 1990 eius
1790 1967 1848 1990 no-

1105 2015 1189 2048 mine
1206 2015 1297 2048 nobis
1312 2024 1411 2057 super
1427 2014 1488 2046 hoc
1502 2013 1673 2045 humiliter
1686 2011 1846 2055 porrectis

1104 2068 1263 2107 inclinati,
1279 2069 1445 2100 decretum
1468 2066 1722 2109 praeinserttun,
1740 2069 1848 2097 aucto-

1105 2123 1197 2155 ritate
1209 2122 1396 2166 apostolica,
1414 2127 1528 2154 tenore
1544 2119 1777 2163 praesentium,
1792 2129 1848 2162 ap·

1105 2176 1281 2219 probamus
1306 2181 1338 2207 et
1370 2174 1624 2213 confirmamus,
1652 2173 1765 2216 illique
1799 2171 1848 2204 in-

1104 2229 1266 2262 violabilis
1293 2228 1492 2271 apostolicae
1518 2226 1677 2259 firmitatis
1700 2226 1801 2258 robur
1821 2236 1850 2257 a·

1105 2282 1272 2323 diicimus;
1299 2281 1386 2314 salva
1413 2287 1520 2314 tamen
1546 2290 1675 2324 semper
1701 2279 1732 2312 in
1759 2289 1849 2322 prae-

1105 2337 1210 2370 missis
1245 2336 1435 2369 auctoritate
1473 2341 1672 2368 memoratae
1706 2334 1849 2376 Congre-

1106 2390 1244 2433 gationis
1262 2390 1489 2423 cardinalium.

1149 2445 1163 2488 ξ
1188 2444 1219 2478 3.
1243 2444 1475 2483 Decernentcs‚
1501 2442 1629 2476 easdem
1656 2447 1848 2485 praesentes
1885 2449 2007 2470 unumne.

1106 2498 1230 2532 litteras
1251 2507 1382 2540 semper
1404 2497 1521 2535 sirmas,
1544 2496 1666 2528 validas
1688 2500 1720 2527 et
1742 2495 1847 2527 effica-

1105 2563 1157 2585 ces
1182 2552 1322 2584 existere
1340 2556 1372 2584 et
1400 2551 1480 2589 sore,
1509 2560 1652 2592 suosque
1679 2549 1847 2592 plenarios

1107 2612 1138 2639 et
1162 2606 1306 2648 integros
1332 2604 1466 2638 effectus
1492 2603 1603 2636 sortiri
1629 2608 1660 2636 et
1685 2602 1846 2643 obtinere,

1105 2670 1142 2693 ac
1158 2660 1236 2701 illis,
1262 2659 1301 2693 ad
1320 2669 1403 2703 quos
1428 2662 1555 2702 spectat
1571 2662 1604 2691 et
1619 2667 1681 2701 pro
1699 2662 1848 2700 tempore

1853 253 1902 279 An.
1921 253 1950 279 C.
1971 252 2037 279 1699

1907 1169 2040 1190 Confirmatio

1855 1197 1916 1218 relati
1932 1197 2019 1218 decreti.
