2254 3225
228 225 263 251 An
298 223 325 250 c.
351 223 413 251 υτεη
464 214 527 247 5328

417 278 520 315 gatur,
535 282 606 306 cum
626 271 663 305 ad
684 270 824 315 priorem
842 270 1077 313 Barchinonae,
1096 271 1157 311 vel,

418 326 487 359 eius
503 325 640 365 defectu,
660 325 699 358 ad
718 325 795 358 alios
813 325 950 358 inferius
966 334 1025 357 suo
1043 323 1156 357 ordine

420 378 634 412 declarandos
661 377 881 411 successioni¹
907 378 1074 420 religionis
1101 387 1158 419 gu-

419 430 587 464 bernium²
598 430 765 474 pertineat.
777 430 976 473 Quicumque
987 436 1092 463 tamen
1104 429 1158 461 ille

421 482 529 524 suerit,
549 484 692 517 succedit
709 484 805 517 etiam
826 494 898 517 cum
916 483 1103 517 omnimoda
1118 482 1160 514 sa·

420 537 539 570 cultate
565 537 758 569 convocandi
785 541 816 570 et
840 536 1049 580 praesidendi
1073 535 1159 577 capi-

420 589 487 621 tulo
505 588 648 631 generali
671 599 774 632 usquc
792 589 830 622 ad
850 589 949 632 ipsam
968 588 1159 621 electionem

421 641 590 682 inclusive,
614 647 645 674 et
662 652 726 674 non
760 642 908 685 amplius,
936 642 1018 673 sicut
1045 640 1161 673 accidit

422 694 516 728 etiam
541 694 574 727 in
593 695 811 737 praesidentia
833 694 935 738 ipsius
954 694 1112 736 magistri.

465 757 534 781 vm.
560 748 767 781 Deelaramus
786 752 906 788 autem,
927 752 961 780 ut
976 746 1079 780 omnis
1101 748 1160 780 tol-

423 801 508 834 latur
532 800 739 843 ambiguitas,
764 801 864 843 quod,
892 800 1159 843 quotiescumque

421 853 581 886 vacaverit
604 853 808 895 magistratus
833 852 960 886 Ordinis
977 853 1060 885 intra
1082 863 1160 895 qua-

423 912 495 939 tuor
519 906 651 939 ultimos
678 906 824 939 sexennii
857 916 1004 945 menses,
1030 905 1158 939 etiamsi

422 958 610 1001 paucissimi
637 958 705 990 dies
732 957 890 998 deficiant,
912 958 1087 1001 capitulum
1106 968 1160 1000 ge-

422 1010 533 1043 nerale
559 1010 744 1042 celebretur
779 1010 914 1042 sabbato
951 1021 1014 1053 quo
1048 1020 1161 1043 sexen-

422 1062 512 1095 nium
536 1062 751 1102 concluditur,
769 1062 850 1095 itaut
867 1063 1037 1096 vicariatus
1063 1073 1160 1106 gene-

424 1115 501 1148 ralis
527 1115 664 1158 amplius
690 1115 805 1148 durare
830 1126 896 1148 non
928 1117 1032 1150 valeat
1064 1127 1160 1159 quam

423 1168 487 1201 illis
525 1168 672 1211 praecise
710 1168 844 1209 diebus,
896 1174 950 1201 aut
989 1169 1159 1203 intervallo

425 1220 509 1263 qnod
537 1221 742 1264 deestusque
768 1222 805 1254 ad
828 1222 1074 1256 conclusionem
1091 1233 1161 1255 sex-

424 1273 511 1306 ennii
539 1278 570 1306 et
587 1273 704 1306 dictam
726 1275 984 1308 celebrationem
1014 1276 1157 1319 capituli,

423 1326 508 1369 quod
527 1336 544 1358 a
557 1326 702 1369 praefixo
723 1332 868 1370 tempore
887 1328 994 1361 divelli
1010 1334 1161 1372 nequeat,

423 1388 483 1412 nec
494 1378 662 1411 vicariatus
672 1381 952 1413 ultrasexennium
967 1382 1157 1423 procedere.

467 1442 510 1466 lx.
538 1432 612 1464 Post
644 1432 835 1466 electionem
866 1444 952 1473 vero,
989 1434 1100 1466 statim
1126 1445 1161 1467 ac

423 1485 548 1518 noviter
580 1485 699 1518 electus
737 1485 833 1518 suerit
867 1486 1023 1519 canonice
1056 1487 1160 1520 deela-

423 1543 521 1578 ratus,
547 1548 582 1571 ac
608 1538 639 1570 in
665 1548 739 1571 vere
765 1538 951 1581 magistrum
976 1550 993 1572 a
1018 1540 1160 1582 capitulo

425 1595 601 1634 susceptus,
619 1591 645 1624 si
659 1601 810 1634 praesens
828 1591 885 1631 sit,
910 1592 972 1625 iam
994 1592 1032 1625 de
1052 1598 1159 1626 cetero

426 1644 541 1677 transit
566 1643 599 1677 in
624 1644 715 1677 illum
740 1644 978 1688 praesidentiae
992 1655 1106 1678 munus
1127 1646 1159 1678 in

424 1697 583 1730 universis
610 1696 802 1730 definitoriis
828 1702 859 1730 et
876 1698 1000 1730 actibus
1023 1703 1085 1731 tam
1102 1710 1160 1742 pu-

424 1749 516 1783 blicis
552 1760 647 1793 quam
673 1750 807 1794 privatis
834 1750 934 1794 ipsius
959 1752 1110 1794 eapituli;
1133 1753 1158 1785 si

424 1813 499 1836 vero
525 1803 678 1842 abfuerit,
705 1803 789 1836 idem
814 1814 946 1847 praeses
972 1806 1158 1846 electionis,

424 1856 573 1889 omnibus
614 1856 767 1900 praefatis
808 1857 932 1890 actibus
957 1858 1157 1901 praesideat,

425 1910 521 1942 modo
547 1910 676 1943 decreta
701 1921 717 1943 a
743 1910 925 1944 definitorio
952 1912 1031 1944 sacta
1055 1923 1073 1945 a
1096 1923 1160 1946 ma-

426 1962 526 2005 gistro
553 1964 657 1996 electo
684 1969 797 2006 postea
821 1964 1062 1998 confirmentur.

468 2026 498 2048 x.
526 2015 613 2054 Quod
640 2016 665 2048 si
685 2016 822 2049 durante
844 2017 986 2060 capitulo
1007 2028 1084 2061 prae
1105 2018 1160 2051 ali-

426 2071 489 2112 qua
520 2068 738 2102 invaletudine
770 2070 923 2112 magister
956 2070 1077 2103 electus
1106 2081 1161 2103 ne-

426 2127 523 2165 queat
560 2133 711 2165 praeesse
746 2123 871 2155 actibus
906 2128 937 2155 et
970 2123 1160 2156 delinitoriis

426 2175 578 2217 capituli,
606 2175 694 2207 cuius
720 2181 766 2208 est
801 2175 868 2218 ipse
895 2181 990 2219 caput
1023 2182 1053 2209 et
1083 2187 1182 2220 pars¹

426 2228 610 2270 praecipua,
638 2233 714 2260 tune
738 2228 785 2260 illi
811 2228 855 2261 sas
873 2229 933 2261 erit
958 2229 1097 2272 aliquem
1121 2230 1160 2262 de

428 2280 591 2313 vocalibus
628 2280 666 2312 ad
699 2281 782 2312 hanc
818 2281 1069 2324 praesidentiam
1106 2283 1162 2315 eli-

428 2343 515 2376 gere,
543 2339 574 2366 et
592 2333 623 2366 in
642 2333 731 2366 illum
750 2334 921 2366 transferre
941 2345 1068 2367 omnem
1084 2346 1160 2368 suae

426 2386 513 2419 vocis
538 2386 760 2419 auctoritatem
785 2397 845 2429 pro
871 2386 1004 2429 singulis
1029 2388 1060 2420 in
1087 2388 1162 2421 defi-

427 2439 545 2472 nitorio
572 2444 603 2472 et
627 2439 761 2482 reliquis
787 2439 910 2471 actibus
934 2440 1159 2474 decernendis
1181 2456 1182 2481 g

428 2492 503 2526 Cum
518 2497 623 2524 tamen
639 2492 849 2534 eligaunfflat.
867 2492 1064 2534 authentice,
1084 2494 1162 2527 itaut
1182 2487 1185 2495 .

465 2565 476 2590 1
495 2564 587 2590 Potius
602 2562 660 2596 lege
679 2570 846 2590 successores
866 2565 902 2595 (R.
919 2564 966 2597 τ.).

462 2607 478 2638 2
499 2606 569 2635 Edit.
590 2606 668 2634 Main.
691 2607 754 2642 legit
772 2607 910 2642 pubernio
931 2609 968 2642 (n.
992 2608 1041 2642 12).

1001 222 1179 245 BULLARIUM
1205 220 1359 244 ROMANUM

1199 269 1237 302 de
1252 267 1387 310 singulis
1407 266 1495 307 actis,
1511 266 1726 300 electionibus
1745 271 1777 301 et
1797 266 1935 301 decretis

1200 321 1374 355 delinitorii
1399 321 1448 354 vel
1473 321 1618 364 capituli,
1643 331 1714 354 esse
1738 321 1800 355 rite
1826 327 1858 354 et
1889 332 1938 354 ca-

1200 374 1317 407 nonice
1336 373 1429 415 sacta,
1448 377 1480 407 et
1496 383 1562 407 non
1581 378 1742 417 tamquam
1763 385 1780 407 a
1796 384 1937 417 corpore

1201 434 1255 460 aut
1281 426 1467 460 definitorio
1492 427 1650 470 acephalo
1675 427 1886 470 processisse,
1903 428 1937 461 in

1201 480 1284 513 libro
1310 479 1437 513 Ordinis
1458 484 1489 513 et
1512 480 1630 523 ubique
1647 485 1798 514 constare
1816 481 1934 514 valeat.

1244 542 1286 565 xi.
1315 531 1345 565 Si
1364 537 1471 565 autem
1489 542 1580 565 casus
1602 532 1761 574 adveniat,
1780 533 1876 576 quod,
1898 544 1937 567 ex

1203 585 1394 628 temporale¹
1410 585 1498 618 obitu
1514 584 1674 627 generalis
1691 585 1785 618 electi
1800 590 1873 619 ante
1886 587 1938 620 ab·

1202 637 1398 671 solutionem
1423 637 1571 681 capituli,
1596 647 1679 671 nova
1703 638 1819 672 electio
1843 640 1938 683 magi-

1203 690 1258 723 stri
1285 689 1354 723 fieri
1380 691 1495 723 debeat
1520 690 1551 723 in
1577 690 1649 734 ipso
1676 688 1818 734 ca'pitulo
1850 692 1939 726 iuxta

1202 742 1336 775 inferius
1363 742 1565 783 ordinanda,
1594 748 1670 776 tune
1694 744 1771 777 huie
1785 745 1938 778 electioni

1202 806 1329 838 semper
1342 795 1526 839 praesideat
1543 796 1635 839 prior
1650 796 1936 839 Barchinonensis,

1203 854 1365 892 tamquam
1390 859 1503 881 revera
1527 849 1664 882 vicarius
1694 850 1875 892 generalis,
1905 851 1940 884 in

1202 901 1262 934 hac
1297 901 1391 934 etiam
1424 901 1481 934 etsi
1506 901 1699 935 brevissima
1732 903 1897 936 vacatione
1922 914 1940 937 a

1203 954 1490 987 constitutionibus
1515 956 1708 997 postulatus,
1723 955 1785 996 cui,
1802 955 1828 988 si
1842 955 1940 989 suerit

1202 1007 1328 1047 absens,
1355 1013 1409 1039 aut
1432 1007 1578 1050 alioquin
1602 1008 1786 1051 impeditus,
1803 1019 1861 1042 suo
1886 1020 1940 1042 or-

1203 1060 1277 1092 dine
1306 1060 1499 1101 succedant,
1534 1071 1616 1103 quos
1652 1061 1736 1094 insra
1772 1062 1940 1105 praesenti

1203 1112 1439 1146 constitutione
1466 1112 1682 1146 decernimus.

1247 1175 1268 1198 1.
1286 1165 1363 1198 Cum
1380 1166 1533 1209 magister
1551 1167 1721 1209 generalis,
1744 1167 1820 1210 quia
1836 1167 1940 1211 prima

1942 220 1990 246 An.
2013 220 2039 246 C.
2060 221 2122 248 lell

1981 1178 2050 1198 Carui-
2065 1177 2097 1198 ΙΙΙ.

1984 1206 2012 1225 Da
2036 1204 2133 1227 alluenti-

1203 1219 1237 1252 in
1261 1218 1381 1252 Ordine
1407 1219 1559 1262 dignitas,
1590 1219 1639 1253 ius
1665 1220 1784 1254 habeat
1816 1221 2132 1264 praesi-busmngenm

1950 1259 1969 1279 in
1986 1265 2024 1284 rap

1204 1272 1302 1305 dendi
1329 1273 1475 1315 generali
1493 1272 1645 1316 capitulo,
1661 1273 1782 1307 idcirco
1801 1274 1939 1317 primum
1949 1288 2022 1307 amn.

1203 1324 1308 1356 locum
1335 1330 1366 1357 et
1390 1334 1502 1358 vocem
1520 1335 1649 1368 semper
1668 1325 1812 1359 obtineat
1830 1326 1862 1360 in
1880 1327 1941 1360 ele-

1203 1377 1343 1410 ctionem
1368 1378 1514 1420 magistri
1553 1379 1779 1422 universisque
1816 1379 1940 1413 actibus

1205 1431 1302 1463 totius
1311 1431 1442 1474 capituli
1454 1431 1644 1464 electionem
1656 1432 1939 1475 praecedentibus,

1204 1484 1234 1515 in
1253 1484 1400 1516 omnibus
1414 1483 1548 1527 insuper
1559 1484 1734 1527 praefatam
1749 1485 1942 1518 electionem

1204 1537 1477 1580 consequentibus
1488 1538 1778 1579 vocemsortiatur;
1794 1539 1941 1582 idipsum

1204 1601 1332 1633 quoque
1355 1590 1564 1623 concedimus
1579 1590 1611 1623 in
1631 1591 1785 1624 vicarium
1807 1602 1941 1634 genera-

1202 1644 1265 1676 lem
1287 1643 1415 1676 Ordinis
1439 1645 1489 1677 vel
1515 1644 1647 1687 capituli
1672 1644 1859 1688 praesidem
1892 1645 1940 1679 illi

1202 1696 1398 1729 succedenti.

1247 1759 1280 1783 11.
1309 1750 1428 1782 Rursus
1453 1759 1508 1791 eo,
1534 1750 1589 1793 qui
1619 1750 1652 1783 in
1682 1749 1802 1784 Ordine
1827 1756 1940 1785 nostro

1203 1813 1321 1836 munus
1347 1802 1490 1845 magistri
1516 1803 1676 1845 generalis
1703 1803 1863 1845 obierint,
1897 1804 1940 1838 ita

1203 1855 1364 1899 praesenti
1400 1855 1631 1889 constitutione
1677 1856 1717 1889 ad
1760 1857 1940 1900 praefatum

1203 1909 1354 1950 generale
1379 1908 1555 1951 capitulum
1580 1919 1802 1949 convocamus,
1828 1915 1863 1942 ut
1886 1909 1940 1942 ab·

1204 1961 1307 1993 solute
1333 1961 1372 1993 ad
1398 1961 1478 1993 illud
1504 1961 1658 1994 accedere
1677 1962 1816 2002 valeant,
1835 1967 1866 1995 et
1885 1972 1940 1995 vo-

1203 2024 1272 2046 cem
1297 2013 1465 2046 electivam
1490 2019 1521 2047 et
1547 2014 1721 2047 decisivam
1747 2014 1889 2047 habeant
1905 2015 1938 2047 in

1204 2067 1354 2100 omnibus
1379 2067 1462 2099 sicut
1487 2067 1625 2110 quilibet
1649 2078 1685 2100 ex
1711 2066 1938 2100 definitoribus

1203 2125 1234 2153 et
1259 2120 1453 2152 electoribus
1477 2120 1617 2163 capituli,
1644 2120 1813 2163 locumque
1838 2120 1938 2163 magi-

1203 2178 1267 2205 stro
1299 2173 1442 2214 generali
1475 2178 1506 2206 et
1542 2172 1682 2216 praesidi
1715 2172 1937 2205 immediatum

1204 2232 1276 2259 ante
1304 2237 1416 2259 omnes
1442 2226 1671 2269 provinciales.

1247 2291 1295 2314 111.
1336 2280 1369 2312 ln
1406 2279 1552 2322 qualibet
1586 2280 1754 2322 provincia
1793 2279 1936 2323 quinque

1204 2333 1267 2365 sint
1292 2334 1428 2373 vocales,
1455 2332 1508 2376 qui
1544 2339 1652 2365 votum
1684 2338 1716 2364 et
1749 2331 1937 2376 suffragium

1204 2387 1346 2419 babeant
1370 2386 1403 2418 in
1428 2386 1570 2429 capitulo
1607 2385 1773 2428 generali,
1808 2386 1938 2429 provin-

1204 2439 1292 2473 cialis
1328 2445 1359 2473 et
1384 2444 1522 2483 quatuor
1551 2439 1613 2472 sibi
1648 2438 1726 2472 socii
1760 2444 1832 2482 post
1868 2438 1937 2471 eius

1203 2494 1399 2526 electionem
1425 2494 1456 2525 in
1489 2493 1628 2536 capitulo
1664 2492 1855 2536 provinciali
1886 2503 1936 2526 ca-

1205 2547 1319 2579 nonice
1335 2547 1445 2586 electi,
1467 2557 1603 2589 quorum
1621 2547 1699 2579 duos
1719 2546 1934 2587 definitorum,

1238 2610 1249 2635 1
1273 2609 1361 2636 Potius
1382 2609 1439 2644 lege
1460 2612 1619 2644 eaelempore
1638 2610 1678 2644 (n.
1694 2610 1744 2644 T.)-

2028 1258 2078 1278 1tulu
2098 1262 2132 1282 ge·
