2227 3225
108 217 159 245 Αιι.
180 216 208 243 C.
227 216 295 244 1693

134 1593 255 1614 Clausulas.

124 2275 235 2300 [tnrngztio
244 2282 293 2297 con·

110 2304 182 2323 turini
189 2309 231 2324 urn-

897 216 1104 240 INNOCENTH'S
1132 218 1146 239 Χ
1155 217 1172 239 ll
1199 219 1245 240 FP.

299 269 499 309 exponentes
517 264 714 308 specialibus
731 263 895 297 favoribus
917 270 948 297 et
965 274 1036 305 gra-

299 318 350 351 tiis
374 317 526 361 prosequi
553 318 711 357 volentes,
732 322 764 349 et
789 327 900 350 eorum
927 317 1035 358 singu-

298 373 382 404 lares
407 380 566 413 personas
587 380 604 402 a
629 369 796 412 quibusvis
816 369 1021 402 cxcoim‘nuui

299 423 446 461 cationis,
471 422 695 466 suspensionis
714 427 745 455 ct
762 421 935 459 interdicti,
952 421 1036 454 aliis-

299 486 362 519 que
387 475 617 510 ecclesiasticis
639 476 820 513 sententiis,
840 475 986 508 censuris
1006 482 1035 506 et

298 529 423 573 poenis,
438 539 455 561 a
479 529 548 562 iure
567 529 615 561 rel
636 528 675 561 ab
694 522 838 566 homine,
858 527 969 570 quavis
984 539 1036 559 oc-

300 582 432 615 casione
447 582 496 614 vel
510 582 605 614 causa
622 580 710 620 latis,
728 579 752 612 si
771 579 889 623 quibus
907 590 1035 621 quomo-

301 633 430 667 dolibet
454 633 629 667 innodatae
655 632 805 671 existunt,
824 632 861 664 ad
888 631 1035 664 etthi-tum

300 686 521 731 praesentium
552 686 714 718 dumtaxat
745 685 1035 728 consequendum,

300 741 416 772 liarum
448 739 532 772 serie
570 739 776 772 absolventes
810 744 841 770 et
876 739 1036 770 absolutas

301 794 369 825 t'ore
394 797 564 825 censentes
580 818 587 830 ,
611 790 901 834 supplicationibus
927 800 1035 822 eorum

300 844 431 878 nomine
454 844 551 877 nobis
577 854 674 887 super
699 843 762 876 hoc
780 843 945 875 humiliter
963 853 1036 885 por-

300 897 397 930 rectis
417 895 575 936 inclinati,
596 896 634 928 de
652 895 885 928 venerabilium
905 896 1035 927 fratrum

299 955 483 984 nostrorum
503 949 534 982 S.
551 949 588 982 R.
608 949 643 981 E.
666 948 880 981 cardinalium
899 948 1036 990 negotiis

300 1008 332 1035 et
356 1001 649 1036 consultationibus
676 1001 909 1045 episcoporum
933 1006 964 1033 et
988 1011 1037 1033 re-

299 1055 459 1099 gularium
485 1055 744 1098 praepositorum
762 1053 908 1093 consilio,
929 1054 1038 1087 deero-

300 1114 366 1142 tum
381 1108 628 1152 praeinsertum,
645 1107 838 1140 auctoritate
852 1106 1035 1149 apostolica,

300 1167 412 1195 tenore
437 1161 670 1205 praesentium,
684 1160 912 1193 confirmamus
931 1165 962 1192 et
982 1170 1037 1202 ap-

300 1215 486 1258 probamus,
501 1214 613 1258 illique
631 1213 825 1247 inviolabilis
839 1212 1036 1256 apostolicae

300 1268 461 1301 firmitatis
485 1267 584 1300 robur
608 1267 786 1306 adiicimus,
812 1277 847 1299 ac
872 1276 984 1299 omnes
1006 1271 1038 1297 et

299 1321 447 1363 singulos
473 1320 553 1352 iuris
573 1325 605 1352 et
638 1319 711 1352 sacti
738 1320 901 1358 desectus,
929 1318 955 1350 si
981 1319 1036 1361 qui

301 1374 442 1417 desuper
455 1371 703 1416 quomodolibet
715 1370 958 1409 intervenerint,
968 1381 1036 1413 sup-

299 1426 448 1469 plemus;
469 1426 555 1458 salva
569 1430 674 1457 tamen
693 1434 820 1467 semper
836 1423 869 1456 in
882 1423 1037 1466 praemis—

301 1479 345 1511 sis
370 1477 561 1511 auctoritate
586 1477 852 1520 Congregationis
878 1486 1036 1508 memora-

301 1537 408 1565 torum
435 1531 660 1564 cardinalium.

345 1584 359 1628 ξ
383 1584 416 1618 3.
443 1584 672 1624 Decerncntes,
693 1584 823 1616 easdem
850 1587 1035 1625 praesentes

301 1639 427 1672 litteras
451 1647 580 1680 semper
605 1636 720 1675 sirmas,
747 1636 866 1668 validas
887 1641 918 1668 et
937 1635 1038 1667 effica-

301 1701 354 1724 ces
380 1690 517 1723 existere
543 1695 575 1722 et
599 1689 676 1729 sore,
703 1699 846 1732 suosque
871 1688 1036 1731 plenarios

303 1750 335 1777 et
359 1743 506 1785 integros
531 1741 665 1775 effectus
690 1741 799 1774 sortiri
825 1746 856 1774 ct
873 1741 1034 1780 obtinere,

302 1807 339 1829 ac
364 1796 403 1828 ab
428 1795 505 1835 illis,
527 1795 566 1827 ad
586 1805 666 1838 quos
691 1798 813 1837 spectat
831 1799 862 1826 et
879 1793 1038 1836 spectabit

302 1849 336 1881 in
361 1849 513 1887 futurum,
532 1847 763 1880 inviolabiliter
781 1846 959 1884 observari,
984 1846 1037 1878 sic-

304 1911 367 1944 que
393 1900 426 1933 in
451 1899 639 1943 praemissis
665 1910 724 1942 per
749 1909 972 1941 quoscmnqne
995 1898 1038 1930 iu-

304 1954 391 1987 dices
416 1952 597 1986 ordinarios
611 1958 641 1985 et
659 1953 838 1994 delegatos,
858 1952 952 1985 etiam
969 1963 1038 1984 cau<

304 2017 414 2040 sarum
438 2006 550 2049 palatii
575 2005 746 2049 apostolici
772 2005 940 2043 auditores,
957 2005 1038 2036 iudi-

303 2060 370 2093 cari
404 2065 435 2093 et
470 2058 597 2092 definiri
623 2059 761 2098 debere,
785 2068 820 2090 ac
856 2058 980 2090 irritum
1007 2062 1038 2090 et

303 2113 411 2152 inane,
436 2113 462 2145 si
487 2122 579 2145 secus
611 2121 708 2154 super
734 2111 784 2143 bis
810 2122 826 2143 a
852 2121 1036 2154 quoquam,

303 2166 412 2209 quavis
436 2165 635 2204 auctoritate,
662 2164 800 2197 scienter
824 2166 872 2197 vel
890 2164 1040 2206 ignoran-

304 2225 363 2258 ter,
388 2218 561 2261 contigerit
584 2217 748 2250 attentari.

347 2272 362 2313 ξ
385 2271 416 2303 4.
444 2270 513 2304 Non
540 2270 744 2303 obstantibus
769 2269 980 2312 praemissis,
1008 2273 1039 2301 et

304 2323 589 2356 constitutionibus
623 2328 654 2355 et
678 2322 936 2355 ordinationibus
962 2333 1039 2364 apo-

303 2375 435 2415 stolicis,
460 2386 597 2415 necnon,
622 2380 781 2417 quatenus
808 2385 887 2417 opus
913 2375 963 2413 sit,
988 2386 1039 2407 su-

304 2428 471 2471 pradictae
495 2427 760 2470 Congregationis
785 2428 1037 2467 monachorum,

306 2480 402 2513 etiam
427 2481 622 2520 iuramento,
637 2480 883 2513 confirmatione
910 2485 1039 2522 aposto-

305 2533 374 2572 lica,
389 2534 438 2566 vel
463 2533 572 2577 quavis
604 2533 754 2566 firmitate
779 2534 840 2566 alia
866 2533 1037 2574 roboratis,

306 2585 431 2619 statutis
459 2591 491 2618 et
522 2586 829 2625 consuetudinibus,
860 2586 1038 2629 privilegiis

409 2648 489 2676 Butt.
506 2649 585 2677 Rom.
603 2664 638 2669 -
658 2650 715 2677 l'ot.
733 2650 791 2677 A'A'.
937 2652 969 2676 ῦὸ

1079 275 1216 307 quoquo,
1233 265 1366 298 indultis
1386 272 1413 297 et
1440 267 1553 298 litteris
1575 268 1763 309 apostolicis
1781 267 1814 299 in

1078 318 1274 350 contrarium
1297 319 1550 361 praemissorum
1569 321 1815 362 quomodolibet

1079 371 1251 410 concessis,
1276 371 1473 403 ‹mnu-niati<
1501 378 1530 403 et
1556 373 1724 410 innovatis,
1746 374 1815 415 qui-

1078 424 1138 455 bus
1153 424 1303 456 omnibus
1325 431 1355 455 et
1376 425 1519 465 singulis,
1538 425 1666 457 illorum
1687 430 1815 458 tenores

1079 477 1303 519 praesentibus
1342 489 1398 518 pro
1434 478 1529 519 plene
1562 483 1589 509 et
1617 477 1815 510 sufficienter

1079 531 1239 573 expressis
1265 542 1300 563 ac
1326 531 1363 562 de
1390 532 1486 563 rerlm
1509 531 1547 563 ad
1564 531 1694 563 verbula
1718 531 1816 563 inser-

1081 583 1118 615 tis
1148 584 1324 621 babentes,
1356 583 1418 616 illis
1447 583 1524 616 alias
1555 584 1587 615 in
1613 595 1670 615 suo
1696 583 1815 617 uiliore

1078 636 1307 679 permansuris,
1330 637 1366 667 :ul
1387 637 1636 679 praemissorum
1655 636 1814 674 effectum,

1079 689 1136 720 lias:
1151 688 1215 721 vice
1232 689 1406 727 dumtaxat,
1417 689 1603 731 specialiter
1616 695 1644 721 et
1660 699 1813 731 expresse

1079 741 1286 783 (torugainus;
1306 741 1485 784 ceterisque
1500 741 1669 774 contrariis
1687 741 1816 784 quibus-

1078 804 1228 836 cunique.

1122 846 1234 878 Datum
1260 846 1397 884 Rornae,
1424 847 1509 889 apud
1540 846 1571 880 S.
1599 847 1727 879 Mariam
1756 846 1817 879 Ma-

1079 899 1192 940 iorem,
1212 899 1270 932 sub
1291 901 1414 932 annulo
1436 899 1618 939 Piscatoris,
1645 900 1697 933 die
1713 911 1754 933 ΧΠ
1773 901 1816 933 ia-

1078 952 1182 985 nuarii
1209 962 1376 992 itincxcnl,
1402 952 1607 995 pontificatus
1632 953 1735 986 nostri
1761 964 1817 986 an-

1079 1016 1120 1038 no
1146 1016 1181 1039 11.

1114 1067 1172 1094 Dat.
1191 1067 1234 1094 die
1252 1067 1282 1094 12
1299 1066 1413 1094 ianuarii
1432 1068 1508 1100 1692,
1525 1068 1619 1103 pontis.
1636 1076 1704 1096 anno
1721 1075 1749 1096 ιι,

1394 1210 1494 1243 XLIV.

1080 1288 1304 1322 conceduntur
1346 1289 1571 1321 cardinalibus
1618 1290 1817 1323 visitationis

1121 1341 1315 1384 apostolicae
1343 1341 1435 1374 Urbis
1452 1342 1624 1384 facultates
1641 1353 1748 1374 omnes
1765 1353 1816 1375 ne-

1121 1395 1285 1434 cessariae,
1314 1395 1422 1437 eisque
1446 1395 1608 1427 nonnulla
1634 1395 1816 1438 iniunqun-

1124 1446 1204 1480 [Μ’.

1253 1527 1452 1555 Innocentius
1474 1528 1552 1561 Papa
1568 1528 1618 1554 XII
1630 1549 1636 1559 ,

1077 1581 1302 1607 venerabilibus
1324 1581 1469 1608 fratribus
1484 1581 1595 1607 nostris
1616 1581 1643 1608 S.
1658 1582 1689 1608 R.
1706 1582 1735 1608 E.
1753 1589 1815 1609 car-

1112 1624 1264 1652 dinalibus
1284 1632 1336 1658 pro
1362 1625 1541 1652 visitatione
1561 1626 1761 1652 ecclesiarum
1784 1629 1816 1652 et

1111 1669 1245 1695 locorum
1265 1669 1382 1701 piorum
1404 1671 1500 1696 almae
1520 1670 1608 1696 Urbis
1629 1677 1644 1696 a
1665 1670 1751 1697 nobis
1771 1670 1816 1697 in-

1112 1713 1222 1740 stituta
1243 1714 1416 1747 specialiter
1436 1714 1602 1748 deputatis.

1217 1785 1413 1812 Venerabiles
1434 1785 1545 1812 fratres
1565 1786 1672 1817 nostri,

1113 1829 1242 1855 salutem
1261 1831 1292 1856 et
1312 1829 1506 1862 apostolicam
1525 1830 1777 1857 benedictionem.

1122 1899 1181 1943 §l
1202 1899 1278 1932 Cum
1297 1899 1328 1932 in
1346 1901 1499 1943 pastorali
1514 1900 1704 1940 visitatione,
1720 1912 1814 1944 quam
1826 1909 1941 1956 Snffiffio
1961 1915 2008 1929 con-

1932 1942 1949 1958 S·

1079 1963 1181 1995 nuper
1198 1952 1420 1985 inchoavimus
1441 1958 1471 1985 et
1485 1953 1549 1986 Deo
1565 1954 1733 1987 adiuvante
1747 1964 1817 1997 pro-

1079 2006 1169 2048 sequi
1188 2005 1394 2045 intendimus,
1414 2006 1490 2038 cleri
1510 2006 1661 2038 nimirum
1681 2007 1814 2039 Romani

1079 2064 1111 2091 et
1141 2058 1284 2091 omnium
1321 2059 1424 2090 almae
1459 2058 1551 2090 Urbis
1584 2059 1814 2099 ecclesiarum,

1079 2112 1275 2155 piorumque
1300 2112 1442 2143 locorum
1469 2116 1499 2143 et
1524 2122 1670 2154 operum,
1686 2123 1742 2144 vos
1760 2124 1816 2156 po-

1080 2164 1239 2197 tissimum
1263 2174 1298 2196 ex
1318 2172 1409 2195 sacro
1427 2163 1662 2196 venerabilium
1683 2164 1816 2198 fratrum

1080 2224 1267 2251 nostrorum
1293 2216 1321 2249 S.
1338 2217 1373 2249 R.
1393 2217 1426 2249 E.
1449 2217 1659 2250 cardinalium
1677 2219 1816 2260 collegio

1081 2271 1311 2312 delegerimus,
1330 2275 1360 2302 et
1379 2269 1474 2302 nobis
1498 2270 1530 2302 in
1556 2280 1593 2303 eo
1612 2280 1744 2304 munere
1762 2272 1817 2304 ad-

1081 2324 1201 2356 iutores
1226 2322 1513 2365 assumpserimus,
1541 2323 1687 2366 adeoque
1713 2327 1817 2357 vestra

1081 2377 1188 2419 opera,
1204 2375 1236 2407 in
1254 2375 1292 2407 iis
1313 2386 1394 2417 quae
1412 2385 1471 2418 per
1490 2375 1709 2419 nosmetipsos
1728 2388 1819 2419 prae-

1081 2434 1166 2461 stare
1192 2438 1256 2460 non
1281 2428 1422 2460 valemus
1447 2428 1619 2470 diligenter
1650 2429 1818 2472 inquiren-

1081 2481 1143 2521 dis,
1163 2480 1398 2520 examinandis,
1425 2480 1470 2512 uti
1495 2480 1659 2523 cupimus:
1685 2481 1815 2521 idcireo,

1082 2539 1115 2567 ut
1140 2539 1282 2566 vestrum
1319 2535 1355 2566 ea
1382 2533 1412 2565 in
1440 2544 1473 2566 re
1508 2534 1721 2567 ministerium
1746 2536 1817 2577 plus

1117 2598 1127 2622 1
1152 2594 1215 2623 Vide
1236 2598 1321 2623 const.
1343 2601 1395 2622 an
1416 2599 1442 2623 et
1461 2603 1538 2630 seqq.
1559 2594 1667 2622 constit.

1714 210 1778 243 ΜΠ
1825 221 1873 246 An.
1894 220 1920 244 «3.
1941 221 2005 247 unx:
