2254 3225
222 243 272 270 An.
288 241 316 269 c.
336 241 406 269 1698
451 232 516 267 854

249 1419 365 1439 probibitio
374 1424 408 1443 :r-

225 1447 304 1466 neralis
321 1448 341 1465 et
363 1452 408 1471 spe-

226 1474 285 1492 mans
300 1478 338 1498 pro
351 1473 408 1493 dicto

225 1501 322 1520 transitu.

415 291 508 332 fecit,
536 296 570 323 ut
605 291 637 324 in
673 291 860 335 praemissis
896 292 935 325 de
969 297 1157 335 opportuno

415 345 560 378 remedio
585 345 770 388 providere,
797 356 915 388 nempe
941 346 1026 388 quod
1047 346 1158 377 fratres

415 398 491 430 dicti
509 398 636 431 Ordinis
650 399 904 442 Capuccinornin
919 409 1070 440 expresse
1089 409 1158 441 pro-

416 451 489 484 fessi
509 451 546 483 ad
566 457 777 484 memoratum
797 451 1028 484 monasterium
1045 451 1157 483 sseatac

414 504 530 537 Mariae
548 505 585 537 (Ie
603 505 635 537 la
664 506 788 548 Trappe
812 504 941 537 Ordinis
966 503 1159 536 Cistercien-

415 557 469 597 sis,
495 558 603 590 animo
629 569 661 591 se
687 569 721 590 se
747 558 870 589 ibidem
897 556 1078 589 associandi
1102 566 1157 588 seu

415 610 660 654 incorporandi,
680 611 749 643 sine
768 613 921 653 expressa
946 610 1047 642 solius
1072 609 1160 641 mini-

416 665 472 697 stri
500 666 661 707 gerieialis
687 664 835 697 eiusdem
854 663 984 696 Ordinis
1009 662 1161 705 Capucci-

416 728 534 750 norum
566 718 698 750 licentia
725 718 755 749 iu
793 716 923 759 scriptis
960 715 1161 754 obtinenda,

416 772 506 803 nullo
526 771 622 804 modo
643 770 782 803 transire
800 770 938 813 possint,
960 768 1083 801 etiamsi
1099 768 1162 800 alia

415 824 572 856 servanda
606 828 839 863 servarentur,
873 823 932 854 sub
965 823 1070 865 poena
1108 832 1161 854 ex-

416 877 724 910 communicationis
750 877 831 909 latae
868 876 1050 909 sententIae
1086 876 1161 908 sedi

416 931 622 974 Apostolicae
642 937 836 969 reservatae,
856 936 917 962 tam
940 940 999 973 pro
1021 930 1162 972 receptis

416 995 512 1027 quam
526 995 584 1027 pro
596 984 841 1027 recipientibus,
852 983 1029 1026 probibere
1042 984 1163 1026 (quem-

415 1037 590 1070 admodum
628 1038 668 1069 ob
711 1037 842 1069 easdem
880 1037 978 1069 ferme
1018 1037 1161 1068 rationes

416 1091 612 1123 recolendae
638 1090 814 1123 memoriae
840 1090 989 1123 Clemens
1014 1090 1040 1121 X
1065 1095 1095 1122 et
1113 1089 1162 1121 ln-

416 1143 586 1176 nocentius
613 1144 650 1176 xl
677 1143 814 1176 Romani
834 1143 1008 1175 Pontifices
1027 1142 1162 1185 praede-

418 1207 565 1229 cessores
590 1197 693 1229 nostri
713 1196 744 1229 id
763 1196 870 1239 ipsum
892 1195 1062 1228 monachis
1080 1195 1162 1228 Con-

418 1250 617 1292 gregationis
643 1250 744 1282 sancti
770 1250 871 1282 Mauri
896 1248 1025 1282 Ordinis
1059 1248 1160 1281 sancti

419 1302 587 1336 Benedicti
612 1303 869 1346 prohibuerunt)
896 1303 934 1336 de
960 1302 1160 1345 benignitate

419 1357 599 1400 apostolica
624 1357 847 1399 dignaremur.

463 1410 478 1453 ἓ
494 1409 526 1442 3.
545 1409 608 1442 Nos
626 1409 734 1452 igitur,
754 1410 859 1452 ipsum
878 1409 1087 1442 Franciscum
1104 1409 1164 1441 Ma-

420 1462 500 1495 riam
535 1468 785 1506 procuratorem
818 1464 1003 1505 generalem
1039 1462 1163 1506 specia-

419 1515 505 1548 libus
531 1516 696 1549 savoribns
723 1521 756 1549 et
780 1516 893 1559 gratiis
918 1516 1075 1559 prosequi
1110 1526 1164 1548 vo-

419 1569 543 1608 lentes,
571 1574 603 1602 et
627 1579 645 1601 a
670 1569 836 1612 quibusvis
858 1569 1164 1601 excommunicatio-

419 1621 488 1662 nis,
513 1622 737 1665 suspensionis
764 1627 795 1655 et
820 1622 1000 1661 interdicti,
1026 1621 1163 1665 aliisque

421 1675 650 1708 ecclesiasticis
676 1675 855 1716 sententiis,
875 1675 1023 1708 censuris
1041 1680 1072 1708 et
1086 1686 1164 1718 poe-

420 1727 494 1769 nis,
521 1740 538 1761 a
562 1728 632 1761 iure
658 1729 706 1762 vel
732 1729 771 1761 ab
797 1729 950 1767 homine,
977 1729 1087 1772 quavis
1113 1739 1165 1761 oc-

421 1782 550 1814 casione
575 1783 625 1815 vel
651 1784 748 1814 causa
773 1782 866 1821 latis,
892 1781 917 1814 si
943 1783 1060 1825 quibus
1086 1793 1165 1825 quo-

421 1835 602 1867 modolibet
623 1835 799 1868 innodatus
820 1835 939 1875 existit,
962 1835 1000 1867 ad
1016 1834 1164 1867 effectum

422 1887 643 1929 praesentium
669 1887 835 1920 dumtaxat
868 1888 1134 1930 consequendum
1156 1914 1162 1927 ,

422 1940 537 1972 harum
563 1940 648 1972 serie
674 1941 880 1974 absolventes
914 1946 946 1973 et
980 1941 1164 1973 absolutum

421 1993 490 2026 sore
516 1998 709 2033 censentes,
737 1993 926 2026 huiusmodi
954 1993 1166 2037 supplicatio-

420 2046 516 2079 nibus
543 2047 704 2086 inclinati,
724 2047 763 2080 de
778 2047 1012 2081 venerabilium
1033 2048 1164 2079 fratrum

421 2106 606 2132 nostrorum
631 2100 665 2133 S:
681 2100 717 2134 R.
737 2100 760 2132 E
785 2101 998 2133 cardinalium
1024 2100 1165 2143 negotiis

421 2157 453 2185 et
478 2153 768 2187 consultationibus
794 2154 1024 2197 episcoporum
1051 2159 1084 2187 et
1116 2164 1165 2186 re-

422 2206 581 2248 gularium
612 2207 876 2250 praepositorum
917 2208 1057 2240 consilio
1079 2235 1086 2248 ,
1125 2217 1165 2240 ne

422 2260 538 2293 fratres
564 2271 718 2303 expresse
751 2261 891 2303 professi
929 2261 1003 2294 dicti
1037 2261 1165 2294 Ordinis

423 2313 681 2358 Capuccinorum
718 2316 755 2347 ad
793 2326 1029 2358 quemcumque
1067 2315 1165 2348 alium

422 2366 576 2400 Ordinem
603 2373 633 2400 et
662 2369 898 2401 monasterinm
916 2379 972 2401 seu
991 2369 1089 2400 alium
1116 2379 1166 2401 re-

424 2421 571 2463 gularem
596 2421 703 2454 locum
740 2421 880 2454 cuiusvis
911 2421 1045 2454 alterius
1069 2421 1163 2454 Ordi-

423 2473 473 2506 nis
498 2484 554 2506 seu
587 2474 872 2516 congregationis,
907 2474 1001 2507 etiarn
1033 2474 1167 2507 Cartllu-

424 2526 605 2567 sianornm,
622 2533 652 2560 et
666 2527 859 2570 praesertim
873 2527 912 2560 ad
931 2527 1166 2560 monasterium

423 2579 539 2613 Beatae
563 2579 681 2613 Mariae
706 2579 743 2612 de
762 2580 795 2612 la
815 2580 942 2624 Trappe
960 2580 1164 2629 huiusmodi,

424 2634 484 2667 nisi
510 2636 634 2667 servata
667 2634 906 2678 praedictarum
930 2634 1050 2668 Urbani
1076 2646 1168 2678 prae-

1000 242 1179 266 BULLARIUM
1201 241 1358 266 ROMANUM

1202 291 1382 324 decessoris
1397 291 1577 324 litterarum
1592 290 1704 331 forma,
1722 290 1858 323 transire
1874 290 1943 323 ullo

1203 345 1298 377 morlo
1324 345 1464 377 audeant
1494 355 1548 377 seu
1570 349 1799 387 praesumant,
1834 348 1945 376 aueto-

1203 398 1295 430 ritate
1333 399 1535 441 apostolica,
1574 402 1687 431 tenore
1712 397 1944 440 praesentium,

1203 452 1426 494 probibemus.

1247 506 1261 547 ξ
1286 505 1317 537 4.
1345 506 1572 544 Decernentes,
1599 505 1727 538 easdem
1754 510 1945 548 praesentes

1204 559 1328 591 litteras
1354 569 1484 601 semper
1516 558 1646 598 firmas,
1672 558 1795 590 validas
1822 564 1854 590 et
1878 557 1944 590 effi-

1204 622 1293 643 cat-es
1321 612 1459 643 existere
1491 617 1522 643 et
1546 611 1637 649 sore,
1664 621 1809 653 suosque
1836 612 1946 652 plena-

1206 664 1270 697 r10s
1291 669 1321 696 et
1341 664 1486 705 integros
1511 663 1645 696 effectus
1671 663 1779 696 sortiri
1805 669 1838 696 et
1861 663 1947 695 obti-

1206 728 1303 756 nere,
1337 728 1371 749 ac
1403 717 1478 755 illis,
1509 717 1548 749 ad
1575 727 1656 760 quos
1682 721 1808 759 spectat
1833 722 1863 749 et
1888 726 1946 760 pro

1207 776 1352 812 tempore
1385 770 1562 813 spectabit..
1590 770 1621 802 in
1654 770 1805 802 omnibus
1831 775 1864 802 et
1889 779 1948 813 per

1205 824 1316 857 omnia
1340 823 1531 867 plenissime
1557 823 1751 866 suflragari,
1779 829 1810 856 et
1835 823 1874 856 ab
1901 823 1947 856 eis

1207 877 1386 921 respective
1414 877 1648 910 inviolabiliter
1679 877 1862 916 observari,
1887 877 1949 909 sic-

1206 943 1268 974 que
1295 932 1327 964 in
1354 931 1543 974 praemissis
1573 942 1629 974 per
1656 942 1875 974 quoscumque
1902 931 1949 963 iu-

1207 984 1294 1017 dices
1330 984 1514 1017 ordinarios
1554 989 1585 1016 et
1622 984 1812 1025 delegatos,
1850 984 1948 1016 etiam

1206 1048 1374 1069 causarum
1410 1037 1521 1080 palatii
1559 1036 1729 1078 apostolici
1756 1036 1944 1076 auditores,

1206 1090 1344 1122 iudicari
1382 1095 1412 1122 et
1443 1089 1571 1122 deliniri
1603 1089 1733 1127 debere,
1760 1099 1795 1121 ac
1819 1088 1946 1121 irritum

1206 1149 1237 1175 et
1262 1143 1370 1181 inane,
1388 1143 1413 1175 si
1433 1153 1525 1175 secus
1552 1152 1648 1184 super
1669 1142 1719 1174 his
1738 1153 1755 1174 a
1774 1152 1947 1185 quoquam,

1206 1197 1320 1240 quavis
1345 1195 1546 1234 auctoritate,
1565 1195 1707 1228 scienter
1731 1195 1778 1227 vel
1797 1194 1950 1237 ignoran-

1207 1257 1264 1289 ter,
1295 1249 1469 1291 eontigerit.
1494 1248 1660 1281 attentari.

1249 1303 1264 1345 g
1290 1303 1320 1335 Γ).
1347 1302 1417 1335 Non
1451 1302 1654 1335 obstantibus
1684 1301 1885 1345 praemissis,
1912 1312 1949 1334 ac

1206 1356 1498 1390 constitutionibus
1523 1361 1555 1389 et
1579 1355 1842 1388 ordinationibus
1871 1366 1950 1398 apo-

1206 1411 1345 1450 stolicis,
1380 1420 1531 1447 necnon,
1561 1414 1724 1452 quatenus
1762 1420 1844 1453 opus
1881 1410 1947 1450 sit,

1207 1474 1486 1507 quorumcumque
1511 1463 1666 1496 Ordinum
1701 1469 1732 1496 et
1764 1463 1952 1506 Congrega—

1207 1517 1341 1556 tionum,
1368 1517 1479 1550 aliisve
1503 1516 1694 1559 quibusvis,
1728 1516 1825 1549 etiam
1857 1516 1948 1549 iura-

1207 1575 1341 1609 mento,
1369 1569 1618 1602 confirmatione
1660 1568 1863 1612 apostoliea,
1898 1569 1949 1602 vel

1208 1623 1322 1667 quavis
1349 1622 1499 1655 firmitate
1525 1623 1587 1655 alia
1619 1622 1795 1663 roboratis,
1822 1622 1948 1655 statutis

1209 1682 1240 1710 et
1264 1675 1558 1709 consuetudinibus
1573 1702 1580 1715 ,
1603 1675 1785 1718 privilegiis
1804 1685 1948 1719 quoque,

1208 1729 1342 1762 indultis
1368 1734 1399 1761 et
1423 1728 1541 1761 litteris
1562 1727 1751 1771 apostolicis
1768 1728 1801 1760 in
1820 1733 1952 1761 eontra-

1209 1783 1290 1814 rium
1325 1781 1577 1824 praemissorum
1603 1780 1857 1824 quomodolibet
1876 1791 1952 1813 con-

1208 1835 1316 1873 cessis,
1344 1834 1542 1867 confirmatis
1568 1839 1599 1866 et
1623 1833 1804 1874 innovatis;
1831 1833 1950 1877 quibus

1209 1889 1359 1922 omnibns
1395 1893 1427 1920 et
1452 1887 1616 1930 singulis,
1654 1887 1786 1920 illorum
1819 1892 1951 1920 tenores

1208 1941 1436 1985 praesentibus
1471 1951 1530 1983 pro
1561 1941 1658 1983 plene
1693 1946 1724 1973 et
1753 1940 1952 1974 sufficienter

1209 1995 1373 2038 expressis
1391 2004 1427 2026 ac
1447 1994 1487 2027 ad
1511 1995 1646 2026 verbum
1671 1993 1803 2027 insertis
1829 1994 1953 2026 haben-

1211 2055 1269 2088 tes,
1287 2048 1352 2080 illis
1376 2048 1453 2080 alias
1480 2048 1512 2079 in
1534 2058 1593 2080 suo
1618 2047 1736 2080 robore
1761 2057 1953 2090 permansu-

1209 2102 1265 2141 ris,
1283 2102 1322 2134 ad
1340 2101 1593 2145 praemissorum
1620 2101 1776 2141 effectum,
1795 2101 1856 2134 hae
1885 2100 1952 2133 vice

1209 2156 1394 2195 dumtaxat,
1428 2155 1617 2198 specialiter
1649 2159 1682 2187 et
1717 2164 1871 2197 expresse
1897 2153 1953 2186 de-

1208 2219 1384 2251 rogamus,
1415 2207 1598 2251 ceterisque
1620 2207 1791 2240 contrariis
1820 2206 1951 2250 quibus·

1209 2272 1359 2305 cumque.

1252 2315 1267 2358 ξ
1296 2314 1327 2347 6.
1363 2313 1520 2348 volumus
1557 2319 1664 2347 autem
1696 2319 1730 2346 ut
1763 2312 1950 2346 earumdem

1208 2368 1431 2412 praesentium
1458 2368 1638 2401 litterarum
1655 2366 1877 2410 transumptis,
1895 2377 1951 2400 seu

1210 2422 1379 2465 exemplis,
1395 2421 1491 2454 etiam
1508 2421 1685 2464 impressis,
1698 2431 1795 2453 manu
1813 2420 1950 2453 alicuius

1209 2476 1326 2509 notarii
1344 2475 1468 2518 publici
1487 2474 1686 2518 subscriptis,
1706 2480 1737 2506 et
1753 2474 1860 2517 sigillo
1878 2484 1953 2517 per-

1210 2540 1307 2562 sonae
1334 2529 1367 2561 in
1393 2528 1614 2561 ecclesiastica
1643 2528 1799 2570 dignitate
1824 2527 1949 2560 consti-

1211 2587 1298 2615 tutae
1324 2582 1468 2621 munitis,
1487 2581 1600 2614 eadem
1618 2591 1752 2623 prorsus
1776 2580 1857 2613 fides
1882 2579 1951 2612 ubi-

1211 2646 1273 2679 que
1297 2635 1446 2668 locorum
1471 2639 1535 2667 tam
1556 2634 1588 2666 in
1608 2634 1727 2667 iudicio
1748 2644 1845 2678 quam
1862 2637 1952 2666 extra

1949 241 2003 268 An.
2018 241 2048 268 C.
2071 241 2138 268 1698

1983 514 2105 535 clamatae.

1986 1311 2142 1333 Contrariorum

1959 1339 2077 1365 derogatio.

2000 2317 2063 2338 Fides
2087 2320 2144 2338 tran-

1959 2347 2097 2372 sumptorum.
