2254 3225
201 279 250 303 An.
273 278 302 303 e.
319 277 388 302 uzon
435 267 498 299 87⁷2

393 326 668 369 quandocumque
695 326 867 369 spectabit,
886 326 917 358 in
936 325 1089 358 omnihus
1104 330 1136 357 ct

392 390 452 423 per
483 379 590 411 onmia
620 379 810 422 plenissime
846 378 1015 422 suffragari
1041 384 1071 411 et
1096 378 1135 411 ab

393 433 439 464 eis
464 432 644 476 respective
676 432 909 465 inviolabiliter
949 431 1133 472 observari,

393 486 504 529 sicque
541 485 571 517 in
603 485 789 529 praemissis
820 496 882 529 per
909 496 1135 528 quoscumque

393 540 517 572 iudices
543 540 729 572 ordinarios
767 544 799 571 et
834 539 1015 581 (tolegium,
1038 538 1135 571 etiam

392 604 561 625 causarum
580 592 689 635 palatii
708 592 879 635 apostolici
897 592 1077 631 auditores,
1094 592 1136 623 iu-

393 646 493 679 dicari
521 651 552 678 et
577 646 703 678 deliniri
722 646 842 678 debere
858 672 865 685 ,
890 656 927 677 ac
951 645 1080 677 irritum
1106 650 1138 677 et

393 700 502 740 inane,
526 700 550 732 si
577 710 670 732 secus
706 709 807 742 super
838 699 888 731 his
914 710 931 731 a
956 710 1136 742 quoquam,

393 753 504 797 quavis
523 752 732 791 auctoritate,
759 752 904 786 scienter
920 753 969 785 vel
986 752 1136 794 ignoran-

393 813 454 846 ter,
471 807 644 849 contigerit
656 806 822 839 attentari.
839 805 907 838 Non
927 805 1136 838 obstantibus

394 860 685 892 constitutionilms
712 865 744 891 et
773 859 1036 892 ordinationibus
1062 870 1137 902 apo-

394 914 542 953 stolicis,
572 913 756 956 ceterisque
791 913 964 945 contrariis
1002 913 1137 956 quihus-

394 977 545 1010 Cllsslqllss.

439 1021 551 1052 [latum
578 1020 710 1059 Romae,
748 1021 832 1063 apud
860 1020 891 1053 S.
919 1020 1049 1053 Mariam
1075 1020 1137 1053 Ma-

394 1074 506 1113 iorem,
534 1073 593 1105 sub
626 1075 746 1106 annulo
774 1073 955 1113 piscatoris,
993 1074 1045 1106 die
1070 1084 1138 1108 XXIV

395 1127 507 1169 aprilis
544 1136 696 1167 innexum,
727 1127 933 1169 pontificatus
959 1127 1059 1160 nostri
1084 1138 1137 1160 an-

394 1191 436 1213 no
462 1190 530 1214 vlu.

431 1244 492 1270 Dat.
509 1243 552 1270 die
567 1243 600 1270 ⁶24
621 1243 714 1279 aprilis
736 1243 813 1275 1699,
832 1243 930 1278 pontif.
951 1251 1022 1270 anno
1037 1250 1093 1271 v111.

690 1386 846 1419 CLXXIX.

397 1467 621 1509 Confirmatio·
661 1467 824 1500 clem-etum
869 1468 1138 1511 congr-eyneionis

439 1522 660 1563 epotist‘opornm
687 1526 714 1552 et
740 1521 947 1563 reyularium
967 1523 1053 1554 circa
1069 1523 1138 1564 pri-

441 1579 566 1606 matum
588 1575 674 1606 inter
698 1574 881 1616 definitores
897 1579 1066 1617 perpetuos
1083 1585 1138 1606 seu

438 1631 549 1670 putres
583 1628 772 1670 prot-inciae
804 1627 940 1660 Ordinis
971 1628 1137 1660 Minorum

440 1680 471 1713 S.
496 1680 665 1713 Framisci
684 1680 985 1714 Conventuolium'.

573 1761 772 1787 Innocentius
794 1762 873 1794 Papa
893 1761 958 1792 XII,

542 1806 578 1832 ad
598 1806 731 1832 futuram
752 1807 795 1832 rei
817 1807 998 1832 memoriam.

440 1877 454 1920 ἓ
477 1877 506 1909 1.
527 1876 643 1919 Nuper,
660 1887 720 1919 pro
736 1882 825 1919 parte
845 1876 1037 1909 dilectorum
1056 1877 1138 1910 filio-

349 1919 466 1978 ⁴xig'rum
493 1931 698 1963 de‘initoruni
736 1936 970 1973 perpetuorum
1007 1930 1137 1963 Ordinis

353 1974 531 2015 t-'rlt'ratrum
558 1983 715 2015 Minorum
742 1983 846 2015 sancti
871 1983 1031 2016 Francisci
1058 1984 1139 2016 Con-

332 2038 594 2069 ‹trwventualium
619 2042 880 2080 nuncupatorum
904 2048 962 2080 per
987 2043 1136 2080 patentes

397 2092 520 2124 litteras
553 2091 774 2123 ministrorum
815 2092 1016 2133 generalium
1059 2092 1136 2124 dicti

396 2145 526 2178 Ordinis
551 2145 787 2186 institutorum,
808 2146 1061 2189 Congregationi
1086 2157 1138 2179 ve-

434 2243 442 2267 1
463 2242 480 2266 Α
499 2241 635 2268 Clemente
656 2242 689 2275 X,
712 2241 848 2268 consted.
866 2248 993 2268 ninchxl.
1007 2242 1071 2268 diet
1093 2242 1139 2269 de-

397 2285 524 2314 cembris.
548 2285 642 2319 pontif.
664 2292 691 2316 11,
713 2287 843 2312 nonnulla
862 2286 1043 2313 determinata
1063 2287 1138 2313 fuere

396 2338 468 2356 circa
487 2329 572 2356 dictos
592 2330 767 2362 definitorem
789 2331 822 2356 ah
844 2330 1000 2357 innocentio
1021 2331 1050 2357 Xl
1072 2339 1138 2357 con-

396 2374 536 2401 stitutione
573 2375 616 2400 ed.
648 2381 835 2407 unctmxvnl,
857 2375 899 2401 die.
920 2376 953 2401 29
973 2376 1138 2405 novembris.

397 2420 486 2454 pontit
515 2425 569 2449 iun,
591 2419 659 2444 circa
683 2419 826 2453 primatum
847 2420 1037 2455 collegialiutn,
1060 2427 1084 2447 et
1105 2420 1139 2448 ab

397 2463 447 2489 hoe
468 2463 599 2489 Pontitiee
620 2468 707 2489 const.
729 2463 793 2489 edit.
826 2470 904 2497 Mncc,
936 2465 979 2491 die
1010 2466 1042 2490 14
1062 2465 1139 2496 iunii,

399 2508 493 2542 pontis,
516 2514 554 2538 lx,
576 2508 645 2533 circa
673 2508 818 2540 primatum
847 2510 959 2534 fratrum
991 2510 1018 2535 S.
1047 2510 1140 2536 Didae}

397 2552 623 2577 lust-attentorum
645 2561 669 2577 in
699 2552 782 2578 ludus
809 2553 1050 2585 ott-ntentattbtts,
1077 2562 1140 2579 net·-

397 2604 449 2622 non
471 2605 485 2621 a
507 2598 604 2622 tlteuwv
621 2602 643 2620 tr⁴
664 2598 695 2622 M
718 2601 792 2622 west
824 2597 889 2622 ethi.
912 2604 1028 2627 metten,
1058 2598 1101 2624 dle
1126 2600 1140 2624 7

398 2641 469 2673 maii,
493 2641 585 2675 pontif.
603 2650 645 2675 xx,
667 2642 863 2668 confirmantur
878 2643 1011 2677 quaedam
1032 2642 1142 2669 decreta

398 2686 543 2713 dormitorii
562 2687 709 2722 generalis.

975 277 1151 300 nt'Lntntt‘n
1177 277 1282 300 ntum
1289 278 1328 300 [Ἤ

1177 325 1372 358 nerabilium
1398 326 1533 359 fratrum
1559 333 1743 360 nostrorum
1767 327 1799 360 S.
1822 327 1859 360 R.
1879 327 1914 360 Ε.

1178 378 1392 412 cardinalium
1414 380 1552 423 negotiis
1571 385 1603 413 et
1620 381 1916 414 consultationibus

1179 431 1406 476 episcoporum
1432 439 1464 466 et
1488 434 1685 476 regularium
1710 435 1917 478 praepositae

1179 487 1338 529 exposito,
1377 488 1463 530 quod
1489 488 1610 520 dudum
1638 488 1741 521 felicis
1767 489 1918 522 recorda-

1180 540 1275 573 tionis
1299 540 1448 573 Clemens
1465 541 1550 583 Papa
1569 541 1594 573 X
1612 541 1841 584 praedecessor
1860 553 1918 575 no-

1180 598 1253 631 ster,
1280 598 1314 625 ut
1349 593 1444 626 statui
1482 599 1513 626 et
1548 595 1797 637 praecedentiae
1834 595 1918 630 inter

1181 646 1369 680 definitores
1396 652 1574 690 perpetuos
1599 647 1728 681 Ordinis
1750 649 1917 692 praedicti,

1180 704 1290 742 patres
1315 699 1501 743 provinciae
1526 701 1635 734 vocari
1661 701 1772 734 solitos
1799 702 1867 745 (qui
1886 702 1918 735 iu

1181 753 1325 797 quinque
1351 754 1476 797 speeies
1503 755 1647 787 distincti
1675 766 1745 788 esse
1771 766 1921 789 recense-

1180 807 1312 840 bantur:
1338 818 1455 850 nempe
1488 808 1589 851 aliqui
1624 813 1761 852 propter
1795 813 1920 851 gestum

1181 861 1211 894 in
1238 862 1367 904 propria
1393 863 1441 895 vel
1467 862 1573 895 aliena
1598 862 1765 905 provincia
1790 863 1921 906 provin-

1181 915 1318 948 cialatus
1355 915 1519 956 officium3
1559 916 1612 949 atii
1651 916 1726 960 quia
1763 917 1920 949 lecturam

1182 969 1355 1002 duodecim
1380 980 1538 1002 annorum
1563 970 1666 1013 spatio
1697 970 1728 1002 in
1754 970 1921 1012 regentiis,

1181 1023 1265 1055 inter
1299 1033 1379 1066 quas
1414 1029 1506 1056 erant
1537 1034 1621 1067 quae
1651 1023 1778 1066 primae
1810 1024 1922 1057 elassis

1182 1077 1391 1116 vocabantur,
1417 1082 1448 1110 et
1472 1077 1619 1119 collegiis
1651 1078 1702 1110 vel
1727 1077 1923 1110 universita-

1183 1130 1266 1162 tibus
1288 1130 1385 1162 studii
1412 1130 1574 1172 generalis
1600 1130 1839 1171 exercuissent3
1867 1130 1920 1163 alii

1182 1194 1218 1217 ex
1245 1195 1283 1216 eo
1316 1184 1403 1227 quod
1428 1185 1564 1217 verbum
1595 1184 1650 1217 Dei
1688 1185 1805 1217 eodem
1845 1190 1924 1217 teni-

1182 1237 1272 1281 poris
1310 1237 1414 1281 spatio
1448 1238 1480 1270 in
1512 1237 1648 1281 pulpitis
1685 1248 1743 1270 seu
1775 1237 1923 1271 ecclesiis

1182 1302 1240 1335 per
1276 1292 1407 1324 decreta
1443 1291 1519 1325 dicti
1556 1291 1687 1324 Ordinis
1711 1292 1923 1336 praescriptis

1182 1345 1442 1388 praedicassent;
1469 1345 1522 1377 atii
1548 1345 1645 1388 quia,
1671 1355 1741 1377 cum
1775 1345 1806 1377 in
1833 1347 1923 1378 sacra

1183 1398 1350 1440 theologia
1387 1398 1531 1440 magistri
1569 1402 1696 1439 essent,
1731 1409 1788 1441 per
1820 1408 1922 1431 annos

1182 1451 1356 1484 duodecim
1383 1451 1526 1493 magistri
1553 1452 1750 1485 novitiorum
1786 1463 1923 1485 munere

1183 1504 1280 1536 suncti
1301 1505 1452 1543 fuissent,
1472 1511 1503 1536 et
1525 1504 1655 1548 reliqui,
1673 1516 1708 1537 ex
1726 1505 1857 1538 decreto
1876 1516 1925 1538 re-

1181 1558 1338 1590 colendae
1360 1558 1535 1590 memoriae
1557 1558 1730 1591 Alexandri
1750 1559 1855 1602 Papae
1874 1559 1923 1591 Vll

1182 1611 1277 1643 etiarn
1305 1611 1568 1653 praedecessoris
1594 1611 1706 1651 nostri,
1726 1611 1780 1654 qui
1799 1611 1924 1655 pariter

1182 1664 1357 1707 magisterii
1381 1664 1412 1696 in
1438 1666 1528 1697 saera
1554 1665 1722 1707 theologia
1747 1665 1848 1707 gradu
1871 1665 1925 1698 de-

1182 1718 1283 1750 corati
1299 1728 1358 1760 per
1376 1717 1548 1750 duodecim
1570 1728 1730 1750 annorum
1748 1718 1924 1750 decursum

1182 1771 1396 1814 inquisitores
1424 1770 1609 1803 haereticae
1641 1770 1812 1814 pravitatis
1848 1771 1925 1804 suis-

1182 1829 1266 1863 sent,
1287 1835 1342 1857 seu
1368 1824 1485 1867 partim
1511 1825 1679 1863 lecturam,
1707 1830 1742 1856 ut
1766 1835 1875 1867 supra,
1894 1830 1926 1858 et

1181 1878 1300 1921 partim
1339 1878 1545 1921 inquisitoris
1586 1877 1727 1910 officium
1764 1878 1924 1911 exercuis-

1181 1933 1279 1973 sent),
1312 1931 1475 1973 provisum
1505 1931 1596 1970 soret,
1626 1931 1923 1974 supplicationibus

1181 1996 1239 2028 pro
1254 1990 1343 2028 parte
1361 1991 1437 2017 tunc
1452 1984 1619 2017 existentis
1637 1985 1858 2028 procuratoris
1873 1995 1925 2028 ge-

1181 2038 1300 2071 neralis
1326 2038 1455 2071 Ordinis
1483 2038 1640 2081 praedicti
1667 2039 1799 2071 nomine
1827 2038 1922 2071 etIam

1182 2098 1259 2125 tunc
1284 2093 1406 2135 pariter
1431 2092 1637 2125 existentium
1663 2091 1800 2124 ministri
1826 2102 1925 2134 gene-

1181 2147 1257 2178 ralis
1282 2156 1318 2178 ac
1350 2145 1557 2178 definitorum
1587 2146 1787 2187 generalium
1814 2156 1925 2188 perpe—

1182 2206 1309 2232 tuorum
1336 2204 1366 2231 et
1385 2198 1603 2231 assistentium
1625 2197 1769 2230 eiusdem
1796 2197 1923 2231 Ordinis

1181 2253 1238 2286 sihi
1266 2263 1364 2296 super
1390 2253 1451 2285 hoc
1489 2252 1656 2284 humiliter
1689 2251 1850 2294 porrectis
1876 2251 1925 2284 in-

1181 2307 1328 2345 clinatus,
1356 2312 1390 2338 ut
1416 2307 1454 2339 de
1481 2311 1593 2338 cetero
1620 2315 1733 2338 omnes
1752 2310 1783 2337 et
1803 2305 1922 2347 singuli

1181 2361 1371 2393 definitores
1397 2359 1549 2403 perpetui
1582 2359 1819 2401 provinciarum
1848 2359 1923 2392 dicti

1181 2414 1319 2453 Ordinis,
1335 2414 1432 2446 modo
1458 2419 1489 2446 et
1515 2413 1616 2445 forma
1643 2412 1829 2455 praedictis,
1851 2418 1926 2455 post

1182 2466 1310 2499 finitum
1336 2468 1477 2499 tecturae
1503 2476 1560 2498 seu
1587 2465 1840 2508 praedicationis
1875 2467 1924 2499 vel

1182 2520 1361 2561 magisterii
1383 2519 1577 2551 novitiorum
1600 2524 1654 2550 aut
1674 2517 1924 2560 inquisitoratus

1184 2578 1310 2615 tempus
1340 2583 1398 2614 per
1423 2571 1671 2604 constitutiones
1699 2570 1842 2603 eiusdem
1868 2570 1925 2603 Or-

1184 2626 1267 2658 dinis
1309 2636 1365 2657 sen
1391 2624 1594 2668 praedictum
1628 2624 1803 2657 Alexandri
1830 2634 1926 2667 prae-

1184 2679 1366 2712 decessoris
1387 2679 1552 2710 decretum
1572 2677 1749 2720 respective
1768 2676 1926 2721 praescri·

1919 279 1970 305 An.
1992 278 2019 305 C.
2038 279 2110 307 1609
