2227 3225
95 245 144 272 An.
160 244 188 272 C.
212 244 279 272 1693

136 568 229 592 Rutulae·
250 569 279 589 ei-

93 598 423 653 pf2.‚111.}3‡‚l‘.'‚‘f?hospitii
458 609 626 653 apostolici
660 620 838 653 pauperum
872 609 1028 642 invalido-

883 243 1093 268 INNOCEN'I'IL'S
1118 244 1162 267 xu
1187 244 1235 267 PP.

289 293 430 327 desectus
457 293 552 326 etiam
578 292 822 332 substantiales,
841 292 866 325 si
893 292 946 335 qui
974 292 1027 324 de-

289 357 385 390 super
414 345 661 389 quomodolibet
697 345 938 385 intervenerint,
970 355 1025 376 seu

288 398 498 431 intervenisse
525 398 597 436 dici,
624 398 760 437 censeri,
779 403 832 430 aut
856 397 1025 441 praetendi

288 456 432 494 possent,
454 451 645 494 plenissime
662 456 693 484 et
710 451 909 494 amplissime
935 460 1026 483 sana-

288 514 357 535 mus
384 509 416 536 et
440 505 638 548 supplemus.

333 557 427 599 ξπ).
460 557 598 601 Insuper
628 557 775 590 volentes
809 557 846 590 ad
882 557 1025 590 eiusdem

289 673 378 702 rum,
402 669 438 696 ut
473 663 655 706 praefertur
680 663 801 702 erecti,
839 663 960 695 fundati
997 668 1028 695 et

288 715 400 754 dotati,
424 715 615 755 institutum,
640 717 804 759 regimen,
832 726 975 749 normam
997 721 1025 748 et

288 769 494 812 disciplinam
511 770 706 813 procedere:
726 770 757 802 in
775 770 888 813 primis
915 769 1028 802 utrius-

289 832 351 866 que
384 833 477 855 sexus
501 833 576 855 vere
600 822 797 866 pauperibus
821 822 1027 855 matrimonio

289 885 354 908 nori
379 875 573 915 coniunctis,
607 879 637 909 et
671 885 810 918 corpore
837 876 887 908 vel
924 880 1027 908 aetate

288 928 449 965 invalidis,
470 928 596 971 sibique
620 928 762 971 propriis
787 928 899 961 labere
926 934 958 961 et
982 928 1030 960 in-

290 981 410 1014 dustria
427 982 543 1014 victum
563 992 719 1025 quaerere
748 992 813 1015 non
831 981 1026 1021 valentibus,

288 1045 348 1068 nec
374 1045 429 1068 eos
455 1045 471 1068 a
496 1035 613 1078 quibus
639 1035 680 1068 ali
713 1035 873 1069 deberent
906 1040 937 1068 et
961 1045 1029 1078 pos-

289 1093 363 1121 sent
383 1087 589 1127 habentibus,
615 1088 693 1121 viris
719 1088 886 1128 nimirum,
916 1088 1030 1120 mulie-

290 1141 379 1174 ribus
406 1147 437 1173 et
461 1141 580 1184 puellis
612 1141 646 1173 in
673 1141 892 1185 praefatorum
918 1141 1028 1184 palatii

291 1192 518 1226 Lateranensis
548 1198 578 1226 et
605 1193 718 1226 domus
745 1194 783 1226 ad
808 1194 942 1226 Pontem
963 1193 1030 1226 Six-

291 1251 368 1284 tuni,
395 1247 481 1279 iuxta
506 1246 758 1279 destinationem
791 1251 824 1279 et
848 1246 1030 1280 distinctio-

289 1309 362 1331 nem
395 1299 425 1331 in
451 1304 617 1341 posterum
644 1299 778 1332 arbitrio
803 1299 1029 1342 infrascriptae

289 1351 560 1394 Coiigsegationis
575 1351 765 1391 faciendam,
780 1351 889 1395 pueris
903 1362 979 1384 vero
997 1352 1030 1384 in

289 1404 320 1436 S.
348 1405 513 1438 Michaelis
538 1404 576 1436 ad
604 1404 717 1448 Bistam
735 1405 866 1448 Tyberis
883 1405 1029 1447 Magnam

290 1463 509 1500 nuncupatam
519 1456 537 1497 ¹,
559 1458 712 1501 hospitiis
730 1468 787 1490 seu
806 1457 886 1490 locis
907 1458 1032 1500 praesa-

292 1510 343 1551 tis‚
360 1511 478 1543 victum
504 1510 710 1554 similemque
735 1510 914 1554 respective
935 1510 1032 1543 vesti-

290 1569 357 1596 tum
382 1564 544 1607 praestari
572 1564 721 1596 volumus
751 1569 782 1596 et
810 1563 1028 1596 decernimus.

291 1616 398 1649 Possit
422 1621 530 1649 tamen
558 1617 753 1660 quandoque
779 1617 895 1659 aliquis
920 1616 1032 1649 coniu-

293 1674 383 1711 gatus
412 1669 449 1701 ad
472 1675 687 1702 memoratum
703 1669 814 1712 palatii
834 1670 1032 1702 Lateranen-

291 1723 334 1756 sis
364 1733 421 1755 seu
438 1723 552 1755 domus
570 1723 607 1754 ad
626 1723 759 1755 Pontem
777 1722 899 1755 Sixtum
921 1722 1032 1766 hospi-

291 1776 369 1808 tium
395 1776 530 1814 admitti,
558 1775 703 1808 eiusdem
732 1782 764 1808 et
792 1776 925 1809 alterius
954 1787 1032 1809 con-

290 1829 377 1872 iugis
403 1828 578 1871 separatim
603 1834 694 1861 extra
718 1829 900 1872 hospitium
924 1829 1031 1862 vivere

290 1881 450 1916 volentis⁹
466 1887 576 1914 mutuo
594 1882 769 1915 accedente
787 1892 956 1922 consensu,
972 1893 1033 1915 nec

292 1946 356 1968 non
372 1935 627 1968 incontinentiae
641 1935 786 1978 periculo
801 1940 833 1967 et
849 1935 1032 1978 suspicione

289 1987 460 2031 utriusque
477 1993 635 2027 cessante,
652 1993 691 2028 et,
709 1988 795 2020 iuxta
809 1998 939 2021 casuum
957 1999 1033 2021 con-

291 2040 465 2082 tingentias
501 2045 534 2073 et
569 2039 839 2080 circumstantias,
867 2041 1031 2083 praefatae

291 2092 563 2136 Congregationis
602 2093 750 2133 arbitrio,
771 2094 810 2126 ad
843 2093 1032 2127 huiusmodi

290 2146 468 2188 hospitium
496 2145 618 2179 admitti
641 2146 738 2178 ambo
763 2146 925 2188 coniugati
943 2147 1033 2179 simi-

290 2198 367 2231 liter
392 2208 552 2242 pauperes
579 2204 611 2231 et
637 2199 780 2239 invalidi,
807 2200 936 2242 quaudo
968 2199 1033 2231 sint

292 2262 397 2292 senes
420 2257 451 2284 et
480 2258 629 2284 cessante
661 2252 918 2285 incontinentiae
948 2253 1034 2296 peri-

292 2305 365 2338 culo
387 2311 419 2337 et
443 2305 644 2348 suspicione,
665 2306 797 2338 inaritus
824 2306 910 2339 inter
935 2307 1031 2346 viros,

291 2368 372 2390 uxor
396 2363 501 2390 autem
519 2358 604 2390 inter
621 2359 773 2391 mulieres
793 2359 925 2402 hospitii
944 2370 1034 2402 prae-

294 2411 346 2443 fati
372 2411 543 2454 separatim
570 2417 599 2444 et
625 2418 711 2445 caste
729 2413 835 2445 vivere
857 2413 1029 2454 elegerint.

292 2464 331 2495 Et
354 2464 564 2496 nihilominus
590 2465 684 2497 etiam
710 2465 908 2508 pauperibus
927 2466 1032 2499 invali-

294 2516 342 2548 dis
368 2516 549 2559 coniugatis
579 2523 610 2550 et
630 2517 818 2557 infantibus,
844 2529 904 2552 nec
934 2529 991 2551 eos
1016 2529 1032 2550 a

330 2587 339 2611 t
364 2585 434 2612 Edit.
451 2585 529 2613 Main.
545 2586 610 2621 legit
626 2590 824 2622 nuncupatum
843 2588 881 2622 (tt.
899 2589 947 2621 τ.).

328 2629 344 2655 2
364 2629 430 2657 Mate
446 2629 511 2657 edit.
529 2631 612 2657 Mam.
631 2631 695 2666 legit
710 2633 828 2659 tolentes
848 2633 887 2667 (n.
904 2632 952 2667 T.).

1068 291 1184 334 quibus
1209 291 1249 324 ali
1272 291 1429 323 deberent
1454 295 1485 323 et
1509 295 1643 334 possent
1658 291 1808 324 habenti-

1068 344 1136 384 bus,
1155 344 1208 388 qui
1238 341 1314 378 alias
1344 344 1476 376 omnino
1504 343 1690 376 mendicare
1716 354 1808 385 coge-

1069 403 1190 437 rentur,
1217 398 1363 431 volumus
1379 402 1409 429 et.
1427 396 1630 430 decernimus
1661 407 1732 430 esse
1751 397 1809 430 ali-

1069 451 1159 483 cuius
1185 451 1409 494 eleemosynae
1433 448 1645 483 subventione
1679 459 1808 482 succur-

1070 503 1219 536 rendum.

1114 557 1128 600 ἓ
1153 556 1207 589 16.
1235 558 1274 589 Μ
1303 557 1378 600 quia
1407 566 1587 600 pauperum
1618 555 1806 589 huiusmodi
1846 565 2000 592 oepauperum

1819 594 2002 618 occupationibus.

1070 620 1135 642 non
1169 609 1363 653 corporibus
1397 609 1519 649 solnm,
1547 609 1605 642 sed
1631 609 1807 652 praecipue

1070 662 1238 694 animabus
1277 663 1450 695 consulere
1491 662 1632 695 solerter
1670 661 1811 695 intendi-

1070 725 1152 755 mus,
1178 720 1213 747 ut
1232 714 1348 748 iidem¹
1368 715 1400 747 in
1426 715 1528 748 otiosa
1554 714 1688 755 desidia,
1711 725 1727 747 a
1747 726 1812 759 qua

1070 769 1164 811 plura
1189 773 1323 811 peccata
1347 769 1542 811 procedunt,
1558 778 1625 801 non
1644 773 1808 811 torpeant,

1072 825 1113 860 et,
1135 831 1200 864 quo
1226 821 1328 863 magis
1354 820 1423 853 sieri
1449 826 1568 864 potest,
1586 821 1619 853 in
1641 820 1762 864 pietate
1781 826 1812 854 et

1071 873 1229 906 charitate
1255 873 1436 916 proficiant,
1462 873 1636 906 statuimus
1665 879 1698 906 et
1721 884 1812 906 man-

1071 927 1185 960 damus
1210 926 1297 969 quod
1323 937 1436 959 omnes
1463 932 1494 958 et
1521 926 1652 969 singuli,
1672 926 1726 969 qui
1747 936 1811 959 non

1071 981 1133 1012 sint
1170 989 1303 1022 prorsus
1340 979 1518 1019 inhabiles,
1544 990 1581 1011 ac
1617 979 1813 1022 praesertim

1071 1033 1164 1076 pueri
1190 1038 1222 1066 et
1246 1033 1388 1076 puellae,
1416 1043 1554 1075 quorum
1576 1033 1728 1076 plerique
1747 1042 1812 1065 non

1072 1091 1145 1119 sunt
1169 1096 1308 1129 corpore
1345 1085 1488 1124 invalidi,
1514 1086 1572 1118 sed
1608 1085 1735 1118 ratione
1761 1096 1814 1118 ae-

1072 1139 1145 1171 tatis
1171 1144 1203 1171 et
1222 1138 1415 1182 praesertim
1443 1138 1540 1171 etiam
1567 1148 1662 1171 sexus
1681 1138 1812 1171 feminei

1072 1197 1241 1236 nequeunt
1274 1191 1336 1224 sibi
1376 1191 1493 1223 victum
1526 1191 1639 1223 saltem
1672 1191 1812 1224 honeste

1072 1255 1127 1277 seu
1152 1244 1352 1277 sufficienter
1376 1244 1555 1287 acquirere,
1578 1246 1610 1276 et
1627 1244 1812 1276 desidiosae

1071 1297 1271 1330 mendicitati
1297 1297 1445 1330 addictos
1477 1307 1533 1329 seu
1566 1297 1710 1329 addictas
1744 1307 1813 1329 esse

1073 1361 1138 1383 non
1175 1350 1337 1389 convenit,
1372 1350 1525 1388 debeant,
1557 1349 1645 1381 iuxta
1670 1350 1815 1392 qualem-

1072 1413 1210 1446 cumque
1236 1403 1412 1435 euiuslibet
1428 1402 1632 1441 activitatem,
1651 1403 1690 1435 ad
1716 1403 1815 1435 bene-

1072 1456 1178 1490 ficium
1198 1457 1330 1500 hospitii
1351 1456 1491 1500 operari,
1510 1457 1596 1489 salvo
1616 1461 1723 1489 tamen
1737 1456 1815 1489 Con-

1073 1509 1270 1552 grcgationis
1282 1509 1417 1542 arbitrio
1431 1509 1593 1553 aliquibus
1603 1509 1815 1553 operantibus

1073 1564 1213 1606 aliquam
1250 1563 1410 1596 modicam
1446 1563 1631 1605 portionem
1668 1562 1749 1595 lucri
1777 1573 1814 1595 ex

1073 1627 1172 1660 opere
1191 1616 1347 1659 cuiusque
1365 1616 1495 1649 illorum
1513 1615 1700 1648 resultantis
1726 1615 1754 1648 ei
1774 1615 1817 1647 di·

1073 1669 1233 1703 mittendi.
1258 1669 1319 1702 Sed
1345 1669 1421 1712 quia
1447 1669 1551 1701 minus
1577 1674 1624 1701 est
1647 1669 1732 1701 mala
1749 1678 1814 1700 non

1073 1733 1179 1765 agere,
1205 1722 1268 1755 nisi
1294 1722 1434 1765 quisque
1459 1722 1588 1754 studeat
1612 1721 1706 1754 bonis
1739 1731 1816 1763 ope-

1073 1775 1163 1808 ribus
1200 1775 1365 1815 insudare,
1401 1776 1552 1808 volumus
1583 1773 1678 1807 etiam
1703 1778 1737 1806 et
1760 1774 1816 1806 de-

1075 1828 1239 1861 cernimus
1265 1828 1352 1871 quod
1378 1838 1492 1860 omnes
1525 1826 1715 1860 huiusmodi
1737 1836 1816 1869 pau-

1074 1892 1188 1924 peres,
1214 1881 1330 1914 maiori
1356 1891 1420 1924 qua
1445 1880 1512 1913 fieri
1530 1885 1638 1923 petest
1657 1879 1814 1912 charitate

1075 1934 1306 1973 coiiviventeS‚
1334 1933 1448 1966 missae
1486 1932 1644 1965 sacrificio
1679 1933 1815 1974 singulis

1075 1987 1187 2020 diebus
1213 1987 1377 2027 intersint,
1404 1987 1671 2019 sacramentalem
1689 1986 1815 2018 conses-

1075 2040 1201 2073 sionem
1227 2045 1258 2072 et
1283 2040 1530 2072 eucharisticam
1551 2038 1813 2071 communionem

1076 2093 1189 2125 diebus
1210 2102 1269 2135 pei·
1284 2093 1464 2125 directores
1479 2091 1666 2134 spirituales
1680 2090 1813 2133 hospitii

1075 2145 1243 2189 apostolici
1255 2145 1442 2178 huiusmodi
1459 2144 1651 2177 statuendis²
1665 2145 1815 2187 frequen-

1077 2198 1169 2237 tent³,
1185 2209 1220 2231 ac
1241 2198 1385 2241 quotidie
1397 2198 1547 2240 precibus
1565 2202 1596 2230 et
1613 2197 1813 2230 orationibus

1075 2251 1162 2284 iuxta
1194 2251 1364 2284 horarium
1397 2261 1433 2283 ac
1464 2251 1593 2293 regulas
1630 2255 1661 2283 et
1685 2249 1815 2282 ordina·

1076 2304 1179 2337 tiones
1205 2305 1347 2347 desuper
1366 2304 1635 2345 praescribendas
1668 2303 1813 2336 devotam

1075 2369 1208 2401 operam
1234 2358 1436 2401 impendant.

1117 2411 1132 2454 ἓ
1156 2411 1210 2444 17.
1237 2410 1369 2449 Quoties
1406 2421 1484 2443 vero
1510 2420 1672 2454 pauperes
1703 2407 1815 2442 huius-

1111 2546 1120 2570 1
1145 2543 1216 2570 Edit.
1233 2543 1311 2570 Maia.
1327 2544 1396 2578 legit
1411 2544 1513 2571 iisdem
1533 2546 1572 2577 (R.
1590 2549 1639 2576 τ.).

1109 2587 1124 2614 2
1146 2587 1215 2615 Edit.
1237 2589 1319 2615 Μαίη.
1341 2588 1405 2622 legit
1423 2588 1571 2615 statuendi
1592 2590 1628 2622 (a.
1649 2587 1697 2620 T.).

1107 2632 1124 2658 3
1144 2631 1213 2659 Edit.
1235 2632 1313 2659 Μαίη.
1336 2633 1399 2668 legit
1418 2634 1581 2668 frequenter
1600 2634 1639 2667 (n.
1662 2632 1711 2666 T.).

1708 235 1772 268 533
1818 244 1866 270 An.
1887 243 1915 269 c,
1934 243 1999 269 insta

1866 2416 1894 2437 ΠΡ
1924 2415 2008 2435 iii-iliu}-

1826 2445 1966 2469 qiientitiusei
1979 2449 2008 2462 iu·

1075 2464 1160 2497 modi
1187 2475 1299 2497 eorum
1325 2464 1492 2503 instituto,
1519 2464 1731 2507 disciplinae,
1758 2469 1996 2496 seiiwrrvffltutibm-
