2227 3225
96 273 150 302 An.
170 273 198 301 C.
218 274 283 301 1698

123 1617 246 1640 Exordium.

122 2360 221 2381 Patentes
232 2365 286 2391 anno

102 2393 216 2413 uncxcxm,
241 2393 287 2414 qui-

870 275 1076 297 tNNOCENTlus
1103 276 1144 298 ΧΗ
1171 277 1216 300 ΓΡ.

293 323 325 356 in
350 322 551 356 eontrarium
575 322 829 366 praemissorum
852 322 1034 365 quomodo-

292 377 373 410 libet
389 375 564 415 concessis,
587 374 787 408 confirmatis
807 380 836 406 et
854 375 1031 415 innovatis,

292 430 408 473 quibus
442 429 592 463 omnibus
630 434 662 461 et
697 428 861 470 singulis,
900 428 1031 461 illorum

292 488 426 515 tenores
444 482 676 525 praesentibus
694 492 754 524 pro
778 482 874 524 plene
896 487 926 513 et
944 482 1031 513 susti-

291 536 418 569 cieuter
443 535 611 578 expressis
641 545 676 567 ae
706 535 744 567 de
776 534 874 567 verbo
900 535 938 566 ad
967 545 1034 567 rer·

291 590 368 622 bum
394 589 529 622 insertis
547 589 721 627 babentes,
740 588 804 621 illis
827 588 906 620 alias
924 588 956 620 in
975 599 1033 621 suo

291 643 412 675 robore
439 641 686 685 permansuris,
713 641 751 673 ad
779 641 1032 684 praemissorum

292 694 454 734 effectum,
474 695 535 728 bae
558 694 626 726 vice
652 694 830 733 dunuaxat,
848 694 1035 736 specialiter

293 754 324 781 et
342 759 494 792 expresse
521 748 733 790 derogamus,
756 748 940 790 ceterisque
961 758 1035 780 cou-

293 802 402 834 trariis
427 801 701 845 quibuscumque.

336 855 449 888 Datum
476 854 608 894 Romae,
634 854 719 897 apud
753 854 783 886 S.
811 853 944 886 Mariam
973 853 1035 886 Ma-

291 908 407 948 iorem,
438 909 500 941 sub
529 908 649 940 annulo
673 906 857 946 piscatoris,
879 907 931 939 die
955 918 1033 941 xvtu

291 961 436 996 octobris
464 970 653 1002 unexevtu,
689 960 897 1004 pontificatus
930 961 1034 993 nostri

292 1026 378 1049 ἱὶΠΠΟ
398 1025 469 1049 vitt-

329 1078 387 1105 Dat.
405 1078 450 1105 die
470 1078 500 1105 18
516 1077 636 1105 octobris
656 1077 731 1112 1098,
753 1077 847 1113 pontif.
866 1086 935 1106 auno
952 1085 995 1105 rui

599 1196 728 1230 CLXXI.

294 1267 540 1310 Confirmanlur
551 1272 697 1310 patentes
712 1268 860 1300 ministri
872 1268 1035 1310 aenei-ulis

340 1321 475 1355 Ordinis
492 1321 599 1353 saneti
615 1321 785 1354 Francis-ci
801 1321 838 1353 de
857 1321 1035 1354 Obscrran-

339 1375 386 1407 tici
410 1375 497 1408 circa
513 1385 609 1407 usum
631 1375 790 1407 librorum
808 1375 916 1407 (livini
936 1375 1036 1417 oflicii

336 1439 394 1472 pro
418 1428 487 1460 suis
511 1428 674 1470 reliyiosz's
693 1429 862 1471 utriusque
881 1438 976 1460 semus
990 1427 1010 1460 ¹.

469 1499 667 1526 Innocentius
689 1499 768 1532 Papa
790 1499 855 1531 XII,

417 1543 454 1571 ad
469 1547 648 1577 perpetuam
663 1544 708 1570 rei
724 1544 906 1570 memoriam.

337 1605 379 1639 Ex
395 1605 505 1638 debito
520 1605 694 1648 pastoralis
708 1605 815 1645 officii,
827 1616 890 1648 quo
903 1605 1036 1638 catholi-

293 1670 350 1694 cae
369 1659 532 1693 Ecclesiae
559 1669 618 1702 per
641 1659 831 1691 universum
850 1659 961 1692 orbem
981 1659 1036 1692 dif-

294 1714 385 1746 fusae
407 1712 558 1755 regimini
580 1712 688 1745 divina
714 1712 928 1755 dispositione
949 1723 1037 1756 prae-

293 1766 445 1805 sidemus,
459 1776 505 1805 ea,
525 1776 606 1809 quae
621 1776 637 1797 a
655 1765 850 1807 regularium
867 1765 1034 1804 Ordinum,

295 1821 332 1853 ad
361 1819 597 1862 omnipotentis
619 1819 675 1851 Dei
697 1819 835 1860 gloriam
861 1824 892 1851 et
917 1820 1037 1852 anima-

294 1883 365 1906 rum
403 1873 539 1905 salutem
575 1871 714 1915 sapienti
751 1871 874 1914 pietate
911 1872 949 1904 ab
977 1873 1036 1905 bae

294 1926 411 1959 Sancta
435 1925 518 1959 Sede
545 1925 767 1958 institutorum
797 1926 985 1969 magnisque
1004 1927 1036 1959 in

294 1980 473 2013 Ecclesiam
492 1979 548 2012 Dei
570 1979 694 2011 meritis
721 1979 924 2022 fulgentium,
943 1991 1038 2023 supe-

295 2032 437 2065 rioribus
462 2033 500 2065 ad
520 2033 712 2065 serrandum
732 2033 765 2065 in
784 2032 902 2065 divinis
921 2033 1036 2066 officiis

294 2086 549 2119 uniformitatem
566 2087 748 2130 prudenter
772 2087 947 2120 constituta
965 2098 1037 2121 esse

294 2147 483 2179 noscuntur,
501 2146 535 2172 ut
549 2140 638 2173 firma
654 2151 784 2183 semper
801 2146 897 2184 atque
913 2141 1036 2174 illibata

295 2193 491 2237 persistant,
518 2193 688 2237 apostolici
715 2193 907 2226 muniminis
932 2195 1036 2227 nostri

294 2247 472 2291 praesidio,
496 2257 568 2280 cum
586 2247 618 2280 id
637 2258 654 2280 a
670 2247 765 2280 nobis
790 2247 920 2290 petitur,
938 2248 1037 2280 liben-

297 2304 347 2333 ter
372 2300 635 2334 constabilimus.

341 2355 356 2398 ἓ
380 2353 412 2386 1.
439 2354 561 2398 Exponi
599 2353 762 2398 siquidem
798 2355 895 2388 nobis
934 2365 1038 2398 nuper

334 2417 344 2442 1
368 2415 404 2442 De
423 2416 581 2443 huiusmodi
610 2417 690 2443 libris
718 2417 808 2450 agitur
836 2417 944 2443 constit.
972 2417 1036 2443 edit.

297 2466 422 2495 unchVI,
440 2462 483 2488 die
494 2463 524 2488 ⁹21
541 2461 708 2494 novembris,
721 2461 816 2496 pontis.
830 2469 855 2488 Vi
867 2485 875 2496 ‚
888 2467 914 2489 et
930 2462 1035 2489 constit.

298 2504 363 2532 edit.
393 2512 516 2532 uncxcvu
532 2528 539 2540 ,
564 2506 608 2533 die
629 2506 644 2532 3
674 2507 842 2539 decembris,
866 2507 961 2542 pontif.
984 2514 1037 2539 ru,

296 2549 324 2576 in
346 2549 492 2577 Clementis
518 2551 553 2577 XI
583 2552 692 2578 constit.
714 2552 779 2578 edit.
800 2558 918 2585 Mnectv,
943 2551 986 2578 die
1007 2553 1039 2578 13

296 2593 439 2626 februarii,
459 2596 631 2630 pontificatus
644 2603 678 2629 tv,
692 2596 848 2623 conceditur
869 2596 1039 2623 Discalceatis

297 2638 453 2674 provinciae
475 2638 595 2667 Baeticae
614 2640 730 2667 facultas
756 2641 913 2667 celebrandi
929 2641 1038 2668 missam

297 2682 330 2710 de
342 2682 370 2710 B.
387 2681 421 2710 M.
436 2682 465 2709 V.
478 2683 590 2719 singulis
609 2685 673 2712 anni
692 2685 824 2712 sabbatis.

368 2737 449 2766 Bull-
469 2738 554 2768 Rom.
573 2755 608 2760 —·
631 2740 691 2768 Vol.
710 2741 770 2770 XX.
916 2739 966 2768 108

1716 270 1779 302 857

1078 323 1154 356 feeit
1186 324 1322 357 dilectus
1357 324 1442 357 silius
1479 325 1670 360 Frane1seus
1701 328 1775 361 Diaz
1801 341 1817 360 a

1077 377 1108 410 S.
1136 378 1374 418 Bonaventura,
1397 379 1492 411 frater
1518 390 1671 422 expresse
1697 382 1817 423 profes-

1078 440 1130 462 sus
1156 430 1283 463 Ordinis
1301 431 1459 463 Illinorum
1478 432 1579 464 sancti
1600 432 1760 465 Fratre-isti
1779 434 1817 466 de
1856 432 1866 444 ¹¹

1077 484 1287 516 Observautia
1313 491 1586 528 nuncupatorum,
1616 486 1702 528 quod
1732 488 1817 528 (cum

1078 539 1159 581 ipse,
1185 544 1219 570 ut
1243 538 1423 571 iniunctum
1449 540 1510 572 sibi
1536 540 1657 572 dudum
1684 550 1700 571 a
1725 551 1819 573 vene-

1078 591 1170 624 rabili
1199 592 1295 623 fratre
1322 592 1546 625 bonaventura
1573 593 1689 626 Po'erio
1716 594 1820 626 archi-

1079 645 1233 688 episcopo
1250 645 1464 685 Salernitana,
1480 647 1534 689 qui
1551 646 1819 679 tuneniinistrutn

1079 698 1266 739 generalem
1293 698 1368 730 dicti
1395 698 1524 731 Ordinis
1550 699 1674 741 agebat,
1701 710 1818 731 munus

1079 751 1247 792 expleret,
1273 761 1336 783 nou
1374 751 1470 784 modo
1504 751 1724 791 breviarium,
1760 752 1818 784 sed

1079 804 1174 835 etiam
1197 804 1276 836 alios
1295 804 1396 837 libros
1422 804 1531 843 officii,
1556 816 1672 847 nempe
1691 805 1818 845 rituale,

1079 857 1325 897 caeremoniale,
1344 858 1623 900 martyrologium,
1639 858 1766 890 missale
1786 868 1821 890 ac

1080 909 1228 942 diurnale
1255 910 1329 942 dicti
1356 910 1484 942 Ordinis
1515 911 1612 953 longo
1635 911 1746 943 labore
1772 922 1822 944 se-

1079 964 1219 1006 dulaque
1246 966 1320 996 cura
1346 964 1554 1007 disposuerit,
1578 964 1704 1008 ipsique
1731 965 1818 1005 libri,

1081 1017 1162 1059 typis
1184 1017 1215 1049 in
1235 1018 1317 1050 alma
1335 1017 1421 1050 Urbe
1441 1020 1550 1050 nostra
1567 1017 1728 1060 impressi,
1747 1028 1820 1061 pro-

1080 1071 1206 1113 pediem
1232 1070 1263 1103 in
1285 1072 1400 1110 lucem,
1421 1070 1549 1114 praevia
1574 1070 1682 1104 debita
1706 1081 1822 1114 appro-

1079 1124 1219 1163 batione,
1245 1124 1459 1157 benedicente
1486 1124 1632 1163 Domino,
1658 1124 1819 1167 prodituri

1079 1177 1157 1219 sint)
1183 1178 1319 1210 dilectus
1345 1177 1443 1210 etiam
1480 1176 1566 1210 silius
1598 1177 1778 1210 Matthaeus
1803 1189 1820 1210 a

1078 1232 1108 1264 S.
1130 1232 1306 1274 Stephano,
1337 1232 1511 1264 modernus
1541 1231 1692 1264 minister
1719 1242 1821 1274 gene-

1079 1285 1153 1317 ralis
1179 1285 1322 1317 eiusdem
1344 1284 1490 1324 Ordinis,
1517 1285 1668 1317 omnibus
1695 1290 1726 1317 et
1758 1285 1820 1318 sin—

1079 1339 1163 1380 gulis
1189 1339 1359 1381 utriusque
1378 1348 1473 1371 sexus
1491 1337 1640 1381 personis
1659 1338 1727 1371 eius
1745 1338 1821 1371 obe-

1080 1392 1219 1424 dientiae
1246 1403 1300 1424 seu
1329 1391 1500 1424 directioni
1529 1391 1705 1432 subiectis,
1733 1403 1817 1435 quo-

1080 1445 1175 1477 modo
1202 1445 1286 1476 eirea
1316 1455 1410 1476 usum
1443 1444 1634 1477 eorumdem
1662 1444 1820 1477 libroruin

1080 1510 1112 1531 se
1138 1509 1251 1541 gerere
1278 1499 1429 1538 debeant,
1449 1498 1618 1541 praecepit
1637 1504 1668 1531 et
1692 1499 1822 1531 manda-

1080 1552 1122 1584 vit
1148 1562 1302 1594 persnas
1340 1556 1488 1594 patentes
1522 1551 1647 1584 litteras
1681 1552 1823 1594 desuper

1080 1610 1243 1637 emanatas
1273 1605 1394 1638 tenoris
1429 1604 1481 1648 qui
1512 1605 1682 1647 sequitur,
1707 1604 1819 1638 videli-

1080 1664 1147 1691 eet:
1176 1659 1320 1691 «Frater
1344 1658 1522 1690 Matthaeus
1541 1668 1558 1690 a
1583 1657 1614 1690 S.
1639 1657 1819 1701 Stephano,

1081 1713 1182 1745 lector
1207 1712 1382 1751 inhibitus,
1409 1711 1506 1744 totius
1532 1711 1660 1744 Ordinis
1687 1711 1822 1744 fratrum

1080 1767 1239 1799 Minortun
1270 1766 1372 1799 saneti
1400 1765 1500 1809 patris
1531 1765 1632 1798 nostri
1658 1765 1822 1798 Francisei

1083 1819 1228 1852 minister
1253 1819 1414 1862 generalis
1440 1824 1471 1852 et
1497 1828 1625 1859 servus,
1652 1824 1713 1852 ete.
1739 1818 1822 1852 Dile-

1081 1873 1139 1905 etis
1158 1873 1251 1906 nobis
1269 1873 1445 1916 plurimum
1465 1872 1496 1904 iu
1515 1871 1650 1905 Domino
1672 1872 1823 1905 omnibus

1081 1937 1116 1958 ae
1140 1926 1277 1968 singulis
1304 1926 1456 1958 fratribus
1477 1936 1511 1958 ac
1538 1925 1748 1965 monialibus,
1768 1926 1824 1958 ali-

1081 1980 1171 2023 isque
1195 1979 1364 2022 utriusque
1383 1990 1476 2012 sexus
1493 1978 1646 2022 personiS
1665 1979 1821 2012 Ordinum

1081 2039 1111 2066 et
1137 2032 1436 2075 Congregationum
1462 2032 1669 2065 obedientiae
1695 2043 1752 2065 seu
1778 2032 1823 2065 di-

1082 2086 1216 2119 rectioni
1231 2092 1370 2125 nostrae,
1389 2096 1425 2118 ac
1450 2095 1678 2118 suceessorum
1696 2091 1823 2119 nostro-

1082 2152 1162 2180 rum,
1184 2141 1242 2173 sub
1270 2141 1377 2183 aliqua
1396 2151 1411 2173 e
1431 2140 1553 2183 regulis
1568 2150 1585 2172 a
1606 2139 1722 2173 Sancta
1740 2139 1822 2173 Sede

1081 2194 1279 2238 approbatis,
1298 2205 1385 2226 nune
1402 2200 1433 2227 et
1454 2205 1513 2237 pro
1540 2199 1691 2237 tempore
1714 2193 1824 2226 subie-

1081 2249 1139 2280 ctis
1165 2259 1200 2280 ae
1225 2247 1459 2287 subiiciendis,
1482 2247 1617 2280 salutem
1643 2247 1674 2278 in
1700 2246 1744 2279 Eo
1770 2246 1823 2290 qui

1083 2308 1130 2335 est
1154 2312 1229 2334 vera
1258 2302 1356 2334 salus.
1383 2301 1536 2344 Delegata
1574 2310 1634 2343 per
1658 2300 1824 2333 sanctissi-

1081 2366 1167 2387 mum
1205 2355 1371 2388 dominum
1409 2360 1560 2386 nostrum
1596 2353 1823 2386 Innocentium

1083 2409 1199 2451 Papam
1218 2409 1268 2441 Xll
1291 2407 1538 2452 praedecessori
1565 2413 1677 2440 nostro
1705 2417 1823 2450 oppor-

1082 2464 1158 2495 tuna
1184 2463 1335 2495 facultate
1356 2462 1411 2494 ad'
1432 2462 1505 2500 boc,
1526 2467 1569 2501 ut,
1590 2466 1753 2503 tamquam
1771 2459 1825 2493 Se-

1082 2516 1129 2548 dis
1156 2516 1361 2559 ,apostolicae
1391 2514 1658 2554 commissarius,
1687 2524 1826 2556 evange-

1082 2569 1161 2602 licae
1190 2575 1222 2601 et
1247 2569 1447 2612 apostolicae
1472 2567 1639 2600 doetrinae
1658 2576 1824 2599 sacrorum

1083 2633 1266 2663 canonum,
1304 2629 1334 2656 et
1369 2621 1571 2665 generalium
1609 2619 1824 2653 conciliorum

1118 2687 1129 2713 1
1152 2684 1219 2713 Male
1239 2684 1305 2713 edit.
1327 2685 1410 2712 Main.
1432 2683 1499 2718 legit
1517 2686 1544 2710 et
1562 2690 1611 2719 pro
1631 2682 1670 2710 ad
1690 2685 1726 2715 (tt.
1748 2682 1796 2718 τ.),

1826 280 1874 304 An.
1897 279 1924 305 C.
1946 278 2011 306 ¹598

1829 344 1867 363 bus
1883 344 2012 369 praecerssd-

1830 374 1862 391 hu*
1886 371 1923 390 sub
1949 373 2012 390 reiu‹

1830 397 2012 422 xunqnsnumnatn

1830 432 1851 445 u<
1912 425 2012 443 libr-vrum

1830 452 2013 471 ‹btuundbru;uu

1830 482 1928 498 dormit·
1963 484 2014 501 αμυ-

1831 506 1904 525 stulu-a
1924 505 2014 529 ‹ltspnst-

1831 535 1898 551 toiuui
1923 534 1943 550 et
1965 537 2014 551 cuu-

1831 559 1966 578 tit-matorum.
