2227 3225
107 228 154 254 An.
171 227 198 254 C.
222 227 287 254 1697

121 1135 232 1159 Denuntio
241 1140 289 1155 con-

108 1166 121 1182 li
128 1169 228 1184 amarunt.

148 2407 235 2427 §.int-uo
255 2413 304 2434 poe·

876 218 1087 244 lxsocssx'rtt's
1115 218 1157 242 xit
1183 218 1230 241 Pr.

295 273 430 308 iusmodi
457 270 605 314 eligenda
632 271 805 310 restitutas,
823 268 981 311 repositas
1001 272 1032 299 et
1051 266 1055 276 ¹

294 327 440 371 plenarie
459 326 684 366 reintegratus,
697 333 733 355 ac
752 322 791 355 de
806 331 890 354 novo
905 329 1033 353 conces-

295 390 358 420 sas,
369 376 578 421 semperque¹
592 376 712 409 validas
727 385 797 409 esse
811 380 843 407 ct.
854 374 931 414 sore,
946 383 1032 405 suos-

295 442 359 476 que
385 431 551 474 plenarios
584 435 613 462 et
639 429 784 471 integros
811 426 943 460 effectus
968 436 1032 458 sor·

296 485 347 518 tiri
370 491 401 518 et
421 484 580 523 obtinere,
600 492 728 516 necnon
746 482 914 525 episcopo,
935 480 1033 522 digni-

296 538 424 577 tatibus,
451 537 593 581 capitulo
614 541 645 569 et
661 535 825 568 canonicis
847 532 1033 567 huiusmodi

295 602 355 635 pro
382 597 529 635 tempore
555 589 764 623 existentibus
789 593 947 632 perpetuo
972 586 1034 619 sus-

297 645 437 688 sragari,
465 645 576 687 sicque
613 649 644 676 et
668 653 734 676 non
760 642 838 675 alias
864 652 922 685 per
943 651 1034 684 quos-

296 709 435 741 cumque
461 698 586 731 iudices
609 697 792 729 ordinarios
818 701 850 728 et
867 695 1033 737 delegatos

296 752 408 796 quavis
432 752 623 784 auctoritate
646 750 829 792 fungentes,
847 748 972 781 sublata
988 749 1034 780 eis

296 804 440 848 qualibet
464 804 558 836 aliter
578 802 744 836 iudicandi
770 807 803 835 et
828 801 1036 844 interpretan-

297 859 329 891 di
354 858 505 890 facultate
531 862 563 890 et
595 855 810 894 auctoritate,
837 853 972 888 iudicari
1006 858 1037 886 et

299 910 427 947 definiri
453 910 583 950 debere,
610 914 650 948 et,
667 910 692 942 si
717 918 810 941 secus
835 906 1002 950 superbis
1019 917 1037 940 a

297 974 481 1008 quoquam,
519 964 630 1006 quavis
655 961 870 1000 auctoritate,
896 962 1037 994 scienter

296 1019 347 1051 vel
373 1019 570 1059 ignoranter,
585 1015 760 1058 contigerit
785 1014 950 1054 attentari,
970 1013 1038 1048 irri-

299 1077 366 1103 tum
393 1076 424 1103 et
448 1070 545 1103 inane
572 1069 791 1102 decernimus.

345 1125 359 1168 ξ
380 1124 412 1157 0.
439 1123 509 1157 Non
535 1123 743 1156 obstantibus
768 1122 887 1155 nostris
911 1127 941 1155 et
960 1121 1040 1155 Can-

302 1179 453 1212 cellariae
483 1177 679 1220 apostolicae
713 1177 833 1219 regulis
864 1176 902 1209 de
927 1175 1040 1218 gratiis

303 1237 333 1263 ct
351 1230 563 1273 indulgentiis
590 1230 629 1262 ad
653 1229 754 1262 instar
778 1238 842 1261 non
863 1228 1042 1262 conceden-

303 1284 364 1324 dis,
389 1294 425 1316 ac
451 1284 490 1316 de
516 1282 729 1326 exprimendo
755 1292 832 1315 vero
863 1292 970 1314 annuo
995 1293 1042 1314 xa-

303 1338 383 1377 lore,
409 1346 539 1370 necnon
564 1336 603 1368 de
628 1337 698 1368 iure
725 1335 876 1378 quaesito
901 1344 968 1367 non
986 1335 1042 1367 tol-

303 1388 420 1429 lendo,
453 1399 489 1421 ac
515 1388 554 1421 de
587 1386 765 1420 unionibus
799 1387 1042 1420 committendis

303 1443 343 1474 ad
368 1446 489 1484 parteS,
515 1441 636 1473 vocatis
661 1450 800 1482 quorum
824 1439 980 1479 interest,
1007 1450 1043 1472 ac

304 1494 529 1527 Lateranensis
547 1492 681 1526 Concilii
695 1492 871 1525 noxsssime
887 1492 1043 1525 celebrati

303 1546 442 1579 uniones
466 1549 642 1589 perpetuas
666 1545 726 1577 nisi
748 1546 781 1577 in
795 1545 922 1577 casibus
940 1556 957 1577 a
974 1546 1043 1578 iure

304 1599 474 1642 permissis
498 1597 570 1632 fieri
589 1598 806 1641 prohibentis,
824 1608 859 1630 ac
881 1597 1044 1641 quibusvis

305 1653 500 1696 apostolicis,
526 1662 654 1685 necnon
672 1652 705 1683 in
730 1651 948 1694 synodalibus,
973 1662 1046 1695 pro-

304 1705 496 1739 vincialtbus
522 1711 552 1738 et
577 1704 785 1748 generalibus
811 1705 957 1738 conciliis
979 1705 1046 1738 edi-

308 1760 346 1792 tis
370 1759 419 1791 vel
438 1758 583 1797 edendis,
604 1757 908 1799 constitutionibus;
930 1759 1045 1802 quibus

308 1811 470 1851 omnibus,
495 1810 621 1843 etiainsi
655 1811 694 1843 de
720 1810 783 1843 illis
804 1821 983 1854 eorumque
1005 1817 1047 1844 to-

310 1864 349 1897 tis
375 1863 544 1897 tenoribus
569 1863 739 1906 specialis,
762 1863 914 1906 specifica
940 1869 971 1896 et
995 1875 1048 1897 ex-

308 1927 428 1960 pressa,
454 1927 490 1949 ac
515 1917 554 1949 de
573 1917 673 1949 verbo
691 1917 730 1949 ad
755 1917 898 1957 verbum,
916 1927 981 1949 non
1000 1929 1048 1950 au-

312 1976 375 2003 tem
393 1980 453 2013 per
469 1970 630 2003 clausulas
645 1970 817 2012 generales
832 1970 918 2002 idem
934 1970 1049 2013 impor-

312 2029 434 2064 tantes,
459 2023 580 2057 mentio
598 2028 630 2056 et
654 2025 820 2066 expressio
839 2023 877 2056 ad
904 2024 967 2056 hoc
985 2034 1049 2056 ser-

313 2077 415 2109 vanda
440 2077 536 2117 soret,
560 2077 625 2109 illis
639 2076 672 2108 in
690 2086 748 2109 suo
766 2076 882 2109 robore
905 2086 1050 2119 perman-

310 2132 402 2171 sui-is,
427 2130 488 2162 hac
511 2129 581 2162 vice
608 2129 783 2169 dumtaxat,
808 2128 995 2172 specialiter
1018 2135 1049 2162 et

311 2194 475 2228 expresse,
488 2185 577 2216 iuxta
597 2183 765 2216 decretum
782 2182 1050 2225 Congu-[gationis

313 2237 408 2271 rebus
432 2236 709 2270 consistorialibus
738 2236 944 2279 praepositae
961 2263 969 2277 ,
996 2237 1051 2269 lia-

314 2302 385 2324 rum
403 2291 486 2324 serie
503 2291 712 2334 derogamus,
733 2290 905 2324 contrariis
920 2291 1051 2334 quibus-

314 2355 463 2389 cumque.

358 2399 450 2444 3110.
487 2399 573 2434 Nulli
604 2410 684 2442 ergo
721 2399 855 2432 omnino
881 2398 1051 2432 hominum

316 2454 410 2487 liceat
422 2454 506 2486 hanc
520 2453 670 2497 paginam
682 2458 813 2486 nostrae
825 2453 1050 2496 separationis,

317 2507 620 2548 dismembrationis,
647 2508 895 2550 segregationis,
921 2506 1052 2539 divisio-

353 2580 363 2604 1
387 2577 459 2604 Edit.
479 2578 562 2604 Main.
584 2578 649 2613 legit
666 2586 780 2612 semper
800 2586 846 2613 pro
867 2585 1050 2612 semperque,

317 2625 347 2649 ut
364 2626 405 2649 est
424 2622 451 2649 in
473 2622 569 2650 Gallia
590 2623 761 2651 Ghiislt'ana
780 2630 823 2658 gn.
843 2622 893 2657 T.).

1073 268 1142 305 nis,
1170 264 1400 307 exemptionis,
1428 264 1649 300 liberationis,
1677 264 1807 297 decora-

1075 319 1184 359 tionis,
1210 317 1397 356 erectionis,
1424 317 1652 357 institutionis,
1679 328 1811 351 conces-

1073 371 1183 411 sionis,
1210 371 1443 410 attributionis,
1470 371 1709 412 assignationis,
1737 372 1812 403 sub-

1074 425 1255 463 ventionis,
1286 422 1543 467 suppressionis,
1580 423 1810 464 extinctionis,

1074 477 1214 517 unionis,
1247 477 1458 516 annexionis,
1484 475 1728 519 applicationis,
1757 488 1812 520 ap-

1075 530 1321 574 propriationiS,
1359 529 1589 567 translationis,
1626 530 1814 570 voluntatis,

1075 583 1235 624 mandati,
1274 582 1522 626 impartitionis,
1551 581 1812 625 suppressionis,

1077 638 1304 677 extinctionis,
1332 636 1581 676 reservationis,
1608 635 1737 676 indulti,
1764 636 1816 669 de-

1077 690 1157 723 creti
1190 695 1221 723 et
1252 689 1473 732 derogationis
1498 690 1687 732 infringere,
1713 694 1767 722 aut
1788 689 1817 722 ei

1077 754 1154 775 ausu
1176 743 1349 776 temerario
1369 743 1546 783 contraire3
1574 742 1600 775 si
1620 742 1691 785 quis
1709 748 1817 775 autem

1079 797 1140 829 boc
1165 801 1325 829 attentare
1357 795 1634 839 praesumpserit,
1670 795 1819 838 indigna-

1079 850 1201 883 tionem
1236 849 1472 892 omnipotentis
1505 848 1559 881 Dei
1589 858 1625 881 ac
1649 849 1819 881 beatorum

1079 903 1164 935 Petri
1190 908 1222 936 et
1245 902 1338 935 Pauli
1362 903 1588 946 apostolorum
1613 902 1682 936 eius
1707 912 1741 936 se
1766 912 1821 935 no-

1079 955 1162 989 verit
1185 955 1404 988 incursurum.

1124 1009 1237 1043 Datum
1259 1009 1390 1049 Romae,
1424 1009 1509 1053 apud
1542 1008 1573 1042 S.
1602 1008 1735 1041 Mariam
1760 1008 1823 1041 Ma-

1081 1063 1201 1104 iorem,
1246 1073 1331 1096 anno
1374 1062 1610 1095 Incarnationis
1640 1061 1821 1095 dominicae

1081 1126 1245 1157 nncxovn,
1270 1126 1315 1149 vn
1332 1116 1486 1149 kalendas
1512 1115 1591 1156 iulii,
1612 1114 1823 1159 pontificatus

1082 1170 1186 1204 nostri
1213 1180 1298 1203 anno
1323 1179 1367 1203 v1.

1119 1233 1177 1260 Dat.
1200 1232 1244 1260 die
1264 1232 1297 1261 25
1316 1231 1384 1260 iunii
1409 1231 1487 1265 1697,
1509 1230 1604 1267 pontif.
1625 1238 1697 1259 anno
1716 1237 1751 1259 Vl.

1413 1373 1497 1407 CLII.

1087 1454 1308 1496 Confirmatio*
1347 1453 1510 1486 decretum
1554 1453 1824 1496 Conqreyaez'onis

1127 1508 1266 1541 Rittium,
1298 1506 1335 1539 (Ie
1366 1506 1457 1538 cultu
1485 1506 1736 1538 immemorabili
1759 1516 1826 1538 ser-

1128 1571 1185 1594 vae
1209 1561 1269 1593 Dei
1293 1560 1418 1592 Mariae
1441 1559 1479 1592 de
1505 1560 1616 1602 Capite
1632 1559 1653 1592 ¹.

1273 1640 1472 1667 Innocentius
1488 1640 1573 1675 ‚Papa
1588 1640 1640 1668 XII

1227 1685 1264 1712 ad
1284 1685 1419 1712 futuram
1439 1685 1484 1712 rei
1507 1685 1692 1712 memoriam.

1133 1756 1339 1800 Apostolicae
1364 1756 1527 1790 servitutis
1554 1755 1714 1795 officium,
1741 1754 1827 1799 quod

1090 1810 1309 1844 inscrutabilis
1351 1810 1476 1843 divinae
1514 1809 1694 1853 sapientiae
1731 1815 1828 1852 atque

1090 1863 1278 1897 clementiae
1305 1863 1440 1896 altitudo
1466 1863 1643 1896 humilitati
1669 1869 1763 1906 atque
1785 1863 1830 1894 in-

1090 1916 1233 1949 firmitati
1258 1922 1389 1949 nostrae
1426 1917 1559 1949 credere
1592 1917 1723 1959 dignata
1757 1921 1826 1955 est,

1090 1970 1266 2003 salubriter
1284 1969 1410 2012 exequi,
1430 1969 1617 2013 adspirante
1636 1969 1767 2012 superni
1786 1969 1831 2000 sa-

1091 2023 1175 2056 voris
1200 2023 1333 2062 auxilio,
1361 2023 1479 2064 iugiter
1504 2028 1695 2064 satagentes,
1722 2022 1830 2055 beata-

1091 2087 1161 2109 rum
1179 2075 1298 2108 Christi
1324 2076 1515 2108 ancillarum
1531 2075 1564 2107 in
1582 2074 1679 2107 caelis
1699 2085 1770 2108 cuni
1791 2085 1829 2108 eo

1092 2129 1310 2172 regnantium,
1335 2128 1368 2161 in
1394 2128 1510 2171 quibus
1536 2127 1690 2160 nimirum
1716 2133 1830 2171 utpote

1092 2183 1229 2216 vasculis
1260 2180 1532 2214 imbecillioribus
1563 2191 1644 2224 opus
1677 2181 1830 2214 dexterae

1093 2236 1210 2270 excelsi
1231 2235 1414 2268 mirabilius
1436 2245 1472 2267 ae
1493 2234 1647 2267 illustrius
1673 2234 1829 2278 apparuit,

1093 2291 1215 2322 cultum
1240 2294 1270 2322 et
1295 2288 1540 2321 venerationem
1557 2288 1589 2320 in
1615 2288 1709 2321 terris
1730 2287 1832 2321 liben-

1093 2351 1142 2377 ter
1166 2353 1413 2387 promovemus,
1443 2342 1527 2375 sicut
1560 2342 1614 2385 pia
1644 2341 1832 2375 sublimium

1131 2444 1140 2469 1
1159 2442 1187 2469 ln
1203 2441 1310 2469 constit.
1326 2441 1392 2469 edit.
1411 2447 1544 2471 sincxcw,
1561 2440 1603 2468 die
1619 2440 1653 2467 30
1667 2440 1746 2474 iunii,
1762 2448 1831 2475 pon-

1093 2489 1133 2515 tit'.
1150 2495 1175 2522 v,
1193 2492 1265 2514 extat
1284 2487 1453 2514 confirmatio
1471 2487 1559 2513 cultus
1575 2486 1670 2513 heatae
1685 2485 1783 2512 Mariae
1799 2486 1831 2512 de

1093 2533 1185 2565 Soros,
1206 2537 1232 2558 et
1251 2532 1277 2558 in
1298 2532 1443 2559 Clementis
1462 2531 1496 2558 Xl
1517 2531 1624 2558 constit.
1645 2530 1709 2557 edit.
1730 2536 1830 2564 MDccx,

1094 2577 1135 2602 die
1160 2579 1188 2602 to·
1210 2577 1296 2602 inartii
1310 2598 1316 2610 ‚
1337 2576 1432 2611 pontif.
1453 2585 1487 2610 x,
1507 2575 1595 2602 cultus
1616 2573 1711 2601 beatae
1731 2573 1831 2601 Luciae

1094 2621 1127 2648 de
1148 2620 1257 2648 Narnia.

1709 206 1771 238 78²0*
1819 214 1865 240 An.
1885 213 1910 239 (ἱ,
1938 213 1999 239 iao-1

1867 1765 1985 1785 vainan,
