2227 3225
864 219 957 242 ixnex
987 220 1185 243 ariminium
1682 211 1745 245 985

257 272 400 305 xxxvn.
420 273 664 310 Confirmantur,
682 271 880 311 innovantur,
900 271 997 303 dccla-
1023 274 1024 310 ᾗ
1139 276 1190 303 tua
1215 271 1354 303 ecclesiis
1380 272 1510 303 fratrum
1546 273 1577 305 S.
1606 274 1729 306 Ioannis
1755 273 1791 307 (le

344 330 454 358 rantur
479 328 508 358 et
532 323 726 367 ampliantur
756 323 997 356 constitutiones
1022 313 1025 332 ¹
1140 323 1212 362 Deo,
1240 323 1288 355 die
1314 333 1369 356 vui
1398 324 1513 360 martii,
1540 324 1612 357 ⁶219.

345 376 516 410 Innocentii
541 376 577 409 XI
594 376 791 419 aliorumque
810 382 918 409 contra
933 387 998 409 sur-
1023 373 1025 388 ¹
1051 376 1098 409 XI.
1125 376 1335 408 Confirmatur
1360 381 1389 409 et
1414 377 1580 410 innovatur
1610 380 1791 413 constitutio

345 430 492 474 rIpientes
511 430 557 462 vel
583 430 751 463 retinentes
771 430 908 462 {lostiaiu
929 440 999 463 con-
1023 436 1025 454 ¹
1140 428 1255 461 Urbani
1284 430 1347 463 viil
1374 441 1432 474 pro
1454 430 1693 464 necessitatibus
1710 433 1794 465 loco-

343 488 510 522 sccratam,
538 482 610 515 160.
707 497 710 499 ·
1140 492 1209 513 ium
1236 483 1312 515 ferr
1316 487 1488 521 acsanctae,
1513 483 1586 515 §220

257 536 416 569 xxxviii.
445 536 677 570 Confirmantur
694 536 847 580 quaedam
873 533 1026 570 decreta
1052 535 1113 568 XII
1134 535 1331 568 Reioeantui
1346 535 1557 568 immunitates
1575 540 1607 567 ct
1621 537 1795 581 ixcmptio-

345 589 471 633 capituli
498 590 652 633 generalis
678 590 802 623 Ordinis
828 581 1026 623 Servorum
1140 598 1194 621 nes
1220 599 1235 620 a
1262 589 1362 625 tedia
1346 589 1467 631 galibus
1500 589 1632 633 aliisque
1658 590 1793 633 publicis

344 643 374 675 B.
402 642 439 674 M.
469 642 514 681 V„
540 642 614 675 1132.
1141 642 1302 682 oneiilms,
1328 622 1401 675 2321.

258 695 394 729 xxxix.
429 695 619 729 Conceditur
655 695 778 728 clericis
812 696 997 728 Scliolarum
1024 705 1025 709 ¹
1054 696 1131 728 XIII.
1160 695 1309 728 Indicitui
1339 696 1508 729 iubilacum
1541 696 1717 729 universale
1742 697 1796 730 ini-

347 748 471 781 riarum
499 749 627 781 facultas
652 748 812 781 emittendi
835 749 998 792 profi-ssio-
1141 748 1183 781 tio
1208 749 1410 793 pontificatus
1443 760 1502 792 pro
1535 750 1663 783 salutari
1690 751 1796 783 Eccle-

346 812 417 834 ncm
443 808 512 834 antc
539 802 700 834 biennium
726 802 904 843 novitiatus⁷
929 802 996 835 166,
1141 801 1204 834 siae
1229 801 1396 845 regimine,
1417 801 1490 835 227.

1022 857 1025 900 j
1053 854 1126 887 xlv.
1154 854 1366 887 Confirmatur
1398 855 1566 887 concordia
1599 865 1694 899 super
1727 866 1796 889 ere-

453 907 709 941 INNOCENTIUS
736 908 797 940 XII.
1024 902 1025 906 ¹
1140 907 1242 939 ctione
1263 907 1429 940 cathedrae
1454 907 1633 951 theologiae
1665 908 1694 940 in
1719 908 1796 941 uni-

1024 962 1026 985 t
1141 960 1288 992 versitate
1320 960 1446 993 Oscensi
1485 961 1558 993 inita
1584 961 1665 994 inter
1691 972 1797 995 mona-

256 1014 278 1047 1.
303 1014 523 1048 Conceduntur
548 1014 711 1058 privilegia
745 1020 771 1045 et
806 1014 923 1046 indulta
949 1014 999 1046 da-
1024 1006 1026 1023 ¹
1141 1012 1215 1045 chos
1229 1013 1451 1046 Cistercienses
1469 1013 1729 1057 Congregationis
1743 1015 1797 1048 Hi-

344 1067 454 1111 piferis
479 1067 580 1100 ultimi
607 1067 773 1106 conclavis,
793 1066 865 1099 168,
1025 1067 1026 1082 ¹
1143 1066 1323 1109 spaniarum
1361 1072 1389 1098 et
1422 1066 1604 1111 episcopum
1633 1067 1796 1112 aliosque,

257 1121 291 1153 ll.
318 1119 541 1153 Conceduntur
562 1119 725 1163 privilegia
748 1125 777 1152 et
794 1119 911 1162 gratiae
930 1130 999 1152 con·
1025 1111 1026 1130 ¹
1142 1118 1218 1151 228.

345 1173 482 1206 clavistis
507 1173 660 1217 postremi
682 1173 849 1213 conclavis,
875 1173 948 1206 171.
1025 1174 1027 1179 ’
1054 1171 1111 1204 XV.
1138 1172 1359 1205 Conceduntur
1395 1173 1559 1216 privilegia
1590 1173 1796 1207 familiaribus

257 1226 308 1260 lll.
335 1226 558 1269 Promulgatur
582 1226 776 1259 canonizatio
802 1226 830 1259 S.
863 1226 998 1259 Caietaui
1026 1210 1028 1249 ¹
1142 1226 1318 1259 Sanctitatis
1343 1227 1423 1259 Suae
1447 1226 1521 1259 2:31.

346 1280 495 1314 Thienaei
522 1279 716 1313 Clericorum
737 1281 940 1323 Regularium
960 1281 1001 1313 in·
1026 1274 1028 1323 ¹
1055 1280 1128 1313 xxi.
1159 1280 1395 1313 Confirmantur
1409 1280 1646 1313 constitutiones
1665 1280 1797 1314 fratrum

345 1334 499 1367 stitutoris
530 1335 591 1366 una
629 1345 699 1366 cum
735 1334 936 1377 indulgentiis
971 1334 1000 1367 in
1026 1325 1028 1351 ³¹
1146 1334 1175 1366 B.
1196 1333 1308 1366 Mariae
1331 1333 1369 1365 de.
1394 1333 1536 1366 Mercede
1562 1334 1798 1378 Redemptionis

347 1388 413 1421 eius
439 1388 526 1427 festo,
552 1388 625 1420 175.
1026 1394 1028 1409 2
1143 1387 1356 1430 Captivorum,
1381 1386 1454 1419 ⁶2:3⁶2.

259 1443 304 1476 lv.
332 1442 553 1485 promulgatur
571 1442 764 1474 canonizatio
778 1441 804 1474 S.
821 1442 945 1475 loannis
963 1442 1001 1474 de
1027 1431 1028 1463 ¹
1057 1440 1142 1473 XVII.
1169 1440 1401 1473 Confiriuantur
1419 1440 1572 1483 quaedam
1593 1441 1719 1473 decreta
1737 1441 1798 1473 fra-

347 1495 410 1527 Deo
428 1496 488 1527 una
515 1505 584 1526 cum
605 1494 797 1537 indulgentia
821 1494 850 1526 in
876 1495 942 1526 eius
964 1495 1001 1527 fe·
1027 1478 1029 1524 ¹
1144 1498 1227 1526 trum
1262 1493 1472 1525 Eremitarum
1506 1494 1603 1527 sancti
1636 1494 1798 1536 Augustini

349 1553 406 1588 sto,
432 1547 505 1581 1186.
1027 1548 1029 1559 ¹
1144 1546 1324 1589 provinciae
1351 1546 1491 1579 Beaticae
1518 1546 1602 1579 circa
1628 1546 1799 1580 institutio-

258 1601 291 1634 V.
319 1601 541 1644 promulgatur
566 1601 759 1633 canonizatio
784 1601 813 1633 S.
840 1601 963 1634 Ioannis
985 1612 1000 1633 a
1026 1600 1028 1629 ι’
1142 1609 1213 1631 nem
1240 1609 1394 1631 novorum
1423 1599 1658 1641 magistrorum,
1681 1599 1754 1633 405.

347 1654 376 1686 S.
396 1653 677 1687 FacundoOrdinis
688 1654 891 1686 eremitarum
907 1655 1001 1688 S.Au-
1027 1657 1029 1695 ζ
1054 1653 1157 1686 xvlll.
1190 1652 1384 1685 Permittitur
1418 1652 1593 1685 moderatio
1626 1653 1799 1696 particulae

348 1707 475 1750 gustini,
492 1708 555 1740 una
580 1717 651 1739 curn
679 1707 872 1750 indulgentia
891 1708 919 1739 in
935 1707 1002 1740 eius
1027 1698 1029 1713 ¹
1143 1705 1404 1738 constitutionum
1423 1705 1549 1738 Ordinis
1568 1706 1620 1739 SS.
1641 1706 1799 1739 Trinitatis

349 1761 437 1801 festo,
462 1760 534 1794 196.
1027 1754 1029 1771 ³
1142 1758 1369 1802 redemptionis
1394 1759 1590 1802 captivorum
1618 1759 1796 1792 Discalcea-

259 1814 306 1848 Vl.
327 1814 551 1856 Promulgatur
576 1814 771 1847 canonizatio
797 1814 825 1847 S.
845 1814 1002 1846 paschatis
1027 1803 1029 1819 ¹
1144 1817 1246 1844 torum
1272 1811 1533 1855 Congregationis
1568 1812 1735 1856 Hispaniae
1759 1813 1797 1845 de

348 1867 464 1911 Baylon
496 1865 622 1900 Ordinis
653 1866 807 1899 Minorum
834 1867 1003 1900 Discalcea-
1027 1860 1029 1868 ’
1143 1865 1303 1898 nonnullis
1323 1865 1361 1897 ad
1387 1865 1528 1898 habitum
1555 1875 1618 1898 non
1644 1866 1798 1910 recipien-

348 1926 463 1962 torum,
487 1922 549 1953 una
574 1930 644 1953 cum
671 1919 865 1964 indulgentia
888 1920 917 1952 in
935 1920 1002 1953 eius
1143 1920 1201 1961 dis,
1221 1920 1294 1953 407.

348 1974 437 2015 festo,
462 1973 536 2007 ⁶205.
1055 1973 1127 2007 xtx.
1154 1973 1343 2008 Conceditur
1367 1973 1501 2016 collegio
1526 1974 1554 2007 S.
1573 1974 1697 2006 Antonii
1723 1974 1798 2007 civi—

261 2028 322 2062 Vll.
340 2027 494 2062 Statuitur
509 2033 542 2061 ut
559 2028 640 2061 dieta
662 2027 850 2060 intermedia
868 2027 1002 2071 Congre-
1144 2027 1215 2060 tatis
1239 2027 1357 2060 Cuscau
1383 2027 1412 2059 in
1436 2027 1530 2059 Indiis
1547 2027 1799 2060 Occidentalibus

350 2081 483 2124 gationis
514 2081 742 2114 monachorum
768 2081 1001 2114 Cassinensium
1142 2081 1306 2113 facultates
1331 2080 1511 2114 conferendi
1538 2081 1654 2123 gradus
1680 2081 1799 2115 schola-

348 2134 528 2169 celebretur
545 2140 614 2179 post
632 2135 794 2168 biennium
813 2145 829 2168 a
855 2136 1001 2180 capitulo,
1028 2126 1029 2149 ¹
1144 2134 1248 2175 sucos,
1273 2134 1348 2167 409.

350 2188 425 2222 215.
1028 2182 1030 2209 ¹
1057 2190 1119 2222 XX.
1149 2188 1362 2222 Confirmatur
1388 2187 1550 2221 decretum
1576 2188 1800 2232 Congregatio-

261 2242 335 2276 VIII.
360 2241 572 2275 Confirmatur
597 2242 757 2276 decretum
777 2247 886 2276 contra
912 2243 1004 2276 dona-
1028 2235 1030 2262 ¹
1144 2242 1191 2275 nis
1214 2241 1414 2286 particularis
1447 2241 1476 2274 in
1509 2243 1600 2274 causa
1627 2243 1796 2275 nonnulla-

351 2295 451 2328 tiones
465 2305 500 2328 ac
513 2295 716 2329 remissiones
728 2301 795 2340 post
810 2307 876 2329 rem
892 2296 1004 2329 iudica·
1029 2284 1030 2318 ¹
1145 2306 1214 2328 rum
1240 2295 1474 2339 provinciarum
1507 2294 1632 2328 Ordinis
1662 2295 1795 2329 Cartliu-

351 2354 413 2381 tam
431 2349 588 2382 bonorum
611 2349 746 2382 fabricae
771 2350 800 2383 S.
818 2350 911 2391 Petri,
929 2350 1003 2384 ⁶217.
1146 2349 1265 2391 siensis7
1291 2349 1365 2382 4111.

263 2403 313 2436 lx.
328 2402 550 2436 Conceduntur
566 2402 731 2447 privilegia
749 2403 925 2446 spiritualia
942 2415 1005 2437 nio·
1058 2404 1132 2437 XXI.
1159 2403 1392 2437 Confirmantur
1416 2403 1541 2436 decreta
1567 2403 1649 2435 circa
1669 2403 1799 2435 alterna-

352 2456 527 2489 nachorum
554 2457 814 2499 Congregationis
845 2457 1005 2491 Cassinen-
1146 2457 1238 2489 tivam
1266 2457 1348 2489 inter
1369 2457 1479 2489 fratres
1504 2456 1639 2489 Minores
1656 2456 1684 2489 S.
1706 2456 1800 2489 Fran-

353 2509 410 2541 sim
437 2509 681 2553 Congregationi
697 2510 1005 2544 Benedictino-Bava-
1030 2539 1031 2546 .
1147 2510 1220 2543 cisci
1238 2510 1274 2543 de
1292 2509 1497 2544 Obseivantia
1523 2509 1712 2542 reformatos
1730 2520 1800 2554 pro-

354 2561 447 2602 ricae,
467 2537 541 2596 021}
1029 2550 1033 2596 ¹
1146 2564 1265 2597 vinciae
1290 2564 1318 2598 S.
1345 2563 1474 2605 Nicolai‚
1499 2562 1573 2596 419

264 2616 300 2649 X.
325 2614 514 2649 Conceditur
531 2615 722 2660 indulgentia
738 2616 878 2661 plenaria
898 2626 1006 2661 perpe
1029 2588 1034 2663 ¹
1056 2617 1146 2651 XXII
1172 2617 1359 2652 Conceditur
1385 2616 1530 2650 ministro
1551 2615 1689 2660 geneiali
1705 2616 1798 2650 Tertii

370 2678 451 2708 Bull
471 2678 554 2707 Rom.
574 2694 608 2701 —
630 2680 689 2709 Vol.
712 2680 769 2708 XX
918 2680 967 2708 124
