2254 3225
194 233 242 261 An.
264 231 291 259 C.
312 232 373 259 mat
422 223 485 255 (22³ss

220 1673 260 1693 Pro
271 1671 319 1691 dote
330 1674 388 1691 men-

203 1705 240 1719 sie
263 1697 388 1723 episcopalis

205 1727 324 1749 affiguntur
349 1723 387 1743 ab·

204 1751 263 1772 batia
284 1750 388 1770 ecclesiae

204 1777 228 1797 S,
252 1778 307 1797 Petri
329 1776 389 1796 Psal-

204 1803 327 1825 iiiodteusis.

390 287 439 313 tur
465 286 495 313 ct
519 280 683 323 gaudent,
709 289 745 312 ac
769 278 825 319 uti,
856 277 954 322 potiri
981 283 1013 310 et
1048 286 1123 319 gau-

389 335 467 367 dere
498 339 635 377 possunt
668 339 700 367 ct
733 336 887 376 poterunt
920 328 1124 374 quomodoli-

389 387 445 420 bet
465 386 497 419 in
523 386 676 425 futurum,
697 385 735 418 de
760 384 919 418 similibus
937 381 1073 415 consilio
1093 385 1125 414 et

390 439 560 483 potestatis
589 437 809 482 plenitudine,
839 436 924 469 dicta
948 433 1125 478 apostolica

391 492 597 532 auctoritate,
624 496 782 534 perpetuo
808 489 961 531 erigimus
982 492 1013 520 et
1035 485 1126 519 insti-

393 545 532 586 tuimus;
552 556 588 577 ac
613 544 718 577 eidem
745 543 790 575 sic
815 546 940 574 erectae
965 538 1124 572 ecclesiae

393 597 551 632 Alesiensi
588 597 694 639 ipsum
727 594 883 638 oppidum
915 593 960 626 sic
987 592 1020 624 in
1052 591 1127 623 civi·

394 656 490 683 tatem
512 654 657 682 erectum
682 658 741 691 pro
767 646 903 685 civitate,
921 650 950 677 et
968 644 1031 677 alia
1054 648 1127 676 octo

394 704 537 736 civitates
561 706 765 744 nuncupata,
791 710 826 732 ac
852 698 913 731 alia
937 697 1127 739 trigintasex

395 757 551 789 inferiora
576 754 714 798 oppida,
747 759 778 786 et
810 753 939 795 reliqua
962 750 1125 793 qninqua-

395 811 483 852 ginta
512 809 653 852 quinque
678 806 842 850 oppidula,
868 815 939 837 cum
964 814 1077 837 eorum
1096 813 1128 835 o·

394 863 515 896 mnium
545 868 576 895 et
608 861 808 904 singulorum
833 858 1014 902 respective
1039 867 1131 900 paro-

396 916 480 949 chiis
506 921 538 948 et
562 913 739 955 territorio,
766 911 1003 956 quinquaginta
1027 909 1131 953 longi-

396 969 518 1009 tudine,
549 967 719 1001 latitudine
744 976 819 998 vero
845 964 977 1006 triginta
1001 962 1132 996 circiter

395 1021 587 1055 milliaribus
611 1020 727 1053 italicis
741 1025 881 1059 extenso,
899 1027 958 1060 pro
980 1015 1130 1056 dioecesi,

396 1084 526 1107 necnon
543 1071 794 1106 ecclesiasticas⁴
816 1080 876 1113 pro
896 1070 995 1108 clero,
1014 1074 1046 1102 et
1065 1078 1133 1101 sae-

397 1129 522 1161 culares
541 1136 697 1169 personas
710 1136 770 1168 pro
786 1124 916 1167 populo,
931 1123 969 1156 de
983 1121 1129 1162 consilio,

396 1184 554 1223 potestate
580 1185 611 1212 et
636 1178 824 1211 auctoritate
850 1176 1019 1215 similibus,
1036 1175 1133 1208 etiam

396 1238 557 1277 perpetuo
583 1230 801 1269 concedimus,
820 1229 1023 1262 attribuimus
1041 1233 1072 1261 et
1089 1238 1133 1261 as-

397 1286 574 1328 signamus,
593 1284 832 1326 civitatemque,
848 1283 970 1315 clerum
984 1287 1015 1314 et
1030 1291 1133 1324 popu-

396 1341 462 1373 lum
478 1338 664 1371 huiusmodi
686 1337 838 1380 episcopo
854 1334 1011 1368 Alesiensi
1027 1333 1133 1378 quoad

398 1392 629 1436 episcopalem,
640 1395 670 1423 et
685 1389 933 1432 archiepiscopo
947 1387 1135 1420 Narbonen-

397 1446 435 1485 si,
453 1456 512 1488 pro
533 1450 677 1487 tempore
704 1441 930 1481 existentibus,
947 1440 1053 1484 quoad
1071 1450 1135 1473 me·

398 1497 618 1541 tropoliticam
639 1495 893 1528 iurisdietionem
911 1500 942 1527 et
959 1493 1135 1537 superiori·
1155 1507 1156 1511 ¹

399 1557 509 1591 tatem,
528 1550 565 1583 de
591 1549 725 1593 paribus
751 1548 889 1582 consilio
909 1553 938 1580 ct
963 1547 1133 1590 potestatis

398 1603 612 1649 plenitudine,
630 1602 724 1635 etiam
750 1606 908 1645 perpetuo
934 1599 1131 1632 subiicimus.

444 1658 459 1702 ἓ
482 1657 513 1691 3.
540 1657 584 1689 Ac
608 1655 755 1698 insuper,
792 1664 864 1686 cum
890 1653 1024 1686 dilectus
1048 1652 1134 1686 silius

399 1710 578 1745 Ludoviffls
604 1709 642 1742 de.
668 1707 838 1747 Calvieres,
866 1706 964 1738 abbas
989 1705 1135 1739 abbatiae

400 1764 476 1798 olim
501 1763 608 1796 forsan
642 1759 818 1802 regularis,
841 1759 896 1791 scd
933 1758 995 1791 iarn
1023 1768 1132 1800 nunc,

400 1817 488 1851 omni
507 1816 538 1848 in
561 1818 597 1848 ea
613 1813 822 1856 regularitate
841 1816 996 1851 cessante,
1014 1811 1052 1844 ad
1071 1821 1136 1844 sac-

401 1872 545 1905 cularem
576 1874 692 1901 statum
725 1866 874 1899 redactae
907 1864 1081 1897 saecularis
1105 1869 1136 1897 et

400 1923 593 1965 collegiatae
624 1919 780 1953 ecclesiae
813 1918 845 1951 S.
873 1918 959 1951 Petri
995 1917 1135 1950 Psalmo-

401 1976 520 2011 diensis
535 1976 630 2017 vulgo
647 1973 684 2006 de
702 1971 862 2005 Psalniodi
884 1976 1088 2014 nuncupatae
1102 1971 1134 2003 in

401 2030 521 2074 oppido
547 2029 930 2071 Aquaruiii-mortuarum
957 2024 1058 2058 dictae
1076 2023 1136 2057 Ne-

401 2081 578 2116 mausensis
605 2079 764 2113 dioecesis
789 2078 967 2117 existentis,
986 2077 1135 2120 regimini

402 2142 434 2170 ct
464 2132 736 2168 administrationi
773 2131 877 2164 dictae
908 2130 1074 2170 abbatiae,
1101 2140 1137 2164 ac

402 2189 489 2222 omni
516 2193 547 2220 et
571 2187 762 2228 cuicumque
788 2184 848 2216 iuri
873 2183 933 2217 sibi
959 2183 991 2216 in
1013 2184 1067 2216 illa
1087 2185 1136 2217 vel

402 2243 442 2275 ad
477 2242 563 2274 illam
600 2238 846 2282 quomodolibet
877 2236 1076 2280 competenti
1106 2242 1138 2270 et

401 2305 460 2339 per
485 2304 557 2326 eum
584 2296 769 2335 praetenso,
789 2290 822 2322 in
847 2289 994 2322 manibus
1018 2289 1137 2322 nostris

402 2348 441 2381 ad
466 2345 718 2390 praemissorum
739 2348 770 2376 ct
794 2342 1073 2386 infrascriptorum
1092 2342 1137 2376 es·

403 2402 523 2434 sectum
564 2397 725 2437 cesserit;
762 2406 886 2439 nosque
922 2395 1136 2429 cessationem

404 2453 549 2487 eamdem
575 2461 611 2484 ex
634 2450 717 2483 (licta
749 2450 845 2481 causa
874 2448 1059 2481 duxerimus
1085 2448 1138 2481 ad-

403 2505 612 2539 mittendam:
632 2513 699 2542 nos,
727 2501 887 2534 abbatiam
913 2501 1025 2544 ipsam,
1041 2506 1072 2533 et
1097 2501 1136 2533 ti·
1158 2515 1160 2536 2

441 2579 450 2603 1
476 2576 545 2603 Edit.
575 2574 655 2601 Main.
685 2578 710 2600 ct
738 2573 818 2600 ctiam
846 2571 940 2599 Gallia
969 2571 1137 2600 Christiana

404 2624 454 2658 leg.
476 2620 606 2647 ecclc-sias
629 2625 662 2651 Ji.
686 2619 733 2654 R).

963 227 1140 253 BULLARIUM
1165 225 1320 251 ROMANUM

1165 274 1266 307 tulum
1297 273 1510 313 collativum,
1538 276 1569 304 et
1599 267 1897 303 denominationem

1165 325 1311 359 abbatiae
1337 330 1369 359 et
1393 324 1595 367 collegiatae,
1613 322 1705 355 firma
1730 319 1896 363 ceteroqui

1165 385 1354 412 remanente
1368 378 1453 411 illius
1466 375 1725 421 parocliialitate,
1738 372 1792 407 de⁴
1807 383 1898 417 prae-

1166 431 1220 464 sati
1232 431 1384 464 Ludovici
1400 431 1486 472 regis
1500 429 1553 472 (ad
1566 439 1671 472 quem,
1685 428 1760 460 dum
1774 427 1828 460 illa
1837 435 1897 469 pro

1166 489 1311 526 ternpore
1329 487 1428 522 vacat,
1449 482 1498 514 ius
1523 481 1562 514 ad
1587 481 1676 514 illam
1700 477 1897 518 nominandi,

1167 536 1278 578 vigore
1299 535 1568 568 concordatorum
1593 533 1714 566 dudum
1740 532 1825 564 inter
1844 531 1900 564 Se-

1168 588 1241 621 dem
1274 587 1496 631 Apostolicam
1528 591 1560 619 et
1588 587 1694 619 clarae
1723 584 1900 617 memoriae

1168 641 1373 674 Franciscum
1391 640 1468 673 olim
1493 639 1681 672 eorumdem
1705 637 1903 671 Francorum

1170 704 1280 737 regem
1309 693 1476 733 initorum,
1494 692 1658 736 pertinere
1688 690 1902 733 dignoscitur)

1170 745 1333 786 assensti³,
1348 751 1506 790 perpetuo
1526 755 1656 789 quoque
1670 743 1903 787 supprimimus

1172 805 1204 832 et
1217 799 1453 842 extinguimus;
1476 809 1512 832 ac
1533 798 1619 831 illius
1636 797 1681 830 sic
1698 806 1904 840 suppressam

1173 859 1204 886 et
1220 853 1391 886 extinctam
1416 851 1633 884 abbatialem³
1657 850 1762 894 (cuius
1785 850 1905 882 fructus

1173 905 1212 939 ad
1230 906 1424 949 quingentos
1442 905 1582 937 florenos
1603 903 1671 936 auri
1689 903 1721 936 in
1743 902 1834 936 libris
1850 901 1907 935 Ca-

1175 969 1282 992 merac
1313 957 1520 1001 Apostolicae
1550 956 1646 990 taxati
1679 956 1904 1000 reperiuntur,

1174 1021 1267 1044 verus
1289 1015 1396 1043 antem
1428 1011 1517 1043 valor
1542 1010 1580 1043 ad
1601 1008 1782 1042 octodecim
1806 1008 1908 1042 millia

1174 1064 1330 1097 librarum
1356 1063 1578 1096 turonensium
1603 1061 1759 1104 ascendit)
1779 1071 1909 1094 mensae

1176 1116 1353 1160 episcopali
1386 1115 1544 1149 Alesiensi
1573 1125 1631 1159 pro
1663 1115 1731 1148 eius
1763 1115 1838 1148 dote
1868 1114 1910 1147 si-

1176 1170 1296 1204 militer
1326 1175 1488 1213 perpetuo
1513 1168 1714 1212 applicamus
1740 1173 1772 1201 et
1793 1178 1910 1211 appro-

1175 1224 1329 1268 priamus,
1353 1223 1565 1266 capitularem
1596 1232 1673 1255 vero
1698 1221 1859 1263 mensas‘,
1879 1225 1911 1255 et

1177 1278 1363 1321 capitulum,
1382 1286 1510 1309 necnon
1534 1274 1806 1319 praeposituram,
1828 1284 1910 1318 quae

1176 1329 1375 1375 principalis,
1402 1334 1433 1362 et
1458 1328 1778 1368 archidiaconatum,
1802 1333 1912 1361 canto-

1176 1383 1256 1416 riam
1273 1388 1304 1415 et
1323 1381 1576 1421 subcantoriam,
1598 1391 1679 1424 quae
1699 1380 1842 1424 reliquae
1865 1379 1912 1413 di-

1177 1436 1316 1479 gnitates
1333 1435 1414 1467 inibi
1433 1439 1534 1473 erant,
1553 1444 1589 1467 ac
1607 1434 1716 1466 decem
1741 1433 1912 1465 canonica-

1178 1496 1228 1523 tus
1245 1494 1276 1522 ct
1295 1489 1429 1522 totidem
1452 1488 1655 1531 praebendas
1681 1487 1775 1526 illius,
1802 1486 1840 1519 ad
1865 1485 1912 1518 sic

1178 1548 1316 1576 erectam
1347 1540 1517 1574 ecclesiam
1543 1541 1765 1580 Alesienscm,
1791 1539 1908 1572 simili-

1177 1596 1236 1629 bus
1256 1594 1392 1628 consilio
1419 1599 1450 1627 et
1474 1593 1674 1634 auctoritate,
1692 1593 1815 1637 pariter
1839 1603 1911 1637 per-

1177 1655 1274 1693 petuo
1299 1648 1341 1681 ita
1368 1647 1594 1680 transferimus
1627 1652 1659 1679 et
1684 1646 1885 1679 traducimus
1902 1673 1909 1687 ‚

1179 1709 1210 1736 ut
1236 1713 1272 1735 ex
1298 1701 1424 1734 duobus
1444 1699 1604 1733 Alesiensi
1627 1705 1658 1733 ct
1675 1699 1913 1733 Psalmodiensi

1178 1755 1326 1799 capitulis
1352 1753 1540 1786 huiusmodi
1565 1751 1694 1785 unicum
1719 1751 1821 1795 ipsius
1849 1752 1914 1796 epi·

1178 1807 1265 1851 scopi
1291 1806 1467 1840 Alesiensis
1485 1805 1654 1849 proprium
1679 1805 1862 1848 capitulum,
1881 1805 1914 1838 in

1178 1872 1241 1906 quo
1274 1859 1501 1904 praepositura
1530 1857 1785 1891 Psalmodiensis
1810 1858 1914 1902 prima

1178 1919 1252 1959 post
1271 1912 1506 1958 pontificalem,
1532 1922 1568 1944 ac
1586 1911 1736 1955 (excepto
1755 1911 1912 1945 decanatu

1179 1967 1350 2009 Alesiensi‚
1369 1977 1466 2010 quem
1491 1976 1560 2006 nos,
1588 1965 1685 1998 certis
1709 1965 1803 1998 nobis
1827 1965 1913 1999 notis

1179 2023 1217 2056 de
1232 2021 1334 2055 causis
1348 2020 1486 2060 adducti,
1504 2030 1540 2053 ex
1556 2029 1650 2059 nune,
1665 2024 1763 2062 prout
1776 2029 1813 2052 ex
1828 2024 1912 2058 tunc,

1179 2082 1211 2110 et
1229 2086 1245 2109 e
1270 2079 1391 2113 contra,
1410 2078 1580 2117 postquam
1603 2072 1693 2105 illum
1711 2082 1770 2115 per
1787 2082 1915 2105 cessum

1178 2129 1229 2162 vel
1255 2129 1431 2167 decessum,
1457 2131 1511 2159 aut
1542 2125 1621 2158 alias
1647 2124 1912 2168 quomodolibet,

1180 2181 1451 2225 quandocumque
1463 2189 1498 2211 ac
1511 2178 1706 2221 ubicumque
1718 2187 1829 2210 vacare
1843 2187 1914 2210 con-

1180 2235 1302 2279 tigerit,
1328 2237 1486 2277 perpetuo
1513 2241 1641 2275 quoque
1669 2229 1818 2263 similiter
1844 2240 1915 2273 sup-

1180 2288 1347 2332 primimus
1380 2291 1412 2319 et
1443 2283 1680 2327 extinguimus,
1717 2293 1753 2316 ac
1782 2293 1914 2316 mensae

1218 2352 1226 2377 l
1246 2349 1316 2376 Male
1329 2348 1425 2376 Gallia
1438 2346 1605 2374 Christiana
1615 2344 1667 2380 leg⁴
1681 2347 1708 2372 et
1718 2353 1767 2380 pro
1778 2344 1913 2379 de(n.·r.).

1215 2394 1230 2420 Ξ
1251 2393 1304 2419 Vox
1320 2399 1436 2420 assensu
1450 2390 1529 2417 nobis
1544 2389 1639 2416 deesse
1651 2389 1706 2415 visa
1720 2388 1770 2415 suit
1780 2390 1818 2422 (a.
1830 2389 1878 2422 τ.).

1215 2440 1229 2463 3
1248 2439 1352 2472 Nempe
1366 2443 1511 2467 memsam,-
1531 2434 1559 2460 in
1580 2434 1675 2461 Gallia
1691 2433 1857 2462 Christiana
1878 2433 1915 2461 le·

1179 2483 1252 2518 gitur
1269 2481 1415 2508 abbatiam
1435 2485 1471 2505 (R.
1492 2478 1540 2512 T.).

1215 2529 1229 2552 A
1251 2526 1355 2552 l’lurale
1373 2531 1481 2551 mensas
1502 2521 1708 2556 comprehendit
1727 2522 1807 2548 etiam
1828 2523 1915 2549 abba-

1180 2572 1276 2599 tialem
1296 2574 1357 2596 ante
1377 2569 1492 2600 dictam,
1514 2566 1694 2593 cohaerenter
1719 2574 1785 2593 suae
1805 2566 1915 2594 lectioni

1182 2616 1275 2643 Gallia
1298 2613 1464 2642 Christiana
1487 2611 1568 2638 babet
1588 2619 1715 2639 mensam
1735 2611 1774 2646 (R.
1795 2612 1843 2646 τ.).

1905 217 1952 244 Αη.
1975 215 2087 243 01694

2229 390 2241 468 ,νὴ
2231 349 2238 366 ,,
2231 316 2235 326 ,
2228 280 2234 290 .

2234 618 2238 625 .
2230 573 2249 606 ³5·
2227 492 2249 564 amq
2231 474 2236 483 .
