2254 3225
213 197 265 225 An.
287 198 316 225 c.
334 198 402 226 ¹095
448 190 511 225 700

982 202 1162 227 BULLARIUM

404 254 435 281 et
451 249 632 292 apostolico
651 250 834 293 patrocinio
857 250 1083 293 confoventes,
1103 252 1142 285 ad

403 311 516 344 preces
541 302 655 345 ipsius,
683 303 845 347 hospitale
872 305 1084 348 praedictum,
1102 305 1142 337 si-

404 358 471 387 tum
496 354 529 387 in
556 355 655 388 fundo
684 367 778 400 quem
808 357 973 400 praefatus
1007 368 1060 390 rex
1087 357 1143 390 Ec-

403 408 523 442 clesiae
542 409 705 442 Romanae
728 411 890 443 concessit
915 416 947 444 et
972 416 1035 443 tam
1055 410 1141 443 idem

403 471 499 504 quam
526 462 719 495 venerabilis
747 463 844 496 frater
868 469 979 497 noster
1003 464 1144 505 Pragen-

403 514 446 547 sis
464 515 636 558 episcopus
658 516 823 558 plenariae
841 516 985 549 libertati
1000 515 1139 556 donavit,

402 567 484 600 sicut
502 567 534 600 in
561 578 673 601 eorum
698 569 816 601 litteris
842 569 880 602 ad
899 579 958 602 nos
977 569 1141 601 transmis-

402 620 447 652 sis
463 621 688 663 perspeximus
710 621 879 661 contineri,
899 621 931 653 in
950 621 999 653 ius
1018 626 1048 654 et
1066 632 1142 664 pro-

400 672 573 716 prietatem
598 673 682 706 beati
709 673 794 707 Petri
827 685 862 707 ac
888 674 948 706 sub
974 676 1085 707 nostra
1110 679 1141 707 et

401 726 608 769 Apostolicae
644 726 734 759 Sedis
771 727 974 769 protectione
1007 727 1141 771 suscipi-

401 788 472 811 mus
487 784 518 812 et
535 780 718 823 praesentis
739 779 848 823 scripti
867 780 1039 823 privilegio
1057 790 1140 819 cem-

401 832 578 865 munimus.
594 833 628 866 In
644 832 755 876 primis
769 832 929 876 siquidem
945 838 1136 874 statuentes,

400 890 436 917 ut
460 886 539 919 ordo
565 886 752 926 canonicus,
768 886 822 929 qui
844 886 1020 919 secundum
1038 886 1138 918 Deum
1157 910 1159 912 -

401 943 434 971 et
458 938 544 971 beati
571 939 742 981 Augustini
779 941 925 981 regulam
960 939 992 972 in
1022 939 1160 986 eodemk

400 992 554 1036 hospitali
590 993 629 1026 de
654 994 807 1027 mandato
833 998 946 1026 nostro
972 992 1160 1026 institutus}

401 1055 473 1078 esse
499 1045 710 1087 dignoscitur,
728 1045 896 1088 perpetuis
922 1045 1041 1078 ibidem
1065 1051 1139 1078 tem-

399 1097 533 1141 poribus
560 1098 790 1131 inviolabiliter
815 1099 1015 1131 observetur.
1044 1099 1139 1131 Prac-

400 1156 489 1184 terea
515 1163 733 1195 quascumque
767 1152 1014 1195 possessiones,
1042 1156 1160 1195 quae-5

399 1214 535 1247 cumque
560 1205 646 1238 bona
679 1205 764 1238 idem
798 1205 960 1249 hospitale
987 1206 1016 1237 in
1044 1216 1161 1252 prae-R

400 1257 578 1290 sentiarum
615 1258 695 1291 iuste
726 1269 762 1291 ac
790 1258 946 1291 canonice
978 1254 1160 1301 possidet,}

399 1309 502 1342 autin
529 1310 681 1350 futurum,
697 1311 909 1343 concessione
936 1310 1135 1350 Pontificum,

398 1363 573 1405 largitione
588 1373 699 1406 regum
714 1374 748 1396 ac
764 1363 959 1406 principum,
973 1363 1137 1396 oblatione
1159 1399 1160 1402 Ἰ

399 1414 557 1455 fidelium,
589 1426 644 1448 scu
675 1416 745 1448 aliis
776 1415 868 1448 iustis
898 1415 1016 1455 modis,
1046 1425 1138 1459 prae-

399 1472 492 1500 sente
528 1467 690 1508 Domino,
718 1468 840 1511 poterit
863 1467 1019 1510 adipisci,
1046 1467 1137 1501 firma

399 1520 493 1553 vobis
519 1520 697 1563 vestrisque
734 1520 979 1553 suecessoribus
1016 1526 1047 1553 et
1076 1521 1138 1554 illi-

1185 202 1339 228 ROMANUM

1186 250 1418 294 piscationibus
1443 249 1566 291 vestris,
1593 260 1649 283 seu
1673 249 1712 284 de
1736 255 1919 284 vestrorum

1185 304 1373 337 animalium
1399 303 1626 345 nutrimentis,
1652 304 1759 337 nullus
1785 314 1803 336 a
1826 302 1917 336 vobis

1185 357 1327 389 decimas
1353 356 1483 399 exigere
1500 357 1550 390 vel
1571 362 1762 401 extorquere
1787 367 1919 401 praesu-

1183 415 1258 442 mat.
1286 409 1393 442 Liceat
1417 420 1548 454 quoque
1580 410 1669 443 vobis
1700 421 1857 453 personas
1882 409 1919 443 li-

1184 462 1279 495 beras
1310 468 1342 496 et
1365 462 1527 497 absolutas
1553 474 1571 496 a
1595 464 1724 497 saeculo
1754 463 1917 506 rugientes

1184 514 1223 546 ad
1241 514 1488 548 conversionem
1506 515 1663 558 recipere,
1681 520 1712 547 et
1726 525 1779 548 eas
1796 515 1918 558 absque

1182 566 1440 600 contradictione
1477 567 1585 610 aliqua
1616 567 1772 600 retinere.
1804 567 1919 600 Prohi-

1182 619 1296 652 bemus
1332 619 1488 663 insuper,
1525 624 1561 652 ut
1592 619 1674 652 nulli
1698 619 1834 652 fratrum
1858 629 1919 652 ve-

1182 678 1348 713 strorum,
1379 678 1454 716 post
1486 673 1600 705 factam
1636 673 1667 705 in
1704 673 1821 706 eodem
1847 673 1918 706 loco

1182 725 1430 768 professionem,
1457 726 1502 759 sas
1524 725 1566 758 sit
1590 726 1629 759 de
1655 726 1727 758 loco
1753 725 1832 769 ipso,
1854 725 1918 758 nisi

1181 778 1329 812 arctioris
1355 778 1523 822 religionis
1556 778 1702 819 obtentu,
1728 778 1916 819 discedere,

1181 831 1405 866 discedentem
1438 842 1513 865 vero
1552 832 1674 875 absque
1700 831 1919 864 communium

1182 884 1363 918 litterarum
1399 891 1579 918 vestrarum
1619 885 1771 919 cautione
1807 886 1917 918 nullus

1181 939 1296 971 audeat
1332 938 1484 971 retinere.
1511 938 1588 972 Cum
1622 944 1729 972 autem
1764 939 1917 981 generale

1183 991 1389 1025 interdictum
1416 997 1522 1024 terrae
1548 992 1666 1032 suerit,
1694 991 1790 1025 liceat
1813 991 1916 1032 vobis,

1181 1045 1297 1077 clausis
1322 1044 1437 1085 ianuis,
1464 1045 1752 1078 excommunicatis
1771 1050 1803 1078 et
1818 1045 1920 1078 inter-

1181 1098 1276 1131 dictis
1302 1098 1453 1139 exclusis,
1480 1109 1543 1132 non
1570 1099 1705 1148 pulsat-is
1730 1099 1916 1142 campanis,

1181 1152 1356 1194 suppressa
1380 1162 1457 1184 voce
1484 1151 1592 1184 divina
1614 1151 1719 1184 officia
1737 1153 1916 1193 celebrare,

1181 1204 1355 1237 dummodo
1381 1215 1508 1237 causam
1540 1216 1605 1238 non
1637 1205 1792 1238 dederitis
1817 1205 1919 1238 inter-

1181 1257 1281 1290 dicto.
1309 1258 1370 1291 Pro
1407 1258 1706 1292 consecrationibus
1739 1269 1816 1292 vero
1841 1259 1918 1292 alta-

1159 1308 1160 1311 ’
1180 1310 1272 1350 rium,
1293 1310 1358 1344 sire
1375 1322 1436 1354 pro
1449 1311 1654 1352 Oleosancto,
1669 1312 1719 1345 vel
1735 1312 1799 1345 alio
1817 1313 1917 1345 eccle-

1181 1363 1309 1397 siastico
1335 1370 1555 1404 sacramento,
1573 1365 1681 1398 nullus
1698 1376 1715 1398 a
1733 1365 1836 1406 vobis,
1856 1365 1917 1398 sub

1181 1416 1314 1449 obtentu
1340 1418 1601 1458 consuetudinis,
1627 1419 1676 1451 vel
1709 1418 1773 1452 alio
1801 1418 1915 1459 modo,

1181 1469 1357 1512 quidquam
1384 1471 1502 1503 audeat
1526 1477 1732 1514 extorquere,
1754 1472 1809 1504 sed
1834 1472 1917 1505 haec

1180 1522 1287 1554 onmia
1314 1523 1413 1564 gratis
1449 1523 1540 1556 vobis
1577 1524 1769 1557 auctoritate
1805 1525 1916 1557 nostra

398 1573 472 1605 bata
496 1579 722 1616 permaneant.
751 1573 783 1605 ln
811 1573 930 1616 quibus
957 1573 1038 1606 haec
1063 1584 1137 1616 pro·
1157 1565 1158 1578 ¹
1180 1574 1352 1618 episcopus
1379 1575 1591 1608 dioecesanus
1623 1576 1809 1619 impendat3
1837 1576 1916 1610 alio-

399 1618 480 1670 priis
518 1627 664 1659 duximus
702 1627 909 1669 exprimenda
943 1627 1109 1661 vocalibus
1127 1638 1134 1660 :
1156 1605 1158 1670 i
1179 1627 1256 1670 quin
1275 1628 1370 1660 liceat
1388 1628 1477 1660 vobis
1496 1629 1576 1661 baec
1597 1629 1710 1661 eadem
1724 1629 1914 1662 auctoritate

399 1681 505 1713 locum
532 1679 647 1723 ipsum,
665 1679 698 1711 in
724 1691 787 1723 quo
809 1681 990 1723 praefatum
1017 1681 1133 1723 bospi-
1155 1675 1158 1725 J
1180 1681 1328 1724 recipcre
1347 1692 1362 1713 a
1378 1692 1543 1724 quoquam
1558 1681 1737 1714 malueritis
1752 1681 1914 1715 catholico

400 1734 461 1766 tale
488 1732 584 1765 situm
610 1738 670 1773 est,
697 1744 769 1766 cum
796 1733 945 1766 omnibus
970 1734 1136 1777 pertinen·
1155 1727 1157 1749 l
1178 1734 1319 1766 antistite
1346 1734 1479 1776 gratiam
1511 1740 1543 1767 et
1574 1735 1838 1768 communionem
1862 1735 1916 1768 Se·

400 1785 451 1818 tiis
470 1785 552 1818 suis:
574 1785 682 1818 villam
700 1785 862 1828 Illupetim
885 1797 957 1819 cum
982 1786 1134 1819 omnibus
1154 1795 1156 1832 i
1178 1787 1226 1820 dis
1243 1788 1450 1831 Apostolicae
1476 1788 1656 1822 obtinente.
1680 1788 1758 1828 Quia
1774 1799 1849 1822 vero
1866 1789 1915 1822 in-

400 1838 482 1871 villis
515 1838 552 1871 ad
587 1849 656 1871 eam
690 1839 952 1881 pertinentibus,
984 1833 1156 1886 videlicetJ
1178 1841 1306 1873 terdum
1332 1840 1516 1874 dioecesani
1534 1843 1679 1886 episcopi
1697 1843 1826 1885 copiam
1847 1852 1914 1876 non

399 1891 565 1923 Humcnez
584 1896 614 1923 et
632 1891 852 1934 llydossitizc:
870 1892 975 1924 villam
994 1892 1133 1925 Borotitz
1154 1889 1155 1892 ¹
1177 1894 1318 1934 habetis,
1345 1894 1370 1926 si
1396 1905 1492 1937 quem
1519 1895 1721 1938 episcopum,
1748 1895 1912 1928 Romanae

398 1954 470 1976 cum
495 1945 643 1977 omnibus
666 1944 748 1978 villis
773 1945 811 1977 ad
838 1945 941 1988 ipsam
967 1945 1134 1988 pertinen·
1154 1938 1155 1943 ¹
1175 1947 1275 1988 Sedis
1299 1952 1332 1979 ut
1358 1947 1518 1989 diximus,
1543 1948 1679 1991 gratiam
1711 1954 1743 1981 et
1768 1959 1913 1982 commu-

398 1997 491 2037 tibus‚
516 1997 668 2029 videlicet
691 1997 891 2040 Supanovics
904 2003 935 2030 ct
958 1998 1134 2032 Draliotes-
1154 1989 1155 2001 ¹
1175 2001 1309 2034 nionem
1334 2001 1527 2042 habentem,
1553 2007 1584 2034 et
1611 2002 1649 2034 de
1683 2013 1746 2045 quo
1782 2004 1912 2046 plenam

399 2050 474 2083 sies:
495 2049 603 2083 villam
622 2050 754 2083 Ribinili
780 2061 851 2083 cum
877 2052 944 2084 suis
968 2052 1133 2094 pertinen·
1175 2054 1320 2087 notitiam
1347 2054 1503 2095 habeatis,
1522 2066 1583 2099 per
1599 2066 1654 2088 vos
1681 2055 1817 2089 transire
1835 2066 1912 2094 con-

398 2101 470 2135 tiis:
496 2103 605 2135 villam
624 2103 766 2136 Roksiise
792 2114 861 2136 cum
888 2105 1037 2137 omnibus
1062 2116 1133 2149 per·
1176 2107 1294 2150 tigerit,
1315 2108 1354 2140 ab
1380 2118 1418 2141 eo
1443 2108 1690 2142 benedictiones
1713 2114 1861 2141 votorum
1882 2115 1913 2141 et

397 2155 543 2188 tinentiis
564 2155 646 2188 suis:
672 2162 703 2189 ct
727 2157 804 2190 alias
832 2158 1056 2200 possessiones
1080 2170 1132 2192 ve·
1175 2161 1333 2200 vestium,
1370 2161 1632 2194 consecrationes
1668 2162 1818 2194 altarium
1855 2172 1909 2195 seu

398 2215 487 2249 stras,
513 2220 583 2242 cum
609 2211 720 2252 pratis,
738 2211 850 2251 vineis,
874 2211 975 2251 terris,
996 2213 1132 2246 nemori·
1152 2180 1154 2232 i
1174 2213 1381 2246 basilicarum
1404 2241 1410 2254 ,
1449 2214 1673 2248 ordinationes
1717 2214 1910 2247 clericorum

397 2261 474 2301 bus,
508 2262 657 2304 retragiis
682 2269 713 2296 ct
737 2265 886 2306 pascuis,
914 2265 946 2297 in
972 2266 1076 2299 Boskc
1101 2273 1132 2299 et
1152 2236 1155 2317 i
1175 2267 1228 2310 qui
1247 2266 1286 2300 ad
1307 2267 1437 2300 ordines
1458 2267 1576 2300 suerint
1589 2268 1811 2310 promovendi,
1829 2268 1912 2301 reci-

397 2316 505 2358 plano,
526 2315 558 2348 in
579 2316 670 2358 aquis
695 2321 727 2349 et
750 2318 957 2357 molendinis,
976 2319 1006 2351 in
1025 2320 1083 2352 viis
1101 2326 1132 2353 et
1151 2320 1154 2359 ,s
1175 2331 1251 2363 pere
1269 2321 1411 2353 valeatis.
1427 2320 1573 2353 Obennte
1591 2331 1667 2353 vero
1689 2326 1717 2353 te
1734 2326 1809 2355 tunc
1827 2321 1911 2355 eius-

397 2368 534 2409 semitis,
558 2373 589 2401 et
613 2369 765 2402 omnibus
791 2370 992 2404 libertatibus
1018 2378 1050 2405 et
1073 2374 1132 2405 im·
1175 2374 1248 2406 dem
1284 2374 1455 2416 hospitalis
1493 2373 1670 2416 magistro,
1702 2375 1810 2407 nullus
1843 2375 1908 2416 ibi,

396 2420 610 2454 munitatibus
629 2422 706 2455 suis.
733 2422 815 2455 Sanc
833 2424 994 2456 novalium
1012 2431 1132 2458 vestro-
1175 2428 1321 2469 qualibet
1353 2427 1575 2470 subreptionis
1611 2427 1726 2459 asiana
1757 2438 1813 2460 seu
1844 2428 1911 2462 vio-

396 2484 468 2506 l‘um
485 2501 493 2515 ,
524 2485 606 2518 quae
631 2476 772 2518 propriis
797 2477 944 2509 manibus
970 2483 1024 2510 aut
1049 2489 1131 2511 sum-
1174 2480 1283 2519 lentia,
1310 2485 1553 2523 praeponatur,
1578 2480 1639 2512 nisi
1672 2491 1768 2523 quem
1793 2481 1909 2515 fratres

395 2527 506 2570 ptibus
524 2528 642 2568 colitis,
658 2528 696 2561 de
711 2529 826 2572 quibus
846 2529 959 2572 aliquis
975 2530 1129 2564 hactenns
1173 2533 1334 2566 communi
1361 2544 1534 2573 consensu,
1567 2534 1617 2566 vel
1644 2533 1777 2567 fratrum
1804 2535 1910 2568 maior

395 2590 461 2614 non
485 2582 653 2625 percepit,
679 2582 744 2615 sive
770 2583 896 2624 hortis,
926 2583 1077 2626 vii-gultis
1100 2591 1132 2617 et
1173 2596 1248 2628 pars
1266 2586 1391 2619 consilii
1412 2586 1549 2619 senioris
1568 2587 1744 2620 secundum
1763 2588 1862 2621 Deum
1877 2593 1910 2622 et

1925 201 1976 230 An,
1996 201 2025 229 C.
2042 202 2110 230 ¹695
