2254 3225
1026 218 1200 243 BULLAntuu

253 219 301 246 An.
324 219 352 246 c.
371 219 438 246 leae
484 209 549 243 47⁶2

446 267 660 311 expendenda
693 276 753 310 pro
790 267 882 301 libris
918 267 1108 300 necessariis
1144 267 1176 299 in

446 321 593 364 quolibet
616 325 789 361 conventu,
814 320 1007 364 praesertim
1027 320 1082 353 ubi
1101 325 1178 353 sunt

444 373 551 408 studia
567 374 721 418 (quorum
743 373 884 407 librariis
913 374 1043 407 omnino
1074 373 1178 417 appli—

446 427 568 460 candos
593 426 716 470 pariter
741 427 889 460 volumus
914 427 1103 459 eorumdem
1128 427 1178 459 de·

446 480 630 513 cedentium
655 480 784 523 libros),
808 484 850 521 et,
870 480 896 512 si
914 478 990 513 libri
1015 478 1178 512 sussicien-

445 537 493 566 tes
510 532 573 565 iam
588 531 718 572 suerint,
736 541 795 575 pro
812 531 1000 574 indigentiis
1017 531 1176 564 dictorum

443 584 627 628 regentium
653 595 689 617 ae
713 583 923 617 studentium.

486 647 543 671 xli.
569 636 810 679 Praecipientes
841 635 981 679 denique
1004 635 1119 669 ultimo
1144 646 1177 669 0-

443 689 570 723 mnibus
594 688 867 733 provincialibus,
893 688 981 732 quod
1011 688 1045 721 in
1069 688 1176 732 primo

442 743 583 786 capitulo
608 741 809 786 provinciali,
829 741 939 775 debita
962 741 1176 785 proportione

440 797 587 836 servata,
617 794 703 828 iuxta
734 794 947 838 quantitatem
977 800 1009 828 et
1040 786 1199 838 quatita-i

440 854 506 882 tem
529 853 748 882 conventuum
771 848 957 891 provinciae
991 847 1177 891 assignetur

440 911 596 935 numerus
629 901 864 934 determinatus
889 900 1117 943 magistrorum
1143 901 1174 933 in

441 955 582 987 futurum
601 953 797 993 servandus,
824 953 1050 996 praesentibus
1077 953 1176 996 magi-

439 1008 515 1041 stris
534 1018 609 1041 cum
624 1006 774 1040 omnibus
800 1006 922 1049 gratiis,
937 1006 1115 1049 privilegiis
1140 1017 1176 1039 ae

439 1059 676 1104 praerogativis
718 1059 943 1092 manentibus:
975 1059 1013 1091 de
1047 1059 1175 1102 reliquo

440 1117 547 1146 autem
568 1113 677 1145 nullus
702 1112 889 1144 instituatur
919 1112 1075 1154 magister
1104 1122 1174 1145 cum

429 1161 592 1208 'suffragio
625 1165 658 1198 in
690 1165 858 1208 capitulo,
883 1164 946 1197 nisi
976 1165 1018 1197 sit
1047 1165 1087 1198 de
1119 1166 1174 1198 illo

438 1228 573 1252 numero
599 1217 830 1258 determinato,
850 1217 883 1250 in
900 1227 963 1262 quo
982 1217 1070 1250 iuxta
1086 1227 1174 1250 suam

438 1271 666 1315 antiquitatem
697 1269 874 1314 magisterii
909 1281 926 1303 a
951 1270 1003 1303 die
1029 1271 1174 1304 datarum

437 1324 623 1358 litterarum
648 1323 831 1357 subintrare
857 1323 1006 1357 debeant.
1031 1324 1066 1357 ln
1088 1335 1170 1367 quo—

438 1387 510 1410 rum
534 1377 642 1417 sidem,
671 1382 732 1410 etc.
759 1377 872 1410 Datum
898 1377 1033 1418 Romae,
1060 1376 1112 1410 die
1135 1388 1173 1411 xx

439 1429 564 1474 augusti
585 1429 660 1462 anni
684 1438 816 1464 MDCLxu
841 1442 873 1463 ›.

483 1485 498 1528 ἓ
523 1483 554 1516 2.
581 1483 658 1517 Cum
683 1489 807 1524 autem,
832 1484 917 1517 sicut
945 1483 1055 1518 eadem
1080 1493 1172 1528 expo-

439 1537 512 1570 sitio
536 1536 763 1580 subiungebat,
791 1536 894 1570 dictus
918 1536 1052 1570 Ioannes
1081 1537 1173 1581 prior

438 1590 600 1634 generalis
625 1589 826 1634 praemissa,
851 1600 915 1634 quo
948 1589 1073 1623 firmius
1098 1591 1171 1623 sub-

437 1644 554 1677 sistant
571 1648 603 1677 et
620 1647 788 1677 serventur
804 1643 954 1683 exactius,
973 1644 1170 1687 apostolicae

436 1696 690 1730 confirmationis
715 1700 847 1729 nostrae
873 1696 1057 1740 patrocinio
1083 1708 1171 1730 com-

436 1749 557 1782 muniri
570 1759 777 1793 summopere
792 1749 967 1782 desideret:
985 1760 1053 1790 nos,
1068 1750 1170 1793 ipsius

435 1802 565 1835 loannis
583 1802 702 1846 prioris
717 1802 878 1844 generalis
897 1802 979 1836 votis
998 1803 1106 1835 bacin
1125 1813 1168 1843 re,

436 1860 591 1899 quantum
616 1865 689 1889 cum
713 1855 849 1888 Domino
874 1865 1058 1898 possumus,
1085 1857 1170 1889 savo-

434 1908 583 1942 rabiliter
617 1918 759 1941 annuere
796 1910 961 1948 volentes,
990 1920 1127 1952 eumque
1154 1920 1170 1942 a

436 1961 604 2005 quibusvis
620 1962 972 2002 excommunicationis,
989 1963 1169 2005 suspensio-

435 2014 485 2047 nis
510 2020 543 2047 et
565 2015 750 2055 interdicti,
777 2014 913 2058 aliisque
939 2015 1169 2048 ecclesiasticis

436 2068 616 2109 sententiis,
631 2078 648 2100 a
666 2070 737 2100 iure
756 2069 807 2101 vel
825 2069 864 2101 ab
890 2068 1036 2108 homine,
1056 2069 1167 2111 quavis

435 2121 607 2154 occasione
624 2121 674 2154 vel
695 2123 789 2154 causa
808 2121 888 2161 latis,
908 2122 933 2153 si
953 2121 1071 2164 quibus
1090 2133 1168 2165 quo-

435 2174 613 2207 modolibet
629 2173 805 2207 innodatus
823 2174 939 2213 existit,
956 2175 993 2206 ad
1020 2174 1166 2207 effectum

435 2227 655 2271 praesentium
681 2227 846 2260 dumtaxat
870 2228 1136 2270 consequendum
1158 2254 1164 2268 ,

435 2280 551 2313 harum
581 2281 665 2313 serie
696 2281 902 2314 absolventes
933 2285 963 2313 et
987 2280 1168 2314 absolutum

434 2335 504 2368 sore
540 2339 734 2375 censentes,
766 2334 1061 2377 supplicationibus
1100 2335 1167 2367 eius

434 2388 568 2422 nomine
593 2388 687 2421 nobis
711 2397 811 2431 super
828 2388 890 2420 hoe
910 2387 1080 2420 humiliter
1096 2399 1166 2431 por-

435 2441 532 2475 rectis
549 2441 702 2481 inclinafi,
722 2441 761 2473 de
779 2439 1015 2473 venerabilium
1031 2440 1166 2473 fratrum

434 2499 622 2528 nostrorum
647 2493 678 2527 S.
697 2493 779 2526 RE.
800 2492 1009 2525 cardinalium
1028 2493 1166 2535 negotiis

435 2553 467 2581 et
491 2546 784 2581 consultationibus
809 2546 1037 2589 episcoporum
1063 2551 1094 2578 et
1118 2557 1166 2579 re-

433 2601 593 2647 gularium
616 2599 876 2644 praepositorum
894 2598 1037 2639 consilio,
1059 2599 1165 2632 onmia

291 649 322 670 Do
345 654 430 670 numero

250 676 404 702 magistrorum.

294 1492 428 1514 Confirmatio

245 1519 358 1540 relatorum
391 1520 428 1540 de-

245 1548 356 1566 creterum.

1229 217 1381 242 ηωωῑιῑη
1960 221 2007 247 An.
2030 223 2057 247 (2.
2079 223 2143 249 tor-3

1221 272 1251 299 et
1275 267 1403 309 singula
1429 267 1568 307 (tect-cta,
1593 268 1824 307 ortlinatitsucs,
1852 270 1952 311 provi-

1220 317 1329 351 siones
1355 323 1386 352 et
1410 319 1551 362 capitula
1575 321 1786 363 praeinserta,
1813 322 1952 354 auctori-

1219 376 1282 404 tate
1296 371 1481 415 apostolica,
1501 378 1612 405 tenore
1630 373 1862 416 praesentium,
1881 385 1952 407 cou-

1218 423 1382 457 firmamus
1400 429 1432 457 et
1448 426 1676 468 approbamuS,
1701 427 1830 470 illisque
1856 427 1954 461 invio-

1218 475 1324 508 labilis
1349 476 1548 519 apostolicae
1565 476 1728 510 firmitatis
1752 479 1849 511 robur
1873 480 1954 513 adii-

1219 529 1342 569 cimus,
1367 539 1403 561 ae
1436 540 1548 562 omnes
1584 536 1616 563 et
1647 531 1793 573 singulos
1817 532 1896 565 iuris
1922 537 1953 566 et

1218 581 1293 613 sacti
1319 581 1474 621 desectus,
1493 582 1517 614 si
1539 583 1592 625 qui
1610 583 1750 626 desuper
1774 586 1951 627 quomodo-

1218 633 1297 666 libet
1331 634 1586 675 intervenerint,
1625 637 1837 679 supplemus;
1868 639 1953 672 salva

1219 691 1325 719 tamen
1350 697 1481 730 semper
1501 688 1533 719 in
1551 689 1736 731 praemissis
1761 690 1952 724 auctoritate

1217 738 1485 782 Congregationis
1510 742 1698 773 eorumdem
1725 743 1949 777 cardinalium.

1261 792 1275 834 ἓ
1299 791 1331 825 3.
1352 792 1586 834 Decernentes,
1607 795 1735 828 easdem
1762 802 1951 838 praesentes

1216 844 1340 877 litteras
1366 856 1494 888 semper
1512 845 1628 887 sirmas,
1646 848 1768 881 validas
1795 854 1826 881 et
1851 850 1952 882 ostica-

1217 908 1269 931 ces
1296 898 1431 932 existere
1458 905 1489 932 ct
1515 900 1595 941 sore,
1619 912 1757 945 suosque
1783 903 1950 946 plenarios

1217 955 1248 983 et
1273 950 1418 994 integros
1444 952 1575 985 eftectus
1602 953 1710 986 sortiri
1736 960 1768 987 et
1791 956 1949 997 obtinere,

1216 1014 1252 1036 ae
1276 1004 1349 1044 illis,
1369 1005 1408 1037 ad
1429 1015 1507 1048 quos
1534 1011 1656 1049 spectat
1674 1012 1705 1040 et
1721 1018 1780 1051 pro
1803 1014 1949 1052 tempore

1217 1058 1483 1102 quandocumque
1510 1059 1676 1101 spectabit,
1692 1059 1724 1092 in
1749 1062 1899 1094 omnibus
1919 1068 1950 1096 et

1216 1120 1275 1152 per
1300 1111 1407 1143 omnia
1429 1112 1619 1154 plenissime
1644 1112 1824 1156 suffragari,
1853 1120 1885 1147 et
1909 1116 1947 1147 ab

1217 1161 1262 1194 eis
1288 1163 1468 1206 respective
1493 1164 1723 1198 inviolabiliter
1755 1167 1946 1208 observari,

1216 1215 1328 1259 sicque
1355 1216 1387 1248 in
1416 1217 1603 1260 praemissis
1639 1228 1698 1261 per
1729 1229 1948 1263 quoscumque

1215 1268 1337 1302 iudices
1362 1270 1545 1303 ordinarios
1571 1275 1603 1303 et
1638 1271 1826 1314 delegatOS,
1852 1273 1949 1307 etiam

1215 1333 1383 1356 causarum
1418 1323 1529 1366 palatii
1562 1324 1731 1366 apostolici
1756 1325 1947 1367 auditores,

1215 1375 1349 1408 iudicari
1375 1380 1407 1408 et
1431 1375 1558 1409 definiri
1584 1377 1729 1418 debere,
1755 1388 1791 1410 ae
1820 1379 1949 1413 irritum

1215 1433 1246 1460 et
1269 1429 1374 1468 inane,
1393 1429 1418 1461 si
1437 1439 1529 1461 secus
1547 1439 1646 1472 super
1663 1430 1713 1463 his
1731 1441 1748 1463 a
1773 1441 1946 1474 quoquam,

1214 1482 1325 1524 quavis
1343 1482 1543 1523 auctoritate,
1560 1482 1701 1516 scienter
1718 1484 1768 1517 vel
1793 1483 1948 1527 ignoran-

1213 1539 1270 1575 ter,
1297 1535 1471 1578 contigerit
1495 1535 1658 1568 attentari.

1256 1589 1270 1632 ἓ
1301 1588 1333 1621 4.
1368 1588 1439 1622 Non
1475 1589 1681 1622 obstantibus
1707 1591 1946 1625 constitutioni·
1981 1602 2139 1627 Contrariorum

1213 1640 1271 1674 bus
1296 1646 1328 1674 et
1351 1641 1613 1674 ordinationibus
1640 1643 1847 1686 apostolicis,
1871 1629 2073 1678 nee-d⁰¹⁰³³¹¹⁰'

1213 1704 1277 1727 non
1302 1695 1523 1738 praefatorum
1549 1694 1679 1728 Ordinis
1709 1701 1741 1729 et
1765 1697 1946 1740 provincia-

1214 1757 1293 1788 rum,
1309 1748 1417 1780 aliisve
1443 1747 1622 1790 quibusvis,
1641 1749 1734 1782 etiam
1753 1748 1945 1791 iuramento,

1212 1799 1456 1833 confirmatione
1482 1801 1668 1843 apostolica,
1695 1803 1743 1835 vel
1769 1803 1880 1845 quavis
1897 1802 1946 1835 fir-

1212 1853 1321 1885 mitate
1346 1853 1408 1886 alia
1432 1853 1614 1894 roboratis,
1640 1854 1767 1887 statutis
1800 1860 1832 1887 et
1868 1866 1946 1889 con-

1212 1906 1447 1946 suetudinibus,
1463 1905 1642 1949 privilegiis
1660 1917 1790 1950 quoque
1810 1907 1945 1941 indultis

1212 1964 1241 1990 et
1260 1959 1374 1992 litteris
1392 1959 1578 2002 apostolicis
1594 1959 1627 1991 in
1641 1961 1837 1993 contrarium
1856 1972 1945 2004 prae-

1211 2012 1380 2044 missorum
1405 2012 1651 2055 quomodolibet
1675 2014 1850 2055 concessis,
1870 2025 1945 2048 con-

1211 2065 1343 2097 firmatis
1381 2071 1414 2097 et
1438 2065 1617 2106 innovatis;
1644 2066 1761 2109 quibus
1793 2067 1944 2101 omnibus

1211 2124 1241 2151 et
1255 2118 1400 2161 singulis,
1419 2118 1547 2150 illorum
1566 2123 1697 2150 tenores
1715 2120 1943 2162 praesentibus

1209 2182 1269 2215 pro
1289 2172 1386 2215 plene
1411 2176 1442 2204 et
1460 2171 1658 2204 sufficienter
1675 2172 1833 2215 expressis
1851 2184 1886 2206 ac
1903 2175 1943 2207 ad

1209 2227 1344 2259 verbum
1369 2225 1496 2258 insertis
1523 2225 1690 2265 habentes,
1716 2225 1779 2258 illis
1804 2226 1882 2259 alias
1909 2227 1942 2260 in

1210 2290 1268 2312 suo
1287 2280 1404 2312 robore
1423 2278 1658 2321 permansuris,
1684 2279 1723 2311 ad
1748 2280 1942 2322 praemisso-

1210 2344 1278 2365 rum
1297 2332 1455 2373 effectum,
1470 2332 1531 2364 hac
1544 2332 1611 2364 viee
1630 2332 1801 2373 dumtaxat,
1820 2333 1943 2376 specia-

1210 2387 1283 2420 liter
1301 2391 1332 2419 et
1349 2395 1500 2430 expresse
1521 2385 1731 2428 derogamus,
1758 2387 1940 2431 ceterisque

1209 2439 1381 2473 contrariis
1405 2439 1674 2482 quibuscumque.

1253 2493 1267 2536 ξ
1299 2492 1329 2525 5.
1364 2492 1517 2525 Volumus
1548 2496 1655 2524 autem
1686 2496 1720 2525 ut
1750 2493 1938 2527 earumdem
1990 2501 2050 2522 fides
2077 2503 2131 2522 'ran-

1208 2545 1425 2590 praesentium
1450 2545 1628 2578 litterarum
1648 2546 1866 2589 transumptis,
1883 2531 2084 2579 scuwmpwmm'

1209 2598 1374 2641 exemplis,
1401 2597 1498 2631 etiam
1523 2597 1702 2642 impressis,
1721 2608 1814 2631 manu
1840 2598 1939 2631 alicu-

1987 812 2107 835 Clausulam
