2254 3225
240 233 288 258 Au.
306 231 334 257 C.
359 230 425 256 1603

264 505 345 524 Cineae
356 509 420 524 neva-

238 538 282 551 rum
294 531 421 552 ‹testu-atio·

238 564 294 579 ninu-

259 1615 418 1634 Unditanum-S

244 1648 302 1660 inni:
328 1644 418 1661 reiciun-

469 221 533 254 ¹382

432 285 497 311 ctas
521 284 553 311 et
576 279 715 312 illibatas
741 289 917 315 remanere,
939 290 974 312 ae
1005 279 1037 312 in
1062 279 1165 313 omni-

431 331 490 364 bus
516 338 547 365 et
570 333 704 375 singulis
731 343 837 366 earum
863 333 1009 376 partibus
1031 332 1166 365 inviola-

430 384 542 417 biliter
566 390 598 418 et
621 385 814 418 inconcusse
840 385 1051 418 attendendas
1070 411 1077 425 ,
1110 384 1166 416 ob-

431 437 606 470 servandas
639 443 671 471 et
703 439 908 481 exequendas
932 439 1001 471 sore
1027 442 1058 470 et
1093 446 1163 469 esse

432 491 565 524 omnino
589 493 736 525 volumus
763 497 794 524 et
817 492 1021 524 mandamus.

476 545 490 587 ἓ
515 544 546 577 6.
573 545 745 577 Praeterea
763 544 815 586 (ad
841 543 1036 576 dirimendas
1063 542 1165 586 quoti-

433 597 545 631 dianas
559 597 807 637 controversias,
820 608 902 640 quae
921 608 957 629 ex
972 596 1166 640 litigantium

432 656 464 683 et
489 652 663 695 praecipue
683 651 959 683 succumbentium
977 650 1167 693 importuni-

433 709 495 737 tate
521 715 686 746 emergere
719 705 822 737 solent
853 715 951 747 super
974 704 1167 747 interpreta—

432 757 519 790 tione
545 757 821 800 praeinsertarum
857 758 923 798 Pii,
949 757 1036 790 Pauli
1063 763 1095 790 et
1117 757 1188 789 ln-'

430 809 572 842 nocentii
603 810 891 853 praedeeessorum
927 810 1107 843 litterarum
1134 810 1165 842 in

433 863 578 895 taxandis
595 863 752 906 sportulis
766 869 797 896 et
813 864 998 897 honorariis
1021 863 1163 896 iudicum

432 914 653 957 delegatorum
683 920 715 948 et
740 916 949 949 tribunalium
980 917 1084 949 dictae
1110 916 1167 948 Ur-

431 968 491 1007 bis,
508 967 539 1000 in
556 969 592 1000 ea
610 968 800 1011 praesertim
816 974 906 1011 parte
933 969 964 1002 in
983 980 1045 1012 qua
1066 969 1166 1002 deter-

430 1020 570 1053 minatur
602 1021 689 1063 quod
715 1021 770 1053 uhi
789 1032 883 1054 eausa
907 1022 1165 1054 aestimationem

429 1083 495 1105 nen
528 1073 619 1106 facile
644 1073 797 1117 accipiat,
820 1076 984 1117 sportulae
1016 1075 1167 1108 modera-

430 1132 479 1158 tae
505 1137 564 1171 pro
584 1137 695 1159 rerum
721 1132 754 1159 et
778 1138 991 1170 personarum
1011 1128 1165 1171 qualitate

429 1178 515 1212 iuxta
535 1185 620 1212 taxas
638 1179 669 1212 in
687 1180 809 1213 eisdem
828 1181 944 1213 litteris
964 1181 1164 1222 constitutas,

428 1232 528 1276 reeipi
555 1233 693 1276 possint)
712 1238 814 1273 motu,
837 1234 981 1275 scientia,
1009 1235 1167 1267 delibera-

428 1286 517 1319 tione
543 1291 575 1318 et
599 1286 770 1329 potestatis
796 1287 1000 1330 plenitudine
1021 1288 1164 1330 paribus,

428 1345 556 1370 necnon
576 1338 613 1371 de
635 1338 731 1372 simili
758 1339 919 1372 dictorum
945 1341 1165 1383 praelatorum

428 1397 459 1423 et
477 1391 617 1423 virorum
644 1391 794 1432 consilio,
812 1393 849 1425 ad
871 1393 1092 1436 insraseriptas
1114 1394 1167 1426 de-

429 1444 625 1477 clarationes
651 1455 704 1477 seu
724 1445 907 1478 sanctiones
928 1438 1079 1487 religiose
1099 1456 1166 1477 ser-

428 1497 548 1529 vandas
575 1496 605 1529 in
631 1497 779 1529 omnibus
809 1498 914 1530 causis
939 1499 970 1531 in
997 1504 1165 1541 posterum

429 1549 640 1591 expediendis
671 1549 822 1582 devenire
845 1550 1058 1583 decrevimus.

474 1612 494 1634 1.
529 1601 565 1633 Et
595 1601 700 1644 primo
737 1602 767 1634 in
802 1603 904 1635 causis
942 1614 1167 1646 quarumcum-

430 1665 490 1697 que
507 1654 697 1687 servitutum
713 1656 907 1688 urbanorum
927 1660 958 1688 et
972 1656 1166 1689 rusticorum

429 1707 647 1750 praediorum,
672 1713 879 1747 retractutnn,
906 1719 962 1741 seu
987 1709 1065 1741 iuris
1091 1719 1167 1741 con-

430 1759 510 1802 grui,
531 1761 651 1793 taxatio
677 1760 963 1804 sportularumasiat
980 1762 1018 1793 ad
1035 1772 1167 1794 mensu-

430 1823 498 1845 ram
525 1813 626 1856 ipsius
652 1814 816 1846 servitutis
837 1825 892 1847 seu
918 1814 996 1847 iuris
1021 1815 1054 1846 in
1076 1814 1165 1847 litem

431 1866 571 1906 deducti,
597 1867 746 1910 illiusque
772 1867 954 1900 aestimatio
981 1868 1166 1900 desumatur

430 1924 551 1952 tantum
577 1919 616 1952 ab
642 1930 680 1952 eo
711 1921 798 1963 quod
822 1922 948 1953 ratione
974 1922 1075 1954 dietae
1101 1932 1166 1954 ser-

430 1972 538 2004 vitutis
571 1977 624 2004 aut
659 1973 736 2004 iuris
773 1973 873 2005 niin‘ui
909 1984 964 2006 seu
990 1974 1098 2016 augeri
1126 1974 1165 2006 de

431 2024 499 2058 iure
525 2026 609 2058 solet
634 2026 672 2058 de
697 2027 804 2058 valore
830 2026 876 2059 rei
902 2032 1141 2060 controversae.

475 2089 510 2111 11.
539 2078 573 2111 ln
599 2080 702 2112 causis
733 2080 961 2122 acleptionmn,
988 2081 1166 2123 arrogatio-

431 2141 522 2171 num,
544 2132 823 2174 legitimatioiumi,
849 2133 1049 2173 filiationum‚
1070 2139 1101 2166 et
1125 2134 1166 2166 si-

430 2185 580 2224 milium,
607 2187 771 2228 sportulae
805 2186 946 2228 regulari
981 2187 1121 2219 debeant
1149 2198 1166 2219 a

430 2239 540 2271 valore
559 2237 605 2270 rei
623 2239 746 2280 pariter
765 2238 797 2270 in
816 2239 971 2271 iudicium
994 2240 1163 2279 deductae,

431 2301 548 2333 nempe
574 2301 591 2323 a
615 2291 722 2324 valore
750 2291 974 2332 haereditatis,
994 2292 1019 2324 si
1036 2298 1167 2336 petatur

432 2344 628 2383 haereditas,
646 2355 663 2376 a
686 2345 794 2377 valore
820 2345 1048 2377 alimentorum
1064 2346 1089 2378 si
1112 2356 1167 2388 pe-

434 2402 543 2430 tantur
567 2396 729 2435 alimenta,
756 2402 787 2429 et
808 2397 851 2429 sie
879 2398 916 2430 de
939 2398 1021 2431 aliis.

477 2462 526 2484 111.
554 2450 587 2482 ln
621 2450 727 2482 causis
753 2451 1066 2493 praecedentiarum,
1092 2452 1168 2486 alia-

434 2515 571 2548 rumque
605 2503 932 2547 praeenzinentiarum
974 2506 1023 2537 vel
1050 2506 1166 2539 iurium

435 2560 521 2591 inter
545 2558 684 2601 privatas
707 2568 862 2600 personas
889 2563 951 2590 tam
977 2559 1167 2591 ecelesiasti—

435 2622 485 2644 αις
500 2622 593 2655 (siam
609 2612 797 2649 saecular-os,
815 2610 932 2642 tax-atio
947 2621 999 2654 sp(
1011 2611 1166 2644 rtularum

1003 232 1122 255 numan
1128 232 1180 255 mn
1204 231 1357 255 nonatum

1207 280 1361 312 excedere
1383 289 1446 312 non
1470 280 1574 323 possit
1597 291 1712 314 aureos
1729 281 1939 325 vigintiquin-

1208 342 1286 374 que;
1305 331 1392 365 inter
1416 338 1581 375 magnates
1604 344 1691 374 vero,
1717 335 1866 377 collegia,
1887 345 1939 367 ca-

1207 384 1318 426 pitula,
1342 385 1568 419 universitates
1601 391 1631 419 et
1655 387 1775 420 similes
1790 414 1798 427 ‚
1824 397 1937 420 aureos

1208 437 1443 481 quinquaginta
1473 440 1524 472 vel
1556 445 1704 482 centum,
1725 440 1869 484 inspecta
1895 445 1939 473 ta-

1207 500 1280 523 men
1306 501 1413 524 rerum
1439 497 1471 524 et
1494 503 1707 535 personarum
1727 493 1892 535 qualitate.

1252 554 1294 576 1v.
1325 544 1359 577 In
1385 545 1489 578 causis
1522 545 1810 589 iurispatronatus‚
1841 547 1867 580 si
1899 547 1939 580 lis

1208 596 1250 629 sit
1267 597 1352 630 inter
1376 604 1616 641 praesentatos,
1638 601 1802 642 sportulae
1815 601 1939 633 nullum

1208 649 1366 693 recipiant
1394 657 1620 694 augmentum,
1657 653 1779 685 etiamsi
1810 653 1939 696 patroni

1209 703 1274 735 sint
1291 703 1323 736 in
1341 707 1436 737 causa
1451 705 1660 739 adhaerendo
1679 716 1736 739 seu
1758 707 1939 740 assistendo

1210 766 1321 789 eorum
1349 758 1585 800 praesentatis;
1612 758 1666 795 uhi
1687 770 1764 792 vero
1782 765 1939 802 patronus

1209 820 1265 842 seu
1291 811 1419 853 patroni
1445 811 1631 844 insteterint
1663 813 1748 855 apud
1782 818 1851 846 aeta
1879 823 1940 856 pro

1209 863 1455 897 ‹1·anonizati0ne
1474 875 1584 897 eorum
1610 865 1688 897 iuris
1714 865 1745 897 in
1770 866 1938 908 petitorio,

1209 921 1296 956 tunc,
1316 917 1444 958 quoties
1464 917 1494 948 in
1521 917 1683 950 sententia
1707 923 1863 961 sequatur
1886 929 1942 962 pe-

1209 968 1265 1001 tita
1280 969 1490 1008 canonizatio,
1514 971 1603 1002 valor
1624 971 1840 1013 sportularum
1855 982 1941 1004 com-

1207 1027 1416 1054 mensuretur
1434 1033 1450 1054 a
1469 1023 1577 1055 valore
1596 1022 1761 1064 benefieii;
1787 1024 1939 1066 idemque

1208 1079 1353 1106 servetur
1377 1074 1408 1106 iii
1434 1074 1546 1113 causis,
1566 1075 1597 1107 in
1624 1075 1740 1117 quibus
1767 1081 1880 1118 agatur
1900 1076 1939 1109 de

1206 1125 1275 1159 iure
1291 1127 1488 1165 instituendi,
1505 1127 1658 1169 eligendi,
1680 1128 1866 1160 nominandi
1885 1139 1939 1161 seu

1208 1180 1395 1212 conferendi
1412 1190 1510 1212 unum
1528 1186 1582 1212 aut
1599 1181 1692 1223 plura
1705 1180 1874 1221 beneficia,
1890 1182 1939 1214 vel

1207 1233 1271 1265 alio
1298 1233 1365 1266 iure
1388 1233 1498 1266 simili.

1252 1296 1282 1319 v.
1310 1286 1343 1319 ln
1362 1287 1467 1319 causis
1486 1286 1726 1327 alimentorum,
1746 1288 1939 1329 pensionum

1209 1340 1511 1381 ecclesiasticarum,
1545 1346 1638 1384 atque
1665 1340 1695 1373 in
1720 1340 1792 1373 aliis
1818 1340 1940 1374 iuribus

1207 1392 1375 1433 ritalitiis,
1411 1393 1591 1426 aestimatio
1630 1395 1848 1437 sportularum
1889 1393 1943 1426 siat

1208 1446 1295 1478 iuxta
1320 1457 1518 1478 mensuram.
1550 1447 1657 1485 Teoel„
1684 1447 1719 1479 in
1746 1447 1805 1490 ley.
1833 1447 1942 1480 haere-

1208 1499 1303 1531 dital.
1331 1498 1372 1531 (28
1393 1500 1424 1541 ff.
1453 1499 1496 1531 acl
1522 1499 1582 1542 leq.
1610 1499 1739 1532 Falcid.

1252 1561 1295 1584 Vl.
1323 1551 1356 1583 In
1373 1552 1475 1583 causis
1496 1551 1527 1583 in
1548 1551 1665 1594 quibus
1685 1557 1798 1594 agatur
1815 1551 1853 1584 de
1872 1551 1941 1584 iure

1209 1604 1400 1644 deehnandi,
1415 1604 1614 1648 quotizandi,
1632 1610 1688 1637 aut
1705 1611 1861 1648 perpetuo
1877 1606 1942 1637 exi-

1209 1657 1304 1699 gendi
1324 1658 1464 1700 aliquam
1496 1668 1636 1690 annuam
1664 1658 1940 1701 praestationem,

1209 1709 1275 1742 sive
1302 1709 1334 1742 in
1360 1720 1394 1742 re
1420 1709 1485 1742 sive
1510 1709 1543 1741 in
1568 1710 1728 1753 pecunia,
1757 1720 1823 1743 non
1852 1720 1944 1743 exce-

1210 1762 1305 1794 datur
1334 1763 1365 1795 in
1395 1762 1561 1804 exigendis
1598 1763 1750 1806 sportulis
1784 1767 1855 1795 taxa
1887 1773 1943 1795 seu

1209 1815 1399 1856 aestimatio,
1422 1826 1504 1859 quae
1522 1816 1797 1858 corresponderet
1814 1816 1942 1859 capitali

1209 1868 1292 1911 ipius
1317 1879 1442 1901 annuae
1468 1868 1706 1911 praestationis,
1725 1869 1816 1902 nulla
1832 1869 1944 1901 habita

1210 1921 1334 1954 ratione
1354 1921 1391 1953 ad
1410 1931 1531 1954 annuas
1551 1921 1789 1964 praestationes
1807 1931 1863 1954 seu
1882 1921 1945 1953 sru-

1209 1980 1278 2007 ctus
1301 1974 1453 2006 decursos
1479 1974 1533 2007 lite
1559 1975 1735 2017 pendente.

1252 2038 1307 2062 vii.
1335 2028 1393 2060 Ubi
1419 2029 1584 2071 pendente
1609 2028 1729 2061 iudicio
1762 2038 1870 2061 eoram
1895 2027 1942 2060 iu-

1209 2082 1279 2115 dice
1305 2081 1471 2114 ordinario
1493 2081 1718 2125 supervenerit
1743 2081 1943 2120 commissio,

1208 2140 1242 2167 ut
1262 2135 1316 2168 ille
1342 2135 1497 2178 procedat
1514 2135 1550 2167 de
1570 2145 1626 2168 seu
1644 2145 1714 2167 cnm
1732 2140 1806 2167 voto
1831 2134 1940 2173 Rotae,

1209 2189 1273 2221 sive
1298 2188 1430 2220 alterius
1457 2187 1625 2220 tribunalis
1642 2189 1691 2220 vel
1716 2187 1943 2230 congregatio-

1209 2241 1268 2279 nis,
1293 2246 1367 2273 tunc
1393 2241 1477 2272 idem
1498 2240 1590 2273 iudex
1609 2240 1792 2273 ordinarius
1811 2240 1841 2272 in
1867 2250 1943 2282 pro-

1209 2293 1330 2326 latione
1354 2292 1534 2325 sententiae
1556 2293 1680 2334 aliquas
1700 2292 1864 2335 sportulas
1890 2302 1942 2324 ac-

1209 2347 1317 2389 cipere
1342 2356 1407 2378 non
1433 2345 1556 2388 possit3
1577 2345 1601 2377 si
1627 2355 1703 2377 vero
1729 2345 1827 2377 suerit
1847 2345 1941 2378 iudex

1210 2400 1394 2441 delegatus,
1425 2398 1589 2441 sportulae
1615 2398 1654 2430 ab
1685 2397 1757 2441 ipso
1782 2397 1944 2441 accipien-

1211 2453 1269 2486 dae
1302 2463 1367 2485 non
1393 2452 1549 2485 excedant
1573 2462 1689 2484 aureos
1715 2451 1837 2484 decem.

1253 2516 1321 2539 vni.
1341 2504 1559 2547 Eamdemque
1580 2514 1764 2536 mensuram
1782 2509 1943 2537 scutorum

1211 2559 1322 2591 decem
1348 2557 1414 2590 auri
1444 2557 1600 2589 excedere
1627 2567 1690 2589 non
1717 2558 1821 2590 valeat
1849 2557 1944 2600 quili-

1210 2613 1263 2645 bet
1290 2612 1451 2655 praelatus
1485 2617 1535 2643 aut
1570 2611 1659 2642 iudex
1688 2611 1871 2644 culinarius
1898 2612 1943 2644 (li-

1945 233 1992 259 An.
2010 233 2038 262 C,
2061 234 2129 260 1603
