2254 3225
217 240 265 267 An.
282 239 310 266 0.
332 238 396 265 1090
441 229 506 261 474

406 284 549 319 octobris
574 285 715 327 desuper
741 281 888 316 consecto
915 285 945 314 et
969 290 1065 313 manu
1082 289 1139 313 110-

407 344 473 372 stra
496 338 679 381 subscripto
706 335 939 378 chirographo,
967 330 1077 366 cuius¹
1096 336 1140 363 te-

406 401 520 425 norem
535 390 872 432 haberivolumuspro
887 395 1048 430 expresso,
1064 384 1141 416 ube-

407 445 476 477 rius
501 443 698 482 continetur,
714 441 839 475 restitui
857 438 1088 472 mandavimus.
1107 436 1141 468 ln

408 498 499 531 cuius
525 496 786 540 exequutionem,
814 504 883 526 cum
909 491 1005 535 pretii
1034 496 1066 524 et
1090 500 1142 523 ex-

409 560 584 595 pensarum
604 547 787 596 huiusmodi
805 547 932 588 integra
947 549 979 578 et
997 543 1144 577 effectiva

409 603 571 636 restitutio
596 602 710 637 iisdem
735 598 927 634 officialibus
956 598 988 630 in
1013 597 1044 632 id
1071 606 1144 628 con-

410 655 620 688 sentientibus
658 654 858 695 subsequuta
883 650 994 691 suerit,
1022 648 1165 682 officio-v

410 718 479 740 rum
497 706 736 751 praedictorum
749 703 914 738 venalitati
929 703 1144 746 imposterum

411 769 581 793 occurrere
615 759 780 798 volentes,
807 762 895 790 motu
918 755 1078 799 proprio,
1107 765 1143 787 ex
1164 759 1166 780 ³

412 814 497 846 certa
523 811 655 844 seientia
691 816 722 844 et
756 811 880 843 matura
910 807 1144 842 deliberatione

410 865 539 903 nostris
559 864 663 906 deque
681 862 877 906 apostolicae
894 860 1064 904 potestatis
1081 861 1145 903 1110-

411 917 570 956 nitudine,
590 920 839 948 memoratorum
855 913 1037 947 officiorum
1054 922 1146 944 vena-

411 970 534 1003 litatem
565 973 679 1001 tenore
709 965 929 1010 praesentium
960 965 1090 1008 penitus
1115 968 1147 996 et

411 1022 543 1055 omnino
570 1021 734 1059 tollimus,
762 1018 1013 1062 supprimimus,
1041 1017 1145 1050 extin-

411 1074 546 1115 guimus,
564 1082 766 1105 removemus
789 1076 820 1104 et
836 1071 1017 1109 abolemus,
1035 1070 1146 1102 volen-
1165 1072 1167 1101 ἶ

411 1133 458 1159 tes
484 1131 515 1158 et
538 1125 727 1159 mandantes
755 1129 787 1156 ut
812 1122 994 1156 huiusmodi
1019 1121 1146 1161 officia,

412 1180 550 1212 antchac
587 1179 619 1211 in
660 1181 854 1221 perpetuum
889 1187 947 1208 seu
979 1176 1018 1208 ad
1050 1175 1146 1207 vitam

412 1232 545 1266 concedi
572 1230 679 1270 solita,
697 1231 727 1263 in
753 1235 931 1274 posterum,
945 1230 984 1262 ad
1002 1234 1146 1262 nostrum
1167 1238 1169 1265 ζ

412 1291 444 1318 01
467 1283 603 1317 Romani
628 1282 791 1316 pontificis
815 1292 876 1325 pro
902 1286 1049 1324 tempore
1082 1280 1168 1314 exi-'

412 1337 525 1370 stentis
544 1342 576 1369 et
593 1336 694 1369 dictae
712 1335 802 1369 Sedis
822 1334 1027 1378 Apostolicae
1051 1335 1148 1368 bene-
1167 1363 1169 1381 ;

412 1391 579 1435 placitum,
603 1389 677 1421 viris
701 1388 783 1421 vitae
809 1392 841 1421 et
864 1397 991 1420 morum
1015 1385 1169 1429 integri?⁴

413 1449 477 1476 tate
510 1441 772 1486 praestantibus,
798 1441 980 1474 litterarum
1016 1440 1149 1472 scientia

413 1496 582 1540 praeditis,
610 1504 785 1537 rerumque
816 1494 1028 1526 humanarum
1053 1503 1149 1535 expe-

414 1549 530 1582 rientia
555 1547 750 1590 insignibus,
774 1547 812 1579 ad
837 1547 992 1579 maiorem
1011 1546 1065 1578 Dei
1085 1547 1149 1588 glo·
1167 1586 1168 1596 ἵ

414 1603 514 1640 riam,
540 1601 705 1633 Romanae
741 1599 856 1632 Curiae
888 1604 920 1632 et
945 1600 1148 1642 praelaturae

414 1655 579 1694 decorem,
599 1663 725 1687 necnon
750 1652 875 1685 virtutis
900 1652 1148 1684 incitamentum

414 1712 444 1742 et
466 1707 671 1752 praemium,
696 1705 793 1748 gratis
827 1712 858 1739 et
892 1706 981 1738 nullo
1017 1709 1147 1748 recepto

982 230 1160 255 BULLARIUM
1185 227 1338 252 ROMANUM

1180 275 1289 318 vigilia
1314 286 1351 308 ac
1382 275 1463 307 sesto
1497 274 1544 308 Ss.
1579 274 1802 318 apostolorum
1826 274 1912 307 Petri

1182 333 1212 361 et
1238 328 1349 369 Pauli,
1375 338 1410 361 ac
1442 328 1474 360 in
1505 327 1673 361 Nativitate
1704 327 1757 361 SS.
1784 326 1911 360 Domini

1181 381 1285 414 nostri
1309 381 1380 414 Iesu
1405 381 1547 420 Christi,
1576 386 1606 414 et
1631 381 1769 424 denique
1794 382 1914 415 obven-

1181 434 1287 468 tiones
1302 439 1333 467 et
1345 434 1577 477 responsiones
1595 442 1824 477 quascumque,
1836 444 1914 477 quo-

1182 496 1319 529 cumque
1343 486 1477 519 nomine
1494 491 1705 528 nuncupatas,
1727 488 1808 529 quae
1825 486 1914 529 prius

1183 539 1214 571 111
1240 539 1540 582 compensationem
1557 537 1652 581 pretii
1677 539 1832 581 persoluti
1850 549 1916 572 me·

1183 592 1314 625 moratis
1339 591 1529 624 officialibus
1546 591 1726 634 respective
1752 591 1916 625 deheban-

1184 648 1236 676 tur
1260 648 1291 677 et
1315 645 1543 684 solvebantur,
1569 643 1699 687 penitus
1724 649 1756 677 et
1781 644 1915 678 omnino

1184 707 1312 730 cessare
1330 697 1461 737 debere,
1477 697 1598 740 illaque
1619 697 1726 730 omnia
1743 703 1774 730 et
1791 698 1917 740 singula

1184 759 1244 793 pro
1269 749 1479 783 indemnitate
1506 750 1649 783 eiusdem
1665 749 1818 784 Gamerae
1835 752 1917 794 Apo-

1185 802 1326 843 stolicae,
1339 802 1532 844 urgentibus
1552 802 1803 836 necessitatibus
1826 813 1916 847 pres·

1185 865 1250 895 sae,
1271 859 1303 888 et
1319 865 1425 898 nuper
1453 855 1548 888 etiam
1577 855 1673 898 pretii
1701 861 1734 889 et
1761 867 1917 899 expensa-

1184 918 1257 940 rum
1276 907 1478 941 restitutione
1493 909 1648 952 praefatis
1672 908 1865 942 officialibus
1882 915 1918 943 ut

1186 961 1366 1004 praefertur
1391 962 1470 994 sacta
1495 962 1597 1004 magis
1623 967 1792 1005 gravatae,
1816 967 1917 1003 motu,

1185 1013 1330 1054 scientia,
1349 1013 1583 1048 deliberatione
1601 1024 1636 1047 ac
1660 1014 1829 1057 potestatis
1848 1017 1918 1058 ple-

1186 1067 1332 1101 nitudine
1357 1068 1499 1110 paribus,
1513 1067 1721 1108 restituimus,
1740 1068 1917 1110 reunimus,

1186 1120 1430 1164 incorporamus
1455 1125 1487 1154 et
1511 1120 1725 1164 applicamus.

1165 1174 1168 1223 ὲ,
1230 1173 1299 1216 §3
1334 1174 1570 1214 Decernmnes,
1599 1174 1730 1207 easdem
1764 1183 1919 1218 praesen-

1187 1230 1235 1258 tes
1262 1225 1394 1265 litteras,
1423 1226 1518 1259 etiam
1545 1237 1582 1259 ex
1608 1237 1647 1259 eo
1672 1228 1758 1270 quod
1783 1228 1918 1270 praefati

1187 1288 1353 1311 causarum
1391 1279 1498 1312 curiae
1535 1278 1687 1313 Gamerae
1712 1280 1919 1323 Apostolicae

1187 1331 1349 1373 generalis
1376 1332 1513 1372 auditor,
1537 1343 1573 1365 ac
1598 1332 1742 1365 eiusdem
1767 1332 1921 1367 Gamerae

1190 1384 1406 1416 thesaurarius
1424 1385 1596 1427 generalis,
1616 1385 1787 1418 duodecim
1812 1386 1921 1419 clerici

1187 1436 1427 1479 praesidentes,
1447 1448 1482 1469 ac
1501 1438 1581 1470 alter
1598 1438 1799 1480 praesidens,
1818 1444 1849 1471 et
1865 1438 1920 1471 alii

1188 1489 1381 1532 quicumque
1407 1489 1438 1521 in
1464 1490 1647 1533 praemissis
1674 1490 1921 1533 quomodolibet

1188 1541 1236 1573 ius
1261 1543 1309 1573 vel
1337 1542 1495 1574 interesse
1532 1542 1689 1575 habentes
1714 1553 1770 1575 seu
1795 1543 1919 1577 habere

1167 1600 1168 1611 ¹
1189 1595 1461 1636 praetendentes,
1488 1594 1610 1627 eisdem
1646 1595 1829 1637 praemissis
1854 1606 1919 1629 non

1167 1637 1419 1692 {consenserim
1444 1652 1499 1679 aut
1524 1647 1624 1680 vocati
1650 1657 1705 1680 seu
1730 1648 1829 1682 auditi
1853 1658 1919 1682 non

1166 1700 1315 1744 {fuerint,
1335 1699 1460 1732 tametsi
1483 1710 1614 1732 suorum
1638 1700 1841 1737 indultorum
1864 1712 1920 1734 seu

1166 1752 1428 1804 {privilegiorum
1453 1753 1562 1795 vigore
1587 1753 1787 1793 consentire,
1811 1754 1920 1787 vocari

1923 226 1971 253 An.
1992 226 2019 254 C.
2038 227 2103 255 1692

1955 1182 2074 1205 Clausum.

413 1761 520 1805 pretio
545 1759 776 1793 concedantur.

256 1826 402 1856 einoiumtnia
456 1814 470 1857 g
496 1813 527 1846 2.
549 1813 700 1845 Volumus
727 1817 832 1844 tamen
863 1814 894 1843 et
919 1810 1144 1851 decernimus,
1166 1809 1245 1855 §seu
1269 1806 1374 1838 audiri
1400 1807 1499 1838 semel
1535 1806 1585 1838 vel
1623 1806 1747 1849 pluries
1773 1816 1920 1850 quoquo-

221 1854 402 1911 2332723.'.¹3'n“3¹⁰'it¹5.¹
413 1867 521 1900 onmia
545 1870 576 1898 et
600 1866 726 1907 singula
751 1864 980 1902 emolumenta,
1007 1868 1069 1895 tam
1096 1874 1148 1896 or-
1187 1859 1282 1892 modo
1309 1859 1503 1899 debuissent,
1530 1864 1585 1891 aut
1615 1869 1651 1891 ex
1682 1859 1743 1892 alia
1767 1869 1921 1902 quacum-

220 1912 264 1926 ¹'‘¹'¹¹
301 1907 538 1952 “amm‘'dinaria
557 1928 650 1962 quam
666 1916 928 1956 extraordinaria,
950 1916 1031 1955 iura,
1051 1917 1145 1956 bona,
1166 1917 1169 1945 t
1187 1922 1250 1955 que
1272 1911 1474 1955 quantumvis
1499 1911 1637 1944 iuridica
1661 1916 1694 1944 et
1716 1911 1920 1954 privilegiata

220 1933 374 1954 adscribuntur.

413 1973 544 2011 fructus,
562 1970 709 2006 redditus
735 1975 766 2003 et
790 1974 967 2013 proventus
993 1974 1098 2002 certos
1116 1975 1148 2002 et

413 2026 564 2066 incertos,
584 2025 668 2058 dicta
681 2024 762 2057 Sede
781 2029 844 2056 tam
863 2023 958 2066 plena
984 2030 1077 2066 quam
1096 2033 1148 2055 va-

413 2085 516 2119 cante,
537 2078 764 2120 undecumque
790 2076 1027 2119 provenientes,
1052 2076 1147 2108 etiam

1166 1967 1295 2009 ,causan
1323 1965 1362 1997 de
1388 1966 1454 1997 ullo
1487 1964 1704 2008 subreptionis
1729 1965 1778 1998 vel
1803 1965 1921 2009 obrep-

1166 2011 1283 2051 ilionis
1310 2028 1366 2051 seu
1392 2018 1551 2051 nullitatis
1575 2017 1660 2057 vitio,
1690 2023 1744 2050 aut
1767 2018 1920 2052 intentio-

1166 2100 1168 2111 ,
1187 2070 1236 2103 nis
1256 2076 1381 2104 nostrae
1399 2072 1448 2104 vel
1469 2071 1625 2104 interesse
1643 2069 1831 2104 habentium
1846 2081 1920 2104 eon-

415 2143 452 2166 ex
477 2131 614 2171 minatis,
642 2129 862 2173 quindenniis‚
889 2128 1020 2161 minutis
1046 2129 1148 2162 servi·
1166 2116 1169 2143 ἶ
1187 2126 1312 2163 sensus,
1330 2123 1458 2167 alioque
1477 2133 1681 2167 quocumque
1706 2124 1801 2156 etiam
1821 2134 1920 2167 quan-

413 2186 488 2225 tiis,
514 2184 661 2223 mulctis,
686 2183 816 2226 poenis,
843 2182 1144 2225 compositionibus,

415 2238 542 2281 sigillis,
559 2235 830 2280 expeditionibus,
849 2245 884 2268 ac
902 2234 1018 2268 litteris
1039 2240 1147 2277 paten-

415 2292 545 2332 talibus,
569 2298 696 2322 necnon
721 2288 836 2321 iocalia
854 2293 885 2320 et
908 2287 1044 2330 regalias
1064 2288 1145 2320 solvi

414 2345 524 2379 solitas
549 2353 567 2376 a
592 2340 754 2386 quibusvis
779 2341 927 2384 personis
946 2346 977 2373 et
1003 2350 1146 2373 commu-

414 2396 577 2433 nitatibus,
599 2400 630 2427 et
653 2393 841 2436 praesertim
865 2403 882 2425 a
906 2393 1037 2426 Camera
1062 2394 1146 2436 Apo-

414 2450 538 2489 stolica,
555 2447 710 2490 illiusque
729 2445 996 2489 appaltatoribus,
1017 2446 1146 2478 thesau-

413 2503 516 2542 rariis,
535 2499 712 2534 censuariis
729 2504 782 2532 aut
807 2498 991 2531 feudatariis
1014 2498 1046 2530 in
1072 2509 1146 2542 quo-

416 2565 553 2599 cumque
579 2553 651 2587 anni
679 2558 841 2595 tempore,
867 2557 899 2585 et
923 2551 1088 2594 signanter
1113 2552 1144 2585 in

453 2620 464 2646 1
482 2617 547 2645 Male
563 2616 628 2644 edit.
645 2614 724 2643 Maia.
740 2614 804 2649 legit
819 2614 880 2642 eius
899 2614 940 2649 (a.
955 2613 1002 2648 T.).

1189 2177 1303 2209 tumvis
1330 2186 1466 2219 magno,
1493 2176 1618 2209 formali
1655 2181 1687 2208 01
1717 2176 1919 2210 substantiali

1189 2230 1314 2263 defectu
1341 2229 1456 2268 notari,
1475 2229 1668 2272 impugnari,
1686 2229 1848 2272 redargui,
1869 2240 1920 2263 re-

1188 2283 1324 2321 tractari,
1350 2283 1382 2314 in
1408 2282 1455 2314 ius
1483 2283 1530 2315 vel
1555 2282 1806 2314 controversiam
1829 2292 1921 2315 revo-

1188 2335 1261 2375 cari,
1283 2335 1323 2369 ad
1357 2335 1510 2367 terminos
1535 2334 1612 2367 iuris
1637 2334 1757 2374 reduci,
1783 2344 1839 2367 seu
1865 2335 1920 2368 ad-

1187 2399 1295 2422 versus
1313 2388 1384 2422 illas
1401 2387 1592 2431 aperitionis
1614 2388 1691 2428 oris,
1707 2387 1917 2421 restitutionis

1187 2443 1219 2475 in
1237 2443 1407 2485 integrum,
1426 2441 1552 2474 aliudve
1577 2440 1802 2484 quodcumque
1827 2441 1916 2481 iuris,

1189 2496 1259 2529 sacti
1285 2496 1333 2528 vel
1351 2494 1471 2537 gratiae
1489 2493 1667 2526 remedium
1692 2493 1844 2526 intentari
1865 2495 1916 2527 vel

1188 2547 1352 2594 impetrari
1373 2547 1557 2579 nullatenus
1575 2556 1671 2589 posse
1688 2572 1695 2586 ,
1717 2546 1773 2579 sed
1790 2556 1917 2589 semper

1189 2610 1219 2638 et
1243 2607 1398 2647 perpetuo
1425 2599 1554 2639 validas,
1576 2598 1681 2632 firmas
1712 2604 1743 2632 et
1767 2598 1916 2633 efficaces
