2254 3225
204 198 252 224 An.
273 195 301 223 u.
324 193 388 222 1691
436 183 500 217 ⁶253

435 242 468 280 pt.
492 241 526 271 Et
548 249 584 270 ne
607 248 659 269 nos
680 238 802 268 inducas
824 236 853 266 in
876 235 1079 271 tentationem,

436 292 468 329 ljl.
492 290 546 319 Sed
568 288 658 318 libera
681 296 733 316 nos
755 295 770 315 a
793 285 878 315 malo.

436 338 469 377 fi.
493 337 609 373 Beatus,
631 335 681 374 qui
703 334 841 372 intelligit
861 341 948 372 super
963 339 1086 370 egenum
1103 333 1131 358 et

517 393 685 425 pauperem,

466 459 471 464 .
495 435 525 464 ln
548 435 595 464 die
618 433 694 463 mala
716 431 852 462 liberabit
875 440 939 460 eum
962 429 1110 459 Dominus,

466 508 472 514 .
497 483 614 513 immola
636 483 693 512 Deo
715 480 891 511 sacrificium
908 478 1013 515 laudis,

468 558 473 563 .
499 533 533 563 Et
555 532 642 562 redde
665 530 813 560 Altissimo
835 533 899 557 vota
916 531 975 557 tua.

468 606 473 612 .
497 582 617 621 Propter
640 579 784 609 miseriam
808 578 925 617 inopum
948 579 973 605 et
996 573 1134 611 gemitum

480 637 654 669 pauperum,

440 681 474 718 lj.
498 679 580 709 Nunc
602 685 741 714 exurgam
764 674 835 704 dicit
857 673 1004 703 Dominus.

442 728 475 767 fi.
500 727 622 767 Respice
644 725 679 755 de
701 724 791 760 eaelo,
808 728 836 752 et
859 722 933 759 vide,
953 725 980 750 et
999 719 1081 749 visita
1096 718 1136 747 vi-

480 785 565 805 neam
586 775 683 810 istam,

500 823 590 859 Quam
614 821 755 861 plantavit
776 820 895 849 dextera
920 822 977 847 tua.

501 872 619 903 Domine
642 869 745 900 exaudi
768 869 928 898 orationem
953 874 1057 900 meam,

501 922 534 951 Et
556 921 666 950 clamor
688 926 768 947 meus
792 916 826 945 ad
848 920 874 945 te
898 914 1004 945 veniat.

472 993 478 999 .
502 969 640 999 Dominus
664 966 826 996 vobiscum.

473 1042 479 1047 .
503 1018 535 1048 Et
557 1025 623 1047 cum
647 1014 752 1054 spiritu
775 1016 834 1042 tuo.

709 1062 831 1091 Oramus.

446 1115 529 1152 Vota,
563 1120 750 1152 quaesumuS,
786 1109 916 1139 Domine.
949 1106 1141 1146 supplicantis

408 1163 508 1203 populi
538 1161 654 1191 caelesti
688 1159 794 1199 pietate
823 1165 1020 1196 prosequere,
1053 1160 1083 1185 ut
1114 1159 1141 1184 et

408 1220 481 1251 quae
503 1210 613 1249 agenda
636 1212 703 1238 sunt
726 1207 850 1240 videant,
875 1210 903 1235 et
924 1205 959 1234 ad
981 1204 1139 1244 implenda.

409 1269 481 1299 quae
504 1258 640 1295 viderint,
664 1256 878 1286 convalescant.

448 1308 533 1344 Deus,
557 1307 606 1346 qui
629 1314 680 1344 per
703 1305 872 1341 unigentum
889 1306 971 1331 tuum
990 1302 1143 1331 aeternita-

411 1357 448 1386 tis
469 1355 553 1386 nobis
584 1355 695 1384 aditum
728 1352 841 1382 devicta
871 1354 962 1379 morte
994 1350 1142 1385 reserasti,

411 1409 474 1434 vota
507 1407 626 1438 nostra,
660 1409 734 1440 quae
767 1399 980 1438 praeveniendo
1012 1398 1141 1437 aspiras,

411 1453 497 1483 etiam
521 1450 683 1481 adiuvando
706 1456 892 1488 prosequere.

437 437 462 622 *4⁸:2⁵4ss

443 826 477 1057 ezasa

450 1500 526 1530 Deus
549 1498 598 1538 qui
614 1507 664 1527 nos
681 1507 695 1526 a
712 1496 819 1526 saeculi
842 1495 968 1524 vanitate
991 1503 1145 1524 conversos

412 1549 447 1579 ad
483 1551 617 1577 aeternae
648 1545 807 1575 vocationis
839 1543 973 1573 accendis
1005 1551 1144 1579 amorem,

412 1596 578 1637 pectoribus
605 1594 713 1624 nostris
742 1592 932 1632 purificandis
964 1591 1096 1628 illabere,
1119 1595 1147 1620 et

412 1645 534 1683 gratiam
559 1643 652 1678 nobis,
676 1651 731 1680 qua
753 1641 781 1670 in
811 1645 837 1670 te
864 1648 1082 1679 perseveremus
1104 1639 1147 1668 in-

414 1689 511 1728 fiinde,
535 1696 566 1721 ut
594 1689 784 1730 protectionis
809 1693 875 1717 tuae
903 1688 1006 1717 muniti
1038 1687 1147 1725 praesi-

413 1742 480 1779 diis,
505 1749 578 1779 quae
601 1744 627 1769 te
654 1739 777 1767 donante
807 1736 1004 1775 promisimus,
1028 1735 1148 1773 implea-

414 1799 489 1825 muS,
513 1793 540 1818 et
563 1791 680 1817 nostrae
703 1785 891 1824 professionis
919 1788 1087 1813 executores
1109 1783 1149 1812 ef-

414 1839 491 1872 fecti,
515 1837 548 1866 ad
571 1846 613 1872 ea,
638 1844 711 1875 quae
727 1833 913 1863 credentibus
928 1833 956 1861 in
974 1837 999 1862 te
1015 1833 1147 1870 dignatus

415 1896 444 1916 es
467 1885 645 1925 promittere,
671 1883 879 1922 pertingamus.

454 1934 539 1969 Deus,
563 1933 691 1962 omnium
715 1935 881 1960 sanctorum
904 1929 1042 1968 splendor
1063 1928 1148 1957 mira-

414 1981 491 2018 bilis,
516 1980 565 2020 qui
583 1979 718 2010 Ordinem
736 1982 866 2007 nostrum
884 1987 934 2016 per
952 1977 1147 2006 beatissimam

415 2029 562 2067 Virginem
582 2027 699 2057 Mariam
717 2027 856 2056 divinitus
874 2026 1027 2055 instituere
1049 2025 1149 2062 digna-

417 2082 462 2107 tus
489 2086 530 2113 es,
554 2076 661 2115 quique
694 2075 801 2104 sanctis
832 2075 888 2103 tuis
915 2074 998 2103 Petro
1030 2073 1148 2102 Notasco

416 2125 490 2164 patri
513 2128 623 2161 nostro,
648 2123 817 2162 Raymnndo
840 2123 983 2157 Nonnato,
1008 2131 1039 2151 ac
1057 2121 1149 2150 beatis

417 2174 500 2202 Petro
528 2171 682 2201 Paschasio
710 2174 738 2200 et
765 2170 967 2208 Armengaudo
1001 2168 1150 2198 inviolabi-

415 2222 471 2251 lem
494 2220 523 2249 in
546 2218 723 2248 redimendis
739 2218 860 2257 captivis
880 2218 982 2247 dedisti
1000 2217 1150 2246 charitatis

415 2268 565 2302 effectum,
600 2270 711 2305 praesta
744 2275 934 2304 quaesumus,
970 2270 998 2294 ut
1034 2273 1150 2302 gressus

416 2316 507 2347 nostri
523 2317 551 2345 in
574 2324 674 2344 eorum
691 2315 802 2343 semitis
819 2314 1017 2351 perficiantur,
1032 2318 1059 2342 et
1075 2313 1150 2342 eius-

416 2366 481 2395 dem
504 2363 655 2394 charitatis
677 2363 797 2398 donum,
821 2363 895 2401 quod
923 2363 951 2391 iu
981 2362 1038 2391 illis
1061 2362 1151 2391 conti-

417 2423 474 2443 nuo
497 2420 669 2442 veneramur
691 2410 839 2449 obsequio,
864 2410 945 2439 nobis
964 2420 1078 2448 quoque
1094 2410 1150 2448 spi-

417 2462 513 2492 rituali
536 2461 667 2499 largitate
689 2460 821 2490 donetur.
855 2459 907 2488 Per
932 2458 1069 2489 Christum
1099 2458 1150 2488 Do-

418 2512 521 2540 millum
545 2514 674 2538 HOSII'HW.
697 2509 792 2538 Amen.

463 2558 602 2592 Peractis
628 2557 813 2590 huiusmodi
839 2556 991 2600 precibus
1017 2555 1150 2589 ulterius

971 184 1149 211 BULLARIUM
1175 183 1281 207 ROMAN
1288 182 1329 205 ΕΜ

1173 231 1211 265 ad
1236 229 1496 264 benedictionem
1521 227 1742 260 itinerantium
1767 237 1905 271 progre-

1173 284 1291 318 diendo
1316 282 1451 325 incipiat
1473 281 1543 324 ipse
1568 282 1730 324 praelatus
1755 280 1905 323 antipho-

1174 347 1266 370 nam:
1300 336 1343 369 Ιη
1374 336 1461 367 viam
1486 333 1598 378 pacis,
1631 339 1661 367 et
1685 334 1803 366 chorus
1828 343 1905 377 per-

1174 390 1317 433 sequitur
1340 399 1413 422 cum
1442 387 1566 421 cantico
1597 387 1810 427 Benedictus;
1841 397 1905 430 quo

1177 443 1348 476 terminato
1373 452 1432 485 per
1457 441 1571 474 Gloria
1596 440 1716 478 Patri,
1749 439 1907 482 repetitur

1176 496 1368 539 antiphona:
1393 494 1435 527 1η
1453 494 1540 526 viam
1561 493 1652 536 pacis
1669 496 1697 525 et
1710 493 1908 536 prosperita-

1178 549 1218 581 tis
1242 548 1367 591 diriqat
1389 557 1442 580 vos
1462 546 1664 589 omnipotens
1684 548 1712 577 et
1728 545 1908 578 misericors

1177 601 1346 640 Dominus,
1366 604 1394 633 el
1419 599 1553 642 anqelus
1571 597 1718 641 Raphael
1742 599 1910 631 comitetur

1177 654 1338 687 vobiscum
1363 653 1398 685 in
1421 653 1484 691 risi,
1501 656 1537 684 ut
1561 661 1633 684 cum
1654 661 1741 694 pace,
1759 651 1863 684 salute
1882 654 1911 684 et

1178 706 1295 750 qaudio
1319 706 1530 739 revertamini
1552 704 1595 737 ad
1615 705 1752 748 propria

1218 758 1305 798 Kyrie
1327 758 1455 795 eleison,
1478 757 1592 788 Christe
1608 757 1735 796 eleison,
1753 757 1838 796 Kyrie
1853 757 1912 787 ele-

1180 808 1260 845 ison,
1284 807 1370 837 Pater
1392 811 1504 843 noster,
1528 810 1584 836 etc.

1246 880 1252 886 .
1276 856 1309 886 Et
1332 866 1367 885 ne
1389 865 1441 885 nos
1462 855 1583 885 inducas
1605 855 1635 884 in
1659 854 1859 892 tentationem,

1247 929 1253 935 .
1276 906 1330 935 Sed
1353 905 1445 935 libera
1467 914 1519 934 nos
1541 914 1555 934 a
1578 904 1665 934 malo.

1248 978 1254 984 .
1277 954 1376 984 Salvos
1398 954 1441 983 fac
1463 962 1562 983 servos
1585 957 1662 991 tuos,

1248 1026 1254 1032 .
1277 1003 1351 1033 Deus
1374 1012 1455 1032 meus
1477 1005 1627 1041 sperantes
1649 1001 1679 1031 in
1701 1008 1729 1031 te

1278 1052 1355 1082 Mitte
1377 1051 1418 1081 eis
1439 1051 1558 1080 Domine
1580 1049 1720 1079 auxilium
1742 1049 1777 1079 de
1798 1050 1914 1087 Sancto,

1276 1101 1309 1130 Et
1330 1100 1364 1129 de
1386 1099 1454 1128 Sion
1478 1102 1559 1127 tuere
1582 1107 1644 1127 nos.
1807 1088 1811 1091 ⁵

1278 1148 1345 1178 Esto
1367 1148 1420 1184 eis,
1444 1146 1573 1183 Domine,
1598 1145 1687 1175 turris
1708 1144 1887 1175 fortitudinis

1250 1220 1255 1226 .
1281 1197 1303 1226 A
1324 1196 1396 1225 facie
1418 1195 1541 1224 inimici.

1251 1269 1256 1275 .
1282 1246 1357 1275 Nihil
1380 1244 1512 1284 proficiat
1533 1244 1669 1274 inimicus
1691 1243 1721 1273 in
1744 1243 1797 1280 eis,

1251 1317 1256 1324 .
1280 1294 1314 1324 Et
1330 1293 1406 1323 filius
1423 1292 1584 1332 iniquitatis
1599 1301 1657 1322 non
1673 1296 1798 1331 opponat
1813 1301 1918 1322 nocere

1263 1342 1316 1372 eis.

1251 1413 1256 1419 .
1281 1389 1454 1419 Benedictus
1476 1388 1614 1418 Dominus
1635 1388 1680 1418 die
1700 1387 1838 1428 quotidie,

1252 1462 1258 1468 .
1282 1438 1456 1477 Prospcrum
1478 1437 1553 1467 iter¹
1577 1436 1662 1466 faciat
1684 1437 1725 1466 eis
1748 1436 1822 1466 Deus
1843 1436 1920 1466 salu-

1266 1487 1370 1517 tarium
1394 1490 1570 1515 nostrorum.

1254 1559 1259 1564 .
1282 1535 1349 1564 Yias
1372 1538 1445 1565 tuas,
1468 1533 1598 1569 Domine,
1621 1533 1786 1563 demonstra
1808 1533 1860 1571 eis,

1254 1608 1259 1613 .
1284 1585 1318 1614 Et
1340 1584 1457 1613 semitas
1479 1587 1540 1612 tuas
1563 1583 1650 1612 edoce
1671 1591 1730 1612 eos.

1255 1656 1260 1662 .
1283 1633 1399 1663 Utinam
1421 1632 1583 1669 dirigantur
1605 1631 1668 1661 viae
1690 1639 1802 1667 eorum,

1256 1705 1261 1710 .
1285 1681 1327 1711 Ad
1350 1680 1554 1710 custodiendas
1576 1679 1797 1709 iustificationes
1819 1683 1894 1709 tuas.

1256 1752 1262 1758 .
1286 1729 1376 1759 Erunt
1400 1737 1486 1767 prava
1508 1728 1539 1757 in
1561 1727 1683 1765 directa,

1256 1800 1261 1806 .
1286 1777 1319 1806 Et
1341 1785 1441 1815 aspera
1465 1776 1495 1805 in
1513 1775 1578 1812 sias
1600 1775 1711 1813 planas.

1257 1849 1262 1855 .
1286 1825 1405 1855 Domine
1428 1823 1530 1853 exaudi
1553 1824 1713 1853 orationem
1737 1831 1841 1860 meam,

1256 1898 1261 1904 .
1286 1875 1319 1904 Et
1340 1875 1449 1903 clamor
1471 1882 1551 1902 meus
1573 1872 1607 1901 ad
1630 1876 1656 1902 te
1678 1871 1786 1901 veniat.

1257 1946 1262 1951 .
1286 1922 1424 1952 Dominus
1447 1920 1604 1950 vobiscum.

1257 1994 1262 1999 .
1287 1971 1319 2000 Et
1342 1979 1406 1999 cum
1429 1969 1532 2008 spiritu
1556 1974 1615 1998 tuo.

1496 2016 1574 2047 Orem
1581 2026 1619 2045 us.

1228 2068 1313 2105 Deus,
1338 2067 1386 2107 qui
1411 2066 1554 2096 Abraham
1578 2073 1699 2104 puerum
1723 2069 1803 2095 tuum
1826 2064 1860 2094 de
1882 2064 1924 2095 Ur

1190 2116 1381 2146 Chaldeoruin
1398 2116 1533 2144 eductum
1557 2123 1607 2152 per
1629 2122 1730 2143 omnes
1751 2122 1820 2143 suae
1842 2122 1924 2152 pere-

1190 2165 1362 2204 grinationis
1384 2165 1443 2193 iias
1465 2163 1596 2192 illaesum
1615 2161 1778 2198 custodisti,
1802 2171 1924 2200 quaesu-

1191 2223 1265 2251 mus,
1295 2217 1326 2243 ut
1357 2213 1407 2242 lies
1440 2211 1561 2241 famulos
1596 2210 1740 2239 custodire
1776 2210 1921 2248 digneris:

1191 2267 1251 2292 esto
1274 2262 1326 2299 eis,
1346 2260 1476 2295 Domine,
1507 2260 1536 2287 in
1562 2259 1712 2297 procinctu
1739 2258 1922 2297 suffragium,

1191 2312 1220 2341 in
1243 2311 1290 2340 via
1311 2309 1457 2343 solatium,
1486 2309 1514 2338 in
1542 2311 1622 2337 aestu
1653 2306 1866 2344 umbraculum,
1893 2307 1924 2337 in

1193 2359 1291 2399 pluvia
1317 2362 1346 2387 et
1378 2358 1485 2395 frigore
1513 2361 1721 2394 tegumentum,
1749 2356 1779 2385 in
1812 2356 1926 2386 lassitu-

1192 2409 1260 2438 dine
1282 2407 1457 2440 vehiculum,
1486 2406 1515 2434 in
1537 2404 1710 2434 adversitate
1734 2404 1923 2443 praesidium,

1192 2458 1221 2487 in
1244 2455 1356 2485 lubrico
1378 2454 1509 2491 baculus,
1532 2454 1561 2483 in
1585 2453 1733 2491 naufragio
1755 2457 1864 2492 portus,
1882 2457 1923 2492 ut,

1219 857 1254 1334 Ἑᾊ“ἓᾘ<*ᾖ“ῤ-*ΞᾋἛᾋ

1229 1683 1250 1720 *E
1228 1633 1249 1672 ³³-
1227 1586 1248 1624 a
1227 1535 1248 1574 ³⁴2-
1226 1441 1247 1478 NE
1224 1390 1246 1430 ’ἐι-

1230 1973 1250 2010 *a
1230 1923 1250 1961 2⁴.-
1229 1877 1250 1914 *a
1230 1826 1250 1865 *4
1228 1779 1249 1816 «a
1230 1729 1251 1768 24

1229 2562 1240 2589 1
1262 2561 1332 2588 Edit.
1354 2560 1434 2587 Main.
1457 2559 1520 2594 legit
1542 2559 1616 2586 inter
1634 2560 1672 2591 (n.
1693 2558 1742 2593 T.)-

1908 178 1947 205 An

1954 199 1959 205 .
1981 178 2008 205 C.
2024 179 2087 207 109¹
