2227 3225
119 249 170 278 An.
191 249 222 275 C.
241 248 302 276 1691

890 247 1098 272 INNOCENTH'S
1122 249 1166 272 xtt
1189 249 1237 272 1³1³.

309 296 356 328 sui
394 295 598 338 pontificatus
635 306 685 334 ix,
723 300 754 328 et
793 305 877 328 anno
918 296 1044 328 Domini

309 359 409 382 MDCtV
445 354 475 381 et
500 350 547 381 sui
574 348 783 391 pontificatus
802 359 868 385 xtit,
893 359 950 391 per
971 349 1045 380 Pati-

309 404 374 434 luni
401 402 422 433 V
448 413 534 435 anno
560 402 686 434 Domini
710 411 820 435 iiiucvii
847 408 875 434 ct
896 402 944 433 sui
967 411 1046 444 pon-

308 455 448 487 tificatus
473 466 518 494 iii,
544 460 576 487 et
600 465 683 487 anno
709 455 835 486 Domini
863 460 979 488 iiiucxtv
1015 461 1045 487 et

307 509 354 540 sui
371 509 578 551 pontificatus
594 520 621 547 x,
640 513 670 541 et
686 506 770 540 auno
788 508 912 540 Domini
928 517 1045 540 itinexvi
1066 522 1067 526 ¹

308 567 340 594 et
354 562 403 594 sui
419 562 624 604 pontificatus
639 572 695 600 xii,
710 572 770 604 pei*
784 561 976 603 Gregorium
995 560 1044 592 XV

307 625 393 648 anno
418 615 542 648 Domini
580 624 698 648 iincxxi
732 620 763 646 et
795 614 843 646 sui
875 613 1045 656 pontifica-

308 674 358 700 tus
384 678 405 704 1,
431 673 462 700 et
486 678 571 700 anno
603 667 730 699 Domini
761 677 892 700 itincxxii
929 672 959 698 et
995 666 1043 698 sui

307 719 513 762 pontificatus
539 731 574 757 ii,
598 730 656 762 per
681 720 845 753 Urbanum
870 719 930 751 ΠΗ
958 729 1043 751 anno

307 773 432 806 Domini
458 783 612 807 iinoxxvii
645 778 677 805 et
705 773 752 805 sui
786 772 990 816 pontificatus
1014 782 1043 811 ν,

306 831 338 858 et
362 837 448 860 anuo
472 827 598 859 Domini
624 836 786 859 itincxxviii
822 832 854 858 et
883 825 931 857 sui
962 835 1044 868 pon-

307 878 444 912 tificatus
470 890 521 918 Vl,
549 890 606 922 per
637 880 856 912 Alexandrum
882 879 930 910 Vll
957 888 1042 911 anno

305 932 431 965 Domini
457 943 587 966 MDCLXH
613 938 645 964 et
668 933 716 964 sui
744 932 949 975 pontificatus
975 942 1043 969 vni,

305 997 340 1019 ac
367 987 508 1030 denique
534 997 592 1030 per
616 986 667 1019 SS.
694 986 861 1019 dominum
895 992 1042 1018 nostrum

306 1039 527 1072 innocentium
555 1039 601 1076 xi,
628 1039 681 1082 qui
708 1039 801 1071 simul
823 1049 895 1071 cum
923 1038 1041 1070 robore

305 1103 381 1125 suae
407 1093 604 1136 apostolicae
630 1093 886 1125 confirmationis
912 1086 1064 1135 plenamt

305 1147 399 1178 uobis
441 1147 624 1179 facultatem
652 1145 787 1187 largitus
821 1151 869 1178 est
894 1145 931 1177 ad
968 1155 1042 1177 exe-

304 1200 433 1242 quenda
458 1199 557 1232 nostri
578 1198 706 1231 Ordinis
724 1199 856 1241 antiqua
882 1198 1041 1230 desideria

304 1252 493 1285 eliminandi
526 1252 565 1284 ab
590 1257 739 1284 anteacto
772 1251 1063 1296 constitutionum,

302 1306 465 1338 volumine
491 1315 606 1338 omnes
631 1304 876 1341 redundantiae,
903 1304 1040 1336 diminu-

303 1358 408 1397 tionis,
447 1358 643 1395 omissionis,
678 1356 892 1395 confusionis,
930 1357 1040 1389 incon-

301 1422 466 1454 gruaeque
497 1410 732 1443 distributionis
763 1411 907 1443 defectus
934 1420 971 1442 θ’(
997 1410 1040 1442 in-

301 1464 459 1497 concinna
475 1464 632 1496 dictorum
653 1468 844 1495 statutorum
858 1463 1037 1495 adiectione

300 1518 502 1555 intertextos,
527 1521 557 1549 et
591 1516 627 1548 ad
666 1516 890 1552 auferendum,
918 1516 1060 1548 adden-2

301 1570 388 1607 dum,
410 1570 600 1602 variandum
623 1575 653 1601 et
675 1569 921 1612 exprimendum
941 1579 1036 1601 omne

301 1624 388 1666 quod
413 1624 451 1655 ad
470 1623 500 1655 id
521 1623 607 1655 etad
633 1623 788 1654 maiorem
815 1622 919 1654 nostri
946 1621 1038 1654 insti-

300 1677 360 1708 tuti
386 1676 624 1709 observantiam
657 1675 910 1717 promovendam
937 1675 1037 1707 visum

300 1730 399 1762 suerit
416 1729 510 1762 nobis
528 1728 694 1771 expedire.
716 1728 773 1762 (lta
788 1738 878 1759 suuni
893 1728 1037 1769 diploma

300 1781 513 1825 pontificium,
536 1781 622 1824 quod
649 1781 764 1823 incipit
788 1780 964 1812 Militantis
985 1779 1037 1813 Ec-

300 1835 414 1867 clesiae
434 1835 491 1867 suh
513 1834 594 1866 datis
614 1833 734 1866 Romae
753 1833 838 1876 apud
855 1833 883 1864 S.
906 1833 1035 1864 Mariam

300 1888 463 1927 Maiorem,
482 1886 542 1919 sub
569 1888 689 1919 annulo
716 1885 903 1923 Piscatoris,
926 1886 977 1918 die
999 1896 1036 1917 xv

300 1940 374 1974 maii
412 1950 497 1973 anno
536 1939 661 1972 Domini
693 1948 884 1972 Muctxxxvit
919 1944 949 1971 et
986 1939 1035 1971 sui

299 1993 506 2037 pontificatus
522 1993 581 2035 m).

343 2047 407 2079 llac
432 2056 509 2089 ergo
535 2045 716 2089 apostolica
752 2046 944 2078 auctoritate
969 2046 1035 2078 suf-

298 2100 380 2140 sulti,
416 2105 609 2142 nostrasque
646 2109 753 2131 sacras
779 2099 1033 2131 constitutiones

298 2153 338 2186 ab
353 2153 440 2186 omni
459 2163 562 2185 naevo
581 2152 746 2184 vindicare
764 2152 1033 2194 ctipientes.post

298 2210 481 2244 accuratam
525 2215 562 2237 ac
588 2204 731 2238 debitam
762 2205 808 2237 rei
843 2205 922 2237 tanti
952 2215 1034 2247 pon-

297 2258 383 2291 deris
420 2257 665 2296 discussionem,
692 2256 836 2289 unanimi
871 2267 1030 2289 consensu

296 2310 402 2353 primo
417 2309 626 2349 decrevimus,
648 2309 745 2351 quod,
763 2315 797 2341 ut
815 2309 847 2341 in
868 2314 1031 2352 posterum

296 2363 402 2396 omnis
426 2362 615 2404 ambigendi
646 2363 737 2394 locus
771 2372 848 2404 erga
884 2368 1032 2395 anteacta

296 2421 415 2449 statuta
430 2417 469 2449 de
493 2415 601 2448 medio
627 2416 768 2454 tollatur,
790 2415 895 2447 solum
922 2425 958 2447 ex
986 2416 1032 2447 eis

295 2469 360 2501 viin
385 2469 626 2502 constitutionis
654 2469 797 2501 habeant
828 2468 860 2500 in
891 2468 1031 2500 futurum

297 2523 437 2564 quaein
471 2528 544 2555 octo
578 2522 790 2565 sequentibus
817 2521 1033 2554 distinctioni-

296 2575 357 2607 bus
382 2576 608 2614 continentur;
627 2575 664 2607 ad
684 2575 739 2607 lias
757 2575 843 2607 enim
869 2574 1030 2615 integrum

295 2632 480 2664 nostrarum
504 2628 770 2663 constitutionum
801 2638 919 2672 corpus
945 2627 1033 2661 iuxta

1724 242 1788 274 ⁶225

1088 298 1255 340 propi-iam
1272 308 1400 330 suarum
1416 299 1555 341 partium
1571 299 1824 341 (lescripiimieiu

1089 350 1282 389 reducimus,
1309 356 1345 383 iit
1368 351 1426 382 sub
1459 353 1522 383 una
1546 353 1659 391 regula
1690 358 1719 384 et
1754 363 1826 394 pro-

1090 403 1229 435 fessione
1259 405 1404 437 viventes
1435 405 1589 437 uniformi
1619 405 1826 437 observantia

1090 457 1233 497 regulari
1260 457 1325 489 Deo
1351 458 1550 490 famulemur.
1578 457 1667 488 Faxit
1688 457 1772 489 Deus
1792 462 1827 489 iit

1089 509 1195 541 omnis
1228 510 1273 542 eis
1299 510 1393 542 labor
1424 510 1591 553 impensus
1617 509 1823 552 disc³ptinae,

1088 561 1252 593 severitati
1285 567 1316 594 et
1350 562 1382 594 in
1419 563 1536 595 maiori
1573 561 1700 595 Ordinis
1738 562 1824 594 bono

1087 613 1246 656 proficiat.

1310 682 1472 704 nisiiucrio
1495 683 1595 704 PRtMA.

1182 722 1221 752 De
1243 722 1318 751 cultu
1344 723 1392 753 Dei
1414 729 1439 753 et
1464 725 1565 754 divinis
1592 725 1728 755 laudibus.

1131 775 1218 808 Licet
1244 777 1348 809 omnis
1375 777 1489 819 religio
1520 788 1553 811 se
1580 783 1677 811 totam
1710 781 1742 812 in
1768 780 1825 813 Dei

1086 829 1206 861 cultum
1240 830 1402 868 exhibeat,
1435 830 1509 863 iude
1535 837 1642 864 tamen
1669 834 1824 866 sacratius

1086 881 1117 912 in
1144 882 1211 914 eius
1237 883 1396 915 honorem
1422 884 1560 924 erigitur
1588 885 1674 917 unde
1708 886 1824 919 divinis

1086 934 1237 966 laudibus
1255 935 1471 978 mancipatur.
1487 936 1602 969 Noster
1615 943 1720 970 autem
1739 938 1824 972 Ordo

1086 998 1148 1019 nou
1176 993 1299 1020 tantum
1326 999 1361 1021 ex
1389 989 1500 1022 debito
1532 990 1700 1032 religionis
1738 993 1825 1024 liunc

1086 1040 1139 1071 Dei
1166 1041 1288 1072 vultum
1314 1051 1331 1073 a
1356 1042 1468 1075 limine
1494 1044 1679 1087 assumpsit,
1709 1045 1764 1077 sed
1786 1056 1825 1078 ea

1085 1094 1220 1126 maxime
1253 1094 1340 1137 quod
1366 1096 1604 1138 redemptionis
1639 1097 1824 1131 institutum

1085 1147 1208 1179 elicuit.
1248 1147 1325 1180 Cum
1363 1148 1449 1181 cnim
1490 1149 1614 1192 Moyses
1641 1150 1729 1183 iussu
1768 1151 1822 1185 Dei

1084 1199 1254 1232 liberasset
1278 1202 1435 1244 populum
1458 1206 1489 1234 ct
1512 1202 1543 1234 in
1569 1204 1701 1235 alteram
1720 1204 1823 1238 Rubri

1083 1253 1286 1295 crepidinem
1312 1254 1505 1292 sustulisset,
1525 1256 1608 1287 lianc
1631 1256 1758 1289 Domini
1778 1258 1824 1290 di-

1082 1306 1269 1343 gnationem
1302 1307 1370 1339 eius
1406 1308 1498 1341 laude
1535 1309 1709 1350 conclusit,
1748 1311 1821 1343 duin

1082 1358 1161 1390 illud
1183 1359 1342 1392 canticum
1363 1361 1490 1393 extulit:
1514 1362 1687 1394 Cantemus
1714 1363 1823 1396 Dumi-

1081 1421 1130 1449 πο,
1149 1412 1289 1454 ylorz'ose
1306 1415 1389 1445 enim
1409 1415 1640 1457 iyznslitificaltts
1658 1421 1712 1448 ecl.
1742 1418 1822 1450 llinc

1082 1474 1141 1495 nos
1176 1465 1275 1506 igitur
1307 1467 1405 1508 digne
1438 1477 1521 1499 novo
1558 1468 1670 1500 debito
1708 1468 1738 1500 in
1767 1470 1820 1502 Dei

1082 1517 1232 1551 laudibus
1251 1529 1458 1562 occupamur,
1474 1525 1502 1552 et
1519 1520 1610 1552 rliori
1630 1520 1822 1563 profitemur

1081 1570 1230 1609 officium,
1251 1578 1281 1604 et
1298 1572 1535 1615 redemptionis
1553 1573 1820 1614 misericordiam,

1080 1634 1177 1666 quam
1203 1625 1290 1657 misit
1316 1625 1470 1658 Dominus
1495 1627 1620 1669 populo
1646 1638 1722 1665 suo,
1748 1639 1822 1670 pirr-

1080 1680 1179 1719 petua
1216 1678 1390 1719 gratiarum
1428 1679 1556 1711 actione
1598 1680 1818 1720 decantmnus,

1080 1730 1193 1762 faciem
1220 1731 1288 1763 eius
1314 1731 1449 1773 psalmis
1474 1738 1505 1764 et
1531 1732 1657 1776 hymni<
1685 1745 1820 1776 praeoc-

1079 1789 1254 1825 cupantes,
1281 1790 1316 1816 ut
1341 1784 1426 1827 quod
1459 1785 1649 1827 dignatione
1675 1787 1816 1830 incepit,

1079 1837 1287 1869 miseratione
1313 1844 1511 1880 promoveat.

1122 1899 1145 1922 1.
1174 1890 1292 1922 Audito
1318 1891 1425 1932 primo
1457 1891 1567 1933 signo,
1593 1903 1652 1935 pro
1679 1893 1815 1935 siugulis

1842 253 1886 276 tn>
1904 251 1930 274 Γ,Δ
1953 250 2017 277 lto(

1867 1895 1934 1915 CAPUT
1951 1896 1964 1916 Ι.

1855 1921 1882 1940 ΙΝ·
1898 1924 1969 1942 dinuo
1981 1923 2016 1947 ⁰12,

1079 1941 1168 1974 lioris
1199 1943 1316 1984 quibus
1353 1944 1473 1986 septies
1503 1945 1554 1977 dic
1584 1950 1750 1988 noctuque
1776 1947 1814 1979 ad
1827 1947 1882 1968 ⁰³¹⁰·

1078 1995 1246 2028 Dominum
1265 1997 1487 2037 convenimus,
1505 1999 1758 2040 praeparantes¹
1781 2010 1814 2032 se

1079 2047 1203 2086 fratres,
1221 2054 1253 2080 et
1273 2054 1347 2081 ante
1372 2048 1467 2082 finem
1487 2051 1621 2082 secundi
1643 2061 1756 2084 omnes
1775 2052 1813 2084 ad

1076 2102 1212 2134 eliorum
1238 2102 1403 2139 accedant,
1430 2103 1519 2145 quasi
1546 2103 1577 2134 in
1600 2104 1733 2136 odorem
1756 2105 1816 2136 Do-

1076 2154 1152 2186 mini
1179 2155 1346 2187 humiliter
1364 2160 1393 2187 et
1415 2155 1529 2188 devote
1551 2162 1728 2195 currentes,
1748 2157 1813 2196 ubi,

1075 2208 1256 2239 secundum
1283 2208 1384 2240 horae
1411 2209 1598 2251 qualitatem
1631 2215 1685 2241 aut
1716 2210 1810 2250 festi,

1075 2261 1218 2294 divinum
1239 2260 1380 2293 officium
1405 2266 1596 2294 reverenter
1619 2263 1811 2304 compleant,

1075 2314 1163 2356 quod
1191 2313 1344 2345 fratribus
1369 2313 1508 2353 clericis,
1536 2314 1635 2346 sacris
1668 2315 1813 2347 nondum

1074 2366 1221 2406 initiatis,
1247 2366 1272 2399 si
1299 2366 1406 2399 forsan
1428 2367 1530 2399 clioro
1555 2367 1729 2409 aliquando
1748 2378 1813 2400 non

1076 2417 1294 2456 interfuerint,
1320 2416 1471 2460 privatim
1497 2418 1683 2460 persolvere
1717 2428 1809 2461 prae-

1075 2469 1225 2513 cipimus.

1118 2531 1152 2553 11.
1171 2521 1320 2559 Quotidie
1338 2520 1436 2553 missa
1455 2521 1680 2553 conventualis
1700 2521 1730 2552 in
1746 2521 1814 2552 uni-

1075 2574 1173 2606 versis
1199 2573 1328 2606 Ordinis
1353 2574 1502 2605 domibus
1536 2573 1620 2605 iuxta
1646 2573 1741 2605 ritum
1768 2573 1812 2605 fe-

1112 2636 1123 2664 1
1147 2635 1247 2672 Aptius
1267 2635 1326 2671 lege
1343 2638 1523 2671 praeparent
1542 2636 1579 2670 (n.
1595 2635 1646 2671 T.).
