2227 3225
104 266 155 292 An.
175 264 205 290 C.
225 263 292 290 t698

301 312 409 354 rigere
436 315 468 344 et
492 309 682 349 emendare,
708 313 807 352 prout
840 307 871 341 in
904 308 1041 340 Domino

302 364 475 396 salubriter
504 363 660 406 expedire
693 362 896 403 cognoverit,
926 371 1041 394 conce-

301 417 408 450 dimus
434 422 466 449 et
498 417 716 458 indulgemus.
733 416 801 454 Quo
820 425 895 447 vere
916 414 1043 457 {antesa-

303 475 405 503 tarum
421 470 452 503 S.
469 470 588 502 Domus
606 475 637 502 et
655 469 791 501 civitatis
810 467 957 509 regimen
977 477 1043 499 me-

299 523 373 562 lius,
401 523 594 562 distinctius,
611 516 776 566 ouiniqtie,
797 527 952 565 quantum
973 520 1041 552 lieri

299 583 428 622 potest,
454 578 558 610 litium
582 583 614 609 et
639 576 887 611 contentionum
916 581 1041 607 remoto

298 632 465 675 periculo,
493 632 757 670 administretur,
784 630 958 673 omniaque
984 629 1043 662 lio-

299 690 391 718 neste
418 690 448 718 et
466 685 648 718 secundum
671 684 819 717 ordinem
837 683 927 723 liant,
955 683 1043 715 volu-

299 749 370 772 mus
397 744 429 772 et
454 739 644 771 mandamus
667 744 700 770 ut
717 738 936 780 Congregatio
954 747 1044 781 prae-

299 792 376 832 fata,
403 793 434 825 iu
463 791 689 835 spiritualibus
715 791 860 834 quidem,
880 801 961 834 quae
982 790 1044 823 sci-

299 846 377 879 licet
407 846 445 879 ad
473 845 631 878 ecclesiae
664 846 799 885 cultum,
826 844 918 877 cliori
945 844 1044 877 servi-

300 899 388 939 tium,
416 899 598 932 divinorum
626 898 894 937 celebrationem,
921 897 1045 930 anima-

298 963 369 985 rum
395 963 517 993 euram,
545 958 823 985 sacramentorum
842 951 1044 984 administra-

299 1005 440 1046 tionem,
468 1016 595 1038 morum
634 1005 890 1045 correctionem,
916 1004 1044 1048 aliaque

299 1060 487 1093 huiusmodi
514 1059 692 1104 pertinent,
709 1059 852 1102 episcopi
872 1058 1043 1092 Lauretani

299 1123 358 1156 pro
385 1119 533 1156 tempore
561 1112 741 1152 existentis,
769 1118 933 1155 tamquam
953 1111 1044 1144 Sedis

300 1167 508 1210 Apostolicae
522 1166 673 1209 delegati,
687 1166 717 1198 in
732 1166 769 1198 iis
781 1176 857 1198 vero
873 1176 954 1209 quae
970 1176 1045 1208 quo-

298 1230 512 1263 rumcumque
538 1220 700 1252 bonorum
734 1219 882 1252 eiusdem
913 1225 1044 1251 sanetae

299 1275 444 1317 capellae
473 1275 684 1317 temporalem
717 1274 1044 1312 administrationem,

299 1337 427 1360 necnon
455 1327 558 1360 dictae
573 1327 709 1359 civitatis
736 1327 935 1359 Lauretanae
961 1327 1045 1360 eius-

299 1391 362 1424 que
396 1381 569 1414 comitatus
596 1386 690 1423 atque
718 1380 893 1419 dis!rictt“1s‚
921 1385 983 1412 tam
1011 1380 1042 1412 in

299 1434 403 1467 causis
429 1433 579 1466 civilibus
613 1444 707 1476 quam
734 1433 962 1467 criminalibus
987 1444 1043 1466 seu

298 1486 414 1525 mixtis,
429 1487 624 1529 gubernium
639 1487 803 1519 saeculare
829 1493 1044 1527 concernunt,

296 1541 462 1574 Romanae
487 1541 600 1574 Curiae
627 1541 775 1585 praelati,
793 1541 825 1574 iu
845 1542 1045 1584 gubernato-

297 1604 366 1628 rem
391 1605 407 1627 a
433 1595 528 1628 nobis
554 1601 586 1627 et
610 1605 670 1639 pro
705 1601 850 1638 tempore
886 1595 1043 1628 existente

299 1649 444 1682 Romano
471 1649 625 1682 Pontiflce
657 1649 859 1692 deputandi,
885 1651 986 1692 opera
1013 1655 1043 1682 et

299 1702 480 1735 ministerio
505 1702 548 1734 uti
569 1703 697 1735 debeat.
722 1703 765 1735 Ac
783 1708 960 1746 propterea
980 1707 1042 1735 tam

299 1756 472 1789 domorum
506 1756 799 1800 aedificiorumque
826 1757 971 1789 omnium
999 1756 1043 1789 sa-

298 1809 421 1842 bricam
448 1815 479 1842 et
511 1809 811 1849 manutentionem,
839 1820 934 1852 quam
968 1821 1044 1853 sup-

298 1862 513 1906 pellectilium
540 1863 771 1906 cuiuscumque
794 1862 934 1905 generis,
951 1874 1044 1906 para-

298 1921 491 1955 mentorum,
519 1927 742 1959 gemmarum,
768 1916 972 1959 aliorumque
999 1917 1044 1950 io-

299 1969 426 2009 catium,
454 1979 536 2012 quae
563 1969 621 2002 sub
647 1969 790 2002 thesauri
810 1969 942 2002 nomine
962 1980 1044 2002 nun-

299 2027 470 2065 cupantur,
489 2033 615 2055 necnon
635 2023 916 2066 eleemosynarum
936 2027 968 2055 et
984 2024 1045 2056 lar-

298 2076 459 2118 gitionum
480 2076 704 2120 quarumlibet
728 2077 923 2117 custodiam,
946 2082 1042 2120 atque

299 2129 396 2163 etiam
416 2130 544 2162 montis
570 2130 722 2172 pietatis,
754 2130 957 2171 nosocomii,
985 2131 1043 2164 ho-

297 2182 385 2226 spitii
411 2187 444 2215 et
473 2182 607 2216 triclinii
633 2178 692 2227 pro
725 2185 927 2227 pauperibus
950 2195 1044 2228 pere-

297 2235 402 2279 grinis
429 2235 779 2279 superintendentiam,
812 2238 1044 2280 gubernatoris

297 2289 434 2332 praefati
453 2300 549 2322 curae
568 2289 820 2323 committenda¹
842 2301 923 2331 esse,
949 2290 1044 2323 mini-

299 2347 383 2376 stros
401 2352 478 2376 vero
496 2343 692 2386 supradictis
710 2343 791 2376 locis
815 2345 979 2388 rebusque
998 2344 1044 2376 in-

300 2395 490 2434 servientes,
516 2396 542 2429 si
569 2397 680 2430 elerici
707 2397 835 2438 suerint,
862 2398 894 2430 in
911 2409 1044 2431 concer-

300 2447 453 2482 nentibus
478 2450 646 2483 dumtaxat
671 2461 785 2484 eorum
811 2451 1042 2492 ministerium,

300 2501 511 2543 gubernatori
537 2505 695 2547 praefato,
716 2504 748 2537 in
764 2505 896 2548 reliquis
922 2510 1040 2546 autem,

301 2554 456 2598 episcopo
469 2556 648 2591 Lauretano
666 2564 827 2602 tamquam
849 2558 941 2592 Sedis
958 2559 1043 2602 Apo-

300 2607 433 2641 stolicae
443 2608 602 2652 delegato,
615 2611 813 2654 organistam
824 2612 956 2644 demum
971 2623 1042 2645 can-

337 2671 348 2698 1
364 2670 412 2714 Vel
421 2672 657 2701 committendam
667 2673 708 2701 vel
720 2682 808 2702 comm
815 2675 940 2717 illendas
949 2675 1051 2717 (u.T.).V

886 259 1096 284 INNOCENTIPS
1122 259 1166 282 XI!
1192 260 1239 283 Pr.

1720 250 1784 284 8:37
1832 259 1882 284 An.
1901 259 1928 285 c.
1957 258 2021 285 1698

1086 315 1240 351 torcsque
1266 317 1491 351 quoscumque
1529 307 1674 341 eiusdem
1708 308 1738 341 S.
1767 309 1829 341 Do-

1087 372 1176 399 mus,
1203 361 1308 404 quoad
1343 360 1582 394 correctionem
1615 372 1743 394 morum
1777 372 1829 394 ec-

1087 414 1274 457 clesiaeque
1289 414 1463 452 servitium,
1485 414 1651 457 episcopo,
1672 414 1829 447 inceleris

1087 467 1299 509 gubernatori
1326 468 1460 501 subesse
1481 467 1602 501 debere
1624 468 1830 501 decernimus

1087 526 1117 553 et
1132 521 1212 615 5decl
1219 533 1360 554 aramus.

1168 574 1382 614 o:.Quoni1m
1409 586 1485 609 veto
1515 575 1693 609 nonnullie
1725 575 1830 609 eecle-

1087 628 1177 662 siae
1172 639 1228 661 seu
1246 628 1406 662 beneficia
1421 629 1461 661 eti
1467 640 1516 661 am
1528 639 1584 661 eur
1587 634 1647 668 πᾶ,
1665 616 1860 689 praefatae}
1857 616 1915 661 nan
1921 623 1995 662 ’.ἰ“..““.’ζ.-
1999 623 2025 661 '1¹¹

1086 681 1118 715 S
1151 682 1264 714 Domui
1303 693 1358 715 sen
1392 683 1537 725 capellae
1567 681 1677 722 unita,
1705 692 1845 715 annexa
1841 669 1912 716 ’Ῐ“Ῐ..ι“.
1915 669 2026 716 'emh'

1087 736 1136 768 vel
1156 735 1195 767 ab
1211 738 1247 768 ca
1267 736 1499 779 dependentia,
1519 747 1583 769 non
1599 736 1630 768 in
1647 736 1848 770 Lauretana
1842 729 1933 769 ἰ’ίζ“’ἱ““.
1935 729 1991 769 -.-“ἶ.’.““
1990 723 2026 768 .ἰ’.“-

1087 790 1201 827 solnm,
1230 789 1286 821 sed
1313 789 1344 821 in
1370 789 1620 832 quampluribus
1643 790 1739 822 etiam
1759 783 1869 824 atiisli',
1864 777 2026 829 'lgifl'iwuss

1088 842 1296 876 dioecesibus
1322 844 1553 886 reperiuntur,
1580 849 1615 876 ut
1640 844 1829 876 earumdem

1089 895 1298 929 ecclesiarum
1317 896 1620 940 beneficiorumque
1637 897 1726 930 bono
1747 896 1832 939 regi-

1088 949 1165 981 mini
1192 956 1365 993 rectaeque
1402 950 1675 983 administrationi
1706 951 1833 983 consul-

1089 1011 1154 1037 tum
1180 1005 1227 1043 sit,
1255 1006 1384 1038 easdem
1403 1005 1567 1045 ecelesias,
1587 1015 1766 1048 earumque
1781 1015 1831 1038 re-

1088 1065 1209 1098 ctores,
1237 1059 1385 1102 aliosque
1411 1059 1579 1092 ministros
1594 1069 1830 1103 quoscumque,

1090 1112 1331 1156 episcoporum,
1355 1113 1559 1156 aliorumque
1580 1112 1830 1153 ordinariorum,

1089 1166 1118 1198 in
1153 1177 1293 1210 quorum
1330 1166 1509 1210 respective
1537 1166 1745 1200 dioecesibus
1770 1166 1832 1199 sita

1089 1225 1171 1259 sunt,
1189 1225 1351 1262 tamquam
1369 1219 1459 1252 Sedis
1477 1219 1684 1263 Apostolicae
1702 1220 1832 1262 delega-

1090 1279 1205 1314 torum,
1220 1273 1452 1313 iurisdictioni,
1479 1273 1655 1306 visitationi
1675 1279 1707 1306 et
1723 1284 1832 1306 corre-

1088 1327 1197 1367 ctioni,
1225 1327 1285 1360 sub
1311 1327 1580 1370 Congregationis
1607 1333 1715 1360 tamen
1734 1332 1832 1360 utsu-

1088 1391 1146 1423 pra
1170 1391 1187 1412 a
1217 1381 1310 1413 nobis
1342 1380 1489 1413 erectae¹
1515 1380 1674 1424 regimine
1706 1386 1738 1414 et
1763 1391 1832 1414 om—

1088 1434 1220 1466 nimoda
1246 1434 1483 1477 dependentia,
1512 1435 1650 1467 subesse
1679 1435 1831 1467 volumus

1088 1493 1120 1520 et
1144 1487 1354 1528 mandamus3
1382 1487 1533 1531 idemque
1559 1498 1694 1531 prorsus
1721 1488 1831 1531 quoad

1087 1551 1201 1574 omnes
1229 1548 1259 1574 et
1283 1542 1428 1583 singulos
1460 1543 1596 1575 colonos
1624 1542 1689 1575 sive
1715 1542 1833 1575 officia-

1087 1597 1134 1628 les
1159 1595 1304 1628 eiusdem
1331 1595 1362 1628 S.
1385 1595 1506 1628 Domus
1533 1600 1624 1628 extra
1650 1595 1830 1628 dioecesim

1086 1649 1300 1682 Lauretanam
1328 1649 1467 1681 ubilibet
1493 1649 1684 1690 existentes,
1711 1649 1750 1682 ad
1777 1650 1834 1682 de-

1086 1703 1189 1735 bitum
1217 1709 1322 1736 tamen
1350 1713 1521 1735 numerum
1547 1710 1582 1735 ut
1613 1713 1713 1746 supra
1736 1703 1834 1736 redu-

1087 1757 1218 1796 cendos,
1244 1756 1365 1789 servari
1385 1756 1570 1790 statuimus.
1590 1756 1750 1789 Beneficia
1775 1767 1832 1790 au-

1087 1816 1150 1843 tem
1176 1810 1343 1853 praedicta
1370 1811 1480 1843 etalia
1506 1821 1741 1854 quaecumque,
1760 1821 1832 1844 eum

1086 1867 1162 1896 cura
1187 1869 1219 1896 et
1237 1864 1306 1896 siue
1326 1865 1414 1904 cura,
1432 1864 1612 1897 saecularia
1629 1869 1662 1897 et
1681 1875 1834 1908 quorum-

1086 1917 1132 1950 vis
1157 1917 1313 1950 Ordinum
1340 1918 1511 1960 regularia,
1546 1918 1831 1962 qualitercumque

1087 1970 1281 2014 qualilicata,
1296 1977 1327 2004 et
1343 1971 1539 2015 ubicumque
1554 1972 1734 2013 existentia,
1750 1983 1831 2016 quae

1087 2024 1125 2056 ad
1152 2024 1383 2064 collationem,
1408 2025 1648 2069 provisionem,
1677 2037 1832 2069 praesen-

1088 2078 1250 2117 tationem,
1278 2079 1473 2112 electionem
1500 2084 1531 2112 et
1562 2079 1708 2123 quamvis
1734 2079 1831 2113 aliam

1087 2131 1339 2175 dispositionem
1365 2132 1532 2175 praefatae
1562 2132 1594 2165 S.
1626 2132 1746 2166 Domus
1771 2143 1831 2176 pro

1089 2191 1236 2228 tempore
1261 2185 1457 2228 protectoris
1484 2185 1733 2229 quomodolibet
1756 2196 1832 2230 per-

1088 2238 1244 2275 tinebant,
1260 2239 1471 2279 ordinationi,
1483 2239 1693 2283 dispositioni
1711 2244 1744 2273 et
1760 2250 1832 2284 pro-

1086 2292 1203 2325 visioni
1221 2298 1352 2325 nostrae
1372 2298 1403 2325 et
1420 2292 1511 2326 Sedis
1529 2293 1739 2336 Apostoli-:ae
1757 2303 1832 2337 per-

1087 2351 1187 2389 petuo
1208 2356 1428 2379 reseivamus.

1130 2398 1189 2443 56.
1212 2399 1246 2433 Si
1269 2399 1345 2443 quid
1362 2410 1440 2433 veto
1458 2399 1545 2433 eirca
1569 2400 1752 2444 praesentis
1774 2411 1832 2435 no·
1843 2405 1929 2454 ΙΙΙΠι
1925 2441 1949 2453 Γ
1960 2437 2026 2453 ιω

1086 2459 1170 2487 strae
1197 2453 1439 2487 constitutionis
1460 2454 1709 2495 obsetvantiam,
1738 2454 1831 2487 inter·
1843 2463 1913 2512 {125⁸
1909 2461 1976 2507 'tau
1979 2466 2027 2508 {1¹¹3

1085 2506 1328 2550 pretationem,

1915 589 2024 610 Ereto-ian

1926 2407 2009 2427 mim-an
2011 2404 2026 2426 tt

1366 2507 1431 2540 sive
1469 2507 1735 2548 declarationem,
1761 2507 1882 2540 ullotur.

1085 2571 1230 2603 unquam
1256 2566 1404 2604 tempore
1430 2560 1626 2593 controverti
1662 2565 1716 2592 aut
1740 2560 1831 2593 dnbi-

1087 2614 1145 2647 tari
1171 2614 1354 2657 contigerit,
1381 2615 1413 2647 id
1439 2624 1535 2647 omne
1560 2613 1725 2657 praefatae
1750 2612 1831 2647 Con-

1123 2677 1130 2702 l
1155 2675 1226 2703 Edit
1247 2675 1326 2704 Maia.
1350 2676 1412 2712 legit
1432 2679 1525 2704 rectae
1539 2677 1578 2711 (R.
1601 2677 1651 2710 Τ.).
