<?xml version="1.0" encoding="UTF-8"?>
<!DOCTYPE html PUBLIC "-//W3C//DTD XHTML 1.0 Transitional//EN"
    "http://www.w3.org/TR/xhtml1/DTD/xhtml1-transitional.dtd">
<html xmlns="http://www.w3.org/1999/xhtml" xml:lang="en" lang="en">
 <head>
  <title>
</title>
<meta http-equiv="Content-Type" content="text/html;charset=utf-8" />
  <meta name='ocr-system' content='tesseract 3.04.00' />
  <meta name='ocr-capabilities' content='ocr_page ocr_carea ocr_par ocr_line ocrx_word'/>
</head>
<body>
  <div class='ocr_page' id='page_1' title='image "./bullarumdiplomat20cath_0577.png"; bbox 0 0 2227 3225; ppageno 0'>
   <div class='ocr_carea' id='block_1_1' title="bbox 123 221 308 250">
    <p class='ocr_par' dir='ltr' id='par_1_1' title="bbox 123 221 308 250">
     <span class='ocr_line' id='line_1_1' title="bbox 123 221 308 250; baseline 0.005 -2"><span class='ocrx_word' id='word_1_1' title='bbox 123 221 172 250; x_wconf 75' lang='lat' dir='ltr'>An.</span> <span class='ocrx_word' id='word_1_2' title='bbox 194 221 221 248; x_wconf 87' lang='lat' dir='ltr'>C.</span> <span class='ocrx_word' id='word_1_3' title='bbox 240 221 308 249; x_wconf 72' lang='lat'>1693</span> 
     </span>
    </p>
   </div>
   <div class='ocr_carea' id='block_1_2' title="bbox 121 2136 304 2263">
    <p class='ocr_par' dir='ltr' id='par_1_2' title="bbox 121 2136 304 2263">
     <span class='ocr_line' id='line_1_2' title="bbox 178 2136 304 2156; baseline 0 0"><span class='ocrx_word' id='word_1_4' title='bbox 178 2136 304 2156; x_wconf 46' lang='lat' dir='ltr'>nest-rumun-</span> 
     </span>
     <span class='ocr_line' id='line_1_3' title="bbox 122 2163 304 2184; baseline -0.016 0"><span class='ocrx_word' id='word_1_5' title='bbox 122 2163 234 2184; x_wconf 69' lang='lat' dir='ltr'>farzultat·=s</span> <span class='ocrx_word' id='word_1_6' title='bbox 256 2168 304 2182; x_wconf 81' lang='lat' dir='ltr'>con-</span> 
     </span>
     <span class='ocr_line' id='line_1_4' title="bbox 121 2189 304 2214; baseline -0.016 -4"><span class='ocrx_word' id='word_1_7' title='bbox 121 2195 195 2210; x_wconf 76' lang='lat' dir='ltr'>cessae</span> <span class='ocrx_word' id='word_1_8' title='bbox 216 2189 304 2214; x_wconf 67' lang='lat' dir='ltr'>Congre-</span> 
     </span>
     <span class='ocr_line' id='line_1_5' title="bbox 123 2216 303 2241; baseline -0.011 -6"><span class='ocrx_word' id='word_1_9' title='bbox 123 2216 201 2241; x_wconf 66' lang='lat' dir='ltr'>gatiani</span> <span class='ocrx_word' id='word_1_10' title='bbox 211 2219 230 2235; x_wconf 73' lang='lat' dir='ltr'>et</span> <span class='ocrx_word' id='word_1_11' title='bbox 240 2217 303 2235; x_wconf 75' lang='lat' dir='ltr'>iudici</span> 
     </span>
     <span class='ocr_line' id='line_1_6' title="bbox 122 2243 256 2263; baseline -0.007 0"><span class='ocrx_word' id='word_1_12' title='bbox 122 2243 256 2263; x_wconf 69' lang='lat' dir='ltr'>visitationis.</span> 
     </span>
    </p>
   </div>
   <div class='ocr_carea' id='block_1_3' title="bbox 892 219 1244 242">
    <p class='ocr_par' dir='ltr' id='par_1_3' title="bbox 892 219 1244 242">
     <span class='ocr_line' id='line_1_7' title="bbox 892 219 1244 242; baseline -0.003 0"><span class='ocrx_word' id='word_1_13' title='bbox 892 219 1102 242; x_wconf 75' lang='lat' dir='ltr'>INNOCENTIUS</span> <span class='ocrx_word' id='word_1_14' title='bbox 1126 219 1171 242; x_wconf 83' lang='lat' dir='ltr'>xn</span> <span class='ocrx_word' id='word_1_15' title='bbox 1195 219 1244 242; x_wconf 78' lang='grc' dir='ltr'>ΓΡ.</span> 
     </span>
    </p>
   </div>
   <div class='ocr_carea' id='block_1_4' title="bbox 312 265 1056 1529">
    <p class='ocr_par' dir='ltr' id='par_1_4' title="bbox 313 265 1056 1317">
     <span class='ocr_line' id='line_1_8' title="bbox 316 265 1054 311; baseline -0.007 -9"><span class='ocrx_word' id='word_1_16' title='bbox 316 268 615 302; x_wconf 79' lang='lat' dir='ltr'>etordinationilnis</span> <span class='ocrx_word' id='word_1_17' title='bbox 630 265 833 311; x_wconf 78' lang='lat' dir='ltr'>apostolicis,</span> <span class='ocrx_word' id='word_1_18' title='bbox 854 276 889 299; x_wconf 91' lang='lat' dir='ltr'>ac</span> <span class='ocrx_word' id='word_1_19' title='bbox 904 277 1054 309; x_wconf 74' lang='lat' dir='ltr'>(piarum-</span> 
     </span>
     <span class='ocr_line' id='line_1_9' title="bbox 316 319 1055 365; baseline -0.003 -11"><span class='ocrx_word' id='word_1_20' title='bbox 316 332 453 365; x_wconf 77' lang='lat' dir='ltr'>cumque</span> <span class='ocrx_word' id='word_1_21' title='bbox 484 321 579 354; x_wconf 84' lang='lat' dir='ltr'>etiam</span> <span class='ocrx_word' id='word_1_22' title='bbox 611 320 874 364; x_wconf 72' lang='lat' dir='ltr'>patriarchalium</span> <span class='ocrx_word' id='word_1_23' title='bbox 909 319 1055 353; x_wconf 85' lang='lat' dir='ltr'>ecclesia-</span> 
     </span>
     <span class='ocr_line' id='line_1_10' title="bbox 315 372 1054 414; baseline -0.001 -8"><span class='ocrx_word' id='word_1_24' title='bbox 315 385 397 414; x_wconf 87' lang='lat' dir='ltr'>rum,</span> <span class='ocrx_word' id='word_1_25' title='bbox 423 374 697 407; x_wconf 71' lang='lat' dir='ltr'>monasteriorum</span> <span class='ocrx_word' id='word_1_26' title='bbox 714 401 721 414; x_wconf 91' lang='lat'>,</span> <span class='ocrx_word' id='word_1_27' title='bbox 748 374 918 406; x_wconf 86' lang='lat' dir='ltr'>domorum</span> <span class='ocrx_word' id='word_1_28' title='bbox 944 378 976 406; x_wconf 91' lang='lat' dir='ltr'>et</span> <span class='ocrx_word' id='word_1_29' title='bbox 999 372 1054 405; x_wconf 90' lang='lat' dir='ltr'>Or-</span> 
     </span>
     <span class='ocr_line' id='line_1_11' title="bbox 317 426 1053 467; baseline -0.004 -7"><span class='ocrx_word' id='word_1_30' title='bbox 317 427 449 467; x_wconf 79' lang='lat' dir='ltr'>dinam,</span> <span class='ocrx_word' id='word_1_31' title='bbox 484 427 806 467; x_wconf 85' lang='lat' dir='ltr'>confraternitatum,</span> <span class='ocrx_word' id='word_1_32' title='bbox 832 426 1053 459; x_wconf 85' lang='lat' dir='ltr'>arcliiconfra-</span> 
     </span>
     <span class='ocr_line' id='line_1_12' title="bbox 315 478 1053 522; baseline -0.001 -11"><span class='ocrx_word' id='word_1_33' title='bbox 315 479 514 520; x_wconf 70' lang='lat' dir='ltr'>temitanum,</span> <span class='ocrx_word' id='word_1_34' title='bbox 542 479 831 522; x_wconf 79' lang='lat' dir='ltr'>congregationum</span> <span class='ocrx_word' id='word_1_35' title='bbox 857 484 888 512; x_wconf 88' lang='lat' dir='ltr'>et</span> <span class='ocrx_word' id='word_1_36' title='bbox 912 478 1053 521; x_wconf 88' lang='lat' dir='ltr'>hospita-</span> 
     </span>
     <span class='ocr_line' id='line_1_13' title="bbox 317 532 1053 573; baseline 0 -9"><span class='ocrx_word' id='word_1_37' title='bbox 317 532 396 565; x_wconf 83' lang='lat' dir='ltr'>lium</span> <span class='ocrx_word' id='word_1_38' title='bbox 414 559 421 573; x_wconf 91' lang='lat'>,</span> <span class='ocrx_word' id='word_1_39' title='bbox 449 533 546 566; x_wconf 87' lang='lat' dir='ltr'>etiam</span> <span class='ocrx_word' id='word_1_40' title='bbox 571 533 773 571; x_wconf 84' lang='lat' dir='ltr'>iuramento,</span> <span class='ocrx_word' id='word_1_41' title='bbox 807 532 1053 566; x_wconf 79' lang='lat' dir='ltr'>confirmatione</span> 
     </span>
     <span class='ocr_line' id='line_1_14' title="bbox 317 585 1054 629; baseline 0 -12"><span class='ocrx_word' id='word_1_42' title='bbox 317 585 506 628; x_wconf 75' lang='lat' dir='ltr'>apostolica,</span> <span class='ocrx_word' id='word_1_43' title='bbox 531 586 580 618; x_wconf 85' lang='lat' dir='ltr'>vel</span> <span class='ocrx_word' id='word_1_44' title='bbox 606 586 718 629; x_wconf 76' lang='lat' dir='ltr'>quavis</span> <span class='ocrx_word' id='word_1_45' title='bbox 744 585 894 618; x_wconf 88' lang='lat' dir='ltr'>firmitate</span> <span class='ocrx_word' id='word_1_46' title='bbox 919 586 981 618; x_wconf 82' lang='lat' dir='ltr'>alia</span> <span class='ocrx_word' id='word_1_47' title='bbox 1006 596 1054 618; x_wconf 92' lang='lat' dir='ltr'>ro-</span> 
     </span>
     <span class='ocr_line' id='line_1_15' title="bbox 317 638 1054 682; baseline 0 -12"><span class='ocrx_word' id='word_1_48' title='bbox 317 638 449 678; x_wconf 86' lang='lat' dir='ltr'>boratis,</span> <span class='ocrx_word' id='word_1_49' title='bbox 466 638 593 671; x_wconf 86' lang='lat' dir='ltr'>statutis</span> <span class='ocrx_word' id='word_1_50' title='bbox 619 644 650 672; x_wconf 84' lang='lat' dir='ltr'>et</span> <span class='ocrx_word' id='word_1_51' title='bbox 666 638 971 678; x_wconf 83' lang='lat' dir='ltr'>consuetudinilms,</span> <span class='ocrx_word' id='word_1_52' title='bbox 993 639 1054 682; x_wconf 85' lang='lat' dir='ltr'>pri-</span> 
     </span>
     <span class='ocr_line' id='line_1_16' title="bbox 317 691 1055 734; baseline 0.001 -12"><span class='ocrx_word' id='word_1_53' title='bbox 317 691 443 733; x_wconf 70' lang='lat' dir='ltr'>vilegiis</span> <span class='ocrx_word' id='word_1_54' title='bbox 469 701 611 734; x_wconf 83' lang='lat' dir='ltr'>quoqne,</span> <span class='ocrx_word' id='word_1_55' title='bbox 639 691 773 724; x_wconf 86' lang='lat' dir='ltr'>indultis</span> <span class='ocrx_word' id='word_1_56' title='bbox 799 696 830 723; x_wconf 90' lang='lat' dir='ltr'>ct</span> <span class='ocrx_word' id='word_1_57' title='bbox 854 691 968 723; x_wconf 79' lang='lat' dir='ltr'>litteris</span> <span class='ocrx_word' id='word_1_58' title='bbox 985 701 1055 734; x_wconf 87' lang='lat' dir='ltr'>apo-</span> 
     </span>
     <span class='ocr_line' id='line_1_17' title="bbox 316 744 1056 787; baseline 0.001 -12"><span class='ocrx_word' id='word_1_59' title='bbox 316 744 447 784; x_wconf 81' lang='lat' dir='ltr'>stolicis,</span> <span class='ocrx_word' id='word_1_60' title='bbox 474 744 538 776; x_wconf 87' lang='lat' dir='ltr'>illis</span> <span class='ocrx_word' id='word_1_61' title='bbox 564 754 740 787; x_wconf 84' lang='lat' dir='ltr'>eorumque</span> <span class='ocrx_word' id='word_1_62' title='bbox 772 744 997 787; x_wconf 70' lang='lat' dir='ltr'>superiorilms</span> <span class='ocrx_word' id='word_1_63' title='bbox 1023 749 1056 776; x_wconf 84' lang='lat' dir='ltr'>et</span> 
     </span>
     <span class='ocr_line' id='line_1_18' title="bbox 316 795 1053 840; baseline 0.001 -12"><span class='ocrx_word' id='word_1_64' title='bbox 316 796 467 838; x_wconf 86' lang='lat' dir='ltr'>personis</span> <span class='ocrx_word' id='word_1_65' title='bbox 498 795 529 828; x_wconf 90' lang='lat' dir='ltr'>in</span> <span class='ocrx_word' id='word_1_66' title='bbox 565 797 762 829; x_wconf 86' lang='lat' dir='ltr'>contrarium</span> <span class='ocrx_word' id='word_1_67' title='bbox 800 797 1053 840; x_wconf 71' lang='lat' dir='ltr'>praemissorum</span> 
     </span>
     <span class='ocr_line' id='line_1_19' title="bbox 315 848 1055 891; baseline 0.001 -11"><span class='ocrx_word' id='word_1_68' title='bbox 315 848 562 891; x_wconf 78' lang='lat' dir='ltr'>quomodolibet</span> <span class='ocrx_word' id='word_1_69' title='bbox 586 849 766 888; x_wconf 81' lang='lat' dir='ltr'>concessis,</span> <span class='ocrx_word' id='word_1_70' title='bbox 800 849 998 881; x_wconf 72' lang='lat' dir='ltr'>confirmatis</span> <span class='ocrx_word' id='word_1_71' title='bbox 1022 854 1055 882; x_wconf 84' lang='lat' dir='ltr'>et</span> 
     </span>
     <span class='ocr_line' id='line_1_20' title="bbox 314 900 1051 944; baseline 0.001 -11"><span class='ocrx_word' id='word_1_72' title='bbox 314 900 494 941; x_wconf 79' lang='lat' dir='ltr'>innovatis3</span> <span class='ocrx_word' id='word_1_73' title='bbox 526 901 643 944; x_wconf 77' lang='lat' dir='ltr'>quibus</span> <span class='ocrx_word' id='word_1_74' title='bbox 671 901 821 934; x_wconf 88' lang='lat' dir='ltr'>omnibus</span> <span class='ocrx_word' id='word_1_75' title='bbox 847 907 879 933; x_wconf 92' lang='lat' dir='ltr'>et</span> <span class='ocrx_word' id='word_1_76' title='bbox 904 901 1051 944; x_wconf 62' lang='lat' dir='ltr'>singulis,</span> 
     </span>
     <span class='ocr_line' id='line_1_21' title="bbox 315 953 1054 997; baseline 0.001 -11"><span class='ocrx_word' id='word_1_77' title='bbox 315 953 448 986; x_wconf 92' lang='lat' dir='ltr'>illorum</span> <span class='ocrx_word' id='word_1_78' title='bbox 474 959 602 987; x_wconf 80' lang='lat' dir='ltr'>tenores</span> <span class='ocrx_word' id='word_1_79' title='bbox 628 954 857 997; x_wconf 85' lang='lat' dir='ltr'>praesentibus</span> <span class='ocrx_word' id='word_1_80' title='bbox 881 965 939 997; x_wconf 87' lang='lat' dir='ltr'>pro</span> <span class='ocrx_word' id='word_1_81' title='bbox 958 956 1054 997; x_wconf 89' lang='lat' dir='ltr'>plene</span> 
     </span>
     <span class='ocr_line' id='line_1_22' title="bbox 316 1005 1055 1049; baseline 0.003 -11"><span class='ocrx_word' id='word_1_82' title='bbox 316 1010 348 1038; x_wconf 85' lang='lat' dir='ltr'>et</span> <span class='ocrx_word' id='word_1_83' title='bbox 371 1005 571 1039; x_wconf 75' lang='lat' dir='ltr'>sufficienter</span> <span class='ocrx_word' id='word_1_84' title='bbox 596 1006 757 1049; x_wconf 78' lang='lat' dir='ltr'>expressis</span> <span class='ocrx_word' id='word_1_85' title='bbox 783 1012 813 1039; x_wconf 89' lang='lat' dir='ltr'>et</span> <span class='ocrx_word' id='word_1_86' title='bbox 838 1007 968 1039; x_wconf 84' lang='lat' dir='ltr'>insertis</span> <span class='ocrx_word' id='word_1_87' title='bbox 998 1007 1055 1040; x_wconf 81' lang='lat' dir='ltr'>ha-</span> 
     </span>
     <span class='ocr_line' id='line_1_23' title="bbox 315 1058 1055 1102; baseline 0.001 -12"><span class='ocrx_word' id='word_1_88' title='bbox 315 1059 444 1099; x_wconf 85' lang='lat' dir='ltr'>bentes,</span> <span class='ocrx_word' id='word_1_89' title='bbox 470 1058 536 1091; x_wconf 91' lang='lat' dir='ltr'>illis</span> <span class='ocrx_word' id='word_1_90' title='bbox 561 1059 639 1091; x_wconf 73' lang='lat' dir='ltr'>alias</span> <span class='ocrx_word' id='word_1_91' title='bbox 674 1059 706 1091; x_wconf 93' lang='lat' dir='ltr'>in</span> <span class='ocrx_word' id='word_1_92' title='bbox 740 1070 796 1091; x_wconf 91' lang='lat' dir='ltr'>suo</span> <span class='ocrx_word' id='word_1_93' title='bbox 830 1059 945 1092; x_wconf 81' lang='lat' dir='ltr'>robore</span> <span class='ocrx_word' id='word_1_94' title='bbox 982 1069 1055 1102; x_wconf 90' lang='lat' dir='ltr'>per-</span> 
     </span>
     <span class='ocr_line' id='line_1_24' title="bbox 314 1112 1055 1155; baseline 0.003 -12"><span class='ocrx_word' id='word_1_95' title='bbox 314 1112 476 1144; x_wconf 83' lang='lat' dir='ltr'>mansuris</span> <span class='ocrx_word' id='word_1_96' title='bbox 497 1112 536 1144; x_wconf 85' lang='lat' dir='ltr'>ad</span> <span class='ocrx_word' id='word_1_97' title='bbox 553 1112 806 1155; x_wconf 82' lang='lat' dir='ltr'>praemissorum</span> <span class='ocrx_word' id='word_1_98' title='bbox 824 1112 982 1153; x_wconf 75' lang='lat' dir='ltr'>ellectum,</span> <span class='ocrx_word' id='word_1_99' title='bbox 995 1113 1055 1145; x_wconf 87' lang='lat' dir='ltr'>hac</span> 
     </span>
     <span class='ocr_line' id='line_1_25' title="bbox 313 1165 1053 1209; baseline 0.003 -13"><span class='ocrx_word' id='word_1_100' title='bbox 313 1165 381 1197; x_wconf 84' lang='lat' dir='ltr'>vice</span> <span class='ocrx_word' id='word_1_101' title='bbox 408 1165 594 1205; x_wconf 78' lang='lat' dir='ltr'>dumtaxat,</span> <span class='ocrx_word' id='word_1_102' title='bbox 621 1165 807 1208; x_wconf 80' lang='lat' dir='ltr'>specialiter</span> <span class='ocrx_word' id='word_1_103' title='bbox 843 1171 875 1198; x_wconf 90' lang='lat' dir='ltr'>et</span> <span class='ocrx_word' id='word_1_104' title='bbox 900 1176 1053 1209; x_wconf 84' lang='lat' dir='ltr'>expresse</span> 
     </span>
     <span class='ocr_line' id='line_1_26' title="bbox 315 1219 1055 1262; baseline 0 -11"><span class='ocrx_word' id='word_1_105' title='bbox 315 1219 536 1260; x_wconf 80' lang='lat' dir='ltr'>derogamus;</span> <span class='ocrx_word' id='word_1_106' title='bbox 568 1219 752 1262; x_wconf 85' lang='lat' dir='ltr'>ceterisque</span> <span class='ocrx_word' id='word_1_107' title='bbox 785 1219 956 1251; x_wconf 78' lang='lat' dir='ltr'>contrariis</span> <span class='ocrx_word' id='word_1_108' title='bbox 989 1219 1055 1262; x_wconf 87' lang='lat' dir='ltr'>qui-</span> 
     </span>
     <span class='ocr_line' id='line_1_27' title="bbox 314 1273 527 1317; baseline 0.005 -12"><span class='ocrx_word' id='word_1_109' title='bbox 314 1273 527 1317; x_wconf 86' lang='lat' dir='ltr'>buscumque.</span> 
     </span>
    </p>

    <p class='ocr_par' dir='ltr' id='par_1_5' title="bbox 312 1327 1054 1474">
     <span class='ocr_line' id='line_1_28' title="bbox 358 1327 1052 1369; baseline 0 -10"><span class='ocrx_word' id='word_1_110' title='bbox 358 1327 472 1359; x_wconf 88' lang='lat' dir='ltr'>Datum</span> <span class='ocrx_word' id='word_1_111' title='bbox 513 1327 631 1359; x_wconf 85' lang='lat' dir='ltr'>Romae</span> <span class='ocrx_word' id='word_1_112' title='bbox 652 1353 659 1366; x_wconf 92' lang='lat'>,</span> <span class='ocrx_word' id='word_1_113' title='bbox 701 1327 784 1369; x_wconf 87' lang='lat' dir='ltr'>apud</span> <span class='ocrx_word' id='word_1_114' title='bbox 824 1327 855 1359; x_wconf 76' lang='lat' dir='ltr'>S.</span> <span class='ocrx_word' id='word_1_115' title='bbox 897 1327 1025 1359; x_wconf 82' lang='lat' dir='ltr'>Petrum</span> <span class='ocrx_word' id='word_1_116' title='bbox 1045 1354 1052 1367; x_wconf 95' lang='lat'>,</span> 
     </span>
     <span class='ocr_line' id='line_1_29' title="bbox 313 1380 1054 1418; baseline 0.001 -7"><span class='ocrx_word' id='word_1_117' title='bbox 313 1380 373 1412; x_wconf 87' lang='lat' dir='ltr'>sub</span> <span class='ocrx_word' id='word_1_118' title='bbox 400 1381 522 1412; x_wconf 88' lang='lat' dir='ltr'>annulo</span> <span class='ocrx_word' id='word_1_119' title='bbox 548 1380 729 1418; x_wconf 78' lang='lat' dir='ltr'>Piscatoris,</span> <span class='ocrx_word' id='word_1_120' title='bbox 752 1380 804 1412; x_wconf 86' lang='lat' dir='ltr'>die</span> <span class='ocrx_word' id='word_1_121' title='bbox 831 1390 873 1413; x_wconf 90' lang='lat' dir='ltr'>v11</span> <span class='ocrx_word' id='word_1_122' title='bbox 900 1380 1054 1413; x_wconf 86' lang='lat' dir='ltr'>februarii</span> 
     </span>
     <span class='ocr_line' id='line_1_30' title="bbox 312 1431 1008 1474; baseline 0 -9"><span class='ocrx_word' id='word_1_123' title='bbox 312 1441 471 1471; x_wconf 80' lang='lat' dir='ltr'>nnexcni,</span> <span class='ocrx_word' id='word_1_124' title='bbox 496 1431 707 1474; x_wconf 73' lang='lat' dir='ltr'>pontificatus</span> <span class='ocrx_word' id='word_1_125' title='bbox 733 1433 836 1464; x_wconf 85' lang='lat' dir='ltr'>nostri</span> <span class='ocrx_word' id='word_1_126' title='bbox 862 1443 947 1465; x_wconf 87' lang='lat' dir='ltr'>anno</span> <span class='ocrx_word' id='word_1_127' title='bbox 973 1443 1008 1467; x_wconf 88' lang='lat' dir='ltr'>n.</span> 
     </span>
    </p>

    <p class='ocr_par' dir='ltr' id='par_1_6' title="bbox 348 1494 1000 1529">
     <span class='ocr_line' id='line_1_31' title="bbox 348 1494 1000 1529; baseline 0.003 -9"><span class='ocrx_word' id='word_1_128' title='bbox 348 1494 406 1520; x_wconf 62' lang='lat' dir='ltr'>Dat⁴</span> <span class='ocrx_word' id='word_1_129' title='bbox 425 1494 468 1521; x_wconf 85' lang='lat' dir='ltr'>die</span> <span class='ocrx_word' id='word_1_130' title='bbox 485 1495 499 1521; x_wconf 85' lang='lat'><strong>7</strong></span> <span class='ocrx_word' id='word_1_131' title='bbox 520 1494 650 1521; x_wconf 80' lang='lat' dir='ltr'>februarii</span> <span class='ocrx_word' id='word_1_132' title='bbox 670 1495 747 1528; x_wconf 73' lang='lat'>1693,</span> <span class='ocrx_word' id='word_1_133' title='bbox 768 1494 864 1529; x_wconf 84' lang='lat' dir='ltr'>pontis.</span> <span class='ocrx_word' id='word_1_134' title='bbox 884 1502 955 1522; x_wconf 86' lang='lat' dir='ltr'>anno</span> <span class='ocrx_word' id='word_1_135' title='bbox 971 1501 1000 1522; x_wconf 79' lang='grc' dir='ltr'>Η.</span> 
     </span>
    </p>
   </div>
   <div class='ocr_carea' id='block_1_5' title="bbox 663 1637 697 1670">
    <p class='ocr_par' dir='ltr' id='par_1_7' title="bbox 663 1637 697 1670">
     <span class='ocr_line' id='line_1_32' title="bbox 663 1637 697 1670; baseline 0 0"><span class='ocrx_word' id='word_1_136' title='bbox 663 1637 697 1670; x_wconf 93' lang='lat' dir='ltr'>L.</span> 
     </span>
    </p>
   </div>
   <div class='ocr_carea' id='block_1_6' title="bbox 315 1717 1057 1921">
    <p class='ocr_par' dir='ltr' id='par_1_8' title="bbox 315 1717 1057 1921">
     <span class='ocr_line' id='line_1_33' title="bbox 315 1717 1057 1753; baseline -0.001 -1"><span class='ocrx_word' id='word_1_137' title='bbox 315 1718 509 1753; x_wconf 79' lang='lat' dir='ltr'>Conceditur</span> <span class='ocrx_word' id='word_1_138' title='bbox 533 1717 755 1751; x_wconf 70' lang='lat' dir='ltr'>visitatoribus</span> <span class='ocrx_word' id='word_1_139' title='bbox 780 1722 807 1750; x_wconf 78' lang='lat' dir='ltr'>et</span> <span class='ocrx_word' id='word_1_140' title='bbox 842 1717 947 1750; x_wconf 71' lang='lat' dir='ltr'>iudici</span> <span class='ocrx_word' id='word_1_141' title='bbox 979 1719 1057 1751; x_wconf 70' lang='lat' dir='ltr'>visi-</span> 
     </span>
     <span class='ocr_line' id='line_1_34' title="bbox 359 1771 1056 1814; baseline 0 -10"><span class='ocrx_word' id='word_1_142' title='bbox 359 1773 493 1805; x_wconf 73' lang='lat' dir='ltr'>tationis</span> <span class='ocrx_word' id='word_1_143' title='bbox 539 1771 732 1814; x_wconf 77' lang='lat' dir='ltr'>oposlolicae</span> <span class='ocrx_word' id='word_1_144' title='bbox 779 1772 874 1804; x_wconf 73' lang='lat' dir='ltr'>l&#39;rbis</span> <span class='ocrx_word' id='word_1_145' title='bbox 916 1772 1056 1814; x_wconf 76' lang='lat' dir='ltr'>facultas</span> 
     </span>
     <span class='ocr_line' id='line_1_35' title="bbox 358 1825 1056 1868; baseline 0 -10"><span class='ocrx_word' id='word_1_146' title='bbox 358 1825 536 1858; x_wconf 69' lang='lat' dir='ltr'>adhibendi</span> <span class='ocrx_word' id='word_1_147' title='bbox 560 1825 656 1867; x_wconf 76' lang='lat' dir='ltr'>sidem</span> <span class='ocrx_word' id='word_1_148' title='bbox 680 1825 826 1868; x_wconf 74' lang='lat' dir='ltr'>simplici</span> <span class='ocrx_word' id='word_1_149' title='bbox 856 1825 1056 1858; x_wconf 78' lang='lat' dir='ltr'>indicationi</span> 
     </span>
     <span class='ocr_line' id='line_1_36' title="bbox 357 1878 1055 1921; baseline 0 -11"><span class='ocrx_word' id='word_1_150' title='bbox 357 1879 616 1921; x_wconf 60' lang='lat' dir='ltr'>scripturcuacm,</span> <span class='ocrx_word' id='word_1_151' title='bbox 644 1889 680 1910; x_wconf 78' lang='lat' dir='ltr'>ac</span> <span class='ocrx_word' id='word_1_152' title='bbox 704 1878 788 1910; x_wconf 83' lang='lat' dir='ltr'>dicto</span> <span class='ocrx_word' id='word_1_153' title='bbox 821 1878 925 1910; x_wconf 77' lang='lat' dir='ltr'>iudici</span> <span class='ocrx_word' id='word_1_154' title='bbox 951 1889 1055 1921; x_wconf 77' lang='lat' dir='ltr'>proce-</span> 
     </span>
    </p>
   </div>
   <div class='ocr_carea' id='block_1_7' title="bbox 358 1931 818 1964">
    <p class='ocr_par' dir='ltr' id='par_1_9' title="bbox 358 1931 818 1964">
     <span class='ocr_line' id='line_1_37' title="bbox 358 1931 818 1964; baseline -0.004 0"><span class='ocrx_word' id='word_1_155' title='bbox 358 1931 458 1964; x_wconf 79' lang='lat' dir='ltr'>dendi</span> <span class='ocrx_word' id='word_1_156' title='bbox 484 1937 551 1964; x_wconf 75' lang='lat' dir='ltr'>voto</span> <span class='ocrx_word' id='word_1_157' title='bbox 575 1932 777 1963; x_wconf 72' lang='lat' dir='ltr'>visitatorum</span> <span class='ocrx_word' id='word_1_158' title='bbox 798 1931 818 1963; x_wconf 85' lang='lat'>¹.</span> 
     </span>
    </p>
   </div>
   <div class='ocr_carea' id='block_1_8' title="bbox 451 2011 912 2112">
    <p class='ocr_par' dir='ltr' id='par_1_10' title="bbox 451 2011 912 2112">
     <span class='ocr_line' id='line_1_38' title="bbox 496 2011 873 2044; baseline -0.003 -6"><span class='ocrx_word' id='word_1_159' title='bbox 496 2011 693 2038; x_wconf 86' lang='lat' dir='ltr'>Innocentius</span> <span class='ocrx_word' id='word_1_160' title='bbox 716 2011 793 2044; x_wconf 75' lang='lat' dir='ltr'>Papa</span> <span class='ocrx_word' id='word_1_161' title='bbox 812 2011 873 2044; x_wconf 79' lang='lat' dir='ltr'>xil,</span> 
     </span>
     <span class='ocr_line' id='line_1_39' title="bbox 451 2055 912 2112; baseline -0.002 -30"><span class='ocrx_word' id='word_1_162' title='bbox 451 2055 492 2082; x_wconf 73' lang='lat' dir='ltr'>Ad</span> <span class='ocrx_word' id='word_1_163' title='bbox 511 2055 646 2082; x_wconf 76' lang='lat' dir='ltr'>futuram</span> <span class='ocrx_word' id='word_1_164' title='bbox 667 2055 711 2081; x_wconf 86' lang='lat' dir='ltr'>rei</span> <span class='ocrx_word' id='word_1_165' title='bbox 731 2055 912 2112; x_wconf 47' lang='lat' dir='ltr'>meaeiam.</span> 
     </span>
    </p>
   </div>
   <div class='ocr_carea' id='block_1_9' title="bbox 316 2125 1055 2559">
    <p class='ocr_par' dir='ltr' id='par_1_11' title="bbox 316 2125 1055 2487">
     <span class='ocr_line' id='line_1_40' title="bbox 358 2125 1055 2170; baseline -0.001 -11"><span class='ocrx_word' id='word_1_166' title='bbox 358 2127 373 2170; x_wconf 65' lang='grc' dir='ltr'><strong>ξ</strong></span> <span class='ocrx_word' id='word_1_167' title='bbox 396 2126 421 2159; x_wconf 85' lang='lat' dir='ltr'>l.</span> <span class='ocrx_word' id='word_1_168' title='bbox 443 2126 529 2159; x_wconf 70' lang='lat' dir='ltr'>Alias</span> <span class='ocrx_word' id='word_1_169' title='bbox 549 2136 607 2158; x_wconf 90' lang='lat' dir='ltr'>nos</span> <span class='ocrx_word' id='word_1_170' title='bbox 627 2126 805 2158; x_wconf 84' lang='lat' dir='ltr'>nonnullos</span> <span class='ocrx_word' id='word_1_171' title='bbox 830 2136 865 2158; x_wconf 84' lang='lat' dir='ltr'>cx</span> <span class='ocrx_word' id='word_1_172' title='bbox 889 2125 1055 2158; x_wconf 78' lang='lat' dir='ltr'>venerabi-</span> 
     </span>
     <span class='ocr_line' id='line_1_41' title="bbox 316 2179 1055 2213; baseline -0.001 -1"><span class='ocrx_word' id='word_1_173' title='bbox 316 2180 394 2213; x_wconf 90' lang='lat' dir='ltr'>lium</span> <span class='ocrx_word' id='word_1_174' title='bbox 410 2180 543 2212; x_wconf 82' lang='lat' dir='ltr'>fratrum</span> <span class='ocrx_word' id='word_1_175' title='bbox 563 2186 749 2212; x_wconf 84' lang='lat' dir='ltr'>nostrorum</span> <span class='ocrx_word' id='word_1_176' title='bbox 764 2179 794 2211; x_wconf 84' lang='lat' dir='ltr'>S.</span> <span class='ocrx_word' id='word_1_177' title='bbox 812 2179 848 2211; x_wconf 78' lang='lat' dir='ltr'>R.</span> <span class='ocrx_word' id='word_1_178' title='bbox 862 2179 895 2212; x_wconf 80' lang='lat' dir='ltr'>E.</span> <span class='ocrx_word' id='word_1_179' title='bbox 913 2180 1055 2212; x_wconf 60' lang='lat' dir='ltr'>cardina&gt;</span> 
     </span>
     <span class='ocr_line' id='line_1_42' title="bbox 316 2232 1055 2275; baseline -0.003 -8"><span class='ocrx_word' id='word_1_180' title='bbox 316 2233 393 2267; x_wconf 83' lang='lat' dir='ltr'>lium</span> <span class='ocrx_word' id='word_1_181' title='bbox 409 2233 548 2275; x_wconf 72' lang='lat' dir='ltr'>collegio</span> <span class='ocrx_word' id='word_1_182' title='bbox 567 2233 731 2265; x_wconf 83' lang='lat' dir='ltr'>adiutores</span> <span class='ocrx_word' id='word_1_183' title='bbox 748 2232 779 2264; x_wconf 92' lang='lat' dir='ltr'>in</span> <span class='ocrx_word' id='word_1_184' title='bbox 799 2243 933 2265; x_wconf 84' lang='lat' dir='ltr'>munere</span> <span class='ocrx_word' id='word_1_185' title='bbox 952 2238 1055 2275; x_wconf 85' lang='lat' dir='ltr'>pasto-</span> 
     </span>
     <span class='ocr_line' id='line_1_43' title="bbox 316 2285 1055 2319; baseline -0.001 0"><span class='ocrx_word' id='word_1_186' title='bbox 316 2287 391 2319; x_wconf 89' lang='lat' dir='ltr'>ralis</span> <span class='ocrx_word' id='word_1_187' title='bbox 415 2286 610 2319; x_wconf 77' lang='lat' dir='ltr'>visitationis</span> <span class='ocrx_word' id='word_1_188' title='bbox 637 2291 765 2318; x_wconf 81' lang='lat' dir='ltr'>nostrae</span> <span class='ocrx_word' id='word_1_189' title='bbox 790 2285 1000 2317; x_wconf 84' lang='lat' dir='ltr'>ecclesiarum</span> <span class='ocrx_word' id='word_1_190' title='bbox 1025 2292 1055 2318; x_wconf 92' lang='lat' dir='ltr'>et</span> 
     </span>
     <span class='ocr_line' id='line_1_44' title="bbox 316 2338 1053 2382; baseline -0.004 -8"><span class='ocrx_word' id='word_1_191' title='bbox 316 2342 462 2374; x_wconf 89' lang='lat' dir='ltr'>locorum</span> <span class='ocrx_word' id='word_1_192' title='bbox 479 2350 515 2372; x_wconf 84' lang='lat' dir='ltr'>ac</span> <span class='ocrx_word' id='word_1_193' title='bbox 540 2349 675 2382; x_wconf 88' lang='lat' dir='ltr'>operum</span> <span class='ocrx_word' id='word_1_194' title='bbox 693 2338 820 2382; x_wconf 86' lang='lat' dir='ltr'>piorum</span> <span class='ocrx_word' id='word_1_195' title='bbox 839 2338 934 2370; x_wconf 81' lang='lat' dir='ltr'>liuius</span> <span class='ocrx_word' id='word_1_196' title='bbox 952 2339 1053 2371; x_wconf 78' lang='lat' dir='ltr'>almae</span> 
     </span>
     <span class='ocr_line' id='line_1_45' title="bbox 316 2390 1054 2436; baseline -0.004 -11"><span class='ocrx_word' id='word_1_197' title='bbox 316 2393 410 2425; x_wconf 83' lang='lat' dir='ltr'>Urbis</span> <span class='ocrx_word' id='word_1_198' title='bbox 435 2392 689 2436; x_wconf 78' lang='lat' dir='ltr'>assumpsimus,</span> <span class='ocrx_word' id='word_1_199' title='bbox 715 2402 751 2424; x_wconf 87' lang='lat' dir='ltr'>ae</span> <span class='ocrx_word' id='word_1_200' title='bbox 775 2391 840 2423; x_wconf 86' lang='lat' dir='ltr'>illis</span> <span class='ocrx_word' id='word_1_201' title='bbox 873 2390 959 2423; x_wconf 89' lang='lat' dir='ltr'>inter</span> <span class='ocrx_word' id='word_1_202' title='bbox 993 2391 1054 2424; x_wconf 90' lang='lat' dir='ltr'>alia</span> 
     </span>
     <span class='ocr_line' id='line_1_46' title="bbox 317 2443 1055 2487; baseline -0.003 -9"><span class='ocrx_word' id='word_1_203' title='bbox 317 2445 500 2478; x_wconf 83' lang='lat' dir='ltr'>facultatem</span> <span class='ocrx_word' id='word_1_204' title='bbox 525 2443 664 2477; x_wconf 85' lang='lat' dir='ltr'>faciendi</span> <span class='ocrx_word' id='word_1_205' title='bbox 690 2444 721 2476; x_wconf 90' lang='lat' dir='ltr'>in</span> <span class='ocrx_word' id='word_1_206' title='bbox 754 2443 944 2487; x_wconf 82' lang='lat' dir='ltr'>praemissis</span> <span class='ocrx_word' id='word_1_207' title='bbox 977 2453 1055 2487; x_wconf 83' lang='lat' dir='ltr'>pro-</span> 
     </span>
    </p>

    <p class='ocr_par' dir='ltr' id='par_1_12' title="bbox 354 2522 1054 2559">
     <span class='ocr_line' id='line_1_47' title="bbox 354 2522 1054 2559; baseline -0.003 -9"><span class='ocrx_word' id='word_1_208' title='bbox 354 2526 365 2550; x_wconf 89' lang='lat'>1</span> <span class='ocrx_word' id='word_1_209' title='bbox 382 2524 450 2551; x_wconf 86' lang='lat' dir='ltr'>Vide</span> <span class='ocrx_word' id='word_1_210' title='bbox 466 2528 552 2551; x_wconf 87' lang='lat' dir='ltr'>const.</span> <span class='ocrx_word' id='word_1_211' title='bbox 573 2523 797 2559; x_wconf 78' lang='lat' dir='ltr'>praecedentem;</span> <span class='ocrx_word' id='word_1_212' title='bbox 818 2527 845 2550; x_wconf 86' lang='lat' dir='ltr'>et</span> <span class='ocrx_word' id='word_1_213' title='bbox 865 2523 1007 2550; x_wconf 88' lang='lat' dir='ltr'>Clementis</span> <span class='ocrx_word' id='word_1_214' title='bbox 1024 2522 1054 2549; x_wconf 79' lang='lat' dir='ltr'>xt</span> 
     </span>
    </p>
   </div>
   <div class='ocr_carea' id='block_1_10' title="bbox 318 2566 1053 2649">
    <p class='ocr_par' dir='ltr' id='par_1_13' title="bbox 318 2566 1053 2649">
     <span class='ocr_line' id='line_1_48' title="bbox 318 2566 1053 2602; baseline -0.003 -8"><span class='ocrx_word' id='word_1_215' title='bbox 318 2568 425 2595; x_wconf 85' lang='lat' dir='ltr'>constit.</span> <span class='ocrx_word' id='word_1_216' title='bbox 442 2567 539 2594; x_wconf 80' lang='lat' dir='ltr'>editam</span> <span class='ocrx_word' id='word_1_217' title='bbox 561 2568 603 2594; x_wconf 82' lang='lat' dir='ltr'>die</span> <span class='ocrx_word' id='word_1_218' title='bbox 625 2568 657 2593; x_wconf 74' lang='lat'>14</span> <span class='ocrx_word' id='word_1_219' title='bbox 677 2567 792 2599; x_wconf 77' lang='lat' dir='ltr'>ianuari,</span> <span class='ocrx_word' id='word_1_220' title='bbox 814 2574 903 2601; x_wconf 75' lang='lat' dir='ltr'>nacci,</span> <span class='ocrx_word' id='word_1_221' title='bbox 925 2566 1019 2602; x_wconf 82' lang='lat' dir='ltr'>pontif.</span> <span class='ocrx_word' id='word_1_222' title='bbox 1036 2573 1053 2599; x_wconf 90' lang='lat'>1,</span> 
     </span>
     <span class='ocr_line' id='line_1_49' title="bbox 318 2610 1035 2649; baseline -0.003 -9"><span class='ocrx_word' id='word_1_223' title='bbox 318 2621 371 2649; x_wconf 68' lang='lat' dir='ltr'>qun</span> <span class='ocrx_word' id='word_1_224' title='bbox 391 2612 538 2639; x_wconf 84' lang='lat' dir='ltr'>instituitur</span> <span class='ocrx_word' id='word_1_225' title='bbox 557 2621 625 2639; x_wconf 75' lang='lat' dir='ltr'>noxa</span> <span class='ocrx_word' id='word_1_226' title='bbox 647 2612 761 2639; x_wconf 70' lang='lat' dir='ltr'>visitatio</span> <span class='ocrx_word' id='word_1_227' title='bbox 782 2611 928 2647; x_wconf 55' lang='lat' dir='ltr'>apostolica</span> <span class='ocrx_word' id='word_1_228' title='bbox 949 2610 1035 2638; x_wconf 72' lang='lat' dir='ltr'>t&#39;rbis.</span> 
     </span>
    </p>
   </div>
   <div class='ocr_carea' id='block_1_11' title="bbox 1073 272 1078 1386">
    <p class='ocr_par' dir='ltr' id='par_1_14' title="bbox 1073 272 1078 1386">
     <span class='ocr_line' id='line_1_50' title="bbox 1073 272 1078 1386; baseline 0 0"><span class='ocrx_word' id='word_1_229' title='bbox 1073 272 1078 1386; x_wconf 95' lang='lat' dir='ltr'> </span> 
     </span>
    </p>
   </div>
   <div class='ocr_carea' id='block_1_12' title="bbox 1094 266 1838 1996">
    <p class='ocr_par' dir='ltr' id='par_1_15' title="bbox 1094 266 1838 1996">
     <span class='ocr_line' id='line_1_51' title="bbox 1095 266 1833 310; baseline 0 -11"><span class='ocrx_word' id='word_1_230' title='bbox 1095 276 1206 299; x_wconf 88' lang='lat' dir='ltr'>cessus</span> <span class='ocrx_word' id='word_1_231' title='bbox 1244 267 1467 307; x_wconf 84' lang='lat' dir='ltr'>necessarios,</span> <span class='ocrx_word' id='word_1_232' title='bbox 1504 266 1632 310; x_wconf 84' lang='lat' dir='ltr'>aliaque</span> <span class='ocrx_word' id='word_1_233' title='bbox 1666 267 1775 300; x_wconf 83' lang='lat' dir='ltr'>omnia</span> <span class='ocrx_word' id='word_1_234' title='bbox 1800 273 1833 300; x_wconf 86' lang='lat' dir='ltr'>et</span> 
     </span>
     <span class='ocr_line' id='line_1_52' title="bbox 1094 319 1832 362; baseline 0.001 -11"><span class='ocrx_word' id='word_1_235' title='bbox 1094 319 1228 361; x_wconf 77' lang='lat' dir='ltr'>singula,</span> <span class='ocrx_word' id='word_1_236' title='bbox 1255 330 1337 362; x_wconf 87' lang='lat' dir='ltr'>quae</span> <span class='ocrx_word' id='word_1_237' title='bbox 1363 319 1549 352; x_wconf 87' lang='lat' dir='ltr'>huiusmodi</span> <span class='ocrx_word' id='word_1_238' title='bbox 1568 319 1758 352; x_wconf 86' lang='lat' dir='ltr'>visitationis</span> <span class='ocrx_word' id='word_1_239' title='bbox 1775 330 1832 352; x_wconf 89' lang='lat' dir='ltr'>ne-</span> 
     </span>
     <span class='ocr_line' id='line_1_53' title="bbox 1094 372 1834 415; baseline -0.001 -10"><span class='ocrx_word' id='word_1_240' title='bbox 1094 373 1226 414; x_wconf 76' lang='lat' dir='ltr'>gotium,</span> <span class='ocrx_word' id='word_1_241' title='bbox 1252 372 1445 405; x_wconf 83' lang='lat' dir='ltr'>ulteriorem</span> <span class='ocrx_word' id='word_1_242' title='bbox 1470 382 1695 415; x_wconf 79' lang='lat' dir='ltr'>progressum,</span> <span class='ocrx_word' id='word_1_243' title='bbox 1722 382 1834 405; x_wconf 84' lang='lat' dir='ltr'>execu-</span> 
     </span>
     <span class='ocr_line' id='line_1_54' title="bbox 1095 425 1833 460; baseline 0.001 -3"><span class='ocrx_word' id='word_1_244' title='bbox 1095 425 1216 458; x_wconf 87' lang='lat' dir='ltr'>tionem</span> <span class='ocrx_word' id='word_1_245' title='bbox 1243 432 1275 460; x_wconf 86' lang='lat' dir='ltr'>et</span> <span class='ocrx_word' id='word_1_246' title='bbox 1299 426 1331 459; x_wconf 91' lang='lat' dir='ltr'>in</span> <span class='ocrx_word' id='word_1_247' title='bbox 1358 428 1395 459; x_wconf 71' lang='lat' dir='ltr'>ea</span> <span class='ocrx_word' id='word_1_248' title='bbox 1420 426 1501 459; x_wconf 85' lang='lat' dir='ltr'>facta</span> <span class='ocrx_word' id='word_1_249' title='bbox 1519 431 1552 459; x_wconf 89' lang='lat' dir='ltr'>et</span> <span class='ocrx_word' id='word_1_250' title='bbox 1576 426 1722 459; x_wconf 85' lang='lat' dir='ltr'>facienda</span> <span class='ocrx_word' id='word_1_251' title='bbox 1743 436 1833 458; x_wconf 88' lang='lat' dir='ltr'>man-</span> 
     </span>
     <span class='ocr_line' id='line_1_55' title="bbox 1094 478 1831 519; baseline -0.001 -8"><span class='ocrx_word' id='word_1_252' title='bbox 1094 478 1179 519; x_wconf 82' lang='lat' dir='ltr'>data,</span> <span class='ocrx_word' id='word_1_253' title='bbox 1206 479 1347 519; x_wconf 70' lang='lat' dir='ltr'>decreta,</span> <span class='ocrx_word' id='word_1_254' title='bbox 1388 484 1508 512; x_wconf 84' lang='lat' dir='ltr'>statuta</span> <span class='ocrx_word' id='word_1_255' title='bbox 1542 484 1574 512; x_wconf 88' lang='lat' dir='ltr'>et</span> <span class='ocrx_word' id='word_1_256' title='bbox 1608 478 1831 512; x_wconf 84' lang='lat' dir='ltr'>ordinationes</span> 
     </span>
     <span class='ocr_line' id='line_1_56' title="bbox 1094 531 1834 571; baseline -0.001 -7"><span class='ocrx_word' id='word_1_257' title='bbox 1094 538 1299 565; x_wconf 81' lang='lat' dir='ltr'>concernunt</span> <span class='ocrx_word' id='word_1_258' title='bbox 1322 537 1353 565; x_wconf 86' lang='lat' dir='ltr'>ct</span> <span class='ocrx_word' id='word_1_259' title='bbox 1377 537 1586 571; x_wconf 78' lang='lat' dir='ltr'>coneerncnt,</span> <span class='ocrx_word' id='word_1_260' title='bbox 1619 541 1675 564; x_wconf 84' lang='lat' dir='ltr'>seu</span> <span class='ocrx_word' id='word_1_261' title='bbox 1717 531 1756 564; x_wconf 83' lang='lat' dir='ltr'>ad</span> <span class='ocrx_word' id='word_1_262' title='bbox 1795 541 1834 563; x_wconf 81' lang='lat' dir='ltr'>ea</span> 
     </span>
     <span class='ocr_line' id='line_1_57' title="bbox 1094 584 1831 628; baseline -0.003 -11"><span class='ocrx_word' id='word_1_263' title='bbox 1094 585 1340 628; x_wconf 76' lang='lat' dir='ltr'>quomodolibet</span> <span class='ocrx_word' id='word_1_264' title='bbox 1371 590 1519 627; x_wconf 80' lang='lat' dir='ltr'>spectant</span> <span class='ocrx_word' id='word_1_265' title='bbox 1554 589 1587 616; x_wconf 89' lang='lat' dir='ltr'>et</span> <span class='ocrx_word' id='word_1_266' title='bbox 1620 584 1831 627; x_wconf 83' lang='lat' dir='ltr'>spectabunt,</span> 
     </span>
     <span class='ocr_line' id='line_1_58' title="bbox 1096 636 1833 680; baseline -0.001 -11"><span class='ocrx_word' id='word_1_267' title='bbox 1096 637 1243 677; x_wconf 88' lang='lat' dir='ltr'>faciendi,</span> <span class='ocrx_word' id='word_1_268' title='bbox 1270 638 1414 680; x_wconf 76' lang='lat' dir='ltr'>gerendi,</span> <span class='ocrx_word' id='word_1_269' title='bbox 1440 637 1632 680; x_wconf 71' lang='lat' dir='ltr'>exequendi,</span> <span class='ocrx_word' id='word_1_270' title='bbox 1659 636 1833 669; x_wconf 87' lang='lat' dir='ltr'>mandandi</span> 
     </span>
     <span class='ocr_line' id='line_1_59' title="bbox 1096 689 1835 732; baseline -0.003 -9"><span class='ocrx_word' id='word_1_271' title='bbox 1096 696 1126 723; x_wconf 90' lang='lat' dir='ltr'>et</span> <span class='ocrx_word' id='word_1_272' title='bbox 1150 690 1335 729; x_wconf 87' lang='lat' dir='ltr'>ordinandi,</span> <span class='ocrx_word' id='word_1_273' title='bbox 1364 700 1491 722; x_wconf 79' lang='lat' dir='ltr'>necnon</span> <span class='ocrx_word' id='word_1_274' title='bbox 1513 700 1625 722; x_wconf 85' lang='lat' dir='ltr'>omncs</span> <span class='ocrx_word' id='word_1_275' title='bbox 1643 694 1674 722; x_wconf 88' lang='lat' dir='ltr'>et</span> <span class='ocrx_word' id='word_1_276' title='bbox 1691 689 1835 732; x_wconf 83' lang='lat' dir='ltr'>singulas</span> 
     </span>
     <span class='ocr_line' id='line_1_60' title="bbox 1095 742 1836 776; baseline -0.003 0"><span class='ocrx_word' id='word_1_277' title='bbox 1095 754 1206 776; x_wconf 82' lang='lat' dir='ltr'>causas</span> <span class='ocrx_word' id='word_1_278' title='bbox 1232 744 1404 776; x_wconf 73' lang='lat' dir='ltr'>occasione</span> <span class='ocrx_word' id='word_1_279' title='bbox 1431 743 1534 775; x_wconf 85' lang='lat' dir='ltr'>dictae</span> <span class='ocrx_word' id='word_1_280' title='bbox 1560 742 1754 775; x_wconf 79' lang='lat' dir='ltr'>visitationis</span> <span class='ocrx_word' id='word_1_281' title='bbox 1783 753 1836 775; x_wconf 85' lang='lat' dir='ltr'>co-</span> 
     </span>
     <span class='ocr_line' id='line_1_61' title="bbox 1095 795 1836 839; baseline -0.001 -11"><span class='ocrx_word' id='word_1_282' title='bbox 1095 806 1162 829; x_wconf 79' lang='lat' dir='ltr'>rani</span> <span class='ocrx_word' id='word_1_283' title='bbox 1178 795 1435 839; x_wconf 67' lang='lat' dir='ltr'>quibuscnnispie</span> <span class='ocrx_word' id='word_1_284' title='bbox 1456 795 1616 827; x_wconf 76' lang='lat' dir='ltr'>iudicibus</span> <span class='ocrx_word' id='word_1_285' title='bbox 1633 800 1695 828; x_wconf 84' lang='lat' dir='ltr'>tam</span> <span class='ocrx_word' id='word_1_286' title='bbox 1710 795 1836 828; x_wconf 87' lang='lat' dir='ltr'>ordina-</span> 
     </span>
     <span class='ocr_line' id='line_1_62' title="bbox 1096 848 1835 893; baseline -0.003 -11"><span class='ocrx_word' id='word_1_287' title='bbox 1096 850 1150 882; x_wconf 86' lang='lat' dir='ltr'>riis</span> <span class='ocrx_word' id='word_1_288' title='bbox 1173 860 1268 893; x_wconf 86' lang='lat' dir='ltr'>quam</span> <span class='ocrx_word' id='word_1_289' title='bbox 1291 849 1448 891; x_wconf 78' lang='lat' dir='ltr'>delegatis</span> <span class='ocrx_word' id='word_1_290' title='bbox 1467 849 1656 891; x_wconf 85' lang='lat' dir='ltr'>pendentes,</span> <span class='ocrx_word' id='word_1_291' title='bbox 1682 854 1714 881; x_wconf 87' lang='lat' dir='ltr'>et</span> <span class='ocrx_word' id='word_1_292' title='bbox 1737 848 1835 881; x_wconf 87' lang='lat' dir='ltr'>etiam</span> 
     </span>
     <span class='ocr_line' id='line_1_63' title="bbox 1096 902 1837 942; baseline -0.001 -7"><span class='ocrx_word' id='word_1_293' title='bbox 1096 902 1331 942; x_wconf 82' lang='lat' dir='ltr'>instructas,ad</span> <span class='ocrx_word' id='word_1_294' title='bbox 1358 913 1391 934; x_wconf 85' lang='lat' dir='ltr'>se</span> <span class='ocrx_word' id='word_1_295' title='bbox 1418 902 1609 935; x_wconf 82' lang='lat' dir='ltr'>auctoritate</span> <span class='ocrx_word' id='word_1_296' title='bbox 1630 903 1740 935; x_wconf 74' lang='lat' dir='ltr'>nostra</span> <span class='ocrx_word' id='word_1_297' title='bbox 1765 912 1837 934; x_wconf 79' lang='lat' dir='ltr'>avo-</span> 
     </span>
     <span class='ocr_line' id='line_1_64' title="bbox 1096 955 1837 998; baseline -0.001 -10"><span class='ocrx_word' id='word_1_298' title='bbox 1096 956 1201 996; x_wconf 86' lang='lat' dir='ltr'>candi,</span> <span class='ocrx_word' id='word_1_299' title='bbox 1227 955 1363 997; x_wconf 74' lang='lat' dir='ltr'>illasque</span> <span class='ocrx_word' id='word_1_300' title='bbox 1389 955 1575 995; x_wconf 84' lang='lat' dir='ltr'>summarie,</span> <span class='ocrx_word' id='word_1_301' title='bbox 1594 955 1787 998; x_wconf 84' lang='lat' dir='ltr'>simpliciter</span> <span class='ocrx_word' id='word_1_302' title='bbox 1804 960 1837 987; x_wconf 86' lang='lat' dir='ltr'>et</span> 
     </span>
     <span class='ocr_line' id='line_1_65' title="bbox 1096 1007 1836 1051; baseline -0.001 -10"><span class='ocrx_word' id='word_1_303' title='bbox 1096 1009 1135 1041; x_wconf 89' lang='lat' dir='ltr'>de</span> <span class='ocrx_word' id='word_1_304' title='bbox 1159 1009 1272 1051; x_wconf 89' lang='lat' dir='ltr'>plano,</span> <span class='ocrx_word' id='word_1_305' title='bbox 1299 1008 1369 1040; x_wconf 86' lang='lat' dir='ltr'>sine</span> <span class='ocrx_word' id='word_1_306' title='bbox 1387 1008 1524 1051; x_wconf 86' lang='lat' dir='ltr'>strepitu</span> <span class='ocrx_word' id='word_1_307' title='bbox 1541 1013 1572 1040; x_wconf 87' lang='lat' dir='ltr'>et</span> <span class='ocrx_word' id='word_1_308' title='bbox 1593 1007 1693 1049; x_wconf 73' lang='lat' dir='ltr'>ligura</span> <span class='ocrx_word' id='word_1_309' title='bbox 1711 1007 1836 1047; x_wconf 85' lang='lat' dir='ltr'>iudicii,</span> 
     </span>
     <span class='ocr_line' id='line_1_66' title="bbox 1096 1061 1835 1104; baseline -0.001 -10"><span class='ocrx_word' id='word_1_310' title='bbox 1096 1062 1166 1094; x_wconf 78' lang='lat' dir='ltr'>sola</span> <span class='ocrx_word' id='word_1_311' title='bbox 1199 1061 1271 1093; x_wconf 88' lang='lat' dir='ltr'>facti</span> <span class='ocrx_word' id='word_1_312' title='bbox 1303 1061 1437 1094; x_wconf 76' lang='lat' dir='ltr'>veritate</span> <span class='ocrx_word' id='word_1_313' title='bbox 1468 1061 1636 1104; x_wconf 76' lang='lat' dir='ltr'>inspecta,</span> <span class='ocrx_word' id='word_1_314' title='bbox 1670 1071 1706 1093; x_wconf 89' lang='lat' dir='ltr'>ac</span> <span class='ocrx_word' id='word_1_315' title='bbox 1738 1071 1835 1093; x_wconf 86' lang='lat' dir='ltr'>manu</span> 
     </span>
     <span class='ocr_line' id='line_1_67' title="bbox 1096 1114 1836 1159; baseline 0 -11"><span class='ocrx_word' id='word_1_316' title='bbox 1096 1116 1191 1159; x_wconf 71' lang='lat' dir='ltr'>regia,</span> <span class='ocrx_word' id='word_1_317' title='bbox 1208 1116 1370 1155; x_wconf 84' lang='lat' dir='ltr'>audiendi,</span> <span class='ocrx_word' id='word_1_318' title='bbox 1397 1116 1615 1158; x_wconf 72' lang='lat' dir='ltr'>cognoscendi</span> <span class='ocrx_word' id='word_1_319' title='bbox 1641 1120 1671 1148; x_wconf 91' lang='lat' dir='ltr'>et.</span> <span class='ocrx_word' id='word_1_320' title='bbox 1696 1114 1758 1148; x_wconf 85' lang='lat' dir='ltr'>sine</span> <span class='ocrx_word' id='word_1_321' title='bbox 1785 1115 1836 1148; x_wconf 88' lang='lat' dir='ltr'>de-</span> 
     </span>
     <span class='ocr_line' id='line_1_68' title="bbox 1096 1168 1835 1212; baseline 0 -11"><span class='ocrx_word' id='word_1_322' title='bbox 1096 1169 1174 1209; x_wconf 88' lang='lat' dir='ltr'>bito,</span> <span class='ocrx_word' id='word_1_323' title='bbox 1199 1174 1297 1212; x_wconf 84' lang='lat' dir='ltr'>prout</span> <span class='ocrx_word' id='word_1_324' title='bbox 1317 1169 1396 1201; x_wconf 89' lang='lat' dir='ltr'>iuris</span> <span class='ocrx_word' id='word_1_325' title='bbox 1420 1169 1512 1208; x_wconf 81' lang='lat' dir='ltr'>foret,</span> <span class='ocrx_word' id='word_1_326' title='bbox 1534 1168 1737 1208; x_wconf 90' lang='lat' dir='ltr'>terminandi,</span> <span class='ocrx_word' id='word_1_327' title='bbox 1758 1180 1835 1202; x_wconf 88' lang='lat' dir='ltr'>con-</span> 
     </span>
     <span class='ocr_line' id='line_1_69' title="bbox 1096 1221 1835 1264; baseline -0.001 -9"><span class='ocrx_word' id='word_1_328' title='bbox 1096 1221 1266 1261; x_wconf 84' lang='lat' dir='ltr'>cessi1nus;</span> <span class='ocrx_word' id='word_1_329' title='bbox 1285 1232 1320 1253; x_wconf 75' lang='lat' dir='ltr'>ac</span> <span class='ocrx_word' id='word_1_330' title='bbox 1336 1221 1551 1254; x_wconf 83' lang='lat' dir='ltr'>venerabilem</span> <span class='ocrx_word' id='word_1_331' title='bbox 1564 1221 1695 1254; x_wconf 81' lang='lat' dir='ltr'>fratrem</span> <span class='ocrx_word' id='word_1_332' title='bbox 1709 1221 1835 1264; x_wconf 81' lang='lat' dir='ltr'>Sperel·</span> 
     </span>
     <span class='ocr_line' id='line_1_70' title="bbox 1096 1274 1837 1318; baseline -0.003 -10"><span class='ocrx_word' id='word_1_333' title='bbox 1096 1276 1162 1308; x_wconf 90' lang='lat' dir='ltr'>lum</span> <span class='ocrx_word' id='word_1_334' title='bbox 1184 1275 1376 1318; x_wconf 77' lang='lat' dir='ltr'>episcopum</span> <span class='ocrx_word' id='word_1_335' title='bbox 1400 1274 1676 1306; x_wconf 76' lang='lat' dir='ltr'>interamnensem</span> <span class='ocrx_word' id='word_1_336' title='bbox 1703 1274 1734 1306; x_wconf 92' lang='lat' dir='ltr'>in</span> <span class='ocrx_word' id='word_1_337' title='bbox 1756 1274 1837 1307; x_wconf 89' lang='lat' dir='ltr'>iudi-</span> 
     </span>
     <span class='ocr_line' id='line_1_71' title="bbox 1096 1327 1836 1361; baseline -0.003 0"><span class='ocrx_word' id='word_1_338' title='bbox 1096 1339 1165 1361; x_wconf 89' lang='lat' dir='ltr'>cem</span> <span class='ocrx_word' id='word_1_339' title='bbox 1182 1338 1350 1360; x_wconf 86' lang='lat' dir='ltr'>causarum</span> <span class='ocrx_word' id='word_1_340' title='bbox 1363 1332 1610 1360; x_wconf 79' lang='lat' dir='ltr'>etcxecutorem</span> <span class='ocrx_word' id='word_1_341' title='bbox 1627 1327 1836 1360; x_wconf 87' lang='lat' dir='ltr'>decretorum</span> 
     </span>
     <span class='ocr_line' id='line_1_72' title="bbox 1097 1379 1837 1414; baseline -0.004 0"><span class='ocrx_word' id='word_1_342' title='bbox 1097 1381 1291 1414; x_wconf 79' lang='lat' dir='ltr'>visitationis</span> <span class='ocrx_word' id='word_1_343' title='bbox 1317 1379 1502 1412; x_wconf 89' lang='lat' dir='ltr'>lmiusmodi</span> <span class='ocrx_word' id='word_1_344' title='bbox 1537 1390 1607 1412; x_wconf 80' lang='lat' dir='ltr'>cum</span> <span class='ocrx_word' id='word_1_345' title='bbox 1634 1379 1767 1412; x_wconf 82' lang='lat' dir='ltr'>diversis</span> <span class='ocrx_word' id='word_1_346' title='bbox 1793 1380 1837 1412; x_wconf 88' lang='lat' dir='ltr'>fa-</span> 
     </span>
     <span class='ocr_line' id='line_1_73' title="bbox 1096 1431 1836 1475; baseline -0.003 -9"><span class='ocrx_word' id='word_1_347' title='bbox 1096 1434 1271 1466; x_wconf 84' lang='lat' dir='ltr'>cultatibus</span> <span class='ocrx_word' id='word_1_348' title='bbox 1299 1432 1535 1475; x_wconf 68' lang='lat' dir='ltr'>deluitavinms,</span> <span class='ocrx_word' id='word_1_349' title='bbox 1564 1434 1600 1464; x_wconf 70' lang='lat' dir='ltr'>ea</span> <span class='ocrx_word' id='word_1_350' title='bbox 1625 1433 1697 1474; x_wconf 77' lang='lat' dir='ltr'>lege</span> <span class='ocrx_word' id='word_1_351' title='bbox 1729 1437 1764 1464; x_wconf 87' lang='lat' dir='ltr'>ut</span> <span class='ocrx_word' id='word_1_352' title='bbox 1788 1431 1836 1464; x_wconf 88' lang='lat' dir='ltr'>in-</span> 
     </span>
     <span class='ocr_line' id='line_1_74' title="bbox 1097 1485 1838 1527; baseline -0.004 -7"><span class='ocrx_word' id='word_1_353' title='bbox 1097 1487 1253 1520; x_wconf 84' lang='lat' dir='ltr'>consultis</span> <span class='ocrx_word' id='word_1_354' title='bbox 1279 1485 1389 1526; x_wconf 86' lang='lat' dir='ltr'>nobis,</span> <span class='ocrx_word' id='word_1_355' title='bbox 1416 1490 1468 1518; x_wconf 89' lang='lat' dir='ltr'>aut</span> <span class='ocrx_word' id='word_1_356' title='bbox 1493 1485 1714 1517; x_wconf 83' lang='lat' dir='ltr'>cardinalibus</span> <span class='ocrx_word' id='word_1_357' title='bbox 1747 1495 1838 1527; x_wconf 89' lang='lat' dir='ltr'>prae-</span> 
     </span>
     <span class='ocr_line' id='line_1_75' title="bbox 1097 1537 1836 1580; baseline -0.004 -7"><span class='ocrx_word' id='word_1_358' title='bbox 1097 1540 1200 1580; x_wconf 83' lang='lat' dir='ltr'>dictis,</span> <span class='ocrx_word' id='word_1_359' title='bbox 1223 1546 1254 1572; x_wconf 90' lang='lat' dir='ltr'>et</span> <span class='ocrx_word' id='word_1_360' title='bbox 1273 1538 1334 1571; x_wconf 89' lang='lat' dir='ltr'>nisi</span> <span class='ocrx_word' id='word_1_361' title='bbox 1361 1538 1400 1571; x_wconf 86' lang='lat' dir='ltr'>de</span> <span class='ocrx_word' id='word_1_362' title='bbox 1426 1548 1538 1570; x_wconf 88' lang='lat' dir='ltr'>eorum</span> <span class='ocrx_word' id='word_1_363' title='bbox 1562 1542 1646 1577; x_wconf 80' lang='lat' dir='ltr'>voto,</span> <span class='ocrx_word' id='word_1_364' title='bbox 1669 1538 1701 1569; x_wconf 95' lang='lat' dir='ltr'>in</span> <span class='ocrx_word' id='word_1_365' title='bbox 1727 1537 1836 1580; x_wconf 85' lang='lat' dir='ltr'>aliquo</span> 
     </span>
     <span class='ocr_line' id='line_1_76' title="bbox 1098 1590 1835 1636; baseline -0.005 -10"><span class='ocrx_word' id='word_1_366' title='bbox 1098 1604 1162 1626; x_wconf 90' lang='lat' dir='ltr'>non</span> <span class='ocrx_word' id='word_1_367' title='bbox 1188 1592 1394 1636; x_wconf 83' lang='lat' dir='ltr'>procederet,</span> <span class='ocrx_word' id='word_1_368' title='bbox 1420 1602 1480 1624; x_wconf 84' lang='lat' dir='ltr'>nee</span> <span class='ocrx_word' id='word_1_369' title='bbox 1506 1590 1701 1623; x_wconf 83' lang='lat' dir='ltr'>sententiam</span> <span class='ocrx_word' id='word_1_370' title='bbox 1725 1590 1835 1629; x_wconf 85' lang='lat' dir='ltr'>ferret,</span> 
     </span>
     <span class='ocr_line' id='line_1_77' title="bbox 1098 1643 1836 1689; baseline -0.007 -10"><span class='ocrx_word' id='word_1_371' title='bbox 1098 1652 1152 1680; x_wconf 86' lang='lat' dir='ltr'>aut</span> <span class='ocrx_word' id='word_1_372' title='bbox 1177 1646 1349 1689; x_wconf 84' lang='lat' dir='ltr'>quicquam</span> <span class='ocrx_word' id='word_1_373' title='bbox 1384 1649 1614 1688; x_wconf 80' lang='lat' dir='ltr'>exequeretur,</span> <span class='ocrx_word' id='word_1_374' title='bbox 1641 1653 1701 1676; x_wconf 89' lang='lat' dir='ltr'>nec</span> <span class='ocrx_word' id='word_1_375' title='bbox 1732 1653 1766 1675; x_wconf 87' lang='lat' dir='ltr'>se</span> <span class='ocrx_word' id='word_1_376' title='bbox 1804 1643 1836 1674; x_wconf 91' lang='lat' dir='ltr'>in</span> 
     </span>
     <span class='ocr_line' id='line_1_78' title="bbox 1097 1695 1838 1743; baseline -0.008 -10"><span class='ocrx_word' id='word_1_377' title='bbox 1097 1700 1207 1743; x_wconf 78' lang='lat' dir='ltr'>aliquo</span> <span class='ocrx_word' id='word_1_378' title='bbox 1234 1698 1439 1737; x_wconf 81' lang='lat' dir='ltr'>immisceret,</span> <span class='ocrx_word' id='word_1_379' title='bbox 1456 1702 1488 1730; x_wconf 88' lang='lat' dir='ltr'>et</span> <span class='ocrx_word' id='word_1_380' title='bbox 1513 1696 1591 1729; x_wconf 70' lang='lat' dir='ltr'>alias</span> <span class='ocrx_word' id='word_1_381' title='bbox 1616 1701 1716 1739; x_wconf 84' lang='lat' dir='ltr'>prout</span> <span class='ocrx_word' id='word_1_382' title='bbox 1740 1695 1773 1728; x_wconf 89' lang='lat' dir='ltr'>in</span> <span class='ocrx_word' id='word_1_383' title='bbox 1792 1695 1838 1728; x_wconf 90' lang='lat' dir='ltr'>di-</span> 
     </span>
     <span class='ocr_line' id='line_1_79' title="bbox 1097 1748 1835 1785; baseline -0.007 0"><span class='ocrx_word' id='word_1_384' title='bbox 1097 1752 1197 1785; x_wconf 82' lang='lat' dir='ltr'>versis</span> <span class='ocrx_word' id='word_1_385' title='bbox 1233 1751 1350 1784; x_wconf 88' lang='lat' dir='ltr'>nostris</span> <span class='ocrx_word' id='word_1_386' title='bbox 1388 1750 1420 1782; x_wconf 83' lang='lat' dir='ltr'>in</span> <span class='ocrx_word' id='word_1_387' title='bbox 1452 1749 1548 1782; x_wconf 91' lang='lat' dir='ltr'>simili</span> <span class='ocrx_word' id='word_1_388' title='bbox 1587 1749 1691 1781; x_wconf 75' lang='lat' dir='ltr'>forma</span> <span class='ocrx_word' id='word_1_389' title='bbox 1726 1748 1835 1781; x_wconf 81' lang='lat' dir='ltr'>Brevis</span> 
     </span>
     <span class='ocr_line' id='line_1_80' title="bbox 1097 1802 1837 1848; baseline -0.008 -10"><span class='ocrx_word' id='word_1_390' title='bbox 1097 1805 1241 1848; x_wconf 84' lang='lat' dir='ltr'>desuper</span> <span class='ocrx_word' id='word_1_391' title='bbox 1265 1803 1423 1847; x_wconf 84' lang='lat' dir='ltr'>expeditis</span> <span class='ocrx_word' id='word_1_392' title='bbox 1458 1802 1592 1842; x_wconf 86' lang='lat' dir='ltr'>litteris,</span> <span class='ocrx_word' id='word_1_393' title='bbox 1620 1812 1758 1844; x_wconf 89' lang='lat' dir='ltr'>quarum</span> <span class='ocrx_word' id='word_1_394' title='bbox 1791 1806 1837 1833; x_wconf 88' lang='lat' dir='ltr'>te-</span> 
     </span>
     <span class='ocr_line' id='line_1_81' title="bbox 1098 1853 1837 1900; baseline -0.008 -9"><span class='ocrx_word' id='word_1_395' title='bbox 1098 1868 1195 1891; x_wconf 88' lang='lat' dir='ltr'>nores</span> <span class='ocrx_word' id='word_1_396' title='bbox 1221 1857 1445 1900; x_wconf 83' lang='lat' dir='ltr'>praesentibns</span> <span class='ocrx_word' id='word_1_397' title='bbox 1470 1866 1529 1898; x_wconf 90' lang='lat' dir='ltr'>pro</span> <span class='ocrx_word' id='word_1_398' title='bbox 1555 1856 1650 1898; x_wconf 85' lang='lat' dir='ltr'>plene</span> <span class='ocrx_word' id='word_1_399' title='bbox 1682 1860 1714 1887; x_wconf 88' lang='lat' dir='ltr'>et</span> <span class='ocrx_word' id='word_1_400' title='bbox 1750 1853 1837 1886; x_wconf 80' lang='lat' dir='ltr'>sussi-</span> 
     </span>
     <span class='ocr_line' id='line_1_82' title="bbox 1098 1907 1837 1952; baseline -0.007 -9"><span class='ocrx_word' id='word_1_401' title='bbox 1098 1911 1225 1943; x_wconf 89' lang='lat' dir='ltr'>cienter</span> <span class='ocrx_word' id='word_1_402' title='bbox 1251 1909 1412 1952; x_wconf 75' lang='lat' dir='ltr'>expressis</span> <span class='ocrx_word' id='word_1_403' title='bbox 1439 1907 1552 1940; x_wconf 81' lang='lat' dir='ltr'>haberi</span> <span class='ocrx_word' id='word_1_404' title='bbox 1580 1908 1740 1947; x_wconf 82' lang='lat' dir='ltr'>volumus,</span> <span class='ocrx_word' id='word_1_405' title='bbox 1760 1907 1837 1939; x_wconf 87' lang='lat' dir='ltr'>ube-</span> 
     </span>
     <span class='ocr_line' id='line_1_83' title="bbox 1098 1963 1385 1996; baseline -0.01 0"><span class='ocrx_word' id='word_1_406' title='bbox 1098 1965 1162 1996; x_wconf 87' lang='lat' dir='ltr'>rius</span> <span class='ocrx_word' id='word_1_407' title='bbox 1189 1963 1385 1995; x_wconf 88' lang='lat' dir='ltr'>continetur.</span> 
     </span>
    </p>
   </div>
   <div class='ocr_carea' id='block_1_13' title="bbox 1141 2013 2029 2071">
    <p class='ocr_par' dir='ltr' id='par_1_16' title="bbox 1141 2013 2029 2071">
     <span class='ocr_line' id='line_1_84' title="bbox 1141 2013 2029 2059; baseline -0.005 -12"><span class='ocrx_word' id='word_1_408' title='bbox 1141 2016 1156 2059; x_wconf 67' lang='lat'>§</span> <span class='ocrx_word' id='word_1_409' title='bbox 1180 2015 1210 2047; x_wconf 69' lang='grc' dir='ltr'>ΞΣ.</span> <span class='ocrx_word' id='word_1_410' title='bbox 1233 2014 1321 2047; x_wconf 76' lang='lat' dir='ltr'>Nunc</span> <span class='ocrx_word' id='word_1_411' title='bbox 1348 2019 1468 2053; x_wconf 85' lang='lat' dir='ltr'>antem,</span> <span class='ocrx_word' id='word_1_412' title='bbox 1488 2013 1640 2046; x_wconf 88' lang='lat' dir='ltr'>celeriori</span> <span class='ocrx_word' id='word_1_413' title='bbox 1666 2022 1835 2045; x_wconf 85' lang='lat' dir='ltr'>cansarum</span> <span class='ocrx_word' id='word_1_414' title='bbox 1874 2018 1988 2055; x_wconf 53' lang='lat' dir='ltr'>§anemio</span> <span class='ocrx_word' id='word_1_415' title='bbox 2004 2019 2029 2039; x_wconf 74' lang='lat' dir='ltr'>de</span> 
     </span>
     <span class='ocr_line' id='line_1_85' title="bbox 1848 2046 2029 2071; baseline 0.011 -6"><span class='ocrx_word' id='word_1_416' title='bbox 1848 2051 1889 2071; x_wconf 66' lang='lat' dir='ltr'>qua</span> <span class='ocrx_word' id='word_1_417' title='bbox 1901 2052 1920 2066; x_wconf 81' lang='lat' dir='ltr'>in</span> <span class='ocrx_word' id='word_1_418' title='bbox 1937 2046 2029 2067; x_wconf 77' lang='lat' dir='ltr'>rubrica.</span> 
     </span>
    </p>
   </div>
   <div class='ocr_carea' id='block_1_14' title="bbox 1095 2066 1836 2646">
    <p class='ocr_par' dir='ltr' id='par_1_17' title="bbox 1095 2066 1836 2646">
     <span class='ocr_line' id='line_1_86' title="bbox 1097 2066 1836 2113; baseline -0.005 -11"><span class='ocrx_word' id='word_1_419' title='bbox 1097 2069 1337 2113; x_wconf 77' lang='lat' dir='ltr'>praedictarum</span> <span class='ocrx_word' id='word_1_420' title='bbox 1379 2067 1579 2110; x_wconf 79' lang='lat' dir='ltr'>expeditioni</span> <span class='ocrx_word' id='word_1_421' title='bbox 1630 2072 1660 2098; x_wconf 92' lang='lat' dir='ltr'>et</span> <span class='ocrx_word' id='word_1_422' title='bbox 1697 2066 1836 2109; x_wconf 86' lang='lat' dir='ltr'>partium</span> 
     </span>
     <span class='ocr_line' id='line_1_87' title="bbox 1098 2118 1836 2166; baseline -0.007 -11"><span class='ocrx_word' id='word_1_423' title='bbox 1098 2121 1292 2166; x_wconf 88' lang='lat' dir='ltr'>dispendiis,</span> <span class='ocrx_word' id='word_1_424' title='bbox 1319 2126 1473 2164; x_wconf 84' lang='lat' dir='ltr'>quantum</span> <span class='ocrx_word' id='word_1_425' title='bbox 1502 2130 1572 2152; x_wconf 86' lang='lat' dir='ltr'>cuin</span> <span class='ocrx_word' id='word_1_426' title='bbox 1598 2118 1735 2151; x_wconf 90' lang='lat' dir='ltr'>Domino</span> <span class='ocrx_word' id='word_1_427' title='bbox 1761 2129 1836 2161; x_wconf 84' lang='lat' dir='ltr'>pos-</span> 
     </span>
     <span class='ocr_line' id='line_1_88' title="bbox 1098 2171 1835 2217; baseline -0.007 -9"><span class='ocrx_word' id='word_1_428' title='bbox 1098 2187 1218 2216; x_wconf 86' lang='lat' dir='ltr'>sumus,</span> <span class='ocrx_word' id='word_1_429' title='bbox 1246 2179 1431 2217; x_wconf 86' lang='lat' dir='ltr'>opportune</span> <span class='ocrx_word' id='word_1_430' title='bbox 1457 2172 1629 2216; x_wconf 85' lang='lat' dir='ltr'>providere</span> <span class='ocrx_word' id='word_1_431' title='bbox 1656 2171 1835 2214; x_wconf 77' lang='lat' dir='ltr'>cupienteS,</span> 
     </span>
     <span class='ocr_line' id='line_1_89' title="bbox 1099 2225 1836 2271; baseline -0.008 -9"><span class='ocrx_word' id='word_1_432' title='bbox 1099 2227 1335 2271; x_wconf 85' lang='lat' dir='ltr'>motuproprio,</span> <span class='ocrx_word' id='word_1_433' title='bbox 1352 2237 1385 2259; x_wconf 86' lang='lat' dir='ltr'>ac</span> <span class='ocrx_word' id='word_1_434' title='bbox 1400 2237 1436 2259; x_wconf 85' lang='lat' dir='ltr'>ex</span> <span class='ocrx_word' id='word_1_435' title='bbox 1452 2227 1540 2258; x_wconf 73' lang='lat' dir='ltr'>certa</span> <span class='ocrx_word' id='word_1_436' title='bbox 1557 2225 1692 2258; x_wconf 79' lang='lat' dir='ltr'>scientia</span> <span class='ocrx_word' id='word_1_437' title='bbox 1713 2226 1836 2264; x_wconf 80' lang='lat' dir='ltr'>nostra,</span> 
     </span>
     <span class='ocr_line' id='line_1_90' title="bbox 1099 2277 1836 2322; baseline -0.008 -8"><span class='ocrx_word' id='word_1_438' title='bbox 1099 2288 1132 2314; x_wconf 87' lang='lat' dir='ltr'>ut</span> <span class='ocrx_word' id='word_1_439' title='bbox 1157 2288 1219 2314; x_wconf 85' lang='lat' dir='ltr'>tam</span> <span class='ocrx_word' id='word_1_440' title='bbox 1246 2278 1463 2322; x_wconf 57' lang='lat' dir='ltr'>congregatio</span> <span class='ocrx_word' id='word_1_441' title='bbox 1502 2278 1660 2312; x_wconf 88' lang='lat' dir='ltr'>dictorum</span> <span class='ocrx_word' id='word_1_442' title='bbox 1694 2277 1836 2310; x_wconf 83' lang='lat' dir='ltr'>cardina-</span> 
     </span>
     <span class='ocr_line' id='line_1_91' title="bbox 1099 2331 1834 2379; baseline -0.01 -10"><span class='ocrx_word' id='word_1_443' title='bbox 1099 2336 1174 2369; x_wconf 90' lang='lat' dir='ltr'>lium</span> <span class='ocrx_word' id='word_1_444' title='bbox 1200 2346 1260 2379; x_wconf 85' lang='lat' dir='ltr'>per</span> <span class='ocrx_word' id='word_1_445' title='bbox 1281 2345 1338 2367; x_wconf 91' lang='lat' dir='ltr'>nos</span> <span class='ocrx_word' id='word_1_446' title='bbox 1357 2338 1606 2376; x_wconf 82' lang='lat' dir='ltr'>assumptorum,</span> <span class='ocrx_word' id='word_1_447' title='bbox 1633 2342 1727 2374; x_wconf 86' lang='lat' dir='ltr'>quam</span> <span class='ocrx_word' id='word_1_448' title='bbox 1748 2331 1834 2363; x_wconf 89' lang='lat' dir='ltr'>idem</span> 
     </span>
     <span class='ocr_line' id='line_1_92' title="bbox 1097 2386 1832 2433; baseline -0.011 -10"><span class='ocrx_word' id='word_1_449' title='bbox 1097 2390 1261 2433; x_wconf 82' lang='lat' dir='ltr'>Sperellus</span> <span class='ocrx_word' id='word_1_450' title='bbox 1293 2387 1466 2430; x_wconf 83' lang='lat' dir='ltr'>episcopus</span> <span class='ocrx_word' id='word_1_451' title='bbox 1493 2386 1588 2418; x_wconf 87' lang='lat' dir='ltr'>iudex</span> <span class='ocrx_word' id='word_1_452' title='bbox 1615 2390 1645 2417; x_wconf 87' lang='lat' dir='ltr'>et</span> <span class='ocrx_word' id='word_1_453' title='bbox 1671 2389 1832 2423; x_wconf 83' lang='lat' dir='ltr'>executor,</span> 
     </span>
     <span class='ocr_line' id='line_1_93' title="bbox 1098 2435 1835 2484; baseline -0.008 -10"><span class='ocrx_word' id='word_1_454' title='bbox 1098 2447 1132 2474; x_wconf 83' lang='lat' dir='ltr'>ut</span> <span class='ocrx_word' id='word_1_455' title='bbox 1155 2441 1346 2484; x_wconf 84' lang='lat' dir='ltr'>praefertur,</span> <span class='ocrx_word' id='word_1_456' title='bbox 1374 2439 1556 2482; x_wconf 85' lang='lat' dir='ltr'>deputatus,</span> <span class='ocrx_word' id='word_1_457' title='bbox 1574 2438 1607 2469; x_wconf 91' lang='lat' dir='ltr'>in</span> <span class='ocrx_word' id='word_1_458' title='bbox 1628 2436 1778 2470; x_wconf 82' lang='lat' dir='ltr'>omnibus</span> <span class='ocrx_word' id='word_1_459' title='bbox 1798 2435 1835 2468; x_wconf 92' lang='lat' dir='ltr'>li-</span> 
     </span>
     <span class='ocr_line' id='line_1_94' title="bbox 1099 2489 1835 2535; baseline -0.008 -8"><span class='ocrx_word' id='word_1_460' title='bbox 1099 2495 1182 2528; x_wconf 85' lang='lat' dir='ltr'>tibus</span> <span class='ocrx_word' id='word_1_461' title='bbox 1208 2500 1238 2528; x_wconf 85' lang='lat' dir='ltr'>et</span> <span class='ocrx_word' id='word_1_462' title='bbox 1270 2493 1395 2534; x_wconf 78' lang='lat' dir='ltr'>causis,</span> <span class='ocrx_word' id='word_1_463' title='bbox 1421 2502 1502 2535; x_wconf 87' lang='lat' dir='ltr'>quae</span> <span class='ocrx_word' id='word_1_464' title='bbox 1533 2501 1641 2524; x_wconf 89' lang='lat' dir='ltr'>coram</span> <span class='ocrx_word' id='word_1_465' title='bbox 1675 2489 1755 2532; x_wconf 86' lang='lat' dir='ltr'>ipsis</span> <span class='ocrx_word' id='word_1_466' title='bbox 1786 2499 1835 2521; x_wconf 85' lang='lat' dir='ltr'>re-</span> 
     </span>
     <span class='ocr_line' id='line_1_95' title="bbox 1098 2542 1832 2591; baseline -0.011 -10"><span class='ocrx_word' id='word_1_467' title='bbox 1098 2548 1238 2591; x_wconf 88' lang='lat' dir='ltr'>spective</span> <span class='ocrx_word' id='word_1_468' title='bbox 1256 2547 1289 2579; x_wconf 91' lang='lat' dir='ltr'>in</span> <span class='ocrx_word' id='word_1_469' title='bbox 1306 2546 1367 2578; x_wconf 79' lang='lat' dir='ltr'>vim</span> <span class='ocrx_word' id='word_1_470' title='bbox 1386 2546 1570 2578; x_wconf 89' lang='lat' dir='ltr'>facultatum</span> <span class='ocrx_word' id='word_1_471' title='bbox 1589 2543 1634 2576; x_wconf 84' lang='lat' dir='ltr'>eis</span> <span class='ocrx_word' id='word_1_472' title='bbox 1650 2542 1832 2585; x_wconf 79' lang='lat' dir='ltr'>respective</span> 
     </span>
     <span class='ocr_line' id='line_1_96' title="bbox 1095 2594 1835 2646; baseline -0.008 -14"><span class='ocrx_word' id='word_1_473' title='bbox 1095 2613 1156 2646; x_wconf 83' lang='lat' dir='ltr'>per</span> <span class='ocrx_word' id='word_1_474' title='bbox 1180 2601 1304 2635; x_wconf 82' lang='lat' dir='ltr'>litteras</span> <span class='ocrx_word' id='word_1_475' title='bbox 1322 2598 1504 2643; x_wconf 80' lang='lat' dir='ltr'>praedictas</span> <span class='ocrx_word' id='word_1_476' title='bbox 1525 2597 1751 2630; x_wconf 87' lang='lat' dir='ltr'>attributarum</span> <span class='ocrx_word' id='word_1_477' title='bbox 1773 2594 1835 2627; x_wconf 70' lang='lat' dir='ltr'>for«</span> 
     </span>
    </p>
   </div>
   <div class='ocr_carea' id='block_1_15' title="bbox 1727 209 2024 245">
    <p class='ocr_par' dir='ltr' id='par_1_18' title="bbox 1727 209 2024 245">
     <span class='ocr_line' id='line_1_97' title="bbox 1727 209 2024 245; baseline 0.007 -2"><span class='ocrx_word' id='word_1_478' title='bbox 1727 209 1791 243; x_wconf 82' lang='lat'>509</span> <span class='ocrx_word' id='word_1_479' title='bbox 1836 218 1886 245; x_wconf 76' lang='lat' dir='ltr'>An.</span> <span class='ocrx_word' id='word_1_480' title='bbox 1908 219 1938 245; x_wconf 81' lang='lat' dir='ltr'>c.</span> <span class='ocrx_word' id='word_1_481' title='bbox 1959 219 2024 245; x_wconf 60' lang='lat'>1003</span> 
     </span>
    </p>
   </div>
  </div>
 </body>
</html>
