2254 3225
180 242 230 270 An.
245 241 274 270 C.
295 241 363 269 1695

195 620 308 647 berngario
316 627 365 644 con-

181 649 303 672 tractorum.

223 2264 239 2287 n
249 2272 266 2287 uc
289 2265 374 2292 privile-

189 2299 244 2319 gium
253 2298 375 2314 concessum

190 2323 229 2341 tuit
285 2321 373 2340 diversis

408 232 472 267 678

374 301 437 334 que
472 289 596 324 iudices
635 290 817 325 ordinarios
853 295 884 325 et
919 291 1110 334 delegatos,

375 344 472 378 etiam
493 356 665 379 causarum
690 345 802 390 palatii
828 345 999 389 apostolici
1025 344 1114 377 audi-

374 401 469 438 tores,
484 398 621 432 iudicari
646 404 678 432 et
703 398 830 432 definiri
856 398 989 438 debere,
1013 408 1049 430 ae
1073 397 1114 429 ir-

374 450 472 484 ritum
509 456 541 485 et
573 451 682 493 inane,
706 452 732 485 si
768 461 861 485 secus
892 461 990 494 super
1020 450 1072 483 his
1097 460 1114 482 a

375 514 551 548 quoquam,
567 505 677 548 quavis
695 504 894 544 auctoritate,
909 503 1049 537 scienter
1064 504 1114 536 vel

375 557 575 601 ignoranter,
601 557 776 601 contigerit
798 556 965 591 attentari.

420 611 435 654 ξ,
466 611 496 644 5.
530 611 599 644 Non
624 611 829 644 obstantibus
859 609 1053 654 praemissis,
1080 618 1116 642 ae

376 663 663 697 constitutionibus
694 669 726 697 et
750 662 1013 696 ordinationibus
1040 672 1117 705 apo-

377 715 510 756 stolicis,
526 726 653 749 necnon
668 715 911 759 praedictorum
935 714 1064 748 Ordinis
1086 719 1118 747 et

377 768 571 812 provinciae,
593 768 703 802 aliisve
722 768 898 812 quibusvis,
916 768 1013 801 etiam
1030 767 1117 800 iura-

376 827 496 862 mento,
515 820 763 855 confirmatione
777 821 964 864 apostolica,
977 821 1026 853 vel
1044 831 1117 864 qua-

376 875 424 908 vis
452 875 603 908 firmitate
629 875 691 909 alia
715 875 896 915 roboratis,
922 874 1051 907 statutis
1086 878 1119 907 et

378 928 679 968 consuetudinibus,
705 927 884 972 privilegiis
908 937 1048 970 quoque,
1071 927 1118 959 in-

377 981 475 1015 dultis
499 986 531 1015 et
554 981 672 1015 litteris
706 981 893 1025 apostolicis
924 981 957 1013 in
989 985 1119 1014 contra-

376 1035 460 1068 rium
488 1035 745 1079 praemissorum
772 1034 1023 1078 quomodolibet
1042 1044 1119 1066 con-

377 1088 498 1127 cessis,
522 1086 718 1120 confirmatis
747 1092 778 1119 et
802 1086 980 1127 innovatis,
1003 1085 1119 1129 quibus

378 1140 530 1174 omnibus
570 1145 602 1173 et
637 1140 795 1183 singulis,
823 1140 955 1173 illorum
988 1144 1120 1173 tenores

377 1193 604 1237 praesentibus
640 1203 700 1237 pro
736 1193 834 1236 plene
863 1197 896 1226 et
920 1192 1120 1226 sufficienter

377 1247 542 1292 expressis
571 1258 609 1280 ac
637 1247 676 1280 de
711 1247 807 1280 verbo
836 1246 876 1279 ad
911 1247 1047 1279 verbum
1070 1246 1120 1278 in—

377 1300 471 1334 sertis
508 1300 689 1340 habentes,
722 1299 787 1333 illis
819 1300 898 1332 alias
922 1299 955 1332 in
985 1310 1044 1333 suo
1070 1310 1120 1333 ro-

377 1354 458 1387 bore
478 1353 713 1397 permansuris,
732 1353 772 1386 ad
790 1352 1045 1396 praemissorum
1074 1353 1120 1386 es-

377 1406 507 1447 sectum‚
522 1406 584 1438 bae
604 1406 673 1439 vice
696 1406 868 1445 dumtaxat,
883 1406 1071 1448 specialiter
1088 1412 1120 1439 et

378 1468 530 1502 expresse
555 1458 764 1500 derogamus,
784 1458 969 1502 ceterisque
990 1464 1119 1491 contra-

378 1511 436 1544 riis
462 1511 734 1554 quibuscumque.

422 1563 536 1596 Datum
561 1564 692 1603 Romae,
719 1563 803 1606 apud
822 1563 853 1596 S.
876 1563 1005 1596 Mariam
1022 1563 1120 1596 Maio-

379 1626 456 1656 rem,
477 1616 537 1649 sub
562 1617 683 1649 annulo
699 1616 884 1656 Piscatoris,
901 1616 952 1649 die
978 1626 1021 1649 vn
1038 1626 1121 1649 mar-

381 1669 415 1702 tii
440 1678 578 1709 MDcxev,
606 1668 812 1712 pontificatus
836 1669 940 1702 nostri
966 1679 1051 1702 anno
1076 1679 1117 1703 1v.

414 1732 476 1760 Dat.
496 1731 540 1759 die
560 1732 574 1759 7
596 1732 685 1759 martii
705 1731 783 1766 1695,
800 1731 897 1766 pontif.
914 1739 984 1758 anno
999 1737 1035 1758 ιν.

711 1846 783 1880 CIV.

383 1918 576 1953 Conceditur
616 1918 868 1962 Conyreyationi
908 1917 1122 1950 Discatceato-

424 1982 500 2004 rum
517 1971 703 2014 Hispaniae
718 1970 852 2004 Ordinis
868 1970 924 2003 SS.
948 1971 1122 2003 Trinitatis

424 2024 657 2067 redemptionis
682 2025 886 2067 captivorum
903 2023 1044 2066 facultas
1061 2023 1123 2056 sihi

426 2078 569 2122 eligendi
588 2078 712 2111 iudices
738 2077 1003 2110 consmwatores'.

566 2148 764 2176 Innocentius
785 2149 864 2182 Papa
883 2148 945 2181 xn,

524 2193 560 2220 ad
580 2193 713 2220 futuram
734 2192 777 2219 rei
798 2193 979 2219 memoriam.

429 2256 444 2300 ᾗ
461 2255 493 2288 1.
516 2255 641 2299 Exponi
659 2255 754 2287 nobis
772 2265 878 2298 nuper
895 2254 970 2288 fecit
984 2254 1121 2288 dilectus

384 2309 473 2343 filius
490 2309 602 2342 Petrus
620 2319 637 2341 a
654 2308 723 2340 Iesu
748 2313 939 2351 procurator
958 2308 1121 2350 generalis

421 2375 431 2400 1
463 2373 531 2400 Vide
550 2372 629 2399 infra.
650 2372 680 2398 In
701 2371 781 2398 huius
809 2371 949 2398 Pontificis
969 2375 1056 2399 const.
1077 2372 1121 2399 ed.

384 2424 516 2452 mnexcm,
532 2417 575 2444 die
589 2417 621 2444 27
638 2416 773 2448 ianuarii,
793 2416 888 2451 pontif.
909 2423 941 2449 ιι,
962 2416 1010 2443 toti
1030 2416 1122 2443 Ordini

385 2470 514 2490 concessa
533 2461 644 2488 fuerunt
658 2460 798 2495 privilegia
813 2460 926 2487 aliorum
942 2460 1120 2496 regularium,

384 2511 412 2535 et
431 2507 457 2533 in
477 2506 625 2533 Clementis
645 2505 675 2532 Xl
697 2504 803 2532 constit.
821 2504 885 2531 edit.
902 2511 1013 2538 nocem,
1030 2505 1073 2531 die
1088 2505 1118 2531 21

384 2550 553 2585 novembris,
563 2549 660 2585 pontif.
673 2556 713 2582 111,
723 2549 868 2583 praedictis
880 2548 1050 2575 lliscaleeatis
1061 2557 1122 2576 con-

384 2597 490 2623 ceditur
509 2595 622 2622 facultas
641 2593 733 2621 utendi
750 2593 825 2620 altari
847 2593 965 2628 portatili
990 2597 1015 2619 et
1037 2593 1123 2620 absol—

383 2639 463 2667 vendi
484 2648 499 2667 a
518 2639 626 2666 casibus
646 2638 788 2665 reservatis
808 2638 834 2664 in
855 2637 920 2664 loris
941 2637 1100 2663 infidelium.

951 239 1131 269 BULLARIUM
1153 239 1308 265 ROMANUM

1899 233 1948 260 An.
1964 232 1992 260 C.
2011 233 2081 262 1⁶95

1154 287 1417 333 congregationis
1429 287 1602 331 Hispaniae
1621 285 1754 319 fratrum
1770 282 1889 317 Discat·
1900 296 2028 321 temporibus
2044 296 2081 316 ωε

1899 321 1985 346 Ordini,
2001 328 2081 343 necnon

1154 347 1317 376 ceatorum
1342 341 1470 375 Ordinis
1493 340 1547 375 SS.
1573 339 1735 373 Trinitatis
1759 337 1888 371 redem-
1899 349 1970 369 ommi
1986 349 2082 371 nav.

1154 395 1276 439 ptionis
1309 395 1532 439 captivorum,
1557 394 1660 438 quod,
1686 403 1758 426 cum
1791 390 1886 431 alias,

1155 458 1271 491 nempe
1289 458 1373 481 anno
1393 457 1557 487 ncnvan,
1576 445 1677 480 felicis
1691 444 1891 479 recordatio·

1156 501 1206 534 nis
1228 501 1379 534 Nicolaus
1400 501 1486 543 Papa
1502 499 1525 531 V
1545 499 1759 543 pradecessor
1777 503 1892 531 noster

1158 553 1310 586 fratribus
1334 553 1410 586 dicti
1428 552 1557 585 Ordinis
1575 562 1751 595 regnorum
1771 551 1893 585 Castel-

1158 607 1207 639 lae
1234 611 1265 639 et
1287 606 1437 649 Legionis
1453 604 1658 648 privilegium
1673 604 1815 647 eligendi
1830 602 1893 637 sibi

1157 659 1279 693 iudices
1319 664 1566 693 conservatores
1602 658 1817 698 concesserit,
1857 667 1894 690 ac

1158 712 1296 746 subinde
1322 712 1375 745 alii
1401 711 1536 744 Romani
1562 710 1742 750 Pontifices,
1756 710 1895 754 praede-

1158 776 1304 799 cessores
1328 765 1452 809 pariter
1481 764 1590 804 nostri,
1617 764 1770 797 fratribus
1795 773 1892 807 prae-

1160 819 1252 852 dictis
1278 818 1310 851 in
1335 818 1406 851 aliis
1429 817 1538 860 regnis
1567 822 1600 850 et
1629 816 1806 860 provinciis
1834 816 1893 849 de-

1159 872 1309 915 gentibus
1333 871 1420 904 idem
1444 870 1650 914 privilegium
1676 869 1896 910 attribuerint,

1159 924 1320 969 privilegii
1346 924 1539 963 huiusmodi,
1565 934 1692 957 necnon
1718 922 1898 957 communi-

1160 978 1295 1011 cationis
1321 977 1567 1021 privilegiorum
1584 1003 1591 1015 ‚
1616 976 1735 1020 quibus
1761 976 1815 1009 alii
1840 976 1897 1009 Or-

1161 1032 1252 1065 dines
1269 1031 1485 1063 Mendicantes
1505 1030 1663 1069 fruuntur,
1677 1029 1789 1062 Ordini
1804 1039 1898 1073 prae-

1161 1085 1246 1118 dicto
1281 1094 1339 1127 per
1374 1083 1490 1116 Sedem
1525 1082 1745 1126 Apostolicam
1769 1092 1897 1116 conces-

1161 1148 1215 1170 sae
1247 1137 1375 1176 intuitu,
1408 1136 1623 1178 congregatio
1652 1140 1726 1180 tunc
1758 1134 1899 1168 existen-

1161 1191 1241 1223 tium
1265 1190 1297 1223 S.
1317 1190 1354 1223 R.
1377 1189 1411 1222 Ε.
1435 1189 1647 1222 cardinalium
1672 1188 1807 1222 Concilii
1831 1188 1899 1221 Tri-

1162 1243 1287 1278 dentini
1312 1243 1543 1287 interpretum,
1570 1242 1608 1275 ad
1635 1242 1769 1275 fratrum
1795 1242 1898 1285 ipsius

1161 1296 1290 1330 Ordinis
1305 1306 1429 1340 preces,
1450 1295 1627 1328 declaravit
1643 1295 1741 1328 licere
1761 1295 1807 1328 eis
1822 1305 1897 1329 eon-

1161 1350 1284 1383 tinuare
1310 1350 1340 1382 in
1367 1349 1456 1392 quasi
1477 1348 1684 1392 possessione
1702 1348 1780 1381 iuris
1799 1348 1900 1392 depu-

1161 1403 1248 1437 tandi
1273 1402 1396 1435 iudices
1422 1407 1667 1435 conservatores
1683 1412 1743 1444 pro
1761 1411 1899 1434 conven-

1162 1458 1246 1490 tibus
1273 1457 1419 1490 eiusdem
1444 1455 1572 1488 Ordinis
1602 1455 1800 1498 ubicumque
1834 1454 1900 1487 exi-

1161 1509 1332 1543 stentibus.
1350 1508 1557 1541 Postmodum
1575 1518 1664 1548 vero,
1680 1517 1796 1550 nempe
1811 1507 1863 1540 die
1882 1517 1899 1539 x

1162 1562 1358 1606 septembris
1382 1571 1497 1601 MDCLX,
1513 1560 1727 1604 Congregatio
1751 1565 1828 1593 tunc
1844 1570 1900 1603 pa-

1162 1616 1241 1648 riter
1265 1615 1470 1648 existentium
1495 1613 1524 1646 S.
1553 1613 1591 1646 R.
1622 1613 1657 1646 E.
1685 1612 1901 1645 cardinalium

1162 1668 1299 1710 negotiis
1317 1673 1348 1701 et
1361 1666 1652 1700 consultationibus
1670 1665 1901 1709 episcoporum

1163 1727 1195 1755 et
1212 1721 1410 1764 regularium
1427 1719 1620 1764 praeposita,
1635 1719 1746 1752 Ordini
1765 1719 1901 1752 fratrum

1163 1775 1278 1808 Beatae
1303 1774 1419 1807 Mariae
1439 1773 1478 1806 de
1499 1773 1646 1806 Mercede
1663 1772 1900 1816 redemptionis

1163 1827 1374 1872 captivorum,
1400 1827 1509 1869 vigore
1530 1826 1828 1859 communicationis
1853 1825 1901 1859 di-

1163 1887 1287 1915 ctorum
1300 1880 1541 1924 privilegiorum
1558 1879 1586 1913 ei
1599 1889 1658 1923 per
1675 1879 1790 1913 Sedem
1807 1889 1901 1923 prae-

1164 1935 1282 1969 dictam
1300 1934 1411 1967 itidem
1425 1943 1608 1973 concessae,
1623 1932 1671 1965 ius
1686 1932 1827 1975 eligendi
1838 1932 1901 1966 sibi

1164 1993 1408 2022 conservatores
1422 1997 1481 2030 pro
1495 1986 1560 2019 suis
1572 1985 1786 2019 conventibus
1804 1985 1901 2019 etiam

1164 2046 1356 2085 competere,
1371 2051 1432 2083 per
1457 2050 1551 2072 suum
1576 2040 1743 2072 decretum
1760 2039 1902 2082 desuper

1165 2095 1288 2129 editum
1302 2093 1452 2126 similiter
1465 2092 1648 2132 declaravit,
1670 2092 1901 2135 decretumque

1164 2146 1350 2181 huiusmodi
1368 2146 1560 2180 recolendae
1574 2144 1752 2178 memoriae
1767 2144 1902 2177 'Alexan-

1165 2202 1224 2235 der
1247 2201 1299 2233 Vll
1324 2200 1420 2233 etiam
1445 2198 1681 2242 praedeeessor
1705 2202 1817 2230 noster
1841 2207 1901 2240 per

1164 2255 1320 2299 quasdam
1360 2263 1432 2286 suas
1463 2253 1496 2285 in
1531 2251 1626 2284 simili
1656 2250 1759 2284 forma
1792 2250 1900 2283 Brevis

1164 2309 1304 2342 subinde
1329 2307 1496 2350 expeditas
1528 2305 1653 2338 litteras
1682 2304 1897 2338 confirmavit.

1208 2363 1223 2406 ἓ
1247 2362 1278 2394 9,.
1301 2361 1378 2394 Cum
1404 2365 1520 2399 autem,
1551 2359 1635 2391 sieut
1659 2358 1772 2391 eadem
1800 2368 1900 2402 expo-

1164 2416 1236 2450 sitio
1254 2413 1483 2456 subiungebat,
1502 2411 1628 2445 tametsi
1645 2411 1693 2444 ius
1711 2411 1898 2444 huiusmodi

1164 2470 1266 2503 multo
1291 2468 1393 2511 magis
1419 2465 1622 2509 supradictae
1647 2464 1898 2508 Congregationi

1164 2523 1297 2555 fratrum
1314 2520 1586 2553 Discalceatorum
1602 2517 1785 2561 Hispaniae,
1804 2528 1898 2560 quae,

1163 2580 1198 2608 ut
1211 2574 1378 2614 asseritur,
1392 2583 1457 2606 non
1480 2572 1651 2611 diversam,
1669 2571 1724 2604 sed
1750 2571 1897 2604 eamdem

1164 2639 1233 2662 eum
1248 2627 1417 2671 praedicto
1436 2624 1554 2658 Ordine
1571 2624 1624 2658 SS.
1644 2624 1816 2666 Trinitatis,
1834 2624 1897 2666 eui,

1899 375 1925 397 de
1940 375 2048 397 Mercede.

1951 2365 2020 2397 Causa
2043 2371 2094 2387 eon*

1910 2399 2021 2414 0855101115-
