2254 3225
211 237 260 264 An.
281 235 309 264 G.
327 234 396 265 1696
441 225 505 260 730

257 1407 392 1428 nnnnrmatio

211 1436 293 1454 rotatae
317 1435 394 1455 consti-

212 1464 305 1482 tutionis.

1743 182 1747 185 ,
1771 176 1790 183 „a

981 233 1160 258 BULLAmUM
1183 232 1337 257 ROMANUM

404 284 563 322 ctoritate,
576 281 716 316 scienter
739 282 789 316 vel
812 280 1011 325 ignoranter,
1037 281 1136 314 conti·
1177 280 1251 314 bilis
1276 280 1474 324 apostolieae
1499 280 1656 316 firmitatis
1680 283 1780 317 robur
1808 290 1839 318 et
1867 285 1911 318 es-

404 336 665 381 gerit.attentari.
684 335 753 369 Non
772 335 975 369 obstantibus
989 335 1137 368 constitu·
1180 333 1319 366 sicaciam
1348 333 1573 376 adiungimus,
1606 336 1758 381 ipsasque
1789 337 1911 371 litteras

403 390 546 424 tionibus
562 396 593 423 et
606 389 861 423 ordinationibus
879 387 1077 430 apostolicis,
1091 397 1136 426 ac,
1179 386 1218 418 ab
1236 386 1299 418 illis
1314 387 1365 425 ,ad
1391 397 1470 430 qnos
1495 395 1618 432 spectat
1635 395 1667 423 et
1683 400 1742 433 pro
1767 396 1911 434 tempore

405 450 564 488 quatenus
589 453 671 486 opus
689 442 737 482 sit,
755 441 941 485 provinciae
959 445 991 472 et
1009 439 1137 472 Ordinis

404 494 648 541 praefatorum,
674 494 920 527 confirmatione
946 491 1136 534 apostoliea,

404 551 455 584 vel
470 549 577 593 quavis
592 548 741 580 firmitate
754 546 814 579 alia
828 544 998 584 roboratis,
1013 542 1138 576 statutis

406 608 437 637 et
461 600 764 638 consuetudinibus,
795 597 974 641 privilegiis
995 606 1137 640 quoque,

405 655 540 689 indultis
564 660 594 687 et
618 652 733 686 litteris
758 651 942 694 apostolicis
959 650 992 682 in
1013 654 1140 681 contra-

405 709 487 741 rium
512 705 760 750 praemissorum
791 701 1040 747 quomodolibet
1063 711 1139 734 con-

406 761 515 799 cessis
541 758 737 792 confirmatis
762 761 794 789 et
811 756 996 795 innovatis;
1023 754 1138 798 quibus

407 813 558 847 omnibus
592 816 624 844 et
655 809 808 852 singulis,
844 809 974 842 illorum
1010 814 1138 841 tenores

405 865 631 911 praesentibus
665 873 725 906 pro
758 863 855 905 plene
888 867 919 894 et
942 861 1140 893 sufficienter

406 918 565 963 expressis
592 928 627 949 ac
647 917 685 949 de
710 916 842 948 verbum
862 914 991 947 insertis
1019 913 1139 947 haben-

405 978 470 1011 tes,
499 972 563 1004 illis
592 971 668 1003 alias
697 969 729 1001 in
758 979 816 1001 suo
845 969 962 1001 robore
990 977 1140 1010 perman-

405 1025 507 1063 suris,
535 1023 573 1056 ad
604 1022 855 1066 praemissorum
882 1020 1050 1059 etl'ectum,
1079 1020 1139 1052 hac

404 1079 473 1111 vice
508 1078 689 1115 dumtaxat,
715 1075 901 1118 specialiter
926 1079 958 1106 et
987 1083 1137 1116 expresse

405 1132 621 1173 derogamus3
651 1129 833 1172 ceterisque
866 1126 1037 1160 contrariis
1068 1126 1139 1170 qui-

402 1184 613 1226 buscumque.

438 1247 532 1274 Datum
551 1247 658 1280 Romae,
679 1245 748 1281 apud
767 1245 794 1272 S.
811 1244 919 1271 Mariam
936 1243 1072 1277 Maiorem,
1089 1243 1138 1270 sub

403 1292 502 1319 annulo
524 1290 678 1320 Pisentoris,
694 1290 736 1317 die
752 1296 786 1316 xi!
802 1289 868 1316 iunii
884 1295 1056 1322 arnecxxxru,
1073 1296 1138 1323 pon-

404 1337 521 1363 tificatus
537 1336 620 1362 nostri
637 1343 707 1361 anno
723 1341 759 1361 xl.

448 1399 462 1441 g
487 1398 516 1431 2.
545 1398 621 1430 Cum
646 1402 764 1436 antem,
785 1396 866 1428 sieut
890 1395 1026 1428 dilectus
1053 1394 1137 1428 silius

404 1452 580 1485 modernus
605 1451 750 1483 minister
779 1449 984 1493 provincialis
1009 1448 1137 1491 provin-

405 1507 472 1539 ciae
509 1504 714 1548 supradictae
750 1503 845 1535 nobis
882 1512 986 1544 nuper
1021 1501 1136 1544 exponi

403 1558 492 1596 fecit,
511 1558 580 1600 ipse
604 1556 789 1599 praemissa,
809 1565 872 1598 quo
890 1554 1012 1587 firmius
1038 1554 1138 1586 subsi-

403 1616 489 1644 stant
514 1616 545 1642 et
569 1608 786 1641 inviolabilius
811 1613 991 1646 serventur,
1011 1611 1138 1649 aposto-

402 1664 483 1698 licae
502 1661 755 1695 confirmationis
773 1666 901 1693 nostrae
920 1660 1037 1692 robore
1057 1669 1137 1692 com-

403 1716 521 1750 muniri
547 1724 752 1757 summopere
770 1713 952 1746 desideret:
971 1723 1041 1752 nos,
1066 1723 1139 1756 spe-

404 1770 517 1802 cialem
551 1768 611 1810 ipsi
646 1767 805 1799 moderno
836 1767 982 1799 ministro
1007 1766 1138 1809 provin-

404 1822 476 1855 ciali
503 1823 636 1863 gratiam
672 1821 776 1853 faeere
808 1822 975 1860 volentes,
1000 1830 1138 1863 eumque

404 1886 421 1908 a
445 1875 607 1919 quibusvis
625 1873 980 1912 excommunicationis,
1001 1883 1140 1916 suspen-

404 1928 505 1961 sionis
526 1932 557 1960 et
576 1926 752 1965 interdicti,
780 1926 918 1969 aliisque
944 1926 1139 1958 ecclesiasti-

405 1981 450 2014 cis
472 1980 650 2019 sententiis,
669 1979 813 2012 censuris
830 1985 861 2012 et
878 1979 1002 2022 poenis,
1029 1990 1046 2011 a
1070 1979 1139 2012 iure

403 2035 453 2066 vel
489 2034 528 2065 ab
568 2033 710 2072 homine,
747 2033 856 2075 quavis
887 2032 1055 2065 occasione
1090 2033 1139 2065 vel

405 2089 498 2119 causa
523 2086 608 2126 latis,
635 2086 659 2118 si
686 2086 802 2128 quibus
823 2086 1071 2129 quomodolibet
1092 2086 1141 2118 in-

405 2140 544 2172 nodatus
580 2139 705 2177 existit,
733 2138 770 2171 ad
807 2138 955 2171 etl'ectum
987 2149 1141 2182 praesen—

406 2192 485 2224 tium
521 2192 683 2224 dumtaxat
713 2192 988 2234 consequendum,
1026 2192 1139 2224 harum

407 2244 491 2277 serie
513 2244 717 2277 absolventes
737 2250 767 2277 et
785 2244 968 2277 absolutum
984 2245 1051 2278 sore
1066 2255 1140 2278 cen-

407 2302 529 2338 sentes,
548 2297 838 2340 supplicationibus
852 2298 919 2330 eius
937 2299 1068 2331 nomine
1082 2309 1139 2331 no-

405 2350 456 2384 bis
480 2360 579 2393 super
596 2350 658 2382 hoc
675 2350 844 2381 humiliter
867 2351 1026 2393 porrectis
1048 2350 1139 2384 ineli-

406 2403 484 2443 nati,
503 2402 720 2446 praeinsertas
745 2402 922 2435 innocentii
948 2403 1140 2446 praedeces-

407 2456 489 2489 soris
514 2456 659 2495 litteras,
684 2455 858 2498 omniaque
895 2461 926 2488 et
956 2456 1082 2498 singula
1106 2457 1138 2489 in

407 2512 453 2542 eis
479 2515 640 2547 contenta,
668 2510 855 2542 auctoritate
881 2510 1067 2551 apostolica,
1093 2515 1139 2543 te-

408 2574 486 2596 nore
506 2563 731 2605 praesentium,
745 2562 961 2604 approbamus
980 2569 1010 2595 et
1026 2564 1140 2596 contir-

1180 438 1452 483 quandocumque
1495 442 1678 484 spectabit,
1718 441 1912 476 inconcusse

1179 491 1341 524 observari
1371 493 1586 537 praecipimus
1611 500 1644 528 et
1666 495 1865 529 mandamus.

1223 542 1278 586 §3-
1292 543 1510 579 Decernentes
1523 547 1654 590 pariter,
1665 547 1750 591 ipsas
1764 559 1912 591 praesen-
1948 564 2070 586 ctaunntae.

1182 599 1227 626 tes
1259 596 1383 630 litteras
1411 609 1541 642 semper
1572 599 1680 632 firmas
1698 626 1705 640 ,
1733 600 1856 633 validas
1882 605 1915 634 et

1181 647 1326 682 efficaces
1349 650 1489 685 existere
1513 657 1545 685 et
1568 652 1638 685 sore
1653 679 1660 693 ‚
1689 663 1827 696 suosque
1850 654 1915 697 ple·

1180 700 1288 734 narios
1306 707 1338 734 et
1359 702 1505 746 integros
1530 704 1662 738 effectus
1682 705 1791 739 sortiri
1813 711 1846 739 et
1861 706 1916 740 ob·

1181 753 1297 796 tinere,
1319 766 1355 788 ac
1377 756 1462 797 illis,
1489 758 1528 790 ad
1554 768 1634 801 quos
1659 764 1784 801 spectat
1804 765 1836 792 et
1854 769 1914 802 pro

1182 812 1327 852 tempore
1355 811 1625 855 quandocumque
1645 811 1810 855 spectabit,
1829 811 1859 845 in
1886 823 1916 846 o·

1181 862 1309 895 mnibus
1327 869 1358 896 et
1374 874 1434 907 per
1457 864 1566 897 omnia
1588 864 1780 908 plenissime
1805 865 1916 899 sutl'ra-

1182 915 1266 957 gari,
1284 915 1395 959 sicque
1413 916 1446 949 in
1466 917 1653 960 praemissis
1671 928 1728 960 per
1745 928 1915 961 quoscum-

1182 979 1243 1011 que
1278 968 1402 1001 iudices
1442 970 1626 1002 ordinarios
1659 976 1692 1002 et
1722 971 1912 1013 delegatos,

1181 1021 1277 1053 etiam
1302 1032 1471 1054 causarum
1496 1022 1607 1065 palatii
1633 1023 1803 1066 apostolici
1827 1024 1915 1056 audi-

1182 1078 1293 1114 tores,
1318 1073 1454 1106 iudieari
1479 1080 1510 1107 et
1543 1075 1670 1108 definiri
1708 1075 1829 1108 debere
1845 1102 1852 1116 ,
1879 1086 1916 1109 ae

1180 1125 1305 1159 irritum
1331 1132 1363 1159 et
1393 1127 1499 1168 inane,
1529 1127 1554 1160 si
1583 1138 1675 1161 secus
1700 1139 1799 1172 super
1823 1127 1872 1160 his
1899 1139 1916 1162 a

1181 1190 1367 1224 quoquam,
1401 1183 1511 1224 quavis
1535 1181 1744 1221 auctoritate,
1777 1181 1916 1215 scienter

1181 1234 1231 1266 vel
1257 1234 1452 1276 ignoranter,
1479 1234 1655 1278 contigerit
1678 1235 1846 1267 attentari.

1224 1287 1239 1330 ἓ
1262 1286 1294 1319 4.
1315 1286 1383 1319 Non
1402 1288 1609 1321 obstantibus
1628 1288 1938 1349 constitutionibusd
1953 1303 2108 1351 cnm-[ariorum

1941 1336 2004 1356 eroga
2016 1336 2043 1352 ιο.

1181 1345 1214 1372 et
1250 1340 1510 1373 ordinationibus
1546 1341 1758 1384 apostolicis,
1789 1352 1915 1375 necnon

1182 1393 1332 1426 omnibus
1350 1399 1380 1426 et
1406 1395 1542 1436 singulis
1567 1394 1631 1427 illis
1661 1405 1743 1438 quae
1768 1395 1799 1427 in
1825 1406 1915 1438 prae-

1181 1447 1313 1479 insertis
1339 1446 1519 1479 lnnocentii
1544 1448 1809 1490 praedecessoris
1830 1448 1915 1481 litte-

1182 1499 1224 1532 ris
1249 1509 1401 1532 concessa
1425 1505 1498 1532 sunt
1522 1510 1586 1532 non
1612 1500 1760 1541 obstare,
1782 1502 1915 1533 ceteris-

1182 1563 1243 1595 que
1269 1553 1440 1585 contrariis
1466 1553 1738 1596 quibuscumque.

1222 1606 1335 1638 Datum
1360 1606 1494 1646 Romae,
1521 1607 1606 1650 apud
1634 1607 1666 1640 S.
1695 1605 1824 1639 Mariam
1854 1607 1917 1639 Ma·

1179 1658 1304 1699 iorem,
1331 1659 1392 1691 sub
1424 1659 1546 1691 annulo
1572 1658 1764 1698 Piscatoris‚
1795 1658 1846 1691 die
1872 1668 1916 1692 v11

1181 1711 1315 1743 ianuarii
1336 1720 1486 1751 iincxcw,
1505 1710 1714 1754 pontificatus
1735 1710 1839 1744 nostri
1863 1720 1917 1743 an-

1180 1775 1222 1798 no
1241 1774 1270 1797 v.

1216 1826 1274 1854 Dat.
1291 1827 1334 1855 die
1349 1827 1364 1854 7
1381 1826 1494 1854 ianuarii
1516 1826 1592 1861 2696,
1610 1826 1707 1862 pontif.
1724 1835 1796 1855 anno
1811 1833 1837 1855 v.

1480 1997 1609 2031 CXXIII.

1184 2084 1427 2127 Confirmantur
1447 2085 1571 2119 decreta
1595 2085 1759 2129 yeneralis
1774 2087 1916 2129 fratrum

1226 2139 1386 2171 illinorum
1405 2139 1509 2171 sancti
1528 2139 1700 2172 Francisci
1717 2139 1917 2173 Convenlua-

1227 2191 1321 2232 lium,
1349 2196 1377 2224 el
1402 2191 1495 2223 aliud
1527 2191 1708 2223 cardinalis
1731 2192 1917 2235 protectoris

1223 2256 1283 2288 pro
1304 2245 1474 2288 provincia
1498 2246 1680 2288 Aryentind
1695 2244 1716 2277 ¹.

1216 2361 1228 2387 1
1246 2360 1317 2388 Infra
1333 2360 1389 2388 suis
1404 2360 1470 2387 locis
1486 2359 1628 2387 laudantur
1642 2359 1733 2395 plures
1748 2360 1915 2387 constitutio-

1181 2413 1228 2432 nes
1240 2408 1266 2431 et
1281 2405 1399 2440 capitula
1416 2404 1648 2431 constitutionum.
1661 2404 1689 2430 ln
1701 2404 1844 2431 Alexandri
1855 2404 1914 2431 Vlll

1182 2449 1290 2475 constit.
1312 2449 1376 2475 edit.
1398 2456 1498 2482 aincxc,
1513 2449 1556 2475 die
1575 2450 1591 2476 5
1606 2448 1708 2483 aprilis,
1724 2449 1820 2483 pontis.
1837 2455 1853 2478 ι,
1870 2457 1915 2475 ex·

1181 2497 1238 2519 tant
1257 2493 1389 2528 quaedam
1410 2493 1517 2519 decreta
1536 2493 1644 2527 capituli
1670 2493 1822 2527 generalis3
1843 2497 1869 2519 et
1887 2493 1914 2519 in

1182 2537 1260 2564 huius
1273 2537 1409 2564 Pontiticis
1421 2541 1504 2564 const.
1517 2537 1580 2564 edit.
1595 2544 1720 2571 mncxetx,
1737 2537 1779 2564 die
1795 2539 1826 2563 lb'
1841 2538 1913 2571 maii,

1182 2582 1276 2617 pontif.
1298 2589 1350 2610 vui,
1372 2582 1460 2616 agitur
1480 2582 1512 2608 de
1533 2582 1651 2616 primatu
1671 2582 1741 2609 inter
1760 2582 1915 2613 definitores

407 2626 542 2654 mamus,
564 2616 675 2659 illique
701 2615 894 2648 inviolabilis
919 2620 950 2649 et
975 2615 1140 2660 irresraga·
1158 2640 1162 2659 ‚
1183 2631 1207 2653 et
1226 2625 1403 2661 prosim-ales
1422 2626 1552 2653 titulares.

1917 237 1969 264 An.
1990 236 2018 266 C.
2036 238 2101 267 1696
