2254 3225
195 262 244 287 An.
265 260 292 287 C.
310 258 377 286 1698
423 247 488 283 85⁶2
979 257 1160 281 BULLARIUM
1185 256 1339 280 ROMANUM

387 318 447 341 nos
474 307 525 340 die
550 316 601 340 xm
625 306 749 349 augusti
776 315 917 340 iuncxcv1
944 305 1045 339 dietas
1069 317 1127 339 no-

387 368 469 393 stras
487 361 610 393 litteras
632 360 763 394 omnino
782 361 914 398 servari,
941 370 1001 393 nec
1016 370 1127 402 quem-
1149 390 1150 410 3

387 415 471 457 piam
507 415 575 447 ullo
611 425 753 456 unquam
793 419 939 456 tempore
977 414 1127 446 adversus

386 468 469 506 illas,
484 468 548 501 sive
567 468 597 500 in
614 467 1047 510 praedictaCongregatione
1062 477 1129 498 car·
1150 473 1151 492 t

387 522 558 561 dinalium,
584 522 649 554 sive
675 522 706 553 in
729 521 841 564 quovis
864 521 927 553 alio
964 519 1127 558 tribunali,

386 575 448 608 nisi
474 575 567 608 nobis
581 575 751 613 consultis,
767 573 869 607 audiri
892 573 1128 612 mandavimus,

386 634 484 671 prout
508 629 540 661 in
566 628 723 671 rescripto
749 639 765 660 a
793 633 882 669 tergo
908 627 1066 669 supplicis
1094 626 1131 659 li-

387 682 464 714 belli
482 681 574 714 nobis
593 691 692 724 super
710 680 896 723 praemissis
912 679 1051 722 porrecti
1074 689 1132 722 per

387 735 542 768 dilectum
568 734 667 767 tilium
694 740 842 766 nostrum
860 733 1013 765 loannem
1034 733 1132 764 Fran-

387 788 509 820 ciscum
535 788 566 820 S.
600 787 638 819 R.
673 787 707 819 E.
746 786 944 819 cardinalem
972 786 1130 818 Albanum

386 846 610 884 nuncupatum
643 840 857 873 secretarium
890 838 1041 871 Brevium
1073 849 1132 871 no-

387 901 532 928 strorum
577 899 778 927 secretorum
824 897 979 925 annotato
1021 892 1128 924 conti-

386 955 493 981 netur.

220 1011 298 1042 Camav
312 1011 374 1032 huius
430 1002 490 1045 §2
510 1001 586 1035 Cum
602 1006 722 1039 autem,
737 1001 820 1033 sicut
834 999 943 1032 dilecti
959 999 1055 1032 etiam
1073 998 1130 1031 filii

192 1041 375 1092 {ffi'ssi'ssussssssssjfff
387 1055 500 1088 fratres
527 1055 676 1097 Liguriae
710 1054 880 1087 orientalis
918 1059 949 1086 et
981 1051 1130 1095 Liguriae

193 1099 247 1113 mm
387 1109 602 1143 occidentalis
619 1135 626 1148 ‚
651 1119 733 1150 quac
760 1108 840 1139 duas
866 1118 903 1140 ex
937 1105 1131 1149 supradictis

386 1163 533 1206 partibus
565 1161 752 1204 provinciae
787 1159 975 1193 huiusmodi
1011 1160 1131 1192 consti-

387 1221 479 1248 tuunt
498 1242 505 1255 ,
532 1215 628 1246 nobis
660 1224 765 1257 nuper
802 1213 920 1256 exponi
954 1213 1103 1246 fecerunt
1122 1241 1129 1253 ,

386 1269 449 1312 ipsi
475 1268 700 1311 compererint
724 1267 845 1300 dictum
870 1267 1023 1300 loannem
1050 1268 1132 1310 Bap-

387 1323 494 1355 tistam
519 1322 626 1354 adbuc
652 1332 717 1354 non
751 1320 982 1363 acquiescere,
1020 1321 1077 1353 sed
1114 1331 1131 1353 a

388 1375 506 1408 dilecto
532 1374 654 1417 pariter
683 1373 749 1406 tilio
786 1374 946 1406 moderno
982 1373 1131 1406 ministro

387 1429 533 1470 generali
559 1428 637 1460 dicti
662 1427 790 1459 Ordinis
811 1428 1053 1470 postulasse,ut
1070 1428 1129 1460 sibi

388 1481 468 1513 duos
494 1480 665 1522 religiosos
690 1480 866 1512 Ianuenses
892 1491 950 1522 pro
976 1481 1060 1512 dicta
1074 1481 1129 1513 lite

387 1534 619 1577 prosequenda
645 1533 683 1565 ad
702 1533 819 1566 Urbem
846 1533 1048 1576 praedictam
1064 1534 1132 1566 mit-

388 1587 476 1620 tendi
511 1587 647 1619 facultas
680 1586 898 1619 concedatur:
931 1587 1025 1619 nobis
1057 1597 1132 1630 pro-

387 1645 502 1683 pterea
527 1640 603 1672 dicti
629 1645 830 1682 exponentes
858 1640 1026 1673 humiliter
1056 1651 1131 1683 sup-

388 1693 503 1736 plicari
529 1693 678 1726 fecerunt
713 1699 747 1726 ut
781 1693 813 1725 in
851 1694 1038 1736 praemissis
1075 1705 1132 1737 op-

388 1752 529 1790 portune
555 1747 728 1790 providere
755 1752 786 1779 ct
808 1752 843 1778 ut
861 1747 942 1779 infra
960 1747 1131 1789 indulgere

389 1801 429 1833 de
453 1800 656 1842 benignitate
681 1801 860 1843 apostolica
885 1800 1107 1843 dignaremur.

195 1860 378 1907 sassvffi³²³12⁰ss31
432 1853 447 1897 ἓ
471 1853 502 1887 3.
529 1853 593 1886 Nos
619 1854 726 1895 igitur.
746 1854 921 1897 specialem
942 1854 1019 1897 ipsis
1034 1865 1131 1897 expo-

195 1914 263 1935 bnca·
389 1906 542 1939 uentibus
569 1907 703 1949 gratiam
728 1908 835 1940 facere
861 1909 1017 1947 volentes,
1033 1913 1130 1940 eteo-

388 1970 460 1992 rum
497 1960 681 2003 singulares
719 1971 876 2003 personas
913 1971 930 1993 a
967 1961 1131 2003 quibusvis

390 2013 757 2053 excommunicationis,
783 2014 1012 2056 suspensionis
1039 2019 1069 2047 et
1085 2014 1133 2047 in-

389 2067 530 2105 terdicti,
553 2066 691 2109 aliisque
707 2067 936 2099 ecelesiasticis
950 2068 1129 2108 sententiis,

390 2121 537 2153 censuris
563 2126 593 2153 et
616 2121 733 2164 poenis
754 2148 760 2161 ,
788 2132 806 2153 a
830 2121 899 2153 iure
924 2122 973 2153 vel
1000 2121 1038 2153 ab
1075 2122 1134 2154 ho-

389 2174 475 2207 mine
493 2201 500 2214 ,
526 2174 637 2217 quavis
662 2174 831 2207 occasione
857 2176 905 2207 vel
931 2178 1027 2207 causa
1051 2176 1133 2215 latis,

391 2227 415 2259 si
449 2227 563 2270 quibus
588 2227 839 2269 quomodolibet
866 2227 1038 2261 innodatae
1069 2229 1135 2261 exi-

391 2285 489 2319 stunt,
503 2281 543 2313 ad
568 2279 716 2313 effectum
734 2281 951 2323 praesentium
970 2282 1135 2314 dumtaxat

391 2334 672 2376 consequendum,
700 2335 813 2366 barum
829 2336 913 2368 serie
931 2336 1135 2369 absolventes

390 2391 423 2419 et
446 2387 612 2419 absolutas
640 2387 708 2419 sore
727 2394 912 2427 censentes,
949 2388 1133 2422 huiusmodi

390 2440 970 2482 supplicationibusinclinati‚aclitis
982 2447 1135 2476 etcausae

389 2492 576 2526 huiusmodi
603 2498 721 2526 statum
747 2499 778 2526 et
793 2495 918 2535 merita,
938 2495 1133 2539 nominaque

391 2551 422 2579 et
447 2547 642 2589 cognomina
668 2552 699 2580 et
723 2548 895 2590 qualitates
934 2547 1077 2581 iudicum
1105 2555 1136 2582 et

391 2600 692 2642 collitigantium,et
708 2601 771 2634 alia
788 2611 1025 2645 quaecumque,
1038 2603 1134 2635 etiam

391 2652 573 2696 specificam
598 2659 630 2688 et
653 2654 855 2688 individuam
879 2655 1082 2690 mentionem
1104 2662 1136 2690 et

1170 305 1411 349 expressionem
1439 304 1659 348 requirentia,
1685 303 1913 348 praesentibus

1171 370 1230 401 pro
1257 360 1352 402 plene
1380 364 1411 390 et
1447 357 1647 391 sufficienter
1682 357 1844 402 expressis
1883 362 1915 390 et

1172 412 1365 454 specificans
1393 412 1571 450 habentes,
1598 412 1729 445 easdem
1755 412 1845 444 litem
1883 415 1915 443 et

1172 477 1311 504 causam,
1343 466 1374 498 in
1397 471 1479 498 statu
1506 471 1537 498 et
1567 465 1712 498 terminis
1740 466 1772 498 in
1798 465 1915 508 quibus

1173 519 1210 551 dc
1238 518 1400 561 praesenti
1427 518 1664 560 reperiuntur,
1699 529 1716 550 a
1751 516 1915 561 praedicta

1173 571 1388 604 cardinalium
1413 571 1676 613 Congregatione
1701 570 1812 603 aliisve
1846 570 1917 613 qui-

1173 624 1377 667 buscumque
1403 624 1620 656 tribunalibus
1646 624 1684 656 ad
1710 634 1780 663 nos,
1807 629 1916 657 aucto-

1175 678 1267 711 ritate
1305 678 1504 720 apostolica,
1543 682 1655 710 tenore
1682 678 1914 720 praesentium,

1175 743 1360 771 avocamus,
1387 732 1527 775 illasque
1553 737 1714 775 perpetuo
1740 731 1916 775 supprimi-

1175 796 1245 817 mus
1271 790 1302 817 et
1327 784 1554 827 extinguimus,
1582 795 1618 817 ac
1644 790 1837 828 perpetuum
1860 784 1916 817 de-

1175 849 1274 882 super
1298 838 1359 881 ipsi
1384 838 1496 871 Ioanni
1516 839 1680 881 Baptistae
1707 844 1738 871 et
1757 838 1828 871 aliis
1846 838 1916 881 qui-

1175 892 1284 924 busvis
1301 891 1465 924 silentium
1481 892 1799 935 i1·nponimus,0sque
1810 892 1914 924 occlu-

1175 945 1291 977 dimus.
1319 945 1548 983 Decernentes,
1569 945 1701 977 casdem
1724 950 1917 988 praesentes

1174 997 1302 1030 litteras
1313 1008 1443 1040 semper
1455 997 1574 1035 sirmas,
1588 997 1711 1030 validas
1726 1002 1757 1029 et
1771 997 1919 1030 efficaces

1175 1051 1313 1084 existere
1340 1057 1370 1084 et
1388 1051 1465 1089 sore,
1485 1061 1626 1094 suosque
1644 1051 1809 1093 plenarios
1827 1057 1859 1083 et
1876 1050 1919 1083 in-

1174 1109 1286 1147 tegros
1301 1104 1437 1136 effeetus
1453 1104 1561 1137 sortiri
1581 1110 1613 1137 et
1625 1104 1773 1137 obtinere
1789 1103 1919 1145 debere,

1174 1169 1209 1191 ac
1229 1158 1306 1199 illis,
1333 1158 1373 1190 ad
1400 1169 1482 1201 quos
1499 1163 1625 1201 spectat
1644 1164 1674 1191 et
1692 1169 1751 1202 pro
1771 1163 1919 1202 tempore

1175 1205 1450 1255 quandocumque
1475 1211 1646 1254 spectabit,
1663 1211 1696 1244 in
1721 1211 1873 1244 omnibus
1890 1217 1921 1245 et

1174 1275 1233 1308 per
1265 1265 1375 1297 omnia
1399 1265 1591 1308 plenissime
1618 1264 1801 1307 suffragari,
1824 1270 1857 1297 et
1881 1265 1920 1297 ab

1175 1319 1222 1352 eis
1247 1319 1425 1362 respective
1458 1318 1693 1352 inviolabiliter
1728 1317 1918 1359 observari,

1174 1371 1285 1415 sieque
1311 1372 1344 1404 in
1381 1372 1567 1414 praemissis
1601 1381 1659 1415 per
1694 1381 1920 1414 quoscumque

1175 1425 1298 1458 iudices
1336 1425 1522 1458 ordinarios
1556 1431 1589 1458 et
1614 1425 1799 1467 delegatos,
1826 1423 1921 1457 etiam

1175 1489 1345 1511 causarum
1376 1479 1486 1522 palatii
1524 1479 1694 1522 apostolici
1731 1479 1920 1519 auditores,

1175 1531 1309 1564 iudicari
1335 1537 1367 1564 et
1393 1531 1520 1564 deliniri
1542 1533 1670 1571 debere,
1687 1542 1723 1564 ac
1748 1531 1875 1564 irritum
1890 1536 1922 1564 et

1175 1585 1294 1624 inane,
1318 1585 1343 1617 si
1370 1595 1464 1618 secus
1489 1596 1588 1628 super
1614 1585 1664 1617 bis
1689 1596 1706 1618 a
1732 1595 1895 1628 quoquam
1912 1612 1919 1626 ,

1176 1638 1288 1681 quavis
1313 1639 1527 1679 auctoritate,
1565 1638 1709 1671 scienter
1741 1639 1792 1671 vel
1827 1638 1920 1681 igno-

1175 1697 1309 1731 ranter,
1337 1692 1511 1735 contigerit
1536 1692 1700 1724 attentari.

1219 1746 1234 1787 ξ
1258 1744 1288 1777 4.
1313 1745 1383 1777 Non
1410 1745 1616 1779 obstantibus
1645 1744 1711 1778 litis
1742 1746 1921 1788 pendentia

1176 1798 1313 1842 aliisque
1339 1800 1541 1842 praemissiS,
1569 1812 1605 1834 ac
1629 1802 1922 1836 constitutionibus

1176 1858 1208 1885 et
1239 1853 1503 1886 ordinationibus
1527 1856 1715 1898 apostolicis
1732 1883 1740 1896 ,
1767 1867 1895 1890 necnon
1912 1883 1920 1898 ,

1176 1912 1338 1948 quatenus
1361 1918 1442 1950 opus
1468 1908 1518 1948 sit,
1543 1909 1731 1952 provinciae
1749 1911 1922 1944 etOrdinis

1177 1960 1418 2002 praedictorum
1435 1988 1442 2001 ,
1470 1961 1580 1995 aliisve
1606 1962 1772 2005 quibusvis
1791 1991 1798 2004 ,
1825 1964 1921 1997 etiam

1177 2013 1368 2054 iuramento,
1390 2015 1639 2049 confirmatione
1662 2017 1851 2060 apostolica,
1872 2017 1922 2051 vel

1177 2068 1291 2111 quavis
1316 2067 1469 2101 firmitate
1495 2069 1557 2101 alia
1582 2070 1755 2111 roboratis,
1792 2071 1922 2104 statutis

1178 2126 1209 2152 et
1233 2121 1544 2162 consuetudinilnis,
1571 2123 1753 2165 privilegiis
1778 2134 1920 2167 quoque,

1177 2173 1314 2206 indultis
1335 2180 1368 2206 et
1388 2174 1502 2207 litteris
1529 2176 1718 2218 apostolicis
1743 2176 1775 2208 in
1797 2182 1922 2210 contra-

1178 2227 1261 2259 rium
1287 2227 1544 2270 praemissorum
1575 2229 1824 2270 quomodolibet
1844 2240 1922 2262 con-

1178 2280 1288 2320 cessis,
1315 2280 1514 2313 confirmatis
1537 2286 1567 2314 et
1595 2281 1776 2322 innovatis;
1804 2282 1921 2325 quibus

1178 2333 1326 2366 omnibus
1346 2339 1378 2366 et
1394 2334 1544 2376 singulis,
1567 2335 1699 2368 illorum
1714 2341 1845 2368 tenores
1860 2346 1921 2379 pro

1178 2389 1274 2430 plene
1300 2393 1332 2420 et
1369 2387 1572 2420 sufficienter
1611 2389 1773 2431 expressis
1810 2399 1845 2421 ac
1881 2388 1922 2422 ad

1178 2442 1312 2474 verbum
1337 2441 1468 2474 insertis
1494 2442 1675 2480 habentes,
1702 2442 1767 2475 illis
1793 2442 1871 2475 alias
1889 2442 1922 2475 in

1178 2505 1237 2528 suo
1262 2496 1381 2528 robore
1406 2495 1647 2538 permansuris,
1670 2497 1708 2528 ad
1729 2495 1924 2539 praemisso-

1178 2559 1249 2581 rum
1276 2548 1443 2587 effectum,
1472 2549 1533 2581 bac
1556 2548 1624 2581 vice
1651 2548 1825 2589 dumtaxat,
1852 2559 1923 2592 spe-

1179 2602 1306 2635 cialiter
1330 2607 1362 2635 et
1397 2612 1549 2645 expresse
1586 2602 1809 2645 derogamus;
1837 2608 1923 2637 cete-

1178 2655 1288 2699 risque
1313 2655 1486 2690 contrariis
1513 2655 1786 2701 quibuscumque.

1923 256 1970 283 An.
1991 255 2020 283 C.
2038 255 2106 285 1698

1958 1754 2115 1777 Contrariorum

1931 1782 2049 1808 derogatio.
