2254 3225
206 210 253 236 Λη.
276 211 304 239 c.
328 211 394 238 1693
440 203 503 236 560

396 266 514 300 essent,
540 267 571 294 et
595 273 612 295 a
638 264 709 295 solo
736 263 766 295 in
793 273 856 306 quo
881 269 955 296 sunt
980 264 1131 307 producti

396 313 538 355 legitime
564 320 596 347 et
618 315 707 348 iuxta
737 316 784 348 rei
814 321 963 349 naturam
998 316 1133 349 fuissent

397 367 535 408 sublati,
563 372 594 400 et
624 378 642 400 a
671 368 822 402 manibus
856 370 1049 403 colonorum
1082 370 1132 402 vel

397 420 536 453 aliorum
562 431 841 465 quorumcumque
863 422 1046 455 debitorum
1063 431 1134 465 per·

397 472 493 516 cepti,
518 473 595 506 licet
619 473 651 505 in
684 474 812 506 horreis
846 473 1058 507 ecclesiarum
1084 474 1133 506 vel

398 525 430 557 in
455 526 567 568 quovis
585 526 646 559 alio
665 527 735 559 loco
761 527 868 559 adhuc
894 525 1131 568 inconsumpti‚

398 579 447 611 vel
473 579 563 611 nullo
588 579 686 611 modo
712 578 782 611 aliis
806 578 952 621 ipsorum
987 578 1136 610 cardina-

398 630 477 663 lium
504 630 597 663 bonis
622 630 759 663 immixti
793 635 848 662 aut
881 640 992 663 eorum
1027 630 1132 673 patri-

398 684 509 717 monio
534 683 732 726 incorporati
758 683 992 726 reperirentur,
1014 683 1134 716 sivero

398 736 507 769 civiles
533 740 655 775 essent,
681 741 852 779 postquam
875 735 944 768 dies
965 735 1135 769 solutionis

399 788 591 827 advenisset,
614 788 751 820 fuissent
767 799 825 831 per
843 799 1067 832 quoscumque
1086 789 1135 821 de·

399 841 523 874 bitores
562 841 808 884 quomodolibet
842 842 1011 885 persoluti,
1040 847 1070 875 et
1095 842 1134 875 ad

398 905 511 927 manus
538 894 750 927 cardinalium
766 896 815 928 vel
840 905 953 927 eorum
972 894 1134 928 ministros

400 946 635 990 pervenissent,
655 957 710 979 seu
732 947 764 979 in
790 947 899 990 aliquo
916 947 988 980 loco
1006 947 1135 990 publico

400 1000 438 1032 ad
458 1000 647 1033 eorumdem
666 1000 820 1032 creditum
837 1000 971 1032 fuissent
986 999 1135 1042 depositi;

400 1053 499 1096 idque
526 1053 622 1085 etiam
649 1053 731 1085 idem
763 1054 992 1096 praedecessor
1015 1053 1135 1085 servari

400 1104 553 1137 voluisset
577 1104 608 1137 in
635 1104 781 1137 terminis
806 1104 1055 1148 quomodolibet
1080 1106 1135 1138 de-

400 1158 475 1190 bitis
500 1168 560 1201 pro
585 1157 742 1190 afflctibus
777 1157 936 1190 bonorum
962 1163 993 1191 et
1018 1157 1135 1190 iurium

402 1220 695 1254 quorumcumque,
722 1221 804 1254 quos
829 1211 861 1243 in
887 1211 982 1244 dietis
1006 1211 1137 1244 faculta-

401 1264 485 1296 tibus
509 1264 746 1307 comprehendi
771 1265 874 1298 voluit
899 1269 929 1297 et
953 1265 1136 1304 mandavit,

401 1318 437 1357 si,
463 1318 561 1351 modo
586 1328 649 1362 quo
674 1319 919 1361 stipra,s1’tiettis
946 1323 1008 1351 tam
1029 1317 1137 1352 civiles

402 1382 496 1414 quam
523 1372 696 1411 naturales,
727 1370 982 1403 conductoribus
1008 1376 1040 1403 et
1064 1371 1133 1403 assi—

401 1424 533 1456 ctuariis
571 1424 666 1458 locati
698 1429 730 1456 et
769 1424 936 1464 concessi,
963 1434 1023 1467 per
1063 1425 1137 1457 illos

403 1476 543 1510 fuissent
567 1477 730 1520 percepti,
757 1477 901 1520 quamvis
929 1477 1058 1509 termini
1089 1486 1138 1510 so-

401 1529 536 1562 lutionis
562 1529 724 1562 affictuum
750 1540 807 1572 per
825 1531 984 1563 locatores
1003 1529 1138 1563 fuissent

401 1582 593 1625 posticipate
618 1582 782 1623 conventi;
808 1587 838 1615 et
868 1582 956 1622 alias,
983 1589 1081 1625 prout
1105 1583 1137 1615 in

401 1634 548 1667 eiusdem
566 1634 738 1667 Clementis
760 1635 875 1668 cedula
892 1635 1137 1678 motusprop1ii,

401 1688 460 1720 sub
485 1687 594 1720 datum
620 1686 726 1730 pridie
747 1687 902 1721 kalendas
920 1688 1035 1728 martii,
1057 1699 1139 1732 pon-

402 1740 540 1772 tificatus
565 1740 612 1772 sui
638 1751 723 1773 anno
748 1741 862 1783 primo,
889 1741 1018 1774 uberius
1043 1742 1140 1774 conti-

402 1798 513 1825 netur:
540 1793 616 1825 binc
641 1798 691 1825 est
715 1794 815 1836 quod,
838 1799 936 1833 motu,
957 1794 1092 1827 scientia
1110 1799 1140 1827 et

402 1846 572 1889 potestatis
590 1846 793 1889 plenitudine
804 1847 947 1889 paribus,
962 1848 1139 1890 praefatam

404 1899 552 1931 cedulam
577 1899 818 1942 motrrsproprii,
841 1910 912 1931 cum
939 1900 1088 1932 omnibus
1109 1906 1140 1934 et

404 1951 539 1993 singulis
557 1951 589 1983 in
615 1953 651 1983 ea
677 1952 854 1992 contentis,
876 1953 994 1984 nedum
1010 1953 1140 1996 amplis-

403 2004 483 2036 sime
510 2009 541 2036 et
564 2003 754 2047 plenissime
781 2004 1008 2037 contii-mamus
1033 2010 1065 2038 et
1085 2016 1140 2049 ap-

405 2057 587 2100 probamus,
606 2057 673 2097 sed,
693 2056 769 2100 quia
789 2057 970 2100 accepimus
994 2058 1138 2091 eamdem

405 2110 554 2143 cedulam
573 2120 638 2142 non
660 2110 756 2142 fuisse
774 2110 906 2153 pacifice
924 2111 1139 2154 observatam,

406 2172 461 2195 seu
488 2163 575 2195 illius
595 2164 823 2196 executionem
843 2174 901 2207 per
918 2164 1023 2197 varias
1041 2164 1140 2197 inter-

406 2215 608 2258 pretationes
635 2216 732 2249 fuisse
762 2221 1002 2250 controversam
1036 2223 1068 2250 et
1091 2228 1142 2251 re-

406 2269 573 2308 tardatam,
587 2269 718 2302 omnino
734 2271 880 2303 volumus
891 2274 921 2304 et
935 2271 1143 2314 quibuscum-

407 2332 471 2365 que
502 2332 567 2354 non
599 2322 802 2354 obstantibus
836 2323 1023 2355 mandamus
1055 2323 1141 2357 illam

407 2373 639 2406 inviolabiliter
663 2374 838 2414 observari,
860 2380 900 2415 et,
921 2376 1046 2408 sublata
1067 2387 1143 2419 qua-

408 2437 545 2469 cumque
582 2427 746 2459 contraria
783 2427 1071 2470 interpretatione,
1109 2439 1142 2461 0-

409 2479 594 2512 mnimodae
608 2479 817 2522 exequutioni
838 2481 1039 2522 demandari;
1055 2492 1144 2524 prae-

409 2532 553 2564 sentibus
578 2542 636 2575 pro
671 2538 813 2575 tempore
849 2534 1057 2566 existentibus
1090 2534 1144 2567 Ca-

409 2595 516 2623 merae
559 2591 689 2617 nostrae
732 2585 931 2618 thesaurario
972 2587 1141 2627 generali,

975 215 1153 240 BULLARIUM
1178 215 1332 240 ROMANUM

1174 265 1300 298 clericis
1325 264 1597 308 praesidentibus,
1615 264 1838 297 commissario
1856 275 1912 307 pa-

1174 317 1252 350 riter
1276 318 1417 360 generali
1434 344 1441 358 ,
1466 318 1646 361 ceterisque
1673 319 1775 350 dictae
1800 318 1911 350 Came-

1173 381 1229 403 rae
1252 371 1442 404 officialibus
1466 376 1497 404 et
1522 371 1686 410 ministris,
1716 377 1748 403 et
1780 371 1911 414 ‹piilms-

1174 433 1313 466 cumque
1337 423 1408 457 aliis
1433 424 1524 456 enixe
1550 423 1761 467 pmnibentes
1779 451 1786 464 ,
1812 434 1852 456 ne
1877 424 1909 456 in

1175 480 1278 508 totum
1302 477 1350 509 vel
1368 476 1476 518 aliqua
1496 476 1529 507 in
1550 481 1644 519 parte
1666 475 1760 508 etiam
1778 476 1911 508 minima

1176 527 1323 560 effectum
1359 533 1390 560 et
1425 528 1678 571 exequutionem
1711 534 1911 562 memoratae

1176 579 1309 612 cedulae
1327 581 1572 623 motusproprii,
1587 590 1715 613 necnon
1734 581 1912 623 praesentis

1176 638 1305 665 nostrae
1323 633 1572 672 constitutionis,
1592 633 1624 665 in
1643 633 1704 666 hac
1720 639 1813 677 parte
1831 645 1912 677 quo-

1177 695 1241 728 quo
1267 686 1363 718 modo
1389 686 1571 728 impediant
1594 687 1644 719 vel
1666 686 1842 725 retardent,
1858 686 1914 719 mi-

1176 747 1301 781 nusque
1326 738 1364 771 ad
1392 738 1648 781 supradictorum
1674 738 1852 778 fructuum,
1881 738 1912 771 in

1176 790 1317 833 praefata
1335 790 1445 823 cedula't
1462 790 1702 833 mctusproprii,
1720 796 1754 822 ut
1771 791 1914 833 praeser-

1179 847 1236 882 tur,
1262 848 1501 881 contentorum,
1530 843 1815 875 incamerationem
1838 854 1913 886 pro-

1177 895 1303 934 cedant,
1330 905 1388 927 nec
1412 905 1471 938 pro
1497 895 1562 928 illis
1588 895 1729 938 aliquam
1754 896 1914 939 composi-

1179 947 1307 986 tionem,
1317 953 1429 986 ratam,
1443 948 1624 990 portionem
1637 959 1692 981 scu
1703 949 1914 991 quantitatem

1178 1000 1275 1033 ctiam
1293 1000 1457 1033 minimam
1471 1001 1716 1044 quon‘iodolil‘ict
1733 1002 1791 1034 sub
1802 1002 1913 1045 quovis

1178 1058 1356 1096 praetextu,
1373 1055 1480 1095 causa,
1498 1055 1646 1097 quaesito
1667 1055 1775 1088 colore
1796 1061 1825 1088 ct
1841 1066 1917 1088 con-

1179 1107 1276 1139 traria
1298 1107 1567 1150 interpretatione
1585 1108 1741 1151 consequi
1756 1119 1811 1140 seu
1825 1119 1916 1152 prae-

1180 1160 1312 1193 tendere
1330 1161 1468 1193 valeant.
1490 1160 1525 1192 Et
1543 1160 1769 1201 nihilonimus,
1791 1162 1830 1193 ad
1851 1171 1916 1194 nia·

1178 1212 1281 1245 iorem
1308 1213 1476 1252 cautelam,
1494 1213 1603 1246 omnia
1620 1218 1651 1246 et
1675 1213 1812 1256 singula,
1832 1224 1913 1256 quae

1179 1264 1211 1297 in
1236 1266 1348 1298 eadem
1374 1266 1486 1298 cedula
1523 1266 1750 1307 continentur,
1789 1266 1850 1299 hac
1883 1267 1915 1299 in

1179 1324 1373 1361 perpetuum
1391 1318 1525 1351 valitura
1551 1319 1780 1352 constitutione
1802 1319 1917 1352 iterum

1179 1376 1210 1403 et
1234 1381 1270 1404 ex
1298 1371 1424 1413 integro
1448 1371 1693 1414 plenissimeet
1717 1372 1916 1414 amplissime

1179 1424 1298 1456 servari
1323 1425 1530 1464 mandamus,
1558 1424 1762 1457 decernimus
1789 1429 1821 1457 et
1844 1435 1917 1457 san-

1179 1477 1296 1518 cimus;
1323 1478 1411 1510 salva
1438 1482 1543 1510 tamen
1569 1483 1600 1510 et
1617 1476 1707 1510 firma
1731 1478 1763 1510 in
1782 1478 1914 1519 ceteris,

1180 1540 1261 1573 quac
1287 1530 1450 1573 praefatae
1475 1531 1608 1563 cedulae
1634 1530 1709 1562 dicti
1740 1530 1915 1563 Clementis

1180 1581 1443 1626 praedecessoris
1469 1592 1534 1614 non
1560 1582 1787 1621 adversantur,
1812 1593 1917 1616 rema-

1181 1640 1277 1668 nente
1303 1634 1534 1668 constitutione
1556 1635 1628 1678 piae
1659 1635 1833 1669 memoriae
1858 1635 1917 1669 Ur-

1181 1687 1256 1720 bani
1287 1688 1390 1730 Papae
1422 1687 1506 1727 VIII,
1531 1687 1626 1721 etiam
1656 1688 1917 1731 praedecessoris

1181 1741 1293 1780 nostri,
1305 1740 1409 1783 quoad
1424 1740 1546 1773 fructus
1563 1741 1797 1774 beneficiorum
1809 1741 1917 1773 inexa-

1182 1800 1261 1834 ctos‚
1282 1794 1341 1826 sub
1367 1795 1473 1827 datum
1498 1804 1516 1826 v
1542 1794 1654 1837 aprilis
1679 1805 1764 1827 anno
1789 1794 1915 1827 Domini

1181 1857 1345 1880 {ttncxxvlll
1380 1852 1411 1880 et
1447 1846 1652 1890 pontificatus
1678 1847 1726 1879 sui
1758 1859 1793 1887 v,
1820 1858 1914 1891 quam

1182 1904 1280 1939 motu,
1307 1899 1445 1932 scientia
1469 1905 1500 1932 et
1525 1899 1696 1941 potestatis
1715 1899 1918 1943 plenitudine

1182 1951 1315 1994 paribus
1340 1951 1372 1984 in
1398 1951 1548 1984 omnibus
1579 1957 1610 1985 et
1633 1962 1692 1995 per
1717 1952 1824 1985 emnia
1852 1953 1920 1995 ple-

1182 2005 1310 2038 nissime
1338 2009 1369 2037 et
1397 2005 1593 2047 amplissime
1621 2005 1841 2048 praesentium
1868 2011 1915 2039 te-

1183 2068 1262 2090 nore
1294 2057 1542 2098 confirmamus,
1571 2058 1788 2102 approbamus
1815 2063 1847 2091 ct
1871 2058 1919 2091 in-

1183 2121 1348 2143 novamus.

1226 2164 1240 2206 ἓ
1258 2163 1289 2196 5.
1312 2164 1399 2201 Quod
1419 2163 1444 2196 si
1460 2163 1568 2196 forsan
1587 2164 1697 2207 aliqui,
1713 2175 1916 2208 quocumque

1183 2218 1279 2250 etiam
1303 2217 1530 2260 patriarchali,
1568 2218 1856 2261 archiepiscopali,
1885 2230 1917 2251 e-

1184 2270 1338 2314 piscopali
1359 2297 1366 2310 ,
1398 2272 1448 2303 rel
1474 2270 1536 2303 alia
1566 2271 1711 2313 qualibet
1735 2271 1891 2313 dignitate
1908 2298 1915 2311 ,

1185 2324 1285 2366 gradu
1310 2325 1358 2356 vel
1390 2334 1522 2357 munere
1552 2325 1723 2366 fungentes
1756 2334 1815 2357 seu
1847 2325 1917 2357 sun-

1184 2378 1275 2416 cturi,
1302 2377 1490 2410 huiusmodi
1526 2378 1574 2410 vel
1611 2377 1707 2410 etiam
1742 2377 1775 2410 in
1811 2378 1918 2421 aliqua

1185 2435 1276 2473 parte
1290 2430 1408 2463 similia
1425 2429 1549 2462 indulta
1574 2440 1630 2462 seu
1652 2430 1823 2463 facultates
1842 2442 1919 2474 quo-

1185 2484 1434 2526 modocumque,
1457 2482 1735 2525 (pialitercumque
1761 2488 1793 2515 et
1817 2494 1919 2526 quan-

1186 2537 1375 2578 documque,
1403 2541 1433 2568 et.
1457 2536 1513 2567 sub
1551 2535 1714 2577 quibusvis
1745 2536 1917 2569 verborum

1187 2588 1353 2620 tenoribus
1379 2593 1410 2621 et
1436 2587 1566 2628 formis,
1592 2598 1627 2620 ac
1659 2588 1918 2633 quibuscumque

1913 218 1959 241 An.
1982 216 2008 240 C.
2037 216 2102 242 1603

1954 2175 2070 2196 Revocauo
2091 2178 2111 2196 et

1928 2202 2023 2221 reductio
2054 2202 2110 2221 simi-

1928 2229 2004 2248 :ntltuin
2021 2228 2111 2248 induim-

1927 2260 1971 2273 rum
1981 2255 2028 2274 aliis
2039 2260 2109 2280 pers-t—

1928 2286 1958 2299 ηις
2001 2286 2110 2301 concesso·

1928 2312 1971 2326 rum
1995 2309 2014 2326 et
2036 2313 2111 2328 conco-

1928 2333 2052 2354 dendorutu.
