2227 3225
89 229 138 255 An.
155 228 184 256 C.
205 227 271 254 ¹130ss

284 276 364 309 rillis
405 275 465 308 sibi
506 273 670 306 vindicare
708 283 761 305 seu
803 271 1018 314 praetendere

282 328 430 373 possint:
455 333 486 360 et
503 326 592 366 alias,
612 330 707 368 prout
724 325 755 357 in
779 324 911 367 publico
930 324 1019 356 desu·

283 391 341 424 per
366 391 424 424 per
449 386 518 413 acta
544 378 741 412 successoris
759 377 890 410 Antonii
909 375 1019 409 Felicii

283 433 455 467 Petrocclii
481 433 558 466 olim
585 431 700 465 notarii
721 431 829 463 euriae
851 439 1020 462 causarum

283 489 436 521 (lamerae
463 486 668 530 Apostolicae
688 484 849 528 generalis
867 483 1021 516 auditoris

285 541 335 573 die
360 541 464 584 prima
487 540 555 572 iulii
577 538 724 582 proxime
744 536 912 580 praeteriti
937 537 1022 569 cele-

283 594 376 626 brato
401 592 617 625 instrumento
644 590 775 623 uberius
800 589 918 622 dicitur
942 598 1021 621 con-

285 647 392 679 tineri.
416 646 519 684 Quare
546 644 622 678 dicti
647 649 856 687 exponentes,
876 652 1024 675 asseren-

287 705 334 731 tes
373 698 581 732 concordiam
624 696 810 730 huiusmodi
850 694 1023 728 ulteriores

286 752 360 785 lites
399 750 574 792 effugiendi
612 749 719 782 studio
756 749 867 781 initam
906 747 1021 788 fuisse,

286 804 379 836 nobis
414 803 579 836 humiliter
611 801 785 845 supplicari
817 801 963 834 fecerunt
989 805 1024 833 ut

285 856 346 888 sibi
372 857 404 888 in
431 855 614 899 praemissis
642 860 827 897 opportune
853 853 1024 897 providere

286 915 317 941 ct
342 913 375 943 ut
388 909 469 941 iufra
486 909 656 950 indulgere
672 908 711 941 de
727 907 926 950 benignitate
948 917 1024 950 apo-

286 962 400 995 stolica
425 962 647 1004 dignaremur.

873 221 1079 247 ixxoenxrws
1106 222 1149 246 xlt
1174 224 1218 245 rr.
1691 215 1748 247 511

1061 270 1197 312 singulis
1218 270 1247 301 in
1276 280 1312 303 eo
1338 271 1508 309 contentis,
1534 271 1612 303 alias
1640 276 1743 304 tamen
1764 272 1798 304 li-

1061 323 1130 355 cttis
1157 328 1187 356 et
1213 323 1379 362 honestis,
1405 324 1594 356 auctoritate
1627 330 1657 356 et
1683 331 1797 358 tenore

1061 375 1234 418 praedictis
1260 375 1486 409 confirmamus
1512 382 1544 408 et
1567 378 1796 419 approbamus,

1062 429 1191 472 illisque
1216 428 1412 462 inviolabilis
1439 429 1637 472 apostolicae
1667 429 1799 462 firmita-

1063 481 1101 514 tis
1125 482 1227 514 robur
1257 481 1445 522 adjicimus,
1472 492 1508 514 ac
1539 492 1652 515 omnes
1678 487 1710 515 et
1734 482 1800 515 sin-

1063 535 1155 576 gulos
1181 534 1259 567 iuris
1284 540 1315 567 et
1340 534 1412 566 sacti
1439 534 1595 575 detectus,
1622 535 1647 567 si
1674 534 1728 578 qui
1746 535 1801 567 de-

1063 597 1159 630 super
1183 587 1429 630 quomodolibet
1453 586 1700 628 intervenerint,
1726 598 1802 630 sup-

1064 641 1206 683 plemus:
1232 641 1316 673 salva
1333 645 1437 672 tamen
1453 650 1582 683 semper
1602 639 1633 672 in
1649 639 1802 682 praemis-

1065 693 1117 733 sis,
1133 693 1319 726 auetoritate
1334 692 1599 735 Congregationis
1613 693 1800 725 eorumdem

1065 746 1290 779 cardinalium.

1109 799 1123 842 ξ
1141 799 1172 832 3.
1192 799 1421 839 neem-nentes,
1441 800 1527 843 ipsas
1546 804 1734 842 praesentes
1752 799 1802 832 lit-

1065 858 1150 887 teras
1175 864 1305 897 semper
1329 854 1447 894 firmas,
1465 854 1585 888 validas
1604 861 1635 887 et
1656 854 1802 887 efficaces

1067 906 1208 940 existere
1240 912 1272 939 et
1298 907 1387 947 fore,
1413 917 1554 950 suosque
1579 907 1745 950 plenarios
1772 912 1804 939 et

1067 959 1211 1002 integros
1236 959 1367 992 effeetus
1393 959 1502 993 sortiri
1528 965 1559 993 et
1584 959 1742 998 obtinere,
1769 970 1804 992 ac

1809 227 1843 249 Λιὶ
1876 225 1904 250 (ἶ,
1925 226 1989 251 ifvslst

1839 815 1959 837 Clausulas.

92 1024 277 1071 cssffssl's't'ssussrrif
331 1015 345 1053 S
366 1015 397 1048 2.
418 1015 482 1048 Nes
500 1015 606 1058 igitur,
624 1014 713 1058 ipsos
732 1018 932 1058 exponentes
951 1024 1026 1057 spe·
1068 1012 1150 1053 illis,
1172 1012 1211 1045 ad
1237 1023 1319 1056 quos
1349 1018 1472 1056 spectat
1509 1018 1540 1046 et
1572 1023 1630 1055 pro
1657 1017 1803 1055 tempore

93 1078 213 1100 tonorum.
252 1082 276 1097 ac
288 1069 424 1102 cialibus
460 1068 624 1101 favoribus
661 1072 692 1100 et
728 1067 837 1110 gratiis
868 1068 1025 1111 prosequi
1067 1065 1235 1109 spectabit,
1252 1066 1283 1098 in
1311 1066 1459 1099 omnibus
1482 1071 1512 1098 et
1537 1065 1719 1108 peremnia
1741 1066 1803 1108 ple·

99 1104 269 1123 iurisdietinnum

92 1130 258 1155 praediemrum-
288 1123 444 1162 volentes,
469 1126 501 1154 et
525 1131 637 1154 eorum
661 1120 844 1163 singulares
870 1131 1025 1164 personas
1067 1118 1198 1152 nissime
1224 1118 1391 1161 suffragari
1427 1124 1458 1152 et
1482 1120 1521 1152 ab
1555 1119 1600 1152 eis
1626 1119 1804 1163 respective

288 1186 305 1207 a
330 1174 495 1218 quibusvis
522 1173 874 1213 excommunicationis,
892 1184 1026 1217 suspen-

288 1228 387 1261 sionis
413 1233 443 1260 et
468 1227 643 1266 interdicti,
669 1226 806 1270 aliisque
832 1227 1024 1260 eeclesiasti-

289 1281 334 1314 cis
360 1281 540 1320 sententiis,
557 1280 704 1313 censuris
723 1285 754 1312 et
774 1280 902 1323 poenis,
921 1291 937 1313 a
955 1280 1024 1313 iure

288 1335 337 1367 vel
364 1334 403 1366 ab
437 1333 591 1373 bomine,
630 1332 743 1376 quavis
777 1333 946 1365 occasione
974 1334 1024 1366 vel

289 1389 382 1419 causa
407 1387 488 1425 latis,
515 1385 541 1418 si
568 1385 682 1428 quibus
709 1385 955 1427 quomodolibet
980 1386 1026 1418 in-

288 1439 426 1472 nodatae
454 1438 605 1475 existunt,
631 1438 669 1470 ad
697 1437 843 1470 ellectum
870 1448 1025 1481 praesen-

289 1492 368 1524 tium
398 1492 561 1524 dumtaxat
597 1491 882 1533 consequendum,
909 1491 1024 1524 harum

289 1545 371 1578 serie
390 1545 598 1578 absolventes
624 1548 655 1576 et
680 1544 844 1576 absolutas
864 1543 934 1577 sore
953 1554 1026 1577 cen·

289 1604 409 1638 sentes,
436 1597 620 1630 huiusmodi
648 1597 944 1640 supplicationibus
969 1597 1022 1630 in-

290 1651 409 1690 clinati,
436 1650 474 1684 de
493 1649 725 1683 venerabilium
745 1650 879 1682 fratrum
895 1656 1026 1684 nostro-

290 1714 359 1736 rum
385 1703 413 1736 S.
440 1703 477 1736 R.
505 1703 539 1736 E.
568 1703 782 1736 cardinalium
819 1704 958 1746 negotiis
994 1709 1026 1737 et

290 1756 582 1789 consultationibus
620 1755 852 1799 episcoporum
878 1762 909 1789 et
933 1767 1026 1799 regu-

290 1808 406 1842 larium
432 1809 695 1852 praepositorum
721 1809 856 1842 consilio
882 1810 1026 1852 (praevia

290 1862 497 1905 separatione
520 1862 760 1894 territoriorum
785 1868 816 1895 et
833 1863 1027 1897 iurisdictio-

291 1925 378 1953 mun,
403 1925 465 1957 qua
481 1914 644 1947 mediante
667 1915 827 1947 territoria
849 1920 1025 1949 castrorum

291 1977 348 1999 seu
375 1972 532 1999 terrarum
557 1967 588 1999 S.
616 1967 661 1999 Pii
688 1972 718 1999 et
734 1968 920 2010 Caporciani
940 1980 976 2001 ac
994 1969 1026 2002 in

292 2020 355 2052 illis
380 2019 599 2052 omnimodam
630 2020 887 2053 iurisdictionem
921 2021 1026 2054 eidem

291 2073 448 2106 moderno
473 2083 509 2105 ac
530 2082 589 2116 pro
615 2078 761 2115 tempore
787 2073 932 2106 existenti
958 2076 1026 2117 epi-

292 2136 388 2169 scopo
416 2126 594 2169 Aquilam,
621 2126 714 2158 castri
740 2136 814 2159 vero
840 2137 894 2159 seu
921 2132 1024 2160 terrae

291 2179 322 2212 S.
350 2179 514 2212 Benedicti
542 2179 573 2211 in
610 2179 736 2212 Pei-illis
771 2180 969 2213 territorium
996 2186 1026 2213 et

291 2233 322 2264 in
349 2232 406 2265 illo
433 2232 652 2265 omnimodam
690 2233 780 2275 quasi
806 2233 1024 2276 episcopalem

291 2284 553 2317 iurisdictionem
570 2285 739 2318 monachis
757 2285 1025 2328 Congregationis

293 2337 512 2380 supradictae,
539 2347 594 2370 seu
620 2348 680 2381 pro
706 2343 849 2380 tempore
876 2338 1025 2372 existenti

293 2390 398 2423 abbati
427 2390 613 2423 monasterii
646 2390 844 2424 Collismadii
881 2391 1025 2425 eiusdem

292 2443 555 2486 Congregationis
579 2444 766 2487 respective,
791 2445 981 2479 auctoritate
996 2457 1026 2478 a·

1067 1171 1299 1205 inviolabiliter
1320 1172 1502 1212 observari,
1529 1172 1638 1214 sieque
1658 1172 1689 1204 in
1710 1182 1803 1214 prae-

1068 1225 1173 1258 missis
1199 1236 1259 1269 per
1283 1235 1505 1268 quoscumque
1531 1224 1654 1257 iudices
1680 1224 1805 1257 ordina-

1067 1279 1131 1311 rios
1156 1283 1187 1311 et
1207 1279 1382 1320 delegatos,
1400 1277 1496 1311 etiam
1514 1288 1681 1310 causarum
1696 1277 1807 1310 Came-

1067 1342 1121 1364 rae
1158 1331 1361 1374 Apostolieae
1400 1330 1741 1369 audit01‘eS,iudicari
1775 1335 1808 1364 et

1068 1383 1195 1417 definiri
1223 1384 1355 1422 debere,
1372 1393 1409 1416 ac
1433 1383 1561 1415 irritum
1588 1389 1619 1416 et
1644 1383 1752 1424 inane,
1781 1384 1805 1415 si

1068 1447 1161 1470 secus
1186 1447 1283 1480 super
1308 1437 1358 1469 bis
1384 1447 1401 1469 a
1425 1447 1599 1479 quoquam,
1627 1437 1737 1480 quavis
1757 1448 1808 1469 au-

1067 1490 1228 1529 ctoritate,
1256 1489 1398 1523 scienter
1413 1490 1463 1522 vel
1487 1489 1684 1531 ignoranter,
1703 1490 1807 1523 conti-

1068 1543 1150 1585 gerit
1174 1543 1337 1575 attentari.

1112 1597 1126 1639 ἓ
1150 1596 1181 1628 li.
1209 1595 1277 1628 Non
1304 1595 1507 1628 obstantibus
1534 1595 1636 1628 felicis
1657 1596 1807 1628 recorda-

1068 1649 1166 1681 tionis
1190 1648 1279 1681 Pauli
1305 1648 1328 1680 ll
1355 1653 1387 1680 et
1418 1648 1554 1681 aliorum
1587 1648 1807 1682 Romanorum

1068 1700 1256 1734 Pontificum
1296 1701 1586 1744 praedeeessorum
1620 1707 1805 1735 nostrorum

1069 1755 1107 1788 de
1133 1755 1228 1787 rebus
1250 1755 1413 1787 Ecclesiae
1432 1765 1497 1788 non
1520 1755 1805 1794 alienandis,aliis-

1069 1819 1131 1852 que
1163 1808 1447 1841 constitutionibus
1480 1813 1511 1839 et
1545 1808 1804 1841 ordinationibus

1069 1860 1266 1903 apostolicis,
1284 1871 1330 1899 ac,
1349 1865 1507 1903 quatenus
1523 1871 1604 1902 opus
1630 1861 1679 1901 sit,
1705 1863 1806 1895 ercle-

1069 1914 1135 1946 siae
1162 1913 1357 1956 Aquilanae,
1384 1913 1574 1946 monasterii
1611 1920 1641 1946 et
1666 1913 1805 1957 Congre-

1069 1967 1206 2009 gationis
1227 1967 1459 1999 monachorum
1474 1967 1671 2007 huiusmodi,
1694 1969 1804 2001 aliisve

1069 2019 1254 2062 quibusvis,
1281 2019 1376 2052 etiam
1409 2020 1611 2060 iuramento,
1638 2021 1805 2054 confirma-

1070 2073 1157 2105 tione
1174 2072 1364 2115 apostotiea‚
1381 2073 1429 2104 vel
1448 2072 1558 2115 quavis
1574 2072 1722 2106 firmitate
1743 2073 1804 2106 alia

1070 2125 1241 2164 roboratis,
1269 2125 1395 2157 statutis
1432 2130 1464 2157 et
1496 2126 1801 2167 consuetudinibus,

1068 2178 1247 2222 privilegiis
1275 2188 1424 2221 quoque,
1449 2178 1584 2211 indultis
1622 2184 1652 2211 et
1686 2179 1804 2212 litteris

1069 2231 1256 2275 apostolicis
1282 2232 1314 2263 in
1340 2231 1536 2263 contrarium
1554 2232 1803 2274 praemissorum

1068 2284 1314 2328 quomodolibet
1339 2283 1499 2316 concessis
1515 2310 1522 2323 ,
1549 2284 1746 2317 confirmatis
1772 2291 1804 2317 et

1068 2337 1250 2377 innovatis·,
1278 2337 1395 2380 quibus
1420 2336 1567 2369 omnibus
1594 2342 1626 2370 et
1649 2337 1803 2379 singulis,

1068 2391 1197 2423 illorum
1219 2395 1348 2423 tenores
1374 2389 1600 2432 praesentibus
1626 2400 1684 2432 pro
1706 2391 1801 2432 plene

1068 2449 1099 2477 et
1123 2443 1321 2476 sufficienter
1345 2442 1508 2485 expressis
1533 2448 1565 2475 et
1589 2442 1627 2474 de
1646 2443 1743 2475 verbo
1763 2444 1801 2475 ad

291 2497 469 2539 postoliea,
497 2502 610 2529 tenore
635 2497 866 2540 praesentium,
884 2498 1026 2540 assigna·
1067 2497 1199 2530 verbum
1224 2496 1355 2528 insertis
1383 2495 1552 2535 babentes,
1576 2495 1640 2528 illis
1666 2496 1743 2528 alias
1770 2497 1801 2528 in

292 2550 377 2587 mus)
393 2549 539 2582 eamdem
557 2550 762 2583 concordiam
779 2551 1024 2594 confectumque
1067 2561 1125 2583 suo
1150 2550 1266 2583 robore
1292 2549 1525 2593 permansuris,
1546 2550 1584 2582 ad
1609 2549 1802 2592 praemisso-

291 2602 432 2647 desuper
456 2601 717 2643 instrumentum,
738 2614 808 2636 cum
827 2603 976 2637 omnibus
994 2609 1025 2637 et
1043 2626 1046 2641 ‚
1067 2615 1135 2636 runi
1151 2603 1306 2645 effectum,
1326 2603 1386 2636 bae
1399 2603 1466 2635 vice
1485 2603 1657 2643 dumtaxat,
1677 2603 1800 2647 specia-

1845 1607 1946 1628 Cnnlraii·
1958 1614 2001 1627 rum

1818 1634 1936 1660 derogatio.
