<?xml version="1.0" encoding="UTF-8"?>
<!DOCTYPE html PUBLIC "-//W3C//DTD XHTML 1.0 Transitional//EN"
    "http://www.w3.org/TR/xhtml1/DTD/xhtml1-transitional.dtd">
<html xmlns="http://www.w3.org/1999/xhtml" xml:lang="en" lang="en">
 <head>
  <title>
</title>
<meta http-equiv="Content-Type" content="text/html;charset=utf-8" />
  <meta name='ocr-system' content='tesseract 3.04.00' />
  <meta name='ocr-capabilities' content='ocr_page ocr_carea ocr_par ocr_line ocrx_word'/>
</head>
<body>
  <div class='ocr_page' id='page_1' title='image "./bullarumdiplomat20cath_0583.png"; bbox 0 0 2227 3225; ppageno 0'>
   <div class='ocr_carea' id='block_1_1' title="bbox 158 245 345 274">
    <p class='ocr_par' dir='ltr' id='par_1_1' title="bbox 158 245 345 274">
     <span class='ocr_line' id='line_1_1' title="bbox 158 245 345 274; baseline -0.005 0"><span class='ocrx_word' id='word_1_1' title='bbox 158 246 208 274; x_wconf 78' lang='lat' dir='ltr'>An.</span> <span class='ocrx_word' id='word_1_2' title='bbox 225 247 254 274; x_wconf 90' lang='lat' dir='ltr'>C.</span> <span class='ocrx_word' id='word_1_3' title='bbox 278 245 345 274; x_wconf 73' lang='lat'>1693</span> 
     </span>
    </p>
   </div>
   <div class='ocr_carea' id='block_1_2' title="bbox 941 241 1291 267">
    <p class='ocr_par' dir='ltr' id='par_1_2' title="bbox 941 241 1291 267">
     <span class='ocr_line' id='line_1_2' title="bbox 941 241 1291 267; baseline -0.006 0"><span class='ocrx_word' id='word_1_4' title='bbox 941 241 1149 267; x_wconf 81' lang='lat' dir='ltr'>INNOGENTIUS</span> <span class='ocrx_word' id='word_1_5' title='bbox 1173 241 1219 265; x_wconf 83' lang='lat' dir='ltr'>XII</span> <span class='ocrx_word' id='word_1_6' title='bbox 1243 242 1291 265; x_wconf 79' lang='lat' dir='ltr'>Pr.</span> 
     </span>
    </p>
   </div>
   <div class='ocr_carea' id='block_1_3' title="bbox 1758 232 1821 264">
    <p class='ocr_par' dir='ltr' id='par_1_3' title="bbox 1758 232 1821 264">
     <span class='ocr_line' id='line_1_3' title="bbox 1758 232 1821 264; baseline 0 0"><span class='ocrx_word' id='word_1_7' title='bbox 1758 232 1821 264; x_wconf 64' lang='lat'>515</span> 
     </span>
    </p>
   </div>
   <div class='ocr_carea' id='block_1_4' title="bbox 353 289 1861 337">
    <p class='ocr_par' dir='ltr' id='par_1_4' title="bbox 353 289 1861 337">
     <span class='ocr_line' id='line_1_4' title="bbox 353 289 1861 337; baseline -0.004 -10"><span class='ocrx_word' id='word_1_8' title='bbox 353 294 460 328; x_wconf 81' lang='lat' dir='ltr'>missis</span> <span class='ocrx_word' id='word_1_9' title='bbox 485 298 670 337; x_wconf 79' lang='lat' dir='ltr'>opportune</span> <span class='ocrx_word' id='word_1_10' title='bbox 691 291 864 336; x_wconf 89' lang='lat' dir='ltr'>providere</span> <span class='ocrx_word' id='word_1_11' title='bbox 894 296 924 324; x_wconf 92' lang='lat' dir='ltr'>et</span> <span class='ocrx_word' id='word_1_12' title='bbox 949 296 984 323; x_wconf 93' lang='lat' dir='ltr'>ut</span> <span class='ocrx_word' id='word_1_13' title='bbox 1000 291 1084 323; x_wconf 80' lang='lat' dir='ltr'>iufra</span> <span class='ocrx_word' id='word_1_14' title='bbox 1127 290 1253 323; x_wconf 75' lang='lat' dir='ltr'>cialiter</span> <span class='ocrx_word' id='word_1_15' title='bbox 1274 294 1305 322; x_wconf 88' lang='lat' dir='ltr'>et</span> <span class='ocrx_word' id='word_1_16' title='bbox 1322 299 1473 333; x_wconf 76' lang='lat' dir='ltr'><strong>expresse</strong></span> <span class='ocrx_word' id='word_1_17' title='bbox 1492 289 1706 332; x_wconf 70' lang='lat' dir='ltr'>derogamus3</span> <span class='ocrx_word' id='word_1_18' title='bbox 1734 290 1861 322; x_wconf 77' lang='lat' dir='ltr'>ceteris-</span> 
     </span>
    </p>
   </div>
   <div class='ocr_carea' id='block_1_5' title="bbox 158 343 1090 2619">
    <p class='ocr_par' dir='ltr' id='par_1_5' title="bbox 353 343 1085 444">
     <span class='ocr_line' id='line_1_5' title="bbox 353 343 1085 390; baseline -0.007 -9"><span class='ocrx_word' id='word_1_19' title='bbox 353 347 525 390; x_wconf 78' lang='lat' dir='ltr'>iudulgere</span> <span class='ocrx_word' id='word_1_20' title='bbox 551 346 591 379; x_wconf 89' lang='lat' dir='ltr'>de</span> <span class='ocrx_word' id='word_1_21' title='bbox 617 346 816 389; x_wconf 75' lang='lat' dir='ltr'><strong>benignitate</strong></span> <span class='ocrx_word' id='word_1_22' title='bbox 841 344 1020 388; x_wconf 79' lang='lat' dir='ltr'>apostolica</span> <span class='ocrx_word' id='word_1_23' title='bbox 1037 343 1085 376; x_wconf 90' lang='lat' dir='ltr'>di-</span> 
     </span>
     <span class='ocr_line' id='line_1_6' title="bbox 353 410 540 444; baseline -0.011 -10"><span class='ocrx_word' id='word_1_24' title='bbox 353 410 540 444; x_wconf 76' lang='lat' dir='ltr'>gnaremur.</span> 
     </span>
    </p>

    <p class='ocr_par' dir='ltr' id='par_1_6' title="bbox 158 451 1089 1071">
     <span class='ocr_line' id='line_1_7' title="bbox 226 451 1086 497; baseline -0.005 -10"><span class='ocrx_word' id='word_1_25' title='bbox 226 466 341 496; x_wconf 62' lang='lat' dir='ltr'>Atii-ozano</span> <span class='ocrx_word' id='word_1_26' title='bbox 397 455 411 497; x_wconf 63' lang='grc' dir='ltr'><strong>ἓ</strong></span> <span class='ocrx_word' id='word_1_27' title='bbox 436 453 467 487; x_wconf 80' lang='lat'>3.</span> <span class='ocrx_word' id='word_1_28' title='bbox 494 453 557 486; x_wconf 86' lang='lat' dir='ltr'>Nos</span> <span class='ocrx_word' id='word_1_29' title='bbox 584 452 691 495; x_wconf 79' lang='lat' dir='ltr'>igitur,</span> <span class='ocrx_word' id='word_1_30' title='bbox 710 452 772 496; x_wconf 88' lang='lat' dir='ltr'>piis</span> <span class='ocrx_word' id='word_1_31' title='bbox 794 452 895 495; x_wconf 83' lang='lat' dir='ltr'>ipsius</span> <span class='ocrx_word' id='word_1_32' title='bbox 911 451 1016 485; x_wconf 90' lang='lat' dir='ltr'>Caroli</span> <span class='ocrx_word' id='word_1_33' title='bbox 1035 460 1086 483; x_wconf 86' lang='lat' dir='ltr'>re-</span> 
     </span>
     <span class='ocr_line' id='line_1_8' title="bbox 159 494 1086 550; baseline -0.005 -10"><span class='ocrx_word' id='word_1_34' title='bbox 159 494 341 549; x_wconf 51' lang='lat' dir='ltr'>nffissiffifssusugu</span> <span class='ocrx_word' id='word_1_35' title='bbox 354 507 400 550; x_wconf 70' lang='lat' dir='ltr'>gis</span> <span class='ocrx_word' id='word_1_36' title='bbox 418 506 499 539; x_wconf 82' lang='lat' dir='ltr'>votis</span> <span class='ocrx_word' id='word_1_37' title='bbox 513 505 617 539; x_wconf 83' lang='lat' dir='ltr'>bacin</span> <span class='ocrx_word' id='word_1_38' title='bbox 631 516 675 546; x_wconf 80' lang='lat' dir='ltr'>re,</span> <span class='ocrx_word' id='word_1_39' title='bbox 692 510 846 548; x_wconf 87' lang='lat' dir='ltr'>quantum</span> <span class='ocrx_word' id='word_1_40' title='bbox 860 514 932 537; x_wconf 89' lang='lat' dir='ltr'>cum</span> <span class='ocrx_word' id='word_1_41' title='bbox 950 503 1086 536; x_wconf 89' lang='lat' dir='ltr'>Domino</span> 
     </span>
     <span class='ocr_line' id='line_1_9' title="bbox 158 552 1087 602; baseline -0.005 -10"><span class='ocrx_word' id='word_1_42' title='bbox 158 552 272 567; x_wconf 45' lang='lat' dir='ltr'>&#39;⁰⁹¹⁰&#39;&#39;um‘</span> <span class='ocrx_word' id='word_1_43' title='bbox 353 569 532 602; x_wconf 88' lang='lat' dir='ltr'>possumus,</span> <span class='ocrx_word' id='word_1_44' title='bbox 548 557 766 591; x_wconf 73' lang='lat' dir='ltr'>favorabiliter</span> <span class='ocrx_word' id='word_1_45' title='bbox 781 567 924 590; x_wconf 88' lang='lat' dir='ltr'>annuere</span> <span class='ocrx_word' id='word_1_46' title='bbox 934 557 1087 595; x_wconf 82' lang='lat' dir='ltr'>volentes,</span> 
     </span>
     <span class='ocr_line' id='line_1_10' title="bbox 354 609 1086 654; baseline -0.004 -10"><span class='ocrx_word' id='word_1_47' title='bbox 354 611 541 645; x_wconf 83' lang='lat' dir='ltr'>huiusmodi</span> <span class='ocrx_word' id='word_1_48' title='bbox 567 610 860 654; x_wconf 86' lang='lat' dir='ltr'>supplicationibus</span> <span class='ocrx_word' id='word_1_49' title='bbox 873 609 1029 647; x_wconf 73' lang='lat' dir='ltr'>inclinati,</span> <span class='ocrx_word' id='word_1_50' title='bbox 1047 609 1086 641; x_wconf 87' lang='lat' dir='ltr'>de</span> 
     </span>
     <span class='ocr_line' id='line_1_11' title="bbox 352 663 1087 707; baseline -0.005 -10"><span class='ocrx_word' id='word_1_51' title='bbox 352 663 618 707; x_wconf 78' lang='lat' dir='ltr'>Congregationis</span> <span class='ocrx_word' id='word_1_52' title='bbox 643 664 877 696; x_wconf 89' lang='lat' dir='ltr'>nonnullorum</span> <span class='ocrx_word' id='word_1_53' title='bbox 897 673 934 695; x_wconf 87' lang='lat' dir='ltr'>ex</span> <span class='ocrx_word' id='word_1_54' title='bbox 961 672 1087 694; x_wconf 75' lang='lat' dir='ltr'>venera-</span> 
     </span>
     <span class='ocr_line' id='line_1_12' title="bbox 352 715 1088 750; baseline -0.004 0"><span class='ocrx_word' id='word_1_55' title='bbox 352 717 473 750; x_wconf 82' lang='lat' dir='ltr'>bilibus</span> <span class='ocrx_word' id='word_1_56' title='bbox 499 717 649 750; x_wconf 85' lang='lat' dir='ltr'>sratribus</span> <span class='ocrx_word' id='word_1_57' title='bbox 675 717 794 750; x_wconf 85' lang='lat' dir='ltr'>nostris</span> <span class='ocrx_word' id='word_1_58' title='bbox 819 716 850 749; x_wconf 83' lang='lat' dir='ltr'>S.</span> <span class='ocrx_word' id='word_1_59' title='bbox 870 716 908 748; x_wconf 83' lang='lat' dir='ltr'>R.</span> <span class='ocrx_word' id='word_1_60' title='bbox 928 715 962 748; x_wconf 81' lang='lat' dir='ltr'>E.</span> <span class='ocrx_word' id='word_1_61' title='bbox 983 715 1088 747; x_wconf 87' lang='lat' dir='ltr'>cardi-</span> 
     </span>
     <span class='ocr_line' id='line_1_13' title="bbox 352 769 1087 813; baseline -0.003 -10"><span class='ocrx_word' id='word_1_62' title='bbox 352 771 481 804; x_wconf 90' lang='lat' dir='ltr'>nalibus</span> <span class='ocrx_word' id='word_1_63' title='bbox 515 781 531 803; x_wconf 85' lang='lat' dir='ltr'>a</span> <span class='ocrx_word' id='word_1_64' title='bbox 569 770 663 803; x_wconf 86' lang='lat' dir='ltr'>nobis</span> <span class='ocrx_word' id='word_1_65' title='bbox 697 770 884 813; x_wconf 68' lang='lat' dir='ltr'>specialiter</span> <span class='ocrx_word' id='word_1_66' title='bbox 916 769 1087 812; x_wconf 78' lang='lat' dir='ltr'>deputatae</span> 
     </span>
     <span class='ocr_line' id='line_1_14' title="bbox 352 821 1088 866; baseline -0.003 -10"><span class='ocrx_word' id='word_1_67' title='bbox 352 823 510 863; x_wconf 88' lang='lat' dir='ltr'>consilio,</span> <span class='ocrx_word' id='word_1_68' title='bbox 535 824 693 856; x_wconf 89' lang='lat' dir='ltr'>discretos</span> <span class='ocrx_word' id='word_1_69' title='bbox 718 823 879 866; x_wconf 81' lang='lat' dir='ltr'>praefatos</span> <span class='ocrx_word' id='word_1_70' title='bbox 905 822 937 855; x_wconf 92' lang='lat' dir='ltr'>in</span> <span class='ocrx_word' id='word_1_71' title='bbox 962 821 1088 865; x_wconf 92' lang='lat' dir='ltr'>provin-</span> 
     </span>
     <span class='ocr_line' id='line_1_15' title="bbox 352 874 1087 920; baseline -0.003 -12"><span class='ocrx_word' id='word_1_72' title='bbox 352 876 410 909; x_wconf 88' lang='lat' dir='ltr'>ciis</span> <span class='ocrx_word' id='word_1_73' title='bbox 446 876 612 920; x_wconf 85' lang='lat' dir='ltr'>utriusque</span> <span class='ocrx_word' id='word_1_74' title='bbox 649 876 806 909; x_wconf 83' lang='lat' dir='ltr'>Castellae</span> <span class='ocrx_word' id='word_1_75' title='bbox 844 876 977 908; x_wconf 84' lang='lat' dir='ltr'>fratrum</span> <span class='ocrx_word' id='word_1_76' title='bbox 1011 874 1087 907; x_wconf 86' lang='lat' dir='ltr'>dieti</span> 
     </span>
     <span class='ocr_line' id='line_1_16' title="bbox 352 928 1089 974; baseline -0.003 -11"><span class='ocrx_word' id='word_1_77' title='bbox 352 930 482 963; x_wconf 78' lang='lat' dir='ltr'>Ordinis</span> <span class='ocrx_word' id='word_1_78' title='bbox 508 930 774 974; x_wconf 86' lang='lat' dir='ltr'>Capuceinorum,</span> <span class='ocrx_word' id='word_1_79' title='bbox 801 928 989 962; x_wconf 84' lang='lat' dir='ltr'>auctoritate</span> <span class='ocrx_word' id='word_1_80' title='bbox 1014 938 1089 971; x_wconf 91' lang='lat' dir='ltr'>apo-</span> 
     </span>
     <span class='ocr_line' id='line_1_17' title="bbox 352 982 1089 1027; baseline -0.005 -10"><span class='ocrx_word' id='word_1_81' title='bbox 352 984 475 1024; x_wconf 79' lang='lat' dir='ltr'>stolica,</span> <span class='ocrx_word' id='word_1_82' title='bbox 501 989 614 1017; x_wconf 88' lang='lat' dir='ltr'>tenore</span> <span class='ocrx_word' id='word_1_83' title='bbox 639 983 872 1027; x_wconf 88' lang='lat' dir='ltr'>praesentium,</span> <span class='ocrx_word' id='word_1_84' title='bbox 890 982 1033 1015; x_wconf 90' lang='lat' dir='ltr'>tollimus</span> <span class='ocrx_word' id='word_1_85' title='bbox 1058 986 1089 1014; x_wconf 93' lang='lat' dir='ltr'>et</span> 
     </span>
     <span class='ocr_line' id='line_1_18' title="bbox 351 1047 567 1071; baseline 0.005 -2"><span class='ocrx_word' id='word_1_86' title='bbox 351 1047 567 1071; x_wconf 80' lang='lat' dir='ltr'>removemus.</span> 
     </span>
    </p>

    <p class='ocr_par' dir='ltr' id='par_1_7' title="bbox 349 1088 1090 1767">
     <span class='ocr_line' id='line_1_19' title="bbox 396 1088 1089 1133; baseline -0.003 -11"><span class='ocrx_word' id='word_1_87' title='bbox 396 1091 411 1133; x_wconf 62' lang='grc' dir='ltr'><strong>ἓ</strong></span> <span class='ocrx_word' id='word_1_88' title='bbox 436 1089 467 1122; x_wconf 76' lang='grc'>4.</span> <span class='ocrx_word' id='word_1_89' title='bbox 494 1089 721 1129; x_wconf 78' lang='lat' dir='ltr'>Decernentes,</span> <span class='ocrx_word' id='word_1_90' title='bbox 748 1088 876 1121; x_wconf 86' lang='lat' dir='ltr'>easdem</span> <span class='ocrx_word' id='word_1_91' title='bbox 900 1092 1089 1131; x_wconf 82' lang='lat' dir='ltr'>praesentes</span> 
     </span>
     <span class='ocr_line' id='line_1_20' title="bbox 352 1141 1088 1186; baseline -0.004 -10"><span class='ocrx_word' id='word_1_92' title='bbox 352 1143 476 1176; x_wconf 80' lang='lat' dir='ltr'>litteras</span> <span class='ocrx_word' id='word_1_93' title='bbox 501 1153 628 1186; x_wconf 87' lang='lat' dir='ltr'>semper</span> <span class='ocrx_word' id='word_1_94' title='bbox 649 1142 764 1182; x_wconf 80' lang='lat' dir='ltr'>firmas,</span> <span class='ocrx_word' id='word_1_95' title='bbox 783 1142 904 1175; x_wconf 79' lang='lat' dir='ltr'>validas</span> <span class='ocrx_word' id='word_1_96' title='bbox 929 1145 959 1174; x_wconf 88' lang='lat' dir='ltr'>et</span> <span class='ocrx_word' id='word_1_97' title='bbox 983 1141 1088 1174; x_wconf 85' lang='lat' dir='ltr'>effica-</span> 
     </span>
     <span class='ocr_line' id='line_1_21' title="bbox 353 1194 1088 1237; baseline -0.003 -8"><span class='ocrx_word' id='word_1_98' title='bbox 353 1206 406 1229; x_wconf 85' lang='lat' dir='ltr'>ces</span> <span class='ocrx_word' id='word_1_99' title='bbox 432 1196 570 1230; x_wconf 83' lang='lat' dir='ltr'>existere</span> <span class='ocrx_word' id='word_1_100' title='bbox 596 1201 627 1228; x_wconf 91' lang='lat' dir='ltr'>et</span> <span class='ocrx_word' id='word_1_101' title='bbox 652 1196 731 1237; x_wconf 80' lang='lat' dir='ltr'>sore,</span> <span class='ocrx_word' id='word_1_102' title='bbox 758 1205 899 1237; x_wconf 77' lang='lat' dir='ltr'>suosque</span> <span class='ocrx_word' id='word_1_103' title='bbox 925 1194 1088 1237; x_wconf 87' lang='lat' dir='ltr'>plenarios</span> 
     </span>
     <span class='ocr_line' id='line_1_22' title="bbox 352 1247 1089 1291; baseline -0.003 -10"><span class='ocrx_word' id='word_1_104' title='bbox 352 1254 385 1281; x_wconf 88' lang='lat' dir='ltr'>et</span> <span class='ocrx_word' id='word_1_105' title='bbox 398 1249 543 1291; x_wconf 82' lang='lat' dir='ltr'>integros</span> <span class='ocrx_word' id='word_1_106' title='bbox 559 1247 692 1282; x_wconf 79' lang='lat' dir='ltr'>effeetus</span> <span class='ocrx_word' id='word_1_107' title='bbox 712 1247 821 1280; x_wconf 88' lang='lat' dir='ltr'>sortiri</span> <span class='ocrx_word' id='word_1_108' title='bbox 837 1252 865 1279; x_wconf 85' lang='lat' dir='ltr'>et</span> <span class='ocrx_word' id='word_1_109' title='bbox 880 1247 1038 1287; x_wconf 88' lang='lat' dir='ltr'>obtinere,</span> <span class='ocrx_word' id='word_1_110' title='bbox 1053 1257 1089 1279; x_wconf 88' lang='lat' dir='ltr'>ae</span> 
     </span>
     <span class='ocr_line' id='line_1_23' title="bbox 352 1301 1089 1344; baseline -0.004 -10"><span class='ocrx_word' id='word_1_111' title='bbox 352 1302 409 1334; x_wconf 80' lang='lat' dir='ltr'>ab·</span> <span class='ocrx_word' id='word_1_112' title='bbox 429 1301 503 1341; x_wconf 89' lang='lat' dir='ltr'>illis,</span> <span class='ocrx_word' id='word_1_113' title='bbox 522 1301 560 1334; x_wconf 91' lang='lat' dir='ltr'>ad</span> <span class='ocrx_word' id='word_1_114' title='bbox 575 1311 655 1344; x_wconf 90' lang='lat' dir='ltr'>quos</span> <span class='ocrx_word' id='word_1_115' title='bbox 673 1305 800 1343; x_wconf 86' lang='lat' dir='ltr'>spectat</span> <span class='ocrx_word' id='word_1_116' title='bbox 816 1305 846 1332; x_wconf 91' lang='lat' dir='ltr'>et</span> <span class='ocrx_word' id='word_1_117' title='bbox 862 1310 921 1343; x_wconf 91' lang='lat' dir='ltr'>pro</span> <span class='ocrx_word' id='word_1_118' title='bbox 943 1305 1089 1342; x_wconf 86' lang='lat' dir='ltr'>tempore</span> 
     </span>
     <span class='ocr_line' id='line_1_24' title="bbox 351 1352 1090 1397; baseline -0.003 -10"><span class='ocrx_word' id='word_1_119' title='bbox 351 1354 521 1397; x_wconf 79' lang='lat' dir='ltr'>spectabit,</span> <span class='ocrx_word' id='word_1_120' title='bbox 532 1353 765 1386; x_wconf 86' lang='lat' dir='ltr'>inviolabiliter</span> <span class='ocrx_word' id='word_1_121' title='bbox 778 1352 960 1392; x_wconf 79' lang='lat' dir='ltr'>observari,</span> <span class='ocrx_word' id='word_1_122' title='bbox 979 1352 1090 1395; x_wconf 85' lang='lat' dir='ltr'>sicque</span> 
     </span>
     <span class='ocr_line' id='line_1_25' title="bbox 351 1405 1088 1450; baseline -0.001 -11"><span class='ocrx_word' id='word_1_123' title='bbox 351 1406 384 1439; x_wconf 91' lang='lat' dir='ltr'>in</span> <span class='ocrx_word' id='word_1_124' title='bbox 409 1407 597 1450; x_wconf 82' lang='lat' dir='ltr'>praemissis</span> <span class='ocrx_word' id='word_1_125' title='bbox 623 1416 681 1449; x_wconf 87' lang='lat' dir='ltr'>per</span> <span class='ocrx_word' id='word_1_126' title='bbox 712 1416 933 1449; x_wconf 81' lang='lat' dir='ltr'>quoscumque</span> <span class='ocrx_word' id='word_1_127' title='bbox 964 1405 1088 1438; x_wconf 85' lang='lat' dir='ltr'>iudices</span> 
     </span>
     <span class='ocr_line' id='line_1_26' title="bbox 351 1459 1089 1502; baseline 0 -10"><span class='ocrx_word' id='word_1_128' title='bbox 351 1459 537 1493; x_wconf 87' lang='lat' dir='ltr'>ordinarios</span> <span class='ocrx_word' id='word_1_129' title='bbox 555 1465 586 1492; x_wconf 89' lang='lat' dir='ltr'>et</span> <span class='ocrx_word' id='word_1_130' title='bbox 603 1460 782 1502; x_wconf 79' lang='lat' dir='ltr'>delegatos,</span> <span class='ocrx_word' id='word_1_131' title='bbox 801 1459 896 1492; x_wconf 87' lang='lat' dir='ltr'>etiam</span> <span class='ocrx_word' id='word_1_132' title='bbox 918 1470 1089 1492; x_wconf 83' lang='lat' dir='ltr'>causarum</span> 
     </span>
     <span class='ocr_line' id='line_1_27' title="bbox 350 1512 1090 1556; baseline 0 -11"><span class='ocrx_word' id='word_1_133' title='bbox 350 1513 461 1556; x_wconf 88' lang='lat' dir='ltr'>palatii</span> <span class='ocrx_word' id='word_1_134' title='bbox 499 1513 667 1556; x_wconf 82' lang='lat' dir='ltr'>apostolici</span> <span class='ocrx_word' id='word_1_135' title='bbox 694 1513 869 1552; x_wconf 80' lang='lat' dir='ltr'>auditores,</span> <span class='ocrx_word' id='word_1_136' title='bbox 897 1512 1031 1546; x_wconf 88' lang='lat' dir='ltr'>iudicari</span> <span class='ocrx_word' id='word_1_137' title='bbox 1058 1518 1090 1545; x_wconf 91' lang='lat' dir='ltr'>et</span> 
     </span>
     <span class='ocr_line' id='line_1_28' title="bbox 351 1565 1088 1606; baseline 0.001 -8"><span class='ocrx_word' id='word_1_138' title='bbox 351 1565 480 1599; x_wconf 82' lang='lat' dir='ltr'>definiri</span> <span class='ocrx_word' id='word_1_139' title='bbox 507 1566 647 1606; x_wconf 86' lang='lat' dir='ltr'>debere,</span> <span class='ocrx_word' id='word_1_140' title='bbox 667 1577 703 1598; x_wconf 88' lang='lat' dir='ltr'>ae</span> <span class='ocrx_word' id='word_1_141' title='bbox 720 1565 849 1598; x_wconf 87' lang='lat' dir='ltr'>irritum</span> <span class='ocrx_word' id='word_1_142' title='bbox 876 1572 907 1598; x_wconf 90' lang='lat' dir='ltr'>et</span> <span class='ocrx_word' id='word_1_143' title='bbox 933 1566 1041 1606; x_wconf 86' lang='lat' dir='ltr'>inane,</span> <span class='ocrx_word' id='word_1_144' title='bbox 1062 1567 1088 1599; x_wconf 88' lang='lat' dir='ltr'>si</span> 
     </span>
     <span class='ocr_line' id='line_1_29' title="bbox 350 1619 1090 1662; baseline 0 -11"><span class='ocrx_word' id='word_1_145' title='bbox 350 1628 443 1651; x_wconf 83' lang='lat' dir='ltr'>secus</span> <span class='ocrx_word' id='word_1_146' title='bbox 469 1629 566 1662; x_wconf 90' lang='lat' dir='ltr'>super</span> <span class='ocrx_word' id='word_1_147' title='bbox 592 1619 641 1651; x_wconf 85' lang='lat' dir='ltr'>his</span> <span class='ocrx_word' id='word_1_148' title='bbox 667 1629 685 1651; x_wconf 87' lang='lat' dir='ltr'>a</span> <span class='ocrx_word' id='word_1_149' title='bbox 710 1629 887 1662; x_wconf 85' lang='lat' dir='ltr'>quoquam,</span> <span class='ocrx_word' id='word_1_150' title='bbox 908 1619 1017 1661; x_wconf 82' lang='lat' dir='ltr'>quavis</span> <span class='ocrx_word' id='word_1_151' title='bbox 1035 1629 1090 1652; x_wconf 86' lang='lat' dir='ltr'>au-</span> 
     </span>
     <span class='ocr_line' id='line_1_30' title="bbox 350 1671 1090 1714; baseline 0.001 -10"><span class='ocrx_word' id='word_1_152' title='bbox 350 1671 511 1711; x_wconf 86' lang='lat' dir='ltr'>ctoritate,</span> <span class='ocrx_word' id='word_1_153' title='bbox 538 1671 679 1704; x_wconf 82' lang='lat' dir='ltr'>scienter</span> <span class='ocrx_word' id='word_1_154' title='bbox 702 1673 753 1704; x_wconf 87' lang='lat' dir='ltr'>vel</span> <span class='ocrx_word' id='word_1_155' title='bbox 780 1671 989 1714; x_wconf 74' lang='lat' dir='ltr'>ignoranter,</span> <span class='ocrx_word' id='word_1_156' title='bbox 1017 1682 1090 1705; x_wconf 90' lang='lat' dir='ltr'>eon-</span> 
     </span>
     <span class='ocr_line' id='line_1_31' title="bbox 349 1724 648 1767; baseline 0 -11"><span class='ocrx_word' id='word_1_157' title='bbox 349 1724 463 1767; x_wconf 83' lang='lat' dir='ltr'>tigerit</span> <span class='ocrx_word' id='word_1_158' title='bbox 487 1724 648 1757; x_wconf 87' lang='lat' dir='ltr'>attentari.</span> 
     </span>
    </p>

    <p class='ocr_par' dir='ltr' id='par_1_8' title="bbox 349 1777 1090 2619">
     <span class='ocr_line' id='line_1_32' title="bbox 396 1777 1090 1821; baseline 0.001 -11"><span class='ocrx_word' id='word_1_159' title='bbox 396 1778 411 1820; x_wconf 65' lang='grc' dir='ltr'><strong>ἓ</strong></span> <span class='ocrx_word' id='word_1_160' title='bbox 439 1777 471 1810; x_wconf 89' lang='grc'>5.</span> <span class='ocrx_word' id='word_1_161' title='bbox 499 1777 568 1810; x_wconf 82' lang='grc' dir='ltr'>Νοη</span> <span class='ocrx_word' id='word_1_162' title='bbox 594 1777 797 1810; x_wconf 84' lang='lat' dir='ltr'>obstantibus</span> <span class='ocrx_word' id='word_1_163' title='bbox 829 1779 1029 1821; x_wconf 81' lang='lat' dir='ltr'>praemissis,</span> <span class='ocrx_word' id='word_1_164' title='bbox 1055 1789 1090 1811; x_wconf 91' lang='lat' dir='ltr'>ae</span> 
     </span>
     <span class='ocr_line' id='line_1_33' title="bbox 351 1830 1090 1875; baseline 0.001 -11"><span class='ocrx_word' id='word_1_165' title='bbox 351 1830 640 1864; x_wconf 85' lang='lat' dir='ltr'>constitutionibus</span> <span class='ocrx_word' id='word_1_166' title='bbox 673 1836 704 1863; x_wconf 90' lang='lat' dir='ltr'>et</span> <span class='ocrx_word' id='word_1_167' title='bbox 728 1831 988 1864; x_wconf 87' lang='lat' dir='ltr'>ordinationibus</span> <span class='ocrx_word' id='word_1_168' title='bbox 1013 1843 1090 1875; x_wconf 89' lang='lat' dir='ltr'>apo-</span> 
     </span>
     <span class='ocr_line' id='line_1_34' title="bbox 352 1884 1088 1928; baseline 0.003 -12"><span class='ocrx_word' id='word_1_169' title='bbox 352 1884 487 1924; x_wconf 77' lang='lat' dir='ltr'>stoliciS,</span> <span class='ocrx_word' id='word_1_170' title='bbox 505 1894 636 1916; x_wconf 87' lang='lat' dir='ltr'>necnon</span> <span class='ocrx_word' id='word_1_171' title='bbox 658 1884 894 1926; x_wconf 81' lang='lat' dir='ltr'>provinciarum</span> <span class='ocrx_word' id='word_1_172' title='bbox 919 1885 1088 1928; x_wconf 84' lang='lat' dir='ltr'>utriusque</span> 
     </span>
     <span class='ocr_line' id='line_1_35' title="bbox 352 1936 1089 1980; baseline 0.001 -11"><span class='ocrx_word' id='word_1_173' title='bbox 352 1937 511 1970; x_wconf 88' lang='lat' dir='ltr'>Castellae</span> <span class='ocrx_word' id='word_1_174' title='bbox 536 1942 568 1969; x_wconf 84' lang='lat' dir='ltr'>et</span> <span class='ocrx_word' id='word_1_175' title='bbox 592 1936 720 1969; x_wconf 78' lang='lat' dir='ltr'>Ordinis</span> <span class='ocrx_word' id='word_1_176' title='bbox 751 1937 1003 1980; x_wconf 84' lang='lat' dir='ltr'>Capuccinorum</span> <span class='ocrx_word' id='word_1_177' title='bbox 1030 1938 1089 1970; x_wconf 89' lang='lat' dir='ltr'>hu-</span> 
     </span>
     <span class='ocr_line' id='line_1_36' title="bbox 351 1990 1088 2030; baseline 0.003 -7"><span class='ocrx_word' id='word_1_178' title='bbox 351 1990 503 2030; x_wconf 89' lang='lat' dir='ltr'>iusmodi,</span> <span class='ocrx_word' id='word_1_179' title='bbox 520 1991 616 2023; x_wconf 85' lang='lat' dir='ltr'>etiam</span> <span class='ocrx_word' id='word_1_180' title='bbox 631 1990 826 2030; x_wconf 89' lang='lat' dir='ltr'>iuramento,</span> <span class='ocrx_word' id='word_1_181' title='bbox 840 1990 1088 2025; x_wconf 82' lang='lat' dir='ltr'>confirmatione</span> 
     </span>
     <span class='ocr_line' id='line_1_37' title="bbox 351 2043 1090 2086; baseline 0.001 -10"><span class='ocrx_word' id='word_1_182' title='bbox 351 2044 543 2086; x_wconf 80' lang='lat' dir='ltr'>apostoliea,</span> <span class='ocrx_word' id='word_1_183' title='bbox 569 2044 618 2076; x_wconf 89' lang='lat' dir='ltr'>vel</span> <span class='ocrx_word' id='word_1_184' title='bbox 642 2044 755 2086; x_wconf 88' lang='lat' dir='ltr'>quavis</span> <span class='ocrx_word' id='word_1_185' title='bbox 774 2043 926 2077; x_wconf 79' lang='lat' dir='ltr'>firmitate</span> <span class='ocrx_word' id='word_1_186' title='bbox 952 2044 1014 2077; x_wconf 74' lang='lat' dir='ltr'>alia</span> <span class='ocrx_word' id='word_1_187' title='bbox 1039 2056 1090 2078; x_wconf 94' lang='lat' dir='ltr'>ro-</span> 
     </span>
     <span class='ocr_line' id='line_1_38' title="bbox 350 2096 1089 2141; baseline 0.003 -13"><span class='ocrx_word' id='word_1_188' title='bbox 350 2096 485 2137; x_wconf 87' lang='lat' dir='ltr'>boratis,</span> <span class='ocrx_word' id='word_1_189' title='bbox 507 2096 632 2129; x_wconf 86' lang='lat' dir='ltr'>statutis</span> <span class='ocrx_word' id='word_1_190' title='bbox 651 2102 682 2129; x_wconf 89' lang='lat' dir='ltr'>et</span> <span class='ocrx_word' id='word_1_191' title='bbox 702 2096 1004 2137; x_wconf 80' lang='lat' dir='ltr'>consuetudinibus,</span> <span class='ocrx_word' id='word_1_192' title='bbox 1023 2098 1089 2141; x_wconf 90' lang='lat' dir='ltr'>pri-</span> 
     </span>
     <span class='ocr_line' id='line_1_39' title="bbox 349 2148 1089 2193; baseline 0.004 -12"><span class='ocrx_word' id='word_1_193' title='bbox 349 2149 476 2192; x_wconf 77' lang='lat' dir='ltr'>vilegiis</span> <span class='ocrx_word' id='word_1_194' title='bbox 501 2159 642 2193; x_wconf 88' lang='lat' dir='ltr'>quoque,</span> <span class='ocrx_word' id='word_1_195' title='bbox 663 2148 796 2182; x_wconf 87' lang='lat' dir='ltr'>indultis</span> <span class='ocrx_word' id='word_1_196' title='bbox 818 2154 851 2182; x_wconf 88' lang='lat' dir='ltr'>et</span> <span class='ocrx_word' id='word_1_197' title='bbox 875 2149 990 2183; x_wconf 86' lang='lat' dir='ltr'>litteris</span> <span class='ocrx_word' id='word_1_198' title='bbox 1012 2161 1089 2193; x_wconf 84' lang='lat' dir='ltr'>apo-</span> 
     </span>
     <span class='ocr_line' id='line_1_40' title="bbox 351 2203 1088 2246; baseline 0.001 -10"><span class='ocrx_word' id='word_1_199' title='bbox 351 2203 473 2236; x_wconf 89' lang='lat' dir='ltr'>stolicis</span> <span class='ocrx_word' id='word_1_200' title='bbox 521 2203 553 2235; x_wconf 91' lang='lat' dir='ltr'>in</span> <span class='ocrx_word' id='word_1_201' title='bbox 597 2203 797 2236; x_wconf 87' lang='lat' dir='ltr'>contrarium</span> <span class='ocrx_word' id='word_1_202' title='bbox 836 2203 1088 2246; x_wconf 83' lang='lat' dir='ltr'>praemissorum</span> 
     </span>
     <span class='ocr_line' id='line_1_41' title="bbox 351 2255 1089 2299; baseline 0.004 -12"><span class='ocrx_word' id='word_1_203' title='bbox 351 2255 597 2299; x_wconf 88' lang='lat' dir='ltr'>quomodolibet</span> <span class='ocrx_word' id='word_1_204' title='bbox 620 2256 783 2289; x_wconf 85' lang='lat' dir='ltr'>concessis</span> <span class='ocrx_word' id='word_1_205' title='bbox 800 2283 807 2295; x_wconf 92' lang='lat'>,</span> <span class='ocrx_word' id='word_1_206' title='bbox 835 2256 1034 2290; x_wconf 79' lang='lat' dir='ltr'>confirmatis</span> <span class='ocrx_word' id='word_1_207' title='bbox 1058 2262 1089 2290; x_wconf 89' lang='lat' dir='ltr'>et</span> 
     </span>
     <span class='ocr_line' id='line_1_42' title="bbox 350 2308 1085 2352; baseline 0.003 -11"><span class='ocrx_word' id='word_1_208' title='bbox 350 2308 534 2349; x_wconf 68' lang='lat' dir='ltr'>innovatis,</span> <span class='ocrx_word' id='word_1_209' title='bbox 561 2309 678 2352; x_wconf 88' lang='lat' dir='ltr'>quibus</span> <span class='ocrx_word' id='word_1_210' title='bbox 704 2310 856 2343; x_wconf 89' lang='lat' dir='ltr'>omnibus</span> <span class='ocrx_word' id='word_1_211' title='bbox 882 2315 912 2343; x_wconf 88' lang='lat' dir='ltr'>et</span> <span class='ocrx_word' id='word_1_212' title='bbox 937 2311 1085 2352; x_wconf 73' lang='lat' dir='ltr'>singulis,</span> 
     </span>
     <span class='ocr_line' id='line_1_43' title="bbox 352 2361 1087 2406; baseline 0.004 -12"><span class='ocrx_word' id='word_1_213' title='bbox 352 2361 484 2395; x_wconf 87' lang='lat' dir='ltr'>illorum</span> <span class='ocrx_word' id='word_1_214' title='bbox 511 2368 642 2395; x_wconf 90' lang='lat' dir='ltr'>tenores</span> <span class='ocrx_word' id='word_1_215' title='bbox 664 2363 889 2405; x_wconf 87' lang='lat' dir='ltr'>praesentibus</span> <span class='ocrx_word' id='word_1_216' title='bbox 907 2374 965 2406; x_wconf 88' lang='lat' dir='ltr'>pro</span> <span class='ocrx_word' id='word_1_217' title='bbox 992 2365 1087 2406; x_wconf 88' lang='lat' dir='ltr'>plene</span> 
     </span>
     <span class='ocr_line' id='line_1_44' title="bbox 353 2415 1088 2458; baseline 0.004 -11"><span class='ocrx_word' id='word_1_218' title='bbox 353 2420 386 2448; x_wconf 83' lang='lat' dir='ltr'>et</span> <span class='ocrx_word' id='word_1_219' title='bbox 408 2415 604 2448; x_wconf 86' lang='lat' dir='ltr'>sufficienter</span> <span class='ocrx_word' id='word_1_220' title='bbox 629 2415 792 2458; x_wconf 78' lang='lat' dir='ltr'>expressis</span> <span class='ocrx_word' id='word_1_221' title='bbox 817 2426 852 2448; x_wconf 87' lang='lat' dir='ltr'>ae</span> <span class='ocrx_word' id='word_1_222' title='bbox 873 2416 911 2449; x_wconf 91' lang='lat' dir='ltr'>de</span> <span class='ocrx_word' id='word_1_223' title='bbox 933 2417 1032 2449; x_wconf 87' lang='lat' dir='ltr'>verbo</span> <span class='ocrx_word' id='word_1_224' title='bbox 1049 2417 1088 2450; x_wconf 84' lang='lat' dir='ltr'>ad</span> 
     </span>
     <span class='ocr_line' id='line_1_45' title="bbox 352 2467 1088 2509; baseline 0.003 -9"><span class='ocrx_word' id='word_1_225' title='bbox 352 2467 483 2500; x_wconf 80' lang='lat' dir='ltr'>verbum</span> <span class='ocrx_word' id='word_1_226' title='bbox 509 2468 640 2501; x_wconf 88' lang='lat' dir='ltr'>insertis</span> <span class='ocrx_word' id='word_1_227' title='bbox 667 2468 840 2509; x_wconf 85' lang='lat' dir='ltr'>habentes,</span> <span class='ocrx_word' id='word_1_228' title='bbox 865 2467 930 2502; x_wconf 90' lang='lat' dir='ltr'>illis</span> <span class='ocrx_word' id='word_1_229' title='bbox 955 2470 1034 2502; x_wconf 74' lang='lat' dir='ltr'>alias</span> <span class='ocrx_word' id='word_1_230' title='bbox 1056 2471 1088 2502; x_wconf 94' lang='lat' dir='ltr'>in</span> 
     </span>
     <span class='ocr_line' id='line_1_46' title="bbox 353 2520 1088 2565; baseline 0 -12"><span class='ocrx_word' id='word_1_231' title='bbox 353 2530 411 2553; x_wconf 87' lang='lat' dir='ltr'>suo</span> <span class='ocrx_word' id='word_1_232' title='bbox 434 2520 553 2553; x_wconf 89' lang='lat' dir='ltr'>robore</span> <span class='ocrx_word' id='word_1_233' title='bbox 579 2521 814 2564; x_wconf 80' lang='lat' dir='ltr'>permansuris,</span> <span class='ocrx_word' id='word_1_234' title='bbox 840 2523 877 2555; x_wconf 87' lang='lat' dir='ltr'>ad</span> <span class='ocrx_word' id='word_1_235' title='bbox 900 2522 1088 2565; x_wconf 85' lang='lat' dir='ltr'>praemisso-</span> 
     </span>
     <span class='ocr_line' id='line_1_47' title="bbox 354 2573 1088 2619; baseline 0.004 -14"><span class='ocrx_word' id='word_1_236' title='bbox 354 2584 424 2606; x_wconf 85' lang='lat' dir='ltr'>rum</span> <span class='ocrx_word' id='word_1_237' title='bbox 451 2573 612 2615; x_wconf 74' lang='lat' dir='ltr'>ess‘ectum‚</span> <span class='ocrx_word' id='word_1_238' title='bbox 642 2575 702 2607; x_wconf 73' lang='lat' dir='ltr'>liae</span> <span class='ocrx_word' id='word_1_239' title='bbox 728 2575 795 2607; x_wconf 82' lang='lat' dir='ltr'>vice</span> <span class='ocrx_word' id='word_1_240' title='bbox 822 2575 992 2617; x_wconf 81' lang='lat' dir='ltr'>dumtaxat,</span> <span class='ocrx_word' id='word_1_241' title='bbox 1019 2586 1088 2619; x_wconf 83' lang='lat' dir='ltr'>spe-</span> 
     </span>
    </p>
   </div>
   <div class='ocr_carea' id='block_1_6' title="bbox 184 1099 306 1124">
    <p class='ocr_par' dir='ltr' id='par_1_9' title="bbox 184 1099 306 1124">
     <span class='ocr_line' id='line_1_48' title="bbox 184 1099 306 1124; baseline 0.008 -3"><span class='ocrx_word' id='word_1_242' title='bbox 184 1099 306 1124; x_wconf 63' lang='lat' dir='ltr'>clausulae.</span> 
     </span>
    </p>
   </div>
   <div class='ocr_carea' id='block_1_7' title="bbox 156 1789 339 1842">
    <p class='ocr_par' dir='ltr' id='par_1_10' title="bbox 156 1789 339 1842">
     <span class='ocr_line' id='line_1_49' title="bbox 183 1789 339 1811; baseline 0.006 -2"><span class='ocrx_word' id='word_1_243' title='bbox 183 1789 339 1811; x_wconf 68' lang='lat' dir='ltr'>Contrariorum</span> 
     </span>
     <span class='ocr_line' id='line_1_50' title="bbox 156 1815 275 1842; baseline 0.008 -6"><span class='ocrx_word' id='word_1_244' title='bbox 156 1815 275 1842; x_wconf 63' lang='lat' dir='ltr'>derogatio.</span> 
     </span>
    </p>
   </div>
   <div class='ocr_carea' id='block_1_8' title="bbox 392 2637 942 2673">
    <p class='ocr_par' dir='ltr' id='par_1_11' title="bbox 392 2637 942 2673">
     <span class='ocr_line' id='line_1_51' title="bbox 392 2637 942 2673; baseline 0 -10"><span class='ocrx_word' id='word_1_245' title='bbox 392 2637 401 2663; x_wconf 92' lang='lat'>1</span> <span class='ocrx_word' id='word_1_246' title='bbox 420 2637 569 2672; x_wconf 76' lang='lat' dir='ltr'>Praeposit.</span> <span class='ocrx_word' id='word_1_247' title='bbox 589 2637 623 2664; x_wconf 74' lang='lat' dir='ltr'>ab</span> <span class='ocrx_word' id='word_1_248' title='bbox 641 2646 684 2664; x_wconf 54' lang='lat' dir='ltr'>uo*</span> <span class='ocrx_word' id='word_1_249' title='bbox 705 2637 826 2664; x_wconf 46' lang='lat' dir='ltr'>*aldianas</span> <span class='ocrx_word' id='word_1_250' title='bbox 841 2646 867 2673; x_wconf 56' lang='lat' dir='ltr'>tu</span> <span class='ocrx_word' id='word_1_251' title='bbox 896 2641 942 2672; x_wconf 72' lang='lat' dir='ltr'>r).</span> 
     </span>
    </p>
   </div>
   <div class='ocr_carea' id='block_1_9' title="bbox 1128 342 1869 1179">
    <p class='ocr_par' dir='ltr' id='par_1_12' title="bbox 1128 342 1681 386">
     <span class='ocr_line' id='line_1_52' title="bbox 1128 342 1681 386; baseline -0.002 -10"><span class='ocrx_word' id='word_1_252' title='bbox 1128 353 1190 386; x_wconf 81' lang='lat' dir='ltr'>que</span> <span class='ocrx_word' id='word_1_253' title='bbox 1216 342 1385 376; x_wconf 85' lang='lat' dir='ltr'>contrariis</span> <span class='ocrx_word' id='word_1_254' title='bbox 1410 342 1681 385; x_wconf 75' lang='lat' dir='ltr'>quilmscumque.</span> 
     </span>
    </p>

    <p class='ocr_par' dir='ltr' id='par_1_13' title="bbox 1129 395 1867 905">
     <span class='ocr_line' id='line_1_53' title="bbox 1172 395 1862 439; baseline -0.003 -11"><span class='ocrx_word' id='word_1_255' title='bbox 1172 397 1186 439; x_wconf 64' lang='grc' dir='ltr'>ἓ</span> <span class='ocrx_word' id='word_1_256' title='bbox 1217 395 1249 428; x_wconf 82' lang='grc'>6.</span> <span class='ocrx_word' id='word_1_257' title='bbox 1284 396 1439 429; x_wconf 78' lang='lat' dir='ltr'>Volumus</span> <span class='ocrx_word' id='word_1_258' title='bbox 1471 400 1575 428; x_wconf 85' lang='lat' dir='ltr'>autem</span> <span class='ocrx_word' id='word_1_259' title='bbox 1606 400 1641 427; x_wconf 85' lang='lat' dir='ltr'>ut</span> <span class='ocrx_word' id='word_1_260' title='bbox 1676 395 1862 427; x_wconf 84' lang='lat' dir='ltr'>earumdem</span> 
     </span>
     <span class='ocr_line' id='line_1_54' title="bbox 1129 447 1863 492; baseline -0.003 -11"><span class='ocrx_word' id='word_1_261' title='bbox 1129 448 1351 492; x_wconf 83' lang='lat' dir='ltr'>praesentium</span> <span class='ocrx_word' id='word_1_262' title='bbox 1369 449 1549 482; x_wconf 89' lang='lat' dir='ltr'>litterarum</span> <span class='ocrx_word' id='word_1_263' title='bbox 1570 447 1788 490; x_wconf 80' lang='lat' dir='ltr'>transumptis,</span> <span class='ocrx_word' id='word_1_264' title='bbox 1806 458 1863 479; x_wconf 86' lang='lat' dir='ltr'>seu</span> 
     </span>
     <span class='ocr_line' id='line_1_55' title="bbox 1130 499 1865 544; baseline -0.005 -10"><span class='ocrx_word' id='word_1_265' title='bbox 1130 501 1297 544; x_wconf 84' lang='lat' dir='ltr'>exemplis,</span> <span class='ocrx_word' id='word_1_266' title='bbox 1323 500 1418 534; x_wconf 89' lang='lat' dir='ltr'>etiam</span> <span class='ocrx_word' id='word_1_267' title='bbox 1444 500 1622 543; x_wconf 74' lang='lat' dir='ltr'>impressiS,</span> <span class='ocrx_word' id='word_1_268' title='bbox 1647 510 1742 532; x_wconf 91' lang='lat' dir='ltr'>manu</span> <span class='ocrx_word' id='word_1_269' title='bbox 1770 499 1865 531; x_wconf 81' lang='lat' dir='ltr'>alieu-</span> 
     </span>
     <span class='ocr_line' id='line_1_56' title="bbox 1130 552 1866 597; baseline -0.005 -10"><span class='ocrx_word' id='word_1_270' title='bbox 1130 554 1178 587; x_wconf 80' lang='lat' dir='ltr'>ius</span> <span class='ocrx_word' id='word_1_271' title='bbox 1210 554 1329 587; x_wconf 89' lang='lat' dir='ltr'>notarii</span> <span class='ocrx_word' id='word_1_272' title='bbox 1361 553 1482 597; x_wconf 84' lang='lat' dir='ltr'>publici</span> <span class='ocrx_word' id='word_1_273' title='bbox 1516 552 1729 595; x_wconf 75' lang='lat' dir='ltr'>subscriptis,</span> <span class='ocrx_word' id='word_1_274' title='bbox 1763 557 1792 584; x_wconf 91' lang='lat' dir='ltr'>et</span> <span class='ocrx_word' id='word_1_275' title='bbox 1824 552 1866 584; x_wconf 88' lang='lat' dir='ltr'>si-</span> 
     </span>
     <span class='ocr_line' id='line_1_57' title="bbox 1131 605 1864 650; baseline -0.003 -11"><span class='ocrx_word' id='word_1_276' title='bbox 1131 607 1208 650; x_wconf 81' lang='lat' dir='ltr'>gillo</span> <span class='ocrx_word' id='word_1_277' title='bbox 1227 617 1387 650; x_wconf 85' lang='lat' dir='ltr'>personae</span> <span class='ocrx_word' id='word_1_278' title='bbox 1406 607 1437 639; x_wconf 92' lang='lat' dir='ltr'>in</span> <span class='ocrx_word' id='word_1_279' title='bbox 1464 605 1683 639; x_wconf 75' lang='lat' dir='ltr'>ecclesiastica</span> <span class='ocrx_word' id='word_1_280' title='bbox 1708 605 1864 647; x_wconf 76' lang='lat' dir='ltr'>dignitate</span> 
     </span>
     <span class='ocr_line' id='line_1_58' title="bbox 1131 657 1866 701; baseline -0.005 -8"><span class='ocrx_word' id='word_1_281' title='bbox 1131 660 1323 693; x_wconf 80' lang='lat' dir='ltr'>constitutae</span> <span class='ocrx_word' id='word_1_282' title='bbox 1360 659 1509 699; x_wconf 81' lang='lat' dir='ltr'>munitis,</span> <span class='ocrx_word' id='word_1_283' title='bbox 1536 659 1647 692; x_wconf 81' lang='lat' dir='ltr'>eadem</span> <span class='ocrx_word' id='word_1_284' title='bbox 1674 668 1808 701; x_wconf 85' lang='lat' dir='ltr'>prorsus</span> <span class='ocrx_word' id='word_1_285' title='bbox 1833 657 1866 689; x_wconf 79' lang='lat' dir='ltr'>n-</span> 
     </span>
     <span class='ocr_line' id='line_1_59' title="bbox 1131 710 1865 755; baseline -0.004 -10"><span class='ocrx_word' id='word_1_286' title='bbox 1131 712 1187 746; x_wconf 92' lang='lat' dir='ltr'>des</span> <span class='ocrx_word' id='word_1_287' title='bbox 1221 712 1343 755; x_wconf 80' lang='lat' dir='ltr'>ubique</span> <span class='ocrx_word' id='word_1_288' title='bbox 1385 713 1533 745; x_wconf 90' lang='lat' dir='ltr'>locorum</span> <span class='ocrx_word' id='word_1_289' title='bbox 1571 716 1632 744; x_wconf 89' lang='lat' dir='ltr'>tam</span> <span class='ocrx_word' id='word_1_290' title='bbox 1672 711 1703 743; x_wconf 91' lang='lat' dir='ltr'>in</span> <span class='ocrx_word' id='word_1_291' title='bbox 1743 710 1865 743; x_wconf 80' lang='lat' dir='ltr'>iudicio</span> 
     </span>
     <span class='ocr_line' id='line_1_60' title="bbox 1131 763 1867 809; baseline -0.004 -12"><span class='ocrx_word' id='word_1_292' title='bbox 1131 776 1225 809; x_wconf 86' lang='lat' dir='ltr'>quam</span> <span class='ocrx_word' id='word_1_293' title='bbox 1251 771 1340 798; x_wconf 74' lang='lat' dir='ltr'>extra</span> <span class='ocrx_word' id='word_1_294' title='bbox 1376 765 1555 805; x_wconf 85' lang='lat' dir='ltr'>habeatur,</span> <span class='ocrx_word' id='word_1_295' title='bbox 1582 775 1663 808; x_wconf 88' lang='lat' dir='ltr'>quae</span> <span class='ocrx_word' id='word_1_296' title='bbox 1691 763 1867 796; x_wconf 82' lang='lat' dir='ltr'>haberetur</span> 
     </span>
     <span class='ocr_line' id='line_1_61' title="bbox 1130 817 1867 862; baseline -0.004 -11"><span class='ocrx_word' id='word_1_297' title='bbox 1130 819 1208 862; x_wconf 88' lang='lat' dir='ltr'>ipsis</span> <span class='ocrx_word' id='word_1_298' title='bbox 1240 817 1468 861; x_wconf 88' lang='lat' dir='ltr'>praesentibus</span> <span class='ocrx_word' id='word_1_299' title='bbox 1503 818 1529 850; x_wconf 95' lang='lat' dir='ltr'>si</span> <span class='ocrx_word' id='word_1_300' title='bbox 1566 818 1673 850; x_wconf 81' lang='lat' dir='ltr'>forent</span> <span class='ocrx_word' id='word_1_301' title='bbox 1703 817 1867 850; x_wconf 78' lang='lat' dir='ltr'>exhibitae</span> 
     </span>
     <span class='ocr_line' id='line_1_62' title="bbox 1131 873 1370 905; baseline 0 -1"><span class='ocrx_word' id='word_1_302' title='bbox 1131 873 1180 905; x_wconf 88' lang='lat' dir='ltr'>vel</span> <span class='ocrx_word' id='word_1_303' title='bbox 1206 877 1370 904; x_wconf 82' lang='lat' dir='ltr'>ostensae.</span> 
     </span>
    </p>

    <p class='ocr_par' dir='ltr' id='par_1_14' title="bbox 1131 924 1869 1117">
     <span class='ocr_line' id='line_1_63' title="bbox 1175 924 1869 968; baseline -0.003 -10"><span class='ocrx_word' id='word_1_304' title='bbox 1175 925 1288 958; x_wconf 88' lang='lat' dir='ltr'>Datum</span> <span class='ocrx_word' id='word_1_305' title='bbox 1314 926 1447 965; x_wconf 85' lang='lat' dir='ltr'>Romae,</span> <span class='ocrx_word' id='word_1_306' title='bbox 1474 925 1558 968; x_wconf 84' lang='lat' dir='ltr'>apud</span> <span class='ocrx_word' id='word_1_307' title='bbox 1586 924 1616 958; x_wconf 84' lang='lat' dir='ltr'>S.</span> <span class='ocrx_word' id='word_1_308' title='bbox 1645 924 1772 957; x_wconf 78' lang='lat' dir='ltr'>Mariam</span> <span class='ocrx_word' id='word_1_309' title='bbox 1799 924 1869 956; x_wconf 76' lang='lat' dir='ltr'>Ma-</span> 
     </span>
     <span class='ocr_line' id='line_1_64' title="bbox 1131 977 1869 1017; baseline -0.003 -7"><span class='ocrx_word' id='word_1_310' title='bbox 1131 977 1244 1017; x_wconf 87' lang='lat' dir='ltr'>iorem,</span> <span class='ocrx_word' id='word_1_311' title='bbox 1270 979 1329 1011; x_wconf 80' lang='lat' dir='ltr'>sub</span> <span class='ocrx_word' id='word_1_312' title='bbox 1356 979 1475 1011; x_wconf 88' lang='lat' dir='ltr'>annulo</span> <span class='ocrx_word' id='word_1_313' title='bbox 1502 977 1694 1017; x_wconf 72' lang='lat' dir='ltr'>Piscator—is,</span> <span class='ocrx_word' id='word_1_314' title='bbox 1720 977 1771 1009; x_wconf 85' lang='lat' dir='ltr'>die</span> <span class='ocrx_word' id='word_1_315' title='bbox 1797 986 1869 1009; x_wconf 77' lang='lat' dir='ltr'>xxix</span> 
     </span>
     <span class='ocr_line' id='line_1_65' title="bbox 1131 1030 1868 1074; baseline -0.004 -11"><span class='ocrx_word' id='word_1_316' title='bbox 1131 1031 1239 1064; x_wconf 90' lang='lat' dir='ltr'>martii</span> <span class='ocrx_word' id='word_1_317' title='bbox 1264 1041 1425 1072; x_wconf 75' lang='lat' dir='ltr'>nocxcm,</span> <span class='ocrx_word' id='word_1_318' title='bbox 1451 1030 1659 1074; x_wconf 78' lang='lat' dir='ltr'>pontificatus</span> <span class='ocrx_word' id='word_1_319' title='bbox 1683 1030 1787 1063; x_wconf 86' lang='lat' dir='ltr'>nostri</span> <span class='ocrx_word' id='word_1_320' title='bbox 1813 1040 1868 1061; x_wconf 86' lang='lat' dir='ltr'>an-</span> 
     </span>
     <span class='ocr_line' id='line_1_66' title="bbox 1132 1094 1234 1117; baseline 0 0"><span class='ocrx_word' id='word_1_321' title='bbox 1132 1095 1172 1117; x_wconf 90' lang='lat' dir='ltr'>no</span> <span class='ocrx_word' id='word_1_322' title='bbox 1198 1094 1234 1117; x_wconf 86' lang='lat'>11.</span> 
     </span>
    </p>

    <p class='ocr_par' dir='ltr' id='par_1_15' title="bbox 1167 1144 1793 1179">
     <span class='ocr_line' id='line_1_67' title="bbox 1167 1144 1793 1179; baseline -0.003 -7"><span class='ocrx_word' id='word_1_323' title='bbox 1167 1146 1228 1173; x_wconf 76' lang='lat' dir='ltr'>Dat.</span> <span class='ocrx_word' id='word_1_324' title='bbox 1244 1145 1287 1172; x_wconf 83' lang='lat' dir='ltr'>die</span> <span class='ocrx_word' id='word_1_325' title='bbox 1302 1146 1335 1172; x_wconf 62' lang='lat'>29</span> <span class='ocrx_word' id='word_1_326' title='bbox 1355 1145 1445 1172; x_wconf 81' lang='lat' dir='ltr'>martii</span> <span class='ocrx_word' id='word_1_327' title='bbox 1466 1145 1543 1177; x_wconf 83' lang='lat'>1693,</span> <span class='ocrx_word' id='word_1_328' title='bbox 1561 1144 1660 1179; x_wconf 86' lang='lat' dir='ltr'>pontif.</span> <span class='ocrx_word' id='word_1_329' title='bbox 1681 1152 1751 1171; x_wconf 73' lang='lat' dir='ltr'>anno</span> <span class='ocrx_word' id='word_1_330' title='bbox 1766 1150 1793 1170; x_wconf 88' lang='lat'>11.</span> 
     </span>
    </p>
   </div>
   <div class='ocr_carea' id='block_1_10' title="bbox 1461 1288 1534 1322">
    <p class='ocr_par' dir='ltr' id='par_1_16' title="bbox 1461 1288 1534 1322">
     <span class='ocr_line' id='line_1_68' title="bbox 1461 1288 1534 1322; baseline 0.014 -1"><span class='ocrx_word' id='word_1_331' title='bbox 1461 1288 1534 1322; x_wconf 80' lang='lat' dir='ltr'>LIV.</span> 
     </span>
    </p>
   </div>
   <div class='ocr_carea' id='block_1_11' title="bbox 1135 1368 1871 1614">
    <p class='ocr_par' dir='ltr' id='par_1_17' title="bbox 1135 1368 1871 1614">
     <span class='ocr_line' id='line_1_69' title="bbox 1135 1368 1870 1411; baseline 0 -10"><span class='ocrx_word' id='word_1_332' title='bbox 1135 1368 1355 1410; x_wconf 80' lang='lat' dir='ltr'>Confirmalur</span> <span class='ocrx_word' id='word_1_333' title='bbox 1395 1368 1557 1401; x_wconf 73' lang='lat' dir='ltr'>decretum</span> <span class='ocrx_word' id='word_1_334' title='bbox 1603 1368 1870 1411; x_wconf 70' lang='lat' dir='ltr'>Conyreqaliom&#39;s</span> 
     </span>
     <span class='ocr_line' id='line_1_70' title="bbox 1176 1421 1871 1465; baseline -0.003 -10"><span class='ocrx_word' id='word_1_335' title='bbox 1176 1423 1315 1456; x_wconf 70' lang='lat' dir='ltr'>Rittium</span> <span class='ocrx_word' id='word_1_336' title='bbox 1344 1421 1527 1465; x_wconf 77' lang='lat' dir='ltr'>approbans</span> <span class='ocrx_word' id='word_1_337' title='bbox 1552 1422 1748 1454; x_wconf 71' lang='lat' dir='ltr'>sententiam</span> <span class='ocrx_word' id='word_1_338' title='bbox 1775 1421 1871 1454; x_wconf 66' lang='lat' dir='ltr'>Ordi-</span> 
     </span>
     <span class='ocr_line' id='line_1_71' title="bbox 1177 1474 1871 1508; baseline -0.003 0"><span class='ocrx_word' id='word_1_339' title='bbox 1177 1476 1269 1508; x_wconf 78' lang='lat' dir='ltr'>narii</span> <span class='ocrx_word' id='word_1_340' title='bbox 1300 1474 1338 1507; x_wconf 81' lang='lat' dir='ltr'>de</span> <span class='ocrx_word' id='word_1_341' title='bbox 1362 1475 1452 1507; x_wconf 78' lang='lat' dir='ltr'>cultu</span> <span class='ocrx_word' id='word_1_342' title='bbox 1477 1474 1734 1507; x_wconf 67' lang='lat' dir='ltr'>immemorabili</span> <span class='ocrx_word' id='word_1_343' title='bbox 1764 1474 1871 1506; x_wconf 73' lang='lat' dir='ltr'>bealae</span> 
     </span>
     <span class='ocr_line' id='line_1_72' title="bbox 1176 1527 1871 1572; baseline -0.003 -11"><span class='ocrx_word' id='word_1_344' title='bbox 1176 1528 1332 1567; x_wconf 68' lang='lat' dir='ltr'>swnnae,</span> <span class='ocrx_word' id='word_1_345' title='bbox 1347 1532 1476 1560; x_wconf 74' lang='lat' dir='ltr'>vocatae</span> <span class='ocrx_word' id='word_1_346' title='bbox 1488 1529 1716 1572; x_wconf 75' lang='lat' dir='ltr'>principissae,</span> <span class='ocrx_word' id='word_1_347' title='bbox 1735 1527 1871 1561; x_wconf 76' lang='lat' dir='ltr'>Ordinis</span> 
     </span>
     <span class='ocr_line' id='line_1_73' title="bbox 1177 1579 1504 1614; baseline 0 0"><span class='ocrx_word' id='word_1_348' title='bbox 1177 1582 1283 1614; x_wconf 81' lang='lat' dir='ltr'>sancti</span> <span class='ocrx_word' id='word_1_349' title='bbox 1307 1579 1504 1614; x_wconf 79' lang='lat' dir='ltr'>Domim&#39;ci¹.</span> 
     </span>
    </p>
   </div>
   <div class='ocr_carea' id='block_1_12' title="bbox 1270 1661 1731 1734">
    <p class='ocr_par' dir='ltr' id='par_1_18' title="bbox 1270 1661 1731 1734">
     <span class='ocr_line' id='line_1_74' title="bbox 1310 1661 1692 1694; baseline 0 -6"><span class='ocrx_word' id='word_1_350' title='bbox 1310 1661 1506 1688; x_wconf 82' lang='lat' dir='ltr'>Innocentius</span> <span class='ocrx_word' id='word_1_351' title='bbox 1527 1661 1606 1694; x_wconf 79' lang='lat' dir='ltr'>Papa</span> <span class='ocrx_word' id='word_1_352' title='bbox 1627 1662 1692 1694; x_wconf 88' lang='lat' dir='ltr'>XII,</span> 
     </span>
     <span class='ocr_line' id='line_1_75' title="bbox 1270 1706 1731 1734; baseline -0.002 -1"><span class='ocrx_word' id='word_1_353' title='bbox 1270 1708 1305 1734; x_wconf 80' lang='lat' dir='ltr'>ad</span> <span class='ocrx_word' id='word_1_354' title='bbox 1326 1706 1461 1733; x_wconf 79' lang='lat' dir='ltr'>futuram</span> <span class='ocrx_word' id='word_1_355' title='bbox 1481 1706 1526 1732; x_wconf 85' lang='lat' dir='ltr'>rei</span> <span class='ocrx_word' id='word_1_356' title='bbox 1546 1706 1731 1733; x_wconf 86' lang='lat' dir='ltr'>memoriam.</span> 
     </span>
    </p>
   </div>
   <div class='ocr_carea' id='block_1_13' title="bbox 1131 1777 1873 2403">
    <p class='ocr_par' dir='ltr' id='par_1_19' title="bbox 1131 1777 1873 2403">
     <span class='ocr_line' id='line_1_76' title="bbox 1175 1777 1872 1820; baseline -0.001 -9"><span class='ocrx_word' id='word_1_357' title='bbox 1175 1777 1377 1811; x_wconf 85' lang='lat' dir='ltr'>Sacrosancti</span> <span class='ocrx_word' id='word_1_358' title='bbox 1396 1777 1596 1819; x_wconf 86' lang='lat' dir='ltr'>apostolatus</span> <span class='ocrx_word' id='word_1_359' title='bbox 1612 1787 1700 1817; x_wconf 86' lang='lat' dir='ltr'>eura,</span> <span class='ocrx_word' id='word_1_360' title='bbox 1719 1787 1813 1820; x_wconf 86' lang='lat' dir='ltr'>quam</span> <span class='ocrx_word' id='word_1_361' title='bbox 1829 1777 1872 1810; x_wconf 87' lang='lat' dir='ltr'>in-</span> 
     </span>
     <span class='ocr_line' id='line_1_77' title="bbox 1131 1830 1872 1874; baseline -0.003 -9"><span class='ocrx_word' id='word_1_362' title='bbox 1131 1830 1313 1865; x_wconf 78' lang='lat' dir='ltr'>scrutabiliS</span> <span class='ocrx_word' id='word_1_363' title='bbox 1340 1830 1464 1862; x_wconf 87' lang='lat' dir='ltr'>diriuae</span> <span class='ocrx_word' id='word_1_364' title='bbox 1490 1830 1668 1872; x_wconf 82' lang='lat' dir='ltr'>sapientiae</span> <span class='ocrx_word' id='word_1_365' title='bbox 1699 1835 1795 1874; x_wconf 87' lang='lat' dir='ltr'>atque</span> <span class='ocrx_word' id='word_1_366' title='bbox 1816 1830 1872 1863; x_wconf 77' lang='lat' dir='ltr'>bo-</span> 
     </span>
     <span class='ocr_line' id='line_1_78' title="bbox 1132 1883 1871 1923; baseline -0.001 -6"><span class='ocrx_word' id='word_1_367' title='bbox 1132 1884 1241 1917; x_wconf 90' lang='lat' dir='ltr'>nitatis</span> <span class='ocrx_word' id='word_1_368' title='bbox 1266 1883 1403 1916; x_wconf 86' lang='lat' dir='ltr'>altitudo</span> <span class='ocrx_word' id='word_1_369' title='bbox 1438 1883 1613 1916; x_wconf 86' lang='lat' dir='ltr'>humilitati</span> <span class='ocrx_word' id='word_1_370' title='bbox 1639 1888 1779 1923; x_wconf 85' lang='lat' dir='ltr'>nostrae,</span> <span class='ocrx_word' id='word_1_371' title='bbox 1807 1894 1871 1916; x_wconf 77' lang='lat' dir='ltr'>mc-</span> 
     </span>
     <span class='ocr_line' id='line_1_79' title="bbox 1132 1936 1871 1979; baseline 0 -10"><span class='ocrx_word' id='word_1_372' title='bbox 1132 1937 1202 1970; x_wconf 93' lang='lat' dir='ltr'>ritis</span> <span class='ocrx_word' id='word_1_373' title='bbox 1219 1936 1296 1970; x_wconf 84' lang='lat' dir='ltr'>licet</span> <span class='ocrx_word' id='word_1_374' title='bbox 1309 1941 1340 1969; x_wconf 90' lang='lat' dir='ltr'>et</span> <span class='ocrx_word' id='word_1_375' title='bbox 1354 1936 1475 1968; x_wconf 77' lang='lat' dir='ltr'>viribus</span> <span class='ocrx_word' id='word_1_376' title='bbox 1488 1937 1584 1978; x_wconf 82' lang='lat' dir='ltr'>longe</span> <span class='ocrx_word' id='word_1_377' title='bbox 1598 1936 1728 1979; x_wconf 85' lang='lat' dir='ltr'>impari,</span> <span class='ocrx_word' id='word_1_378' title='bbox 1747 1946 1871 1979; x_wconf 83' lang='lat' dir='ltr'>ponere</span> 
     </span>
     <span class='ocr_line' id='line_1_80' title="bbox 1132 1989 1871 2033; baseline -0.003 -10"><span class='ocrx_word' id='word_1_379' title='bbox 1132 1990 1262 2033; x_wconf 81' lang='lat' dir='ltr'>dignata</span> <span class='ocrx_word' id='word_1_380' title='bbox 1286 1995 1346 2029; x_wconf 86' lang='lat' dir='ltr'>est,</span> <span class='ocrx_word' id='word_1_381' title='bbox 1371 2000 1429 2023; x_wconf 81' lang='lat' dir='ltr'>nos</span> <span class='ocrx_word' id='word_1_382' title='bbox 1462 1994 1566 2032; x_wconf 79' lang='lat' dir='ltr'>urget,</span> <span class='ocrx_word' id='word_1_383' title='bbox 1602 1994 1637 2021; x_wconf 86' lang='lat' dir='ltr'>ut</span> <span class='ocrx_word' id='word_1_384' title='bbox 1661 1989 1722 2032; x_wconf 86' lang='lat' dir='ltr'>piis</span> <span class='ocrx_word' id='word_1_385' title='bbox 1758 1989 1871 2022; x_wconf 82' lang='lat' dir='ltr'>ortho-</span> 
     </span>
     <span class='ocr_line' id='line_1_81' title="bbox 1132 2042 1870 2084; baseline -0.004 -8"><span class='ocrx_word' id='word_1_386' title='bbox 1132 2044 1287 2076; x_wconf 87' lang='lat' dir='ltr'>doxorum</span> <span class='ocrx_word' id='word_1_387' title='bbox 1324 2052 1436 2084; x_wconf 80' lang='lat' dir='ltr'>regum</span> <span class='ocrx_word' id='word_1_388' title='bbox 1476 2052 1594 2084; x_wconf 76' lang='lat' dir='ltr'>magno</span> <span class='ocrx_word' id='word_1_389' title='bbox 1631 2042 1663 2073; x_wconf 92' lang='lat' dir='ltr'>in</span> <span class='ocrx_word' id='word_1_390' title='bbox 1696 2042 1870 2074; x_wconf 78' lang='lat' dir='ltr'>Ecclesiam</span> 
     </span>
     <span class='ocr_line' id='line_1_82' title="bbox 1131 2094 1870 2137; baseline -0.004 -8"><span class='ocrx_word' id='word_1_391' title='bbox 1131 2096 1186 2129; x_wconf 88' lang='lat' dir='ltr'>Dei</span> <span class='ocrx_word' id='word_1_392' title='bbox 1224 2095 1415 2128; x_wconf 85' lang='lat' dir='ltr'>meritorum</span> <span class='ocrx_word' id='word_1_393' title='bbox 1452 2095 1578 2137; x_wconf 75' lang='lat' dir='ltr'>fulgore</span> <span class='ocrx_word' id='word_1_394' title='bbox 1619 2094 1870 2137; x_wconf 79' lang='lat' dir='ltr'>conspicuorum</span> 
     </span>
     <span class='ocr_line' id='line_1_83' title="bbox 1132 2148 1872 2191; baseline -0.004 -8"><span class='ocrx_word' id='word_1_395' title='bbox 1132 2150 1223 2190; x_wconf 84' lang='lat' dir='ltr'>votis,</span> <span class='ocrx_word' id='word_1_396' title='bbox 1248 2149 1288 2183; x_wconf 86' lang='lat' dir='ltr'>ad</span> <span class='ocrx_word' id='word_1_397' title='bbox 1320 2149 1500 2191; x_wconf 72' lang='lat' dir='ltr'>augendam</span> <span class='ocrx_word' id='word_1_398' title='bbox 1525 2149 1558 2180; x_wconf 92' lang='lat' dir='ltr'>in</span> <span class='ocrx_word' id='word_1_399' title='bbox 1585 2148 1677 2181; x_wconf 89' lang='lat' dir='ltr'>terris</span> <span class='ocrx_word' id='word_1_400' title='bbox 1707 2159 1872 2181; x_wconf 82' lang='lat' dir='ltr'>sacrarum</span> 
     </span>
     <span class='ocr_line' id='line_1_84' title="bbox 1131 2201 1871 2245; baseline -0.004 -9"><span class='ocrx_word' id='word_1_401' title='bbox 1131 2203 1290 2245; x_wconf 76' lang='lat' dir='ltr'>virginum</span> <span class='ocrx_word' id='word_1_402' title='bbox 1316 2212 1388 2234; x_wconf 85' lang='lat' dir='ltr'>cum</span> <span class='ocrx_word' id='word_1_403' title='bbox 1415 2201 1545 2235; x_wconf 85' lang='lat' dir='ltr'>caelesti</span> <span class='ocrx_word' id='word_1_404' title='bbox 1571 2211 1692 2244; x_wconf 86' lang='lat' dir='ltr'>sponso</span> <span class='ocrx_word' id='word_1_405' title='bbox 1719 2201 1750 2233; x_wconf 90' lang='lat' dir='ltr'>iu</span> <span class='ocrx_word' id='word_1_406' title='bbox 1776 2202 1871 2234; x_wconf 78' lang='lat' dir='ltr'>beata</span> 
     </span>
     <span class='ocr_line' id='line_1_85' title="bbox 1131 2254 1873 2297; baseline -0.004 -9"><span class='ocrx_word' id='word_1_407' title='bbox 1131 2256 1322 2289; x_wconf 83' lang='lat' dir='ltr'>aeternitate</span> <span class='ocrx_word' id='word_1_408' title='bbox 1360 2255 1576 2297; x_wconf 74' lang='lat' dir='ltr'>regnantium,</span> <span class='ocrx_word' id='word_1_409' title='bbox 1614 2254 1740 2287; x_wconf 84' lang='lat' dir='ltr'>illarum</span> <span class='ocrx_word' id='word_1_410' title='bbox 1779 2265 1873 2296; x_wconf 85' lang='lat' dir='ltr'>prae-</span> 
     </span>
     <span class='ocr_line' id='line_1_86' title="bbox 1132 2306 1873 2352; baseline -0.004 -11"><span class='ocrx_word' id='word_1_411' title='bbox 1132 2309 1241 2342; x_wconf 88' lang='lat' dir='ltr'>sertim</span> <span class='ocrx_word' id='word_1_412' title='bbox 1275 2319 1356 2352; x_wconf 86' lang='lat' dir='ltr'>quae</span> <span class='ocrx_word' id='word_1_413' title='bbox 1389 2308 1422 2340; x_wconf 92' lang='lat' dir='ltr'>in</span> <span class='ocrx_word' id='word_1_414' title='bbox 1448 2307 1562 2340; x_wconf 79' lang='lat' dir='ltr'>diebus</span> <span class='ocrx_word' id='word_1_415' title='bbox 1596 2306 1873 2350; x_wconf 78' lang='lat' dir='ltr'>peregrinationis</span> 
     </span>
     <span class='ocr_line' id='line_1_87' title="bbox 1132 2360 1872 2403; baseline -0.004 -9"><span class='ocrx_word' id='word_1_416' title='bbox 1132 2373 1220 2403; x_wconf 88' lang='lat' dir='ltr'>suae,</span> <span class='ocrx_word' id='word_1_417' title='bbox 1237 2362 1360 2394; x_wconf 88' lang='lat' dir='ltr'>tametsi</span> <span class='ocrx_word' id='word_1_418' title='bbox 1382 2361 1413 2394; x_wconf 91' lang='lat' dir='ltr'>in</span> <span class='ocrx_word' id='word_1_419' title='bbox 1429 2372 1537 2394; x_wconf 89' lang='lat' dir='ltr'>rerum</span> <span class='ocrx_word' id='word_1_420' title='bbox 1562 2361 1776 2394; x_wconf 83' lang='lat' dir='ltr'>humanarum</span> <span class='ocrx_word' id='word_1_421' title='bbox 1798 2360 1872 2393; x_wconf 81' lang='lat' dir='ltr'>sub-</span> 
     </span>
    </p>
   </div>
   <div class='ocr_carea' id='block_1_14' title="bbox 1131 2457 1871 2664">
    <p class='ocr_par' dir='ltr' id='par_1_20' title="bbox 1131 2457 1871 2664">
     <span class='ocr_line' id='line_1_88' title="bbox 1166 2457 1869 2491; baseline -0.004 -5"><span class='ocrx_word' id='word_1_422' title='bbox 1166 2459 1178 2486; x_wconf 81' lang='lat'><strong>1</strong></span> <span class='ocrx_word' id='word_1_423' title='bbox 1203 2459 1232 2486; x_wconf 90' lang='lat' dir='ltr'>In</span> <span class='ocrx_word' id='word_1_424' title='bbox 1247 2463 1333 2486; x_wconf 85' lang='lat' dir='ltr'>const.</span> <span class='ocrx_word' id='word_1_425' title='bbox 1351 2458 1393 2485; x_wconf 78' lang='lat' dir='ltr'>ed.</span> <span class='ocrx_word' id='word_1_426' title='bbox 1411 2464 1532 2489; x_wconf 75' lang='lat' dir='ltr'>MDCXCII,</span> <span class='ocrx_word' id='word_1_427' title='bbox 1549 2458 1592 2485; x_wconf 92' lang='lat' dir='ltr'>die</span> <span class='ocrx_word' id='word_1_428' title='bbox 1608 2458 1622 2485; x_wconf 90' lang='lat'><em>8</em></span> <span class='ocrx_word' id='word_1_429' title='bbox 1643 2457 1719 2487; x_wconf 71' lang='lat' dir='ltr'>iunii,</span> <span class='ocrx_word' id='word_1_430' title='bbox 1741 2457 1834 2491; x_wconf 78' lang='lat' dir='ltr'>pontit.</span> <span class='ocrx_word' id='word_1_431' title='bbox 1853 2463 1869 2487; x_wconf 82' lang='lat'>1,</span> 
     </span>
     <span class='ocr_line' id='line_1_89' title="bbox 1132 2502 1871 2539; baseline -0.005 -9"><span class='ocrx_word' id='word_1_432' title='bbox 1132 2507 1203 2530; x_wconf 68' lang='lat' dir='ltr'>extat</span> <span class='ocrx_word' id='word_1_433' title='bbox 1222 2503 1353 2539; x_wconf 84' lang='lat' dir='ltr'>quaedam</span> <span class='ocrx_word' id='word_1_434' title='bbox 1380 2503 1492 2530; x_wconf 81' lang='lat' dir='ltr'>facultas</span> <span class='ocrx_word' id='word_1_435' title='bbox 1522 2502 1676 2529; x_wconf 81' lang='lat' dir='ltr'>celebrandi</span> <span class='ocrx_word' id='word_1_436' title='bbox 1705 2503 1799 2528; x_wconf 82' lang='lat' dir='ltr'>missas</span> <span class='ocrx_word' id='word_1_437' title='bbox 1828 2502 1871 2526; x_wconf 84' lang='lat' dir='ltr'>die</span> 
     </span>
     <span class='ocr_line' id='line_1_90' title="bbox 1131 2545 1870 2579; baseline -0.008 -4"><span class='ocrx_word' id='word_1_438' title='bbox 1131 2548 1235 2575; x_wconf 84' lang='lat' dir='ltr'>sabbati</span> <span class='ocrx_word' id='word_1_439' title='bbox 1261 2550 1358 2579; x_wconf 49' lang='lat' dir='ltr'>sanctu</span> <span class='ocrx_word' id='word_1_440' title='bbox 1380 2552 1407 2574; x_wconf 75' lang='lat' dir='ltr'>et</span> <span class='ocrx_word' id='word_1_441' title='bbox 1426 2548 1450 2573; x_wconf 88' lang='lat' dir='ltr'>iu</span> <span class='ocrx_word' id='word_1_442' title='bbox 1475 2551 1561 2573; x_wconf 79' lang='lat' dir='ltr'>coust.</span> <span class='ocrx_word' id='word_1_443' title='bbox 1582 2547 1625 2573; x_wconf 88' lang='lat' dir='ltr'>ed.</span> <span class='ocrx_word' id='word_1_444' title='bbox 1647 2553 1771 2579; x_wconf 64' lang='lat' dir='ltr'>aumxcrv,</span> <span class='ocrx_word' id='word_1_445' title='bbox 1792 2545 1834 2570; x_wconf 71' lang='lat' dir='ltr'>die.</span> <span class='ocrx_word' id='word_1_446' title='bbox 1855 2546 1870 2569; x_wconf 76' lang='lat'>3</span> 
     </span>
     <span class='ocr_line' id='line_1_91' title="bbox 1132 2590 1869 2627; baseline -0.007 -8"><span class='ocrx_word' id='word_1_447' title='bbox 1132 2593 1248 2627; x_wconf 79' lang='lat' dir='ltr'>augusti,</span> <span class='ocrx_word' id='word_1_448' title='bbox 1271 2593 1362 2626; x_wconf 68' lang='lat' dir='ltr'>pontis,</span> <span class='ocrx_word' id='word_1_449' title='bbox 1386 2599 1424 2624; x_wconf 64' lang='grc' dir='ltr'>ιιι,</span> <span class='ocrx_word' id='word_1_450' title='bbox 1447 2592 1579 2618; x_wconf 79' lang='lat' dir='ltr'>indultum</span> <span class='ocrx_word' id='word_1_451' title='bbox 1600 2591 1729 2617; x_wconf 58' lang='lat' dir='ltr'>recitandi</span> <span class='ocrx_word' id='word_1_452' title='bbox 1751 2590 1869 2616; x_wconf 70' lang='lat' dir='ltr'>osticium</span> 
     </span>
     <span class='ocr_line' id='line_1_92' title="bbox 1133 2636 1655 2664; baseline 0.004 -4"><span class='ocrx_word' id='word_1_453' title='bbox 1133 2642 1156 2662; x_wconf 63' lang='lat' dir='ltr'>vt</span> <span class='ocrx_word' id='word_1_454' title='bbox 1179 2637 1225 2662; x_wconf 65' lang='lat' dir='ltr'>mis</span> <span class='ocrx_word' id='word_1_455' title='bbox 1244 2646 1284 2663; x_wconf 77' lang='lat' dir='ltr'>atu</span> <span class='ocrx_word' id='word_1_456' title='bbox 1306 2636 1391 2664; x_wconf 62' lang='lat' dir='ltr'>dictae</span> <span class='ocrx_word' id='word_1_457' title='bbox 1413 2638 1506 2663; x_wconf 53' lang='lat' dir='ltr'>lavatae</span> <span class='ocrx_word' id='word_1_458' title='bbox 1528 2637 1655 2663; x_wconf 34' lang='lat' dir='ltr'>toronus.</span> 
     </span>
    </p>
   </div>
   <div class='ocr_carea' id='block_1_15' title="bbox 1869 240 2053 267">
    <p class='ocr_par' dir='ltr' id='par_1_21' title="bbox 1869 240 2053 267">
     <span class='ocr_line' id='line_1_93' title="bbox 1869 240 2053 267; baseline -0.005 -1"><span class='ocrx_word' id='word_1_459' title='bbox 1869 242 1919 267; x_wconf 70' lang='lat' dir='ltr'>An.</span> <span class='ocrx_word' id='word_1_460' title='bbox 1935 242 1962 266; x_wconf 75' lang='grc' dir='ltr'>(ἶ.</span> <span class='ocrx_word' id='word_1_461' title='bbox 1989 244 2007 266; x_wconf 83' lang='grc'>1(</span> <span class='ocrx_word' id='word_1_462' title='bbox 2020 240 2053 265; x_wconf 71' lang='lat'>&#39;223</span> 
     </span>
    </p>
   </div>
   <div class='ocr_carea' id='block_1_16' title="bbox 1874 410 2056 462">
    <p class='ocr_par' dir='ltr' id='par_1_22' title="bbox 1874 410 2056 462">
     <span class='ocr_line' id='line_1_94' title="bbox 1913 410 2056 432; baseline 0.028 -3"><span class='ocrx_word' id='word_1_463' title='bbox 1913 410 1975 430; x_wconf 53' lang='lat' dir='ltr'>Fidus</span> <span class='ocrx_word' id='word_1_464' title='bbox 2000 414 2056 432; x_wconf 60' lang='lat' dir='ltr'>tran-</span> 
     </span>
     <span class='ocr_line' id='line_1_95' title="bbox 1874 440 2009 462; baseline 0.015 -6"><span class='ocrx_word' id='word_1_465' title='bbox 1874 440 2009 462; x_wconf 75' lang='lat' dir='ltr'>ntltnpturum.</span> 
     </span>
    </p>
   </div>
   <div class='ocr_carea' id='block_1_17' title="bbox 1911 1785 2032 1805">
    <p class='ocr_par' dir='ltr' id='par_1_23' title="bbox 1911 1785 2032 1805">
     <span class='ocr_line' id='line_1_96' title="bbox 1911 1785 2032 1805; baseline 0 0"><span class='ocrx_word' id='word_1_466' title='bbox 1911 1786 1960 1805; x_wconf 67' lang='lat' dir='ltr'>Exn:</span> <span class='ocrx_word' id='word_1_467' title='bbox 1967 1785 2032 1805; x_wconf 68' lang='lat' dir='ltr'>diurn.</span> 
     </span>
    </p>
   </div>
  </div>
 </body>
</html>
