2254 3225
230 213 281 241 tm,
300 212 330 240 c.
352 212 415 241 1691
463 205 527 240 382

422 264 578 308 postulat)
603 265 807 300 severissimo
840 267 985 301 examine
1013 278 1155 311 perpen-

424 317 497 358 dat,
524 323 555 351 et
585 318 610 351 si
644 319 720 363 quid
755 321 785 353 in
812 321 875 354 illis
900 321 1043 355 inveniat
1068 326 1157 354 extra

423 371 667 406 constitutiones
702 373 888 408 huiusmodi
924 375 1153 412 commissum,

423 423 547 468 absque
578 426 644 459 ulla
677 426 900 461 misericordia
931 427 1096 470 corripiat.
1123 426 1154 459 Si

421 485 654 520 procuratores
679 486 786 514 autem
813 482 997 524 praedictae
1023 481 1152 514 redem-

421 530 542 572 ptionis
568 533 694 576 tepidos
713 539 744 566 ct
767 535 969 578 negligentes
994 533 1157 567 invenerit

420 582 454 614 in
481 583 666 619 huiusmodi
691 587 856 619 charitatis
895 587 1018 626 officio,
1044 586 1156 629 puniat

422 636 471 669 vel
498 644 656 678 amoveat,
681 640 860 672 secuudum
887 640 1076 683 qualitatem
1101 639 1155 671 de·

419 687 501 722 licti.
529 690 817 724 Commendatores
843 692 950 732 etiam,
969 693 1054 725 iuxta
1072 702 1152 725 con-

420 739 604 774 stitutiones
629 748 767 783 nostras,
786 743 819 775 in
838 743 898 775 liac
915 744 964 776 vel
982 743 1043 776 alia
1060 743 1156 786 culpa

420 792 1153 839 deprehensos,poteritvisitatorsuspendere,

419 847 647 891 convictosque
672 848 805 892 privare,
832 861 867 882 ac
891 851 1076 893 praesidem
1094 861 1154 894 pro

419 898 483 932 illis
510 901 714 942 substituere,
741 902 846 936 donec
870 904 1034 946 praelatus
1061 915 1156 947 supe-

418 952 486 985 rior
502 953 543 986 de
561 954 655 988 domo
673 954 728 987 illa
740 956 920 998 provideat.
940 956 1045 1000 Super
1061 968 1154 1000 prae-

419 1005 503 1039 dicta
520 1012 625 1040 autem
643 1009 918 1042 commendatoris
939 1010 1154 1052 suspensione

419 1057 625 1092 declaramus
657 1071 726 1094 eam
758 1072 853 1104 posse
888 1063 1069 1105 praelatum
1102 1069 1155 1095 aut

418 1111 617 1146 visitatorem
642 1114 815 1157 aliquando
836 1115 942 1148 facere
969 1115 1090 1159 absque
1116 1127 1153 1149 eo

420 1165 508 1207 quod
534 1176 663 1199 causam
691 1167 737 1200 vel
764 1168 920 1201 rationem
945 1169 1106 1202 exhibeat.

460 1228 510 1250 XV.
537 1218 693 1252 Similiter
716 1220 742 1252 si
767 1220 932 1262 vicarium,
954 1222 978 1254 si
1001 1233 1154 1265 procura-

419 1275 520 1303 torem
546 1278 726 1306 conventus
759 1279 813 1306 aut
842 1275 1009 1307 sacristam
1036 1276 1153 1318 dignos

417 1323 623 1367 depositione
656 1327 702 1358 vel
729 1327 907 1360 remotione
942 1329 1152 1371 probaverit,

418 1387 474 1409 eos
506 1388 523 1410 a
557 1378 624 1410 suis
649 1379 838 1412 muneribus
865 1380 1029 1423 depellat,
1055 1387 1151 1424 atque

417 1430 497 1463 alios
523 1441 540 1463 a
563 1432 825 1465 commendatore
847 1434 1020 1476 subrogari
1040 1435 1153 1467 consti-

418 1488 497 1516 tuat.
524 1483 555 1516 Si
590 1494 666 1517 vero
704 1485 938 1528 depositarium
965 1486 1152 1520 huiusmodi

417 1536 599 1579 privatione
630 1537 767 1577 afficiat,
794 1538 862 1570 eius
896 1539 1152 1573 nominationem

418 1590 588 1623 conventui
624 1591 801 1634 relinquat,
830 1592 1015 1634 Magistrum
1047 1599 1153 1626 autem

418 1643 625 1684 novitiorum,
643 1644 669 1677 si
687 1645 782 1679 fuerit
798 1656 815 1677 a
836 1656 869 1678 se
888 1646 1065 1688 depositus,
1084 1658 1154 1690 pro-

418 1696 547 1730 vinciali
570 1698 699 1731 noviter
718 1698 904 1741 eligendum
930 1700 1064 1733 deferat.

462 1761 525 1784 xv1.
553 1751 602 1784 Ad
627 1751 864 1794 provincialem
896 1752 1060 1796 denique,
1088 1753 1153 1787 sive

421 1802 491 1836 eius
520 1803 735 1843 visitatorem,
762 1804 905 1847 pertinet
926 1805 959 1837 in
986 1805 1056 1848 ipso
1082 1812 1154 1839 actu

420 1855 613 1889 visitationis
631 1856 893 1890 informationem
913 1857 952 1889 de
978 1858 1154 1892 lectoribus

421 1919 480 1951 per
501 1919 535 1942 se
551 1909 643 1952 ipsos
661 1909 847 1942 immediate
870 1910 1049 1953 suscipere,
1077 1911 1156 1944 itaut

421 1961 454 1994 iu
479 1963 634 1996 scrutinio
660 1968 787 1996 secreto
807 1963 861 1996 fiat
881 1964 1014 1996 omnino
1036 1965 1156 1997 certior

423 2014 462 2047 de
488 2014 621 2048 illorum
647 2016 847 2058 negligentia
878 2021 910 2049 et
946 2017 1126 2050 defectibus
1143 2045 1153 2057 ,

422 2069 472 2101 vel
506 2068 545 2100 de
578 2068 800 2102 sollieitudine
832 2069 863 2101 in
897 2069 1100 2112 proficiendo
1126 2076 1158 2103 et

424 2121 581 2161 docendo,
607 2122 646 2154 de
673 2121 790 2164 quibus
815 2122 923 2162 etiam,
949 2123 1037 2155 iuxta
1061 2133 1157 2166 supe-

423 2174 489 2207 rius
516 2174 589 2207 dist.
616 2185 646 2208 vi
678 2186 750 2218 cap.
777 2186 808 2209 w
832 2175 999 2215 ordinata,
1028 2177 1156 2219 publice

426 2227 646 2260 testimonium
682 2227 780 2260 debet
815 2228 964 2270 accipere
996 2239 1013 2260 a
1044 2229 1157 2262 maiori

425 2285 517 2324 parte
532 2286 721 2320 conventus
739 2281 778 2313 de
797 2281 1002 2324 peractisque
1023 2282 1159 2314 curricu-

425 2334 465 2366 lis
489 2334 658 2366 iuridicam
683 2334 949 2367 informationem
982 2335 1157 2377 suscipere,

425 2392 461 2419 ut
484 2398 541 2420 suo
576 2393 721 2430 tempore
754 2387 944 2420 exhibeatur
974 2387 1158 2422 definitorio

426 2440 574 2484 capituli.
600 2440 642 2473 Ex‘
670 2441 720 2473 his
745 2450 843 2482 ergo,
866 2446 898 2473 et
921 2441 1097 2473 secundum
1124 2451 1160 2474 ea

427 2504 507 2536 quae
533 2493 678 2536 legitima
702 2493 896 2536 probatione
932 2493 1161 2536 deprehende-

427 2547 479 2586 rit,
500 2547 597 2579 debet
615 2556 670 2580 eos
688 2546 821 2579 laudare
839 2547 889 2579 vel
910 2546 1089 2588 corripere,
1107 2552 1161 2579 aut

428 2601 524 2636 etiam
550 2600 591 2644 (si
618 2599 836 2634 visitationem
862 2599 956 2632 faeiat
981 2600 1159 2642 praelatus)

999 205 1179 244 numanum
1202 203 1358 243 nonnum

1198 267 1266 311 ipse
1284 269 1370 301 solus
1391 260 1513 301 lectura
1532 268 1670 312 privare,
1693 278 1774 311 quos
1795 278 1812 300 a
1828 266 1931 311 prima

1197 319 1390 353 sufficientia
1414 321 1541 354 noverit
1566 321 1734 354 excidisse.

1240 382 1316 406 xvu.
1343 373 1377 406 ln
1403 373 1637 407 mutationibus
1654 375 1796 414 fratrum,
1817 373 1842 405 si
1861 373 1931 416 plu-

1197 435 1250 458 res
1275 426 1417 459 amoveri
1444 427 1611 471 expediat,
1637 437 1702 460 non
1727 436 1841 460 omnes
1869 425 1931 459 dis-

1196 484 1312 522 pergat
1328 479 1442 519 simul,
1464 480 1532 520 sed,
1558 482 1719 513 transacta
1735 479 1930 519 visitatione,

1937 198 1988 245 Ari.
2008 216 2037 246 C.
2053 217 2117 246 ¹691

1197 532 1316 564 sensim
1333 532 1599 576 singulatimque,
1616 543 1658 566 ne
1675 533 1863 566 scandalum
1876 531 1931 565 fiat

1197 584 1229 616 in
1255 586 1391 627 populo.

1242 648 1330 671 xviu.
1347 638 1442 671 Facta
1457 649 1534 681 ergo
1550 638 1746 678 visitatione,
1759 644 1854 682 atque
1868 647 1932 671 om-

1198 690 1293 723 nibus
1317 690 1386 723 eius
1412 691 1493 724 actis
1523 691 1644 735 scripto
1669 691 1841 731 mandatis,
1854 690 1932 723 fiant

1198 754 1215 775 a
1238 743 1405 777 visitatore
1431 744 1571 785 decreta,
1594 754 1676 788 quae
1697 744 1760 777 sibi
1784 744 1850 777 visa
1868 743 1932 776 sue·

1197 797 1261 829 rint
1279 797 1443 840 expedire,
1464 802 1561 840 prout
1579 798 1694 831 domus
1711 802 1813 831 status
1837 806 1934 839 regu-

1197 849 1339 892 larisque
1365 849 1590 883 observantiae
1615 851 1757 893 postulet
1774 848 1930 888 custodia,

1197 907 1229 934 et
1246 903 1291 935 sie
1307 903 1415 935 omnia
1432 903 1551 946 scripta
1565 909 1785 946 permaneant,
1800 900 1853 942 et¹‚
1865 901 1933 934 ubi-

1197 965 1334 998 cumque
1360 966 1443 998 opus
1469 956 1582 996 fuerit,
1609 956 1639 988 in
1666 955 1851 989 definitorio
1877 959 1933 987 aut

1197 1008 1361 1051 capitulo,
1387 1008 1482 1042 sidem
1519 1009 1649 1042 saciant.
1676 1008 1799 1042 Statuta
1833 1018 1930 1047 vero.

1196 1067 1392 1105 congregato
1417 1072 1434 1094 a
1469 1062 1632 1094 visitatore
1656 1061 1820 1104 capitulo,
1852 1060 1932 1093 inibi

1196 1116 1347 1158 legantur
1363 1143 1370 1155 ,
1400 1115 1554 1158 brevique
1580 1116 1695 1148 fratres
1719 1114 1868 1149 oratione
1894 1113 1933 1146 ad

1198 1179 1308 1202 eorum
1327 1169 1567 1201 observantiam
1587 1174 1641 1201 aut
1665 1168 1763 1201 totius
1788 1168 1871 1200 vitae
1888 1177 1934 1199 re-

1197 1221 1316 1264 gularis
1341 1221 1529 1254 inviolatam
1561 1221 1782 1263 integritatem
1815 1220 1928 1253 horte-

1197 1281 1272 1315 tur;
1300 1280 1415 1318 postea
1440 1284 1552 1307 omnes
1577 1284 1612 1307 se
1644 1279 1874 1316 prosternant,
1902 1278 1933 1306 ct

1197 1328 1306 1361 dicant
1331 1328 1489 1369 Confiteor
1516 1327 1592 1365 Dm,
1617 1331 1690 1366 elc.‚·
1715 1331 1801 1359 stans
1826 1331 1932 1358 autem

1195 1381 1343 1414 visitator
1356 1380 1499 1412 adiiciat:
1520 1379 1714 1411 misereatur
1731 1378 1838 1418 vestri,
1859 1382 1930 1417 etc„

1196 1433 1457 1475 Itzclnlglenlv'am,
1477 1436 1531 1464 ele.
1559 1444 1571 1462 α
1593 1431 1627 1463 Et
1646 1442 1717 1474 ego,
1736 1430 1931 1463 auctoritate

1196 1487 1251 1519 Dei
1271 1485 1516 1528 omnipotentis,
1535 1484 1646 1523 Patr1s‚
1666 1489 1697 1516 et
1714 1483 1795 1523 Filii,
1819 1487 1850 1515 et
1867 1482 1933 1525 Spi-

1196 1539 1278 1572 ritus
1304 1537 1432 1577 Sancti,
1459 1542 1490 1569 et
1522 1536 1714 1569 aurtoritate
1740 1536 1819 1568 milii
1845 1545 1932 1568 com-

1197 1593 1302 1631 missa,
1330 1591 1462 1623 absolvo
1485 1600 1538 1622 vos
1563 1591 1602 1622 ab
1629 1588 1716 1621 omni
1742 1589 1870 1621 vinculo
1891 1588 1933 1620 ir-

1198 1644 1427 1687 regularitatis,
1451 1642 1688 1685 suspensionis,
1715 1640 1933 1674 excommuni-

1198 1698 1334 1732 cationis
1376 1698 1459 1730 latae
1491 1697 1529 1729 ab
1564 1696 1696 1728 homine
1732 1696 1781 1728 vel
1813 1704 1831 1726 a
1862 1694 1932 1726 iure

1199 1753 1238 1795 (si
1265 1751 1442 1793 indigetis),
1460 1755 1493 1782 et
1516 1749 1555 1782 ab
1581 1749 1730 1782 omnibus
1753 1753 1934 1789 transgres-

1199 1805 1355 1843 sionibus,
1375 1803 1570 1843 excessibus,
1589 1801 1819 1835 omissionibus
1840 1810 1935 1843 regu-

1198 1860 1248 1892 lae
1275 1864 1306 1890 et
1330 1856 1601 1890 constitutionum
1627 1860 1818 1894 nostrarum,
1836 1863 1933 1897 quan·

1199 1916 1264 1943 tuni
1283 1920 1343 1952 ego
1360 1919 1513 1953 possum3
1533 1913 1564 1940 et
1586 1907 1672 1950 quod
1698 1917 1762 1940 non
1788 1916 1932 1949 possum,

1199 1964 1352 2007 suppleat
1369 1967 1400 1994 et
1424 1961 1570 2005 perficiat
1595 1960 1802 2003 omnipotens
1830 1969 1934 1992 sacer-

1200 2018 1256 2050 dos
1282 2022 1313 2048 et
1338 2024 1479 2047 summus
1503 2013 1644 2056 pontifex·
1671 2012 1823 2045 domiuus
1847 2011 1934 2044 Iesus

1199 2068 1364 2107 Christus;
1384 2072 1416 2099 et
1440 2066 1575 2107 iniungo
1593 2064 1683 2097 vobis
1707 2065 1739 2096 in
1764 2064 1934 2107 poeniten-

1201 2122 1277 2155 tiam
1320 2119 1465 2153 omnium
1505 2123 1713 2161 peccatorum
1752 2123 1932 2150 vestrorum

1201 2173 1356 2218 quidquid
1394 2171 1471 2204 boni
1509 2171 1653 2203 feceritis
1688 2176 1720 2203 et
1750 2169 1935 2213 specialiter

1201 2228 1311 2270 iugum
1337 2224 1542 2259 obedientiae
1568 2234 1604 2256 ac
1640 2223 1798 2265 regularis
1823 2222 1936 2255 obser-

1202 2279 1326 2313 vantiae
1359 2277 1578 2320 disciplinam.
1607 2276 1640 2308 In
1666 2275 1798 2308 nomine
1822 2275 1934 2312 Patris,

1202 2338 1234 2366 et
1253 2331 1337 2371 Filii,
1365 2336 1396 2363 et
1419 2330 1559 2373 Spiritus
1584 2328 1704 2362 Sancti.
1724 2329 1827 2360 Amen
1853 2339 1881 2359 ».
1901 2328 1937 2359 Et

1202 2386 1247 2419 sic
1272 2383 1477 2417 concluditur
1501 2385 1532 2415 et
1557 2381 1692 2414 solvitur
1717 2380 1868 2413 visitatio.

1246 2448 1310 2471 xix.
1348 2437 1508 2479 Tempore
1544 2433 1737 2467 visitationis
1773 2434 1936 2476 praelatus

1203 2500 1333 2533 semper
1369 2494 1422 2521 aut
1452 2488 1597 2521 visitator
1626 2498 1698 2520 eum
1728 2486 1878 2519 fratribus
1906 2486 1937 2519 iu

1205 2542 1378 2576 refectorio
1403 2541 1551 2574 comedat
1575 2541 1614 2573 de
1641 2539 1804 2572 communi
1830 2539 1935 2580 victu,

1243 2609 1250 2633 2
1276 2606 1372 2633 Forsan
1396 2608 1424 2632 ul
1445 2613 1491 2640 pro
1513 2607 1538 2631 el
1559 2603 1700 2638 legentium
1733 2609 1757 2628 n.
1775 2603 1821 2636 τ,).
