2254 3225
195 246 242 273 An.
261 245 291 273 c.
313 244 380 272 1694
425 231 490 266 664

388 295 511 330 santur,
529 292 685 332 quatenus
701 296 780 330 opus
795 285 845 325 sit,
862 285 1068 323 innovantes,
1085 283 1123 316 de

388 341 621 377 venerabilium
638 341 771 373 fratrum
784 341 970 371 nostrorum
985 336 1016 369 S.
1033 336 1070 369 R.
1086 335 1121 368 E.

389 395 604 430 cardinalium
628 392 772 427 eiusdem
792 390 926 424 Concilii
946 387 1124 422 Tridentini

390 450 626 494 interpretum,
650 447 705 491 qui
737 453 958 489 quaecumque
989 441 1125 475 antehac

391 514 490 547 super
513 500 701 546 praemissis
734 499 773 532 ab
799 499 944 541 ipsorum
970 494 1122 528 cardina-

391 556 469 590 lium
485 553 744 597 Congregatione
760 551 792 583 in
810 547 1059 599 particularibus
1076 555 1126 578 ca—

392 610 480 644 sibus
506 609 592 642 edita
628 607 779 644 decreta,
805 600 1041 636 declarationes
1068 608 1125 631 seu

392 671 549 706 responsa
572 659 611 693 ad
636 657 822 692 earumdem
848 652 1068 699 praesentium
1092 651 1126 684 li-

391 716 483 748 mites
507 711 696 746 reducenda
720 720 790 744 esse
815 711 1024 747 censuerunt,
1050 715 1126 739 con-

391 768 471 807 silio,
490 776 526 800 ac
539 765 636 799 etiam
659 768 747 797 motu
763 761 905 806 proprio,
928 765 959 794 et
983 770 1021 793 ex
1039 759 1126 793 certa

390 819 526 854 scientia
545 823 577 851 et
599 818 724 850 matura
741 814 978 849 deliberatione
995 811 1124 852 nostris,

391 873 496 916 deque
513 869 707 914 apostolicae
728 867 896 911 potestatis
914 864 1124 918 plenitudine,

390 927 430 960 ad
455 923 688 968 omnipotentis
712 922 769 955 Dei
794 921 937 965 gloriam,
963 918 1125 952 Ecclesiae

389 979 585 1019 utilitatem,
611 975 729 1010 veteris
754 974 946 1018 disciplinae
969 973 1127 1005 instaura-

390 1033 526 1073 tionem,
544 1030 710 1074 totiusque
728 1027 897 1062 christiani
915 1026 1029 1070 populi
1046 1025 1127 1059 aedi-

388 1086 587 1126 ficationem,
604 1084 665 1117 hac
678 1081 822 1126 generali
839 1081 951 1114 nostra
968 1084 1000 1112 et
1014 1078 1127 1122 perpe-

389 1144 444 1172 tuo
478 1137 617 1171 valitura
652 1135 884 1170 constitutione
921 1132 1125 1167 decernimus

390 1198 422 1226 et
447 1192 664 1231 declaramuS‚
690 1189 771 1223 nulli
796 1188 964 1232 episcopo,
992 1196 1051 1219 seu
1076 1196 1128 1219 cu-

389 1245 484 1278 iusvis
495 1244 558 1278 loci
576 1242 758 1282 Ordinatio,
774 1240 897 1284 tametsi
911 1239 1126 1273 cardinalatus

389 1300 517 1332 honore
542 1297 687 1340 fulgeat,
714 1295 811 1329 licere
837 1299 982 1328 exterum
1008 1303 1124 1336 quem-

389 1354 486 1397 piam,
504 1361 540 1385 ac
556 1351 582 1383 si
603 1350 730 1384 ratione
749 1348 893 1391 originis,
912 1358 969 1380 scu
995 1346 1128 1380 domici-

390 1406 434 1446 lii,
456 1405 545 1438 iuxta
568 1403 701 1437 modum
727 1402 861 1435 inferius
886 1399 1125 1438 declarandum,

390 1458 537 1501 legitime
552 1455 718 1495 contracti,
733 1465 798 1488 non
819 1453 993 1493 subditum,
1012 1452 1051 1484 ad
1068 1453 1128 1484 cle-

391 1512 525 1545 ricalem
557 1515 722 1543 tonsuram
752 1516 963 1551 promovere,
990 1505 1127 1538 cuiusvis

391 1563 543 1598 beneficii
569 1561 783 1596 ecclesiastici
808 1560 837 1593 ei
863 1559 969 1592 statim
994 1569 1031 1592 ac
1058 1563 1128 1591 ton-

392 1620 466 1652 sura
489 1616 674 1650 huiusmodi
699 1615 874 1657 insignitus
899 1612 996 1646 suerit
1021 1612 1129 1645 conse-

391 1671 508 1711 rendi,
541 1679 601 1703 seu
625 1668 665 1702 ad
690 1667 776 1711 quod
801 1667 827 1700 is
854 1677 870 1699 a
895 1664 1040 1709 patronis
1066 1665 1128 1697 iam

392 1727 616 1769 praesentatus
640 1731 696 1754 seu
717 1720 902 1753 nominatus
920 1718 1023 1757 suerit,
1042 1727 1129 1761 prae-

393 1781 490 1817 textu,
509 1774 635 1809 etiamsi
656 1772 850 1806 beneficium
868 1771 1071 1815 praedictum
1089 1771 1128 1804 de

393 1840 476 1863 novo
490 1830 528 1862 ea
545 1836 698 1871 expresse
717 1826 841 1859 adiecta
865 1825 937 1866 lege
962 1823 1129 1856 fundatum

394 1882 492 1916 fuisse
507 1879 689 1915 constiterit
705 1884 740 1911 ut
764 1878 835 1921 quis
853 1876 1040 1910 immediate
1057 1881 1131 1920 post

393 1935 580 1970 clericalem
615 1933 837 1966 characterem
873 1934 1059 1973 susceptum
1090 1929 1130 1963 ad

393 1988 474 2022 illud
510 1985 719 2025 instituatur;
746 1987 916 2028 praeterea
952 1981 1128 2023 clericum,

394 2043 450 2086 qui
475 2040 621 2084 legitime
646 2041 708 2072 iam
725 2049 742 2071 a
759 2036 892 2081 proprio
918 2036 1073 2080 episcopo
1090 2037 1130 2069 ad

395 2096 543 2130 eamdem
560 2092 746 2128 clericalem
767 2096 940 2130 tonsuram,
959 2099 1016 2123 seu
1034 2089 1130 2122 etiam

395 2149 435 2182 ad
452 2148 594 2181 minores
609 2145 739 2179 ordines
756 2148 921 2187 promotus
939 2142 1046 2182 suerit,
1065 2152 1130 2175 non

395 2211 492 2246 posse
509 2201 548 2233 ab
566 2199 629 2232 alio
647 2198 812 2241 episcopo,
839 2196 966 2229 ratione
983 2205 1019 2228 ao
1036 2196 1130 2229 titulo

397 2255 631 2295 cuiuscumque
652 2250 802 2284 beneficii
826 2250 860 2283 in
884 2249 970 2282 illius
992 2249 1130 2282 dioecesi

397 2307 533 2346 obtenti,
548 2306 587 2339 ad
600 2304 774 2338 ulteriores
793 2303 923 2337 ordines
937 2302 1132 2346 promoveri,

396 2360 460 2395 nisi
477 2364 552 2393 ante
573 2357 763 2392 eorumdem
787 2356 1026 2400 susceptionem
1048 2356 1133 2389 testi-

396 2414 556 2448 moniales
590 2411 714 2445 litteras
739 2409 864 2454 proprii
898 2409 1043 2453 episcopi
1071 2414 1132 2443 tam

397 2466 534 2510 originis
560 2474 657 2509 quam
681 2462 838 2497 domicilii
862 2473 961 2505 super
985 2463 1052 2495 suis
1077 2473 1133 2496 na-

399 2520 524 2560 talibus,
550 2522 668 2557 aetate,
692 2515 835 2549 moribus
855 2520 886 2547 et
899 2515 960 2547 vita
980 2515 1040 2548 sibi
1057 2526 1133 2549 con-

398 2574 468 2608 cedi
494 2569 694 2611 obtinuerit,
720 2578 839 2612 easque
866 2568 1019 2611 episcopo
1046 2569 1133 2602 ordi-

398 2626 487 2662 nanti
509 2626 542 2660 in
563 2625 641 2659 actis
661 2623 748 2657 illius
765 2622 875 2656 curiae
893 2623 1130 2656 conservandas

966 234 1144 260 BULLAl'tlUM
1169 233 1321 259 ROMANUM

1166 283 1358 316 exhibuerit.
1388 283 1475 317 Licet
1508 293 1582 317 vero
1613 284 1749 318 clericus
1774 286 1898 320 ratione

1166 335 1304 369 cuiusvis
1328 335 1477 369 beneficii
1496 337 1529 369 in
1554 337 1657 371 aliena
1683 338 1824 372 dioecesi
1843 339 1900 373 ob-

1167 388 1246 420 tenti
1271 388 1386 422 subiici
1422 388 1546 424 dicatur
1576 390 1791 425 iurisdictioni
1815 392 1899 427 illius

1167 440 1312 484 episcopi
1347 441 1381 474 in
1415 442 1503 476 cuius
1530 442 1670 477 dioecesi
1705 444 1899 479 beneficium

1168 492 1350 527 huiusmodi
1376 494 1473 528 situm
1498 500 1557 535 est,
1584 506 1653 529 eam
1678 495 1759 530 tam¹
1784 497 1823 531 de
1848 508 1900 531 ce-

1169 552 1238 580 tero
1274 547 1335 580 hac
1365 548 1398 581 in
1423 559 1456 581 re
1486 549 1679 583 inconcusse
1704 551 1826 584 servari
1849 562 1902 585 vo-

1167 600 1270 632 lumus
1296 601 1458 643 regulam,
1476 607 1510 634 ut
1526 611 1622 636 nemo
1647 603 1806 637 eiusmodi
1830 604 1903 638 sub-

1167 651 1340 687 iectionem
1358 654 1397 687 ad
1418 653 1564 688 effectum
1594 655 1791 700 suscipiendi
1818 657 1903 692 ordi-

1168 715 1224 739 nes
1241 706 1408 750 acquirere
1433 712 1615 749 censeatur,
1628 709 1689 742 nisi
1708 709 1902 744 beneficium

1168 759 1369 802 praedictum
1386 760 1454 793 eius
1479 761 1520 794 sit
1543 761 1688 795 redditus
1713 768 1748 795 ut
1769 763 1808 797 ad
1828 773 1904 797 con-

1168 822 1279 855 gruam
1303 812 1385 845 vitae
1410 814 1702 856 sustentationem,
1726 815 1791 849 sive
1816 815 1905 849 iuxta

1169 871 1271 899 taxam
1296 866 1486 910 synodalem
1501 894 1508 908 ,
1535 867 1601 901 sive
1617 895 1624 908 ‚
1647 869 1684 901 ea
1709 868 1901 910 deficiente,

1169 918 1256 965 iuxta
1279 929 1402 952 morem
1424 920 1564 962 regionis
1590 930 1648 964 pro
1673 921 1903 964 promovendis

1169 972 1208 1004 ad
1233 981 1338 1005 sacros
1371 972 1503 1006 ordines
1519 999 1528 1014 ,
1555 973 1706 1007 detractis
1730 974 1904 1017 oneribus,

1169 1035 1226 1068 per
1250 1035 1285 1058 se
1311 1024 1461 1066 sufficiat,
1484 1026 1631 1070 illudque
1657 1026 1696 1059 ab
1721 1026 1904 1061 ordinando

1169 1077 1300 1122 pacifice
1317 1079 1534 1122 possideatur,
1553 1079 1679 1113 sublata
1699 1090 1905 1125 quacumque

1169 1132 1319 1165 facultate
1345 1132 1519 1176 supplendi
1550 1132 1638 1176 quod
1663 1132 1816 1166 deficeret
1839 1133 1907 1166 sru-

1170 1184 1273 1219 ctibus
1291 1185 1436 1218 eiusdem
1453 1186 1604 1220 beneficii
1630 1197 1701 1220 cum
1722 1186 1906 1221 adiectione

1170 1238 1357 1283 patrimonii
1382 1240 1479 1272 etiam
1507 1240 1637 1283 pinguis
1655 1241 1740 1284 quod
1765 1241 1833 1284 ipse
1858 1251 1908 1274 or-

1171 1292 1330 1325 dinandus
1348 1292 1380 1325 in
1401 1293 1513 1326 eadem
1530 1303 1587 1326 seu
1611 1293 1673 1326 alia
1691 1294 1800 1337 quavis
1820 1293 1908 1327 dioe-

1170 1345 1235 1378 cesi
1261 1345 1448 1379 obtineret:
1474 1356 1509 1378 ac
1541 1346 1716 1390 episcopus
1746 1346 1791 1379 sic
1814 1346 1904 1380 ordi-

1170 1409 1250 1431 nans
1277 1405 1340 1431 tam
1366 1399 1405 1431 de
1429 1399 1601 1441 praedictis
1634 1399 1908 1433 testimonialibus

1158 1451 1285 1484 *litteris
1323 1461 1419 1495 quam
1445 1451 1482 1484 de
1508 1452 1638 1485 redditu
1674 1452 1823 1486 beneficii
1849 1453 1909 1486 hu-

1170 1504 1311 1537 iusmodi
1337 1514 1523 1547 expressam
1540 1504 1573 1537 in
1594 1507 1751 1538 consueta
1772 1505 1908 1539 collato-

1171 1567 1242 1590 rum
1278 1556 1429 1592 ordinum
1466 1557 1671 1591 attestatione
1706 1558 1907 1591 mentionem

1171 1611 1276 1643 facere
1302 1610 1445 1643 debebit.

1215 1663 1230 1706 ἓ
1253 1663 1285 1695 4.
1313 1662 1460 1697 Ceterum
1485 1663 1634 1697 subditus
1661 1664 1786 1698 ratione
1811 1664 1909 1709 origi-

1172 1716 1221 1749 nis
1239 1716 1264 1749 is
1282 1721 1406 1749 tantum
1425 1717 1464 1749 sit
1482 1727 1518 1749 ac
1535 1727 1607 1750 esse
1626 1717 1836 1761 intelligatur,
1853 1718 1907 1763 qui

1172 1769 1363 1803 naturaliter
1388 1775 1477 1803 ortus
1504 1775 1552 1803 est
1577 1771 1610 1803 in
1635 1772 1673 1804 ea
1696 1771 1847 1812 dioecesi,
1876 1772 1909 1805 in

1173 1833 1236 1867 qua
1260 1823 1299 1856 ad
1332 1823 1463 1857 ordines
1498 1825 1684 1868 promoveri
1722 1825 1907 1866 desiderat,

1173 1876 1349 1910 dummodo
1371 1882 1478 1910 tamen
1498 1877 1542 1910 ibi
1560 1882 1652 1911 natus
1671 1888 1737 1911 non
1755 1878 1855 1911 suerit
1872 1889 1909 1912 ex

1173 1929 1352 1970 accidenti,
1378 1931 1547 1964 occasione
1578 1931 1729 1964 nimirum
1762 1931 1908 1973 itineris,

1174 1983 1282 2024 officii,
1301 1983 1485 2026 legationis,
1506 1990 1718 2025 mercaturae,
1737 1986 1787 2018 vel
1806 1986 1911 2019 cuius-

1173 2036 1218 2070 vis
1243 2037 1375 2070 alterius
1409 2038 1595 2081 temporalis
1619 2048 1730 2072 morae
1755 2049 1811 2072 seu
1835 2049 1912 2083 per-

1174 2090 1357 2123 manentiae
1382 2090 1451 2123 eius
1475 2090 1575 2134 patris
1599 2091 1632 2124 in
1649 2092 1706 2124 illo
1724 2092 1816 2133 loco;
1846 2102 1910 2136 quo

1174 2153 1249 2177 casu
1270 2144 1457 2176 nullatenus
1473 2143 1633 2177 eiusmodi
1651 2144 1783 2177 fortuita
1802 2145 1912 2178 nativi-

1175 2200 1221 2229 tas
1237 2222 1244 2237 ,
1265 2195 1321 2229 sed
1340 2206 1415 2229 vera
1433 2200 1554 2229 tantum
1583 2202 1615 2230 et
1634 2197 1788 2230 naturalis
1808 2197 1910 2241 patris

1174 2249 1264 2292 origo
1279 2248 1340 2282 erit
1356 2248 1562 2283 attendenda.
1581 2248 1669 2289 Quod
1688 2250 1713 2283 si
1732 2250 1802 2294 quis
1820 2255 1910 2285 tanto

1175 2302 1330 2346 temporis
1354 2302 1458 2346 spatio
1482 2303 1515 2335 in
1540 2312 1578 2336 eo
1603 2303 1692 2344 loco,
1718 2303 1750 2336 in
1776 2314 1841 2347 quo
1872 2315 1910 2338 ex

1175 2355 1342 2397 accidenti,
1364 2356 1445 2390 sicut
1468 2356 1687 2400 praemittitur
1701 2384 1710 2398 ,
1731 2362 1824 2391 natus
1849 2363 1908 2399 est,

1175 2419 1298 2442 moram
1323 2409 1467 2450 traxerit,
1486 2414 1521 2442 ut
1544 2409 1689 2452 potuerit
1713 2409 1836 2444 ibidem
1860 2421 1912 2444 ca-

1175 2464 1294 2496 nonico
1313 2462 1420 2506 aliquo
1434 2463 1666 2506 impedimento
1681 2463 1812 2506 irretiri,
1833 2468 1913 2498 tunc

1176 2517 1273 2550 etiam
1290 2516 1329 2550 ab
1347 2516 1517 2549 Ordinario
1543 2516 1611 2550 eius
1636 2517 1698 2549 loci
1723 2517 1850 2551 litteras
1868 2523 1914 2551 te·

1176 2570 1386 2610 stimoniales,
1408 2574 1442 2601 ut
1466 2579 1573 2612 supra,
1591 2568 1749 2611 obtinere,
1775 2570 1910 2617 illasque

1213 2634 1222 2659 1
1246 2632 1339 2659 Potius
1358 2631 1417 2666 lege
1437 2634 1535 2659 tamen
1557 2632 1592 2667 (R.
1608 2632 1659 2667 Τ.).

1908 238 1956 265 An.
1973 238 2002 267 C.
2024 239 2092 267 ¹694

1946 1676 1976 1698 Da
1987 1675 2103 1697 ordinatio-

1919 1709 1945 1724 ne
1977 1703 2103 1724 clericorum

1920 1730 2001 1752 ratione
2010 1730 2105 1755 origini!-
