2254 3225
213 224 262 251 An.
280 225 309 251 c.
333 225 401 251 1694
446 216 510 250 596
983 227 1162 252 nummum
1185 227 1339 252 ROMANUM

404 275 558 307 lationem
583 275 777 319 perciperet,
803 280 835 310 et
859 275 921 320 ipsi
944 282 1143 320 protectores
1186 276 1395 310 Pontificibus
1438 274 1744 319 praedecessoribus
1789 273 1922 318 provide

403 337 555 370 magnum
576 329 661 372 apud
678 329 779 362 Deum
795 329 975 373 praemium
993 331 1146 364 sortiren-
1169 327 1305 362 [statuta
1325 334 1356 362 et
1373 329 1523 362 ordinata
1546 329 1683 369 fuerant,
1704 328 1829 361 illibata
1852 337 1923 370 per-

404 385 478 422 tur,
509 386 541 414 et
564 393 666 426 super
698 384 861 417 contrario
885 394 952 417 non
977 389 1145 428 oporteret
1168 382 1349 422 1durarent,
1376 392 1452 415 suae
1478 381 1721 425 approbationis
1745 380 1922 414 munimine

405 433 510 467 dictae
533 434 626 468 Sedis
658 435 898 479 providentiam
930 437 1017 470 aliud
1041 447 1144 470 reme·
1187 435 1346 475 solidavit,
1366 435 1595 478 interpretatus
1612 435 1671 467 fuit
1688 439 1720 467 et
1737 433 1921 474 declaravit,

405 486 494 519 dium
519 487 686 521 adhibere.
1187 493 1282 530 prout
1305 488 1406 531 ipsius
1432 487 1560 520 Ordinis
1591 486 1818 531 tranquillitati
1847 496 1923 520 con-

237 549 395 580 canssrmataqt
450 539 516 582 §3
544 540 728 575 Successive
748 542 943 576 recolendae
967 541 1143 575 memoriae
1187 540 1292 582 spexit
1327 540 1503 573 salubriter
1542 540 1708 582 expedire.
1745 539 1923 572 praemissa

211 576 397 623 ‘lss'ss'is'ssssssiffisii'ss
407 592 514 626 Sixtus
539 593 625 637 Papa
648 594 695 634 IV,
711 595 809 628 etiam
833 595 1067 638 praedecessor
1087 605 1146 628 no-
1187 592 1284 633 igitur
1309 593 1466 625 dictarum
1487 592 1655 625 memorati
1674 591 1818 634 Gregorii
1836 601 1924 635 prae-

1925 222 1974 251 An.
1994 223 2021 251 C.
2043 224 2112 252 1694

209 626 356 677 (gfff-lvxi
383 635 474 678 aster
499 645 576 689 (qui,
593 656 666 679 cum
685 646 746 678 sibi
771 647 804 679 in
821 647 1002 680 minoribus
1027 647 1146 680 consti-

406 703 476 731 tuto
500 699 671 731 memorati
692 698 821 732 Ordinis
838 700 998 742 generalis
1016 710 1093 732 cura
1115 704 1146 732 et

406 751 642 786 administratio
656 752 865 794 incubuisset,
884 753 1144 793 saluberrimum,

405 809 625 848 opportunum
642 810 673 839 et
689 806 905 839 necessarium
930 806 1014 839 dicto
1032 806 1144 839 Ordini

406 857 503 891 fuisse
527 863 752 902 conspexerat,
774 865 808 892 ut
832 864 1043 902 protectores,
1060 859 1145 892 ultra

406 909 583 953 praefixum
618 911 658 944 ab
694 911 841 945 eiusdem
866 912 996 945 Ordinis
1021 913 1144 954 regula,

406 963 633 999 auctoritatem
656 976 722 998 non
747 966 972 1006 extenderent,
991 975 1064 997 nain
1091 976 1143 998 ex-

406 1022 518 1060 pertus
531 1018 635 1051 suerat
648 1023 679 1051 et
691 1018 816 1051 viderat
831 1024 951 1062 quanta
961 1029 1031 1061 pax,
1042 1018 1143 1061 quies,

406 1070 527 1104 utilitas
545 1098 553 1112 ,
584 1076 768 1115 quantaque
800 1072 971 1104 commoda
1000 1071 1145 1114 praefato

406 1124 520 1156 Ordini
544 1129 577 1157 et
597 1124 749 1157 fratribus
775 1125 920 1157 eiusdem
945 1135 982 1157 ex
1007 1122 1098 1158 firma
1115 1130 1147 1157 et

408 1177 601 1210 inconcussa
624 1178 842 1220 praefatarum
867 1178 1046 1210 litterarum
1068 1177 1144 1210 dicti

407 1230 555 1272 Gregorii
586 1230 709 1274 pariter
739 1231 999 1274 praedecessoris
1033 1231 1146 1263 obser-

407 1283 513 1316 vantia
526 1289 755 1326 provenerant,
774 1294 855 1327 quae
874 1289 903 1316 et
922 1288 1059 1326 quantae
1073 1293 1146 1327 per-

409 1336 633 1377 turbationes,
666 1336 817 1376 iacturae,
843 1336 1061 1377 incommoda,
1091 1336 1146 1369 da-

407 1399 482 1422 mna
507 1394 538 1422 et
563 1389 670 1432 gravia
695 1389 847 1422 scandala
864 1390 896 1422 in
918 1389 1002 1422 dicto
1027 1389 1146 1422 Ordine

408 1442 562 1475 suscitata
580 1443 716 1483 fuerant,
740 1442 865 1486 quoties
886 1443 973 1475 illius
989 1448 1146 1486 protecto-

408 1506 471 1537 res,
496 1506 572 1529 suae
608 1496 810 1529 auctoritatis
835 1496 956 1529 limites
988 1497 1146 1529 excedere

408 1554 613 1589 attentantes
631 1549 664 1582 in
688 1549 936 1592 particularibus
961 1549 1036 1582 dicti
1061 1550 1148 1582 Ordi-

408 1602 458 1635 nis
483 1607 516 1635 et
535 1602 669 1635 fratrum
695 1602 837 1635 eiusdem
864 1602 967 1635 causis
992 1607 1024 1635 et
1048 1613 1148 1645 nego-

411 1655 461 1688 ·iis
479 1665 513 1688 se
539 1655 766 1696 intromittere,
785 1660 816 1688 et
832 1657 990 1698 usurpata
1015 1655 1076 1688 sibi
1094 1667 1148 1688 au-

409 1708 560 1742 ctoritate
577 1719 614 1742 ca
629 1709 751 1749 videre,
769 1719 979 1751 cognoscere,
1004 1708 1146 1742 iudicare

411 1767 443 1795 et
468 1762 646 1795 decernere
670 1763 864 1805 voluerant),
891 1762 1023 1805 cupiens
1043 1768 1078 1794 ut
1100 1773 1149 1795 re-

410 1814 488 1857 ligio
516 1819 548 1847 et
572 1814 655 1848 Ordo
680 1815 856 1858 praefatus,
874 1825 970 1858 quem
996 1814 1148 1848 affectuo-

410 1867 537 1900 sissima
555 1867 710 1900 charitate
729 1867 1014 1910 complectebatur,
1035 1872 1147 1910 utpote

412 1919 485 1962 quia
509 1920 542 1952 in
564 1930 602 1952 eo
624 1930 640 1952 a
665 1920 786 1952 teneris
811 1920 903 1952 annis
930 1920 1098 1961 enutritus,
1117 1926 1149 1953 et

411 1971 569 2008 doctrina,
594 1983 630 2006 ac
665 1973 867 2015 regularibus
905 1973 1083 2016 disciplinis
1117 1978 1149 2006 et

410 2026 556 2059 moribus
580 2025 745 2058 institutus
771 2026 884 2066 fuerat,
914 2026 1023 2069 quicto
1049 2026 1149 2059 consi-

412 2084 498 2111 stens
523 2083 624 2119 statu,
654 2079 825 2111 virtutibus
850 2084 881 2112 et
904 2079 1026 2111 meritis
1051 2090 1149 2122 auge-

410 2137 501 2164 retur
526 2137 557 2164 et
580 2131 863 2174 multiplicaretur,
881 2136 915 2164 ut
939 2131 1013 2164 fidei
1039 2132 1148 2165 catho-

412 2184 492 2217 licae
511 2189 542 2217 et
559 2184 753 2217 christianae
771 2184 970 2227 reipublicae
996 2195 1149 2227 augmen-

414 2245 480 2270 tum
507 2242 539 2270 et
556 2237 723 2280 multiplex
749 2248 785 2270 ao
801 2238 939 2270 solidum
964 2238 1150 2271 fundamen-

413 2295 479 2323 tum
498 2300 535 2323 ex
553 2290 698 2323 eiusdem
709 2290 835 2323 Ordinis
849 2291 982 2324 fratrum
996 2292 1148 2334 operibus

413 2348 446 2376 et
462 2343 628 2386 exempli··‚
644 2343 809 2386 sapientia,
829 2344 1015 2387 splendore,
1035 2355 1070 2377 ac
1087 2345 1150 2377 sru-
1168 2379 1170 2385 ,

413 2397 534 2430 ctuosis
555 2397 670 2430 studiis
697 2404 725 2429 et
752 2397 1051 2440 praedicationibus
1079 2409 1148 2441 pro-

412 2451 571 2490 venirent,
586 2450 831 2494 promptissimo
845 2455 876 2482 ct
888 2450 1013 2483 liberali
1030 2451 1147 2486 animo.

412 2504 458 2537 uti
484 2504 615 2547 dignum
642 2503 765 2537 censuit
793 2508 824 2536 ct
848 2503 1011 2544 debitum,
1038 2509 1072 2535 ut
1097 2514 1146 2541 ca,

413 2568 496 2602 quae
521 2567 579 2601 pro
605 2557 704 2600 ipsius
730 2556 857 2589 Ordinis
889 2556 1012 2599 quiete,
1043 2567 1146 2599 pace,

413 2611 648 2655 tranquillitate
671 2616 702 2643 et
727 2609 944 2653 prosperitate
962 2620 978 2643 a
996 2609 1147 2644 Romanis

1188 645 1365 677 decessoris
1383 645 1561 677 litterarum
1575 645 1761 684 insertione,
1780 654 1816 677 ac
1832 654 1925 687 prae-

1189 697 1236 729 via
1261 698 1444 730 huiusmodi
1482 698 1665 737 narrativa,
1699 698 1784 730 idem
1820 697 1923 730 Sixtus

1188 751 1430 793 praedecessor⁷
1444 755 1479 783 ut
1493 751 1531 783 de
1550 756 1655 784 cetero
1673 750 1775 794 ipsius
1794 750 1923 783 Ordinis

1186 803 1428 846 professoribus
1453 802 1557 836 omnis
1584 802 1739 846 evagandi
1766 808 1853 836 extra
1875 813 1925 836 re-

1187 856 1342 899 ligionem
1369 856 1494 890 occasio
1520 858 1701 904 tolleretur,
1721 862 1752 890 et
1768 867 1843 890 vera
1859 856 1925 890 suis

1188 910 1339 953 praelatis
1365 910 1572 951 obedientia,
1604 911 1636 943 in
1662 921 1725 954 qua
1756 910 1925 953 religionis

1187 974 1296 996 verum
1314 968 1345 996 et
1365 963 1506 996 solidum
1521 963 1764 1004 fundamentum
1778 969 1808 996 et
1826 963 1926 996 robur

1189 1015 1356 1056 consistit,
1383 1016 1612 1056 exhiberetur,
1637 1016 1839 1059 praefatique
1869 1015 1926 1048 Or—

1190 1069 1274 1102 dinis
1312 1074 1344 1101 et
1376 1069 1511 1101 fratrum
1553 1069 1698 1102 eiusdem
1732 1069 1863 1112 negotia
1894 1073 1927 1101 et

1189 1133 1313 1162 causae,
1326 1133 1389 1155 non
1408 1123 1496 1162 alibi,
1514 1133 1622 1166 neque
1640 1133 1698 1166 per
1717 1122 1808 1163 alios,
1832 1134 1926 1165 quam

1189 1177 1221 1208 in
1246 1175 1316 1218 ipso
1342 1175 1462 1208 Ordine
1488 1181 1519 1208 ct
1543 1186 1602 1219 per
1633 1176 1735 1219 ipsius
1765 1176 1926 1218 praelatos

1189 1234 1411 1268 tractarentur,
1431 1228 1642 1270 agitarentur,
1660 1228 1881 1260 iudicarentur
1896 1233 1927 1260 et

1191 1281 1493 1320 determinarentur,
1514 1286 1589 1313 tunc
1607 1280 1774 1313 existentis
1797 1291 1928 1323 genera—

1190 1334 1228 1367 lis
1250 1334 1325 1367 dicti
1343 1334 1471 1367 Ordinis
1488 1334 1627 1367 ministri
1653 1345 1688 1367 ac
1713 1334 1812 1367 totius
1833 1344 1927 1377 gene-

1190 1388 1266 1420 ralis
1284 1388 1418 1431 capituli
1436 1388 1468 1420 in
1490 1388 1550 1421 liae
1573 1393 1666 1431 parte
1684 1387 1928 1431 supplicationi-

1189 1441 1269 1474 bus¹
1291 1442 1476 1482 inclinatus,
1495 1441 1725 1475 inhibitionem
1744 1452 1779 1474 ac
1799 1442 1925 1475 litteras

1190 1495 1347 1538 praefatas
1358 1495 1530 1528 memorati
1542 1494 1688 1537 Gregorii
1700 1495 1927 1538 praedecesso-

1190 1547 1234 1579 ris
1252 1548 1444 1581 auctoritate
1463 1548 1641 1591 apostolica
1661 1558 1795 1580 suarum
1815 1553 1926 1580 tenore

1190 1601 1370 1634 litterarum
1396 1601 1600 1644 approbavit,
1629 1606 1661 1634 et
1684 1601 1785 1634 robur
1808 1611 1928 1644 perpe—

1191 1659 1264 1685 tuae
1280 1653 1443 1686 firmitatis
1464 1654 1613 1686 obtinere
1632 1654 1752 1687 debere
1772 1654 1925 1687 decrevit.

1190 1706 1227 1739 Et
1242 1716 1301 1749 per
1318 1717 1370 1739 eas
1390 1706 1568 1749 protectori
1595 1707 1739 1749 praefato
1764 1717 1824 1749 pro
1847 1712 1928 1739 tem-

1190 1769 1269 1802 pore
1295 1759 1468 1799 existenti,
1501 1759 1561 1791 nisi
1597 1759 1628 1791 in
1654 1759 1718 1792 illis
1743 1759 1871 1792 casibus
1896 1765 1928 1792 et

1191 1811 1336 1844 articulis
1355 1811 1385 1843 in
1405 1813 1516 1854 regula
1537 1812 1693 1845 dictorum
1720 1813 1853 1845 fratrum
1879 1823 1928 1846 ex·

1189 1864 1310 1907 pressis
1343 1867 1373 1897 ct
1396 1865 1532 1907 praefati
1558 1864 1705 1908 Gregorii
1732 1866 1928 1909 praedeces-

1191 1917 1272 1950 soris
1298 1917 1414 1950 littcris
1441 1917 1622 1958 declaratis,
1652 1929 1760 1962 neque
1787 1919 1819 1950 in
1843 1918 1927 1958 illis,

1191 1970 1266 2002 dum
1291 1981 1356 2002 non
1382 1970 1535 2010 universi,
1554 1971 1611 2003 sed
1636 1971 1733 2014 aliqui
1750 1968 1852 2014 ipsius
1872 1970 1929 2003 Or-

1192 2023 1274 2056 dinis
1300 2023 1501 2066 professores
1533 2023 1565 2055 in
1596 2024 1707 2067 quovis
1744 2034 1880 2056 numero
1910 2034 1927 2056 a

1191 2076 1264 2108 fidei
1292 2075 1415 2108 unitate
1441 2075 1492 2109 et³
1516 2081 1738 2110 sacrosanctae
1764 2077 1926 2109 Romanae

1190 2129 1351 2162 Ecclesiae
1372 2129 1556 2162 obedientia
1573 2130 1749 2170 deviarent,
1766 2131 1813 2162 vel
1832 2140 1928 2172 regu-

1191 2184 1253 2216 lam
1266 2182 1443 2225 praefatam
1459 2193 1525 2215 non
1542 2188 1720 2222 servarent,
1735 2183 1806 2216 sed⁸
1824 2184 1862 2216 de
1878 2193 1927 2216 eo-

1191 2236 1339 2268 rumdem
1354 2235 1549 2267 deviantium
1564 2241 1595 2268 et
1608 2246 1673 2268 non
1686 2235 1927 2268 observantium

1191 2290 1335 2330 regulam
1361 2287 1565 2321 correctione
1597 2294 1652 2320 aut
1677 2288 1863 2321 reductione
1891 2299 1927 2321 ae

1191 2342 1261 2375 aliis
1286 2341 1484 2383 qvibuslibet
1516 2341 1620 2374 causis
1656 2347 1688 2373 et
1711 2342 1848 2383 negotiis
1880 2341 1928 2373 di-

1191 2396 1232 2428 cti
1259 2394 1386 2428 Ordinis
1411 2406 1445 2427 se
1471 2394 1723 2433 intromitteret,
1751 2394 1926 2427 inhibitum

1192 2449 1297 2488 fuisse,
1325 2449 1409 2481 dicta
1436 2447 1624 2480 auctoritate
1651 2447 1792 2480 decrevit
1816 2452 1847 2480 et
1871 2447 1927 2480 de·

1227 2528 1235 2554 1
1262 2527 1333 2554 Edit.
1356 2527 1433 2554 Main.
1454 2526 1519 2560 legit
1536 2526 1767 2561 supplicantibus
1782 2526 1824 2562 (n.
1839 2526 1889 2562 T.).

1225 2573 1240 2597 :2
1261 2572 1402 2599 Cottiunrt.
1424 2573 1449 2597 el
1470 2579 1516 2596 nos
1536 2570 1658 2596 addimus
1677 2571 1713 2605 (n.
1735 2571 1782 2605 72).

1226 2617 1241 2644 3
1262 2616 1394 2644 [anticum
1414 2617 1462 2642 secl
1482 2624 1591 2650 prorsus
1611 2615 1723 2642 delenda
1743 2619 1779 2651 (R.
1801 2616 1849 2651 T.)-
