2227 3225
102 257 152 285 Αη.
167 257 198 284 G.
221 255 288 284 ¹698

890 252 1101 277 INNOCEN'rtus
1126 253 1168 276 xtt
1193 253 1241 276 1³1³.

295 305 439 348 fratrum
472 302 650 337 Ordinibus
667 306 695 334 e!
713 301 1038 344 Conyreqatiom'lms,

296 357 497 389 obedientiae
527 355 676 387 ministri
706 354 867 398 (letteralis
898 355 1038 397 fratrum

297 410 463 442 Minorum
488 408 520 442 S.
536 409 707 442 Francisci
729 408 890 448 subiectis,
918 419 1039 440 necnon

296 473 316 494 a
334 462 535 495 monialibus
550 462 828 505 Conceplionistis,
847 461 1039 501 Cotetmzeis,

297 515 334 548 de
348 516 572 554 Amzunliala,
592 521 619 548 et
638 513 778 547 aliorum
801 516 1039 555 institutorum,

297 579 380 612 quae
397 568 453 601 sub
471 568 581 601 effidem
598 569 777 601 obedientia
792 569 933 602 debiam
948 580 1037 613 prac-

296 625 382 654 slant
396 621 569 655 Alti'sse'mo
584 622 773 666 obsequium
787 627 815 655 e!
829 623 1042 666 famulatum,

296 676 430 708 onmino
457 675 592 708 {citanda
617 680 677 709 est:
704 682 890 719 propterea,
917 686 956 708 ne
984 676 1043 708 sra-

299 734 362 762 tres
384 740 421 762 ac
446 730 602 763 moniales
628 730 729 763 nostri
748 730 908 774 seraphici
929 734 1042 763 coetus

299 782 469 816 commodo
497 782 624 816 ritualis
641 788 673 816 et
691 783 952 821 caeremonialis,
969 793 1043 815 nec-

298 846 363 868 non
389 836 622 880 martyrologii,
649 837 808 870 diurnalis
841 848 877 869 ac
906 836 1042 869 missalis

299 889 530 931 praefatorum,
557 890 609 922 diu
638 896 780 928 careant,
807 895 838 923 et
870 890 909 923 ab
936 890 1043 922 obser-

299 942 402 975 vando
422 943 624 986 praescripto
642 944 863 986 praeinsertae
882 943 1043 982 rubricae,

300 996 477 1038 apostolica
503 997 698 1030 auctoritate
725 1003 759 1030 ut
784 997 968 1040 praefertur
994 1007 1043 1040 ap·

299 1049 476 1092 probatae,
515 1062 548 1083 se
589 1051 823 1094 quoquomodo
861 1056 1040 1090 excusent,

300 1108 411 1137 tenore
455 1105 678 1147 praesentium
719 1104 825 1137 eidem
865 1104 1042 1137 consultori

300 1159 524 1191 commisimus
550 1165 581 1192 et
608 1159 637 1191 in
664 1159 802 1191 Domino
837 1159 1044 1191 commenda-

299 1211 414 1251 vimus,
440 1217 474 1244 ut
492 1212 679 1255 praedictos
698 1212 798 1244 libros
817 1212 914 1244 divini
934 1211 1042 1251 officii,

300 1265 446 1298 nondum
463 1267 647 1309 impressos,
661 1266 696 1299 ad
713 1265 950 1309 praescriptum
967 1276 1044 1298 vero

301 1319 495 1359 kalendarii,
522 1320 724 1352 rubricarum
758 1325 789 1352 et
824 1319 985 1360 breviatii,
1010 1324 1046 1351 ut

302 1373 535 1416 praediximus,
568 1373 753 1416 dispositos,
781 1373 850 1405 sine
876 1373 941 1405 ulla
965 1374 1045 1406 ulte-

301 1426 380 1460 riori
406 1430 496 1460 mora
521 1427 641 1459 Romae
668 1427 751 1470 typis
778 1427 933 1459 mandare
954 1436 1046 1458 cura-

302 1485 373 1513 ret:
401 1481 493 1513 vobis
520 1486 627 1514 autem
653 1479 803 1513 omnibus
826 1486 888 1512 tam
905 1479 1044 1512 subditis

301 1544 397 1577 quam
423 1533 647 1577 superioribus
673 1533 795 1573 stricte,
822 1544 857 1565 ac
884 1533 943 1565 sub
969 1543 1046 1576 poe-

301 1587 352 1620 nis
383 1587 545 1620 contentis
582 1587 613 1619 in
651 1587 808 1620 Brevibus
842 1586 922 1620 Cum
947 1587 1042 1626 sicut,

302 1639 354 1673 die
377 1651 431 1674 xxi
456 1640 643 1673 novembris
670 1649 821 1679 Mncxcvt,
854 1645 885 1672 et
916 1639 1046 1682 Exponi

301 1694 405 1735 nobis,
424 1694 475 1727 die
493 1704 530 1728 111
551 1693 734 1727 decembris
752 1702 907 1727 uocxevn
933 1703 949 1725 a
975 1703 1046 1726 san-

303 1747 446 1780 ctissimo
479 1747 611 1780 domino
644 1752 758 1780 nostro
792 1757 851 1790 pro
884 1747 1046 1789 approba-

302 1800 404 1840 tione,
427 1811 487 1833 usu
514 1806 545 1834 et
569 1800 783 1843 impressione
805 1800 956 1832 breviarii
982 1800 1044 1832 iam

304 1853 382 1886 dieti
409 1853 578 1897 expeditis,
596 1853 828 1897 praecipimus,
846 1853 1046 1895 iniungimus

304 1912 337 1940 et
352 1908 555 1948 mandamus,
578 1913 622 1947 ut,
640 1912 814 1950 postquam
836 1905 910 1939 libri
935 1907 1047 1939 buius-

303 1961 393 1994 modi
415 1960 535 1993 Romae
561 1961 674 2003 praelo
700 1959 843 1992 mandati
870 1959 1047 1999 extiterint,

304 2024 406 2058 aeque
429 2014 459 2046 in
486 2014 633 2057 ipsorum
658 2024 729 2053 usu,
751 2019 781 2046 et
801 2013 938 2046 aliorum
964 2013 1047 2046 serie

304 2066 436 2101 similis¹
462 2067 636 2100 reiectione
661 2072 693 2099 et
717 2066 902 2106 abolitione,
920 2077 974 2099 vos
993 2077 1048 2109 ge-

304 2121 394 2161 ratis,
421 2131 456 2153 ac
493 2120 682 2160 teneamini,
708 2120 795 2153 iuxta
831 2121 1047 2162 praefatorum

305 2174 454 2207 Brevium
490 2174 752 2217 praescriptum,
788 2174 847 2206 soli
884 2173 1047 2207 breviario

305 2233 486 2262 memorato
523 2228 643 2271 ubique
680 2233 712 2260 et
748 2228 780 2260 in
814 2227 967 2261 omnibus
993 2238 1048 2260 vos

304 2279 394 2324 ipsos
419 2282 646 2315 conformare:
674 2281 720 2313 sic
745 2281 831 2314 enirn
852 2286 883 2313 ct
902 2291 967 2313 non
993 2281 1049 2313 ali-

307 2339 356 2367 ter
380 2334 562 2368 executioni
581 2334 732 2367 mandata
754 2334 939 2367 censebitur
964 2344 1052 2367 com-

306 2387 417 2421 missio
434 2387 679 2431 praedecessori
701 2393 814 2420 nostro
840 2399 857 2420 a
882 2387 1051 2420 Sanctissi-

308 2450 361 2473 mo
386 2441 527 2484 benigne
554 2441 635 2474 sacta
661 2446 758 2484 atque
785 2440 960 2484 impartita.
988 2439 1052 2473 Nec

308 2493 368 2527 ulli
393 2504 535 2538 unquam
562 2495 607 2528 sas
628 2495 686 2535 sit,
713 2495 782 2528 sine
816 2501 905 2528 reatu
938 2495 1050 2538 culpae

309 2547 342 2580 in
360 2557 395 2581 re
420 2548 502 2582 adeo
524 2549 612 2592 gravi
632 2549 764 2582 omnino
781 2549 940 2588 vitandae,
960 2548 1052 2591 quid·
1072 2568 1073 2579 1

310 2611 406 2645 quam
432 2601 465 2634 in
491 2602 688 2646 saepedictis
712 2602 815 2643 libris,
834 2602 948 2636 Sancta
965 2601 1049 2635 Sede

345 2664 357 2690 1
379 2663 467 2691 Voces
485 2663 561 2692 serie
580 2664 685 2694 similis
705 2673 760 2693 non
779 2664 900 2700 intelligo
920 2666 959 2700 (a.
983 2664 1032 2698 T.).

1086 303 1281 340 inconsulta,
1300 301 1420 333 addere
1442 301 1490 333 rel
1507 300 1666 339 minuere,
1681 308 1730 333 aut
1752 312 1828 344 quo-

1085 366 1148 398 (1¹10
1175 355 1283 392 modo,
1305 355 1400 387 ctiam
1426 355 1455 386 in
1483 354 1596 396 praxi,
1629 355 1827 387 alterationi-

1085 406 1162 440 bus¹
1189 408 1379 451 depravare.
1409 407 1505 439 Datae
1532 407 1563 438 in
1597 417 1687 439 sacro
1717 413 1827 439 nestro

1085 461 1310 494 Aracaelitano
1348 466 1519 497 conventu,
1546 460 1597 491 die
1639 470 1667 492 tv
1702 460 1826 501 augusti

1085 525 1259 554 uncxcvui,
1287 520 1317 547 et
1339 523 1420 547 enxc
1447 524 1463 546 a
1489 514 1590 556 prima
1619 513 1719 546 nostri
1738 513 1829 545 Ordi-

1086 569 1134 602 nis
1160 568 1397 612 approbatione
1425 568 1615 611 apostoliea.
1642 586 1686 590 —
1719 566 1830 599 Frater

1086 622 1278 656 Muniam-s
1302 632 1320 654 A
1345 622 1376 654 S.
1404 621 1572 654 §ramoso
1599 620 1750 652 minister
1775 630 1829 661 gc-

1086 676 1220 708 neralis.
1245 676 1287 708 De
1314 675 1466 707 mandato
1492 684 1568 706 suae
1595 673 1830 706 reverendissi-

1085 740 1154 762 mae
1191 728 1417 772 paternitatis,
1444 728 1542 760 frater
1574 726 1789 760 SEBASTtANUS
1811 737 1829 759 A

1085 782 1292 821 Bam-emo,
1317 787 1431 814 secret.
1453 781 1616 824 generalis
1641 780 1772 813 Ordinis
1795 792 1826 812 n.

1129 837 1143 879 ἓ
1169 836 1200 869 ⁶2.
1239 836 1315 869 Cum
1341 841 1461 875 autem,
1487 835 1567 867 sieut
1593 835 1705 867 eadem
1731 845 1830 877 expo-

1086 890 1160 923 sitio
1182 890 1413 931 subiungebat,
1434 889 1620 932 praedictus
1639 888 1828 921 Franciscus
1847 901 1954 918 *samu-1..

1086 945 1273 987 praemissa,
1301 955 1364 987 quo
1390 943 1513 976 firmius
1544 942 1733 982 subsistant,
1754 953 1830 985 apo·

1086 997 1218 1031 stolicae
1245 996 1503 1030 confirmationis
1537 1003 1665 1028 nostrae
1692 995 1830 1038 patroci-

1087 1050 1140 1083 nio
1173 1050 1365 1083 communiri
1397 1060 1602 1092 summopere
1640 1048 1826 1081 desideret:

1087 1115 1156 1142 nos,
1178 1104 1354 1147 specialem
1392 1103 1453 1146 ipsi
1487 1103 1658 1135 Francisco
1692 1102 1827 1145 gratiam

1088 1158 1194 1190 facere
1219 1159 1375 1195 volentes,
1393 1167 1534 1199 eumque
1553 1168 1569 1188 a
1589 1155 1758 1198 quibusvis
1778 1165 1829 1187 ex-

1088 1211 1401 1250 communicationis,
1428 1209 1651 1254 suspensionis
1677 1215 1710 1241 et
1730 1209 1830 1241 inter-

1088 1265 1178 1303 dicti,
1213 1265 1351 1308 aliisque
1388 1263 1615 1297 ecclesiasticis
1648 1262 1830 1302 sententiis,

1088 1318 1234 1351 censuris
1259 1324 1291 1351 et
1315 1317 1440 1361 poenis,
1458 1328 1474 1350 a
1492 1317 1561 1349 inre
1586 1317 1635 1349 vel
1661 1317 1700 1349 ab
1727 1315 1831 1348 homi-

1089 1382 1138 1411 ne,
1161 1372 1273 1415 qnavis
1300 1371 1471 1404 occasione
1498 1372 1546 1404 vel
1573 1372 1671 1403 causa
1694 1369 1778 1409 latis,
1805 1369 1829 1402 si

1088 1425 1207 1468 quibus
1233 1425 1479 1468 quomodolibet
1512 1425 1686 1457 innodatus
1712 1423 1829 1461 existit,

1089 1478 1128 1511 ad
1155 1477 1306 1511 effectum
1332 1478 1555 1521 praesentium
1575 1478 1739 1510 dumtaxat.
1757 1487 1832 1509 rou-

1090 1532 1307 1574 seqnendum,
1327 1532 1440 1563 harum
1466 1531 1550 1564 serie
1569 1531 1775 1563 absolventes
1801 1536 1833 1561 et

1089 1586 1273 1618 absolutum
1296 1585 1362 1618 sore
1389 1590 1570 1624 censentes,
1589 1583 1833 1627 supplicationi-

1088 1640 1149 1673 bus
1167 1640 1234 1672 eius
1254 1639 1386 1672 nomine
1408 1638 1501 1671 nobis
1521 1648 1619 1681 super
1641 1638 1704 1670 boc
1730 1637 1834 1670 bumi-

1089 1694 1162 1728 liter
1187 1693 1349 1737 porrectis
1370 1693 1528 1733 inclinati,
1548 1703 1583 1725 ac
1603 1692 1712 1725 andita
1737 1702 1834 1735 super

1090 1747 1280 1791 praemissis
1316 1746 1511 1779 venerabilis
1552 1745 1657 1778 fratris
1682 1745 1831 1788 Prosperi

1089 1800 1333 1844 archiepiscopi
1356 1800 1509 1843 Myrensis
1537 1799 1611 1832 fidei
1637 1799 1834 1843 promotoris

1090 1853 1263 1894 relatione,
1291 1859 1502 1897 praeceptum
1536 1858 1566 1886 et
1602 1853 1790 1885 mandatnm
1817 1863 1834 1884 a

1091 1913 1270 1940 memorato
1305 1907 1466 1940 Mattltaeo
1503 1907 1654 1940 ministro
1689 1907 1832 1949 generali

1092 1961 1182 2000 saeta,
1195 1966 1230 1992 ut
1245 1960 1435 2004 praefertur,
1448 1960 1682 2004 expeditasque
1694 1961 1836 2002 desuper

1093 2014 1240 2046 eiusdem
1259 2013 1408 2046 Matthaei
1436 2013 1575 2046 ministri
1598 2013 1760 2056 generalis
1785 2023 1836 2056 pa-

1093 2072 1199 2100 tentes
1215 2067 1338 2100 litteras
1353 2067 1584 2111 praeinsertas,
1598 2077 1668 2099 eum
1684 2066 1834 2099 omnibns

1093 2125 1124 2152 et.
1149 2120 1287 2162 singulis
1312 2120 1344 2152 in
1371 2121 1417 2153 eis
1442 2120 1613 2161 contentis,
1644 2119 1834 2152 anctoritate

1092 2173 1409 2217 apostolica,te1101·e
1429 2174 1661 2217 praesentium,
1673 2178 1834 2216 perpetuo

1093 2225 1324 2259 confirmamus
1343 2232 1374 2259 ct
1391 2227 1622 2269 approbamus,
1637 2226 1764 2270 illisque
1786 2226 1835 2258 in-

1093 2279 1253 2312 violabilis
1293 2280 1491 2323 apostolicae
1531 2279 1691 2312 firmitatis
1734 2280 1836 2311 robur

1093 2333 1273 2375 adimimus,
1292 2345 1328 2366 ac
1354 2344 1468 2366 omnes
1486 2338 1518 2367 et
1535 2334 1679 2376 singulos
1704 2333 1784 2365 iuris
1806 2339 1838 2365 et

1094 2386 1166 2419 sacti
1201 2387 1359 2426 defectus,
1386 2386 1412 2419 si
1439 2387 1493 2430 qui
1528 2387 1668 2430 desuper
1700 2395 1837 2429 quomo-

1095 2440 1220 2472 dolibet
1244 2439 1488 2480 intervenerint,
1510 2440 1712 2483 supplemus.

1138 2494 1153 2537 g
1177 2493 1210 2526 3.
1237 2493 1469 2533 Decernentes‚
1492 2494 1620 2526 easdem
1646 2497 1836 2535 praesentes
1877 2495 1999 2518 Clausutam

1095 2551 1124 2579 et
1146 2546 1362 2590 praeinsertas
1384 2551 1533 2590 patentes
1560 2545 1683 2578 litteras
1703 2555 1836 2588 semper

1094 2600 1215 2641 firmas,
1248 2600 1369 2634 validas
1396 2605 1427 2633 et
1451 2599 1597 2633 efficaces
1633 2598 1772 2631 existere
1805 2604 1837 2630 et

1132 2663 1142 2690 1
1165 2662 1236 2690 Edit.
1258 2663 1342 2691 Maia,
1359 2662 1424 2698 legit
1438 2661 1681 2691 alternationibus
1701 2661 1738 2697 (a.
1759 2660 1808 2696 T.).

1733 242 1786 275 ⁷50
1836 253 1887 278 An.
1904 252 1932 278 e.
1954 252 2021 280 1698

1890 843 1954 862 Cunt‘u
1962 844 2025 863 matio

1840 871 1955 890 retatmrmu
1992 871 2027 892 tlu-
