2227 3225
105 215 154 242 An.
171 213 200 242 C.
223 214 286 243 1691

297 264 416 298 limites
434 264 537 296 dietae
557 263 689 296 ditionis
709 263 899 306 temporalis
918 263 1038 296 S.R.E.

297 317 482 361 possident,
510 317 607 349 etiam
634 317 688 360 qui
724 316 807 349 nihil
841 316 968 349 ratione
989 326 1040 348 ca-

297 376 439 403 strorum
478 375 510 402 et
547 369 808 402 iurisdictiouum
851 369 1037 402 huiusmodi

297 423 372 455 Sedi
393 423 579 466 praedictae
597 422 765 455 annuatim
790 433 845 454 seu
871 422 948 454 alias
966 432 1040 465 per-

297 477 442 516 solvunt,
463 481 494 508 et
520 481 584 508 tam
611 475 727 508 incolis
753 485 849 517 quam
875 475 1039 508 extraneis

297 534 329 562 et
354 529 537 561 forensibus
563 528 649 561 bona
673 523 803 560 stabilia
828 538 885 560 seu
902 528 1037 561 mobilia

295 582 346 614 vel
373 581 574 614 semoventia
606 580 804 613 habentibus
841 585 874 613 et
898 580 1039 613 tenenti-

296 635 356 666 bus
387 644 443 667 seu
467 634 724 677 possidentibus,
751 633 962 676 omniumque
988 644 1039 666 su-

294 688 520 730 pradictorum
560 687 685 720 colonis
726 691 757 719 et
796 686 1037 726 laborantibus,

296 741 394 772 etiam
414 740 447 772 in
466 750 715 783 recompensam
734 740 894 779 laborum,
909 740 1038 773 damno-

294 804 366 826 rum
392 804 580 836 passorum,
606 803 826 836 expensarum
858 794 909 826 vel
939 793 1038 825 meri-

296 853 414 887 torum,
442 857 499 879 seu
529 846 660 879 illorum
686 846 804 879 intuitu
834 851 867 879 et
895 852 1038 879 contem-

294 900 453 943 platione,
475 909 511 932 ac
536 909 574 932 ex
606 899 669 932 alia
693 909 896 942 quacumque
929 909 1034 942 quan-

294 953 413 985 tumvis
438 952 606 985 favorabili
628 963 663 985 ac
681 952 915 994 urgentissima
940 957 971 984 et
997 952 1036 985 de

294 1006 491 1039 necessitate
517 1005 705 1048 specialiter
729 1005 942 1048 exprimenda
966 1015 1038 1037 cau-

293 1062 338 1098 sa,
363 1059 421 1092 sub
447 1058 708 1102 quibuscumque
733 1059 907 1091 verborum
926 1058 1037 1091 formis

295 1118 328 1145 et
346 1111 624 1155 expressionibus,
645 1111 770 1144 etiamsi
795 1110 826 1143 in
849 1112 1037 1154 appaltuum

294 1171 326 1198 et
350 1164 550 1198 locationum
577 1163 785 1196 cameralium
812 1163 1037 1196 instrumentis

293 1217 501 1261 quantumvis
534 1217 728 1250 auctoritate
760 1216 940 1259 apostolica
964 1227 1039 1249 eon-

293 1270 429 1303 firmatis
462 1270 656 1313 promissum
690 1275 722 1302 et
757 1275 886 1302 cautum
916 1270 959 1302 sit
984 1280 1037 1302 eas

293 1322 459 1356 observari
479 1322 610 1361 debere,
624 1332 660 1354 ac
678 1332 749 1354 cun]
769 1321 937 1364 quibusvis
955 1323 1039 1354 elau.

292 1375 372 1408 sulis
398 1380 431 1408 et
454 1375 606 1414 decretis,
632 1374 728 1407 etiam
762 1380 860 1414 motu,
887 1373 1034 1414 scientia,

293 1427 534 1461 deliberatione
566 1432 597 1460 et
629 1427 799 1470 potestatis
832 1427 1036 1469 plenitudine

292 1480 437 1524 paribus,
464 1479 560 1513 etiam
585 1479 870 1520 consistorialiter,
900 1485 932 1513 et
956 1480 1034 1513 alias

293 1533 601 1576 quomodocumque
627 1538 659 1565 et
682 1533 977 1576 qualitercumque,
1002 1533 1035 1566 in

292 1597 415 1629 genere
440 1587 490 1619 vel
514 1586 547 1618 in
572 1586 691 1629 specie,
725 1587 764 1619 ad
799 1586 895 1619 vitam
920 1588 970 1619 vel
995 1587 1035 1619 ad

294 1645 420 1682 tempus
445 1640 510 1672 sive
535 1639 567 1671 in
593 1644 787 1682 perpetuum
817 1650 989 1672 concessas
1006 1645 1036 1672 et

295 1692 397 1731 datas,
421 1702 457 1724 ae
482 1692 607 1735 pluries
625 1698 655 1724 et
671 1691 795 1724 iteratis
815 1692 940 1725 vicibus
959 1703 1036 1725 con-

294 1745 448 1784 firmatas,
475 1745 683 1788 approbatas,
712 1745 908 1777 revalidatas
932 1750 964 1777 et
987 1745 1036 1777 in-

294 1802 438 1838 novatas,
464 1803 497 1830 et
520 1797 596 1830 inde
623 1798 719 1830 etiam
751 1798 868 1830 iudicis
902 1799 1037 1831 auctori·

295 1855 360 1884 tate
378 1856 518 1894 sequuta
535 1861 772 1894 quaecumque,
794 1862 922 1884 necnon
945 1863 1036 1895 quas-

295 1903 343 1936 vis
360 1903 496 1943 litteras,
515 1903 610 1937 etiam
631 1903 836 1945 apostolicas,
854 1905 914 1936 sub
935 1905 1037 1946 plum-

295 1955 336 1989 bo
361 1957 410 1989 vel
443 1956 476 1989 in
505 1956 602 1989 simili
631 1957 735 1989 forma
767 1957 888 1997 Brevis,
915 1963 1037 1990 motus-

295 2009 422 2052 proprii
458 2009 614 2050 cedulas,
653 2009 875 2053 chirographa
908 2015 939 2043 et
964 2010 1038 2043 scri-

295 2068 407 2105 pturas
434 2063 632 2103 huiusmodi,
651 2073 689 2096 ex
706 2073 791 2095 nunc
804 2070 962 2106 perpetuo
988 2074 1038 2096 re-

295 2126 460 2156 vocamus,
475 2126 647 2156 eassamus,
664 2116 819 2157 tollitnuS,
833 2116 1035 2159 abrogamus,

296 2169 474 2209 irritamus
493 2170 670 2210 abolemus,
692 2170 883 2213 viribusque
908 2176 940 2203 et
964 2171 1038 2204 effe-

297 2227 351 2255 ctu
379 2223 513 2266 penitus
544 2228 576 2256 et
603 2223 736 2256 omnino
772 2233 978 2263 evacuamus,
1003 2234 1039 2255 ae

297 2280 460 2316 revocata,
487 2281 623 2316 cassata,
649 2277 777 2309 sublata
806 2281 837 2309 et
873 2276 1037 2318 abrogata,

298 2328 400 2368 irrita,
426 2328 561 2369 abolita,
591 2331 768 2369 annullata,
793 2329 982 2372 viribusque
1008 2335 1040 2362 et

299 2379 415 2413 effectu
440 2381 573 2424 penitus
599 2392 635 2414 ae
659 2382 792 2415 omnino
815 2393 913 2415 vacua
945 2392 1037 2422 esse,

299 2444 359 2467 nee
382 2435 441 2468 ulli
464 2445 600 2478 prorsus
617 2436 650 2468 in
667 2436 820 2479 petitorio
839 2441 893 2469 aut
910 2446 1040 2478 posses-

300 2487 395 2528 sorio,
411 2488 508 2521 etiam
528 2488 806 2529 summariissimo,
821 2494 932 2522 contra
950 2500 1041 2532 prae-

301 2541 440 2573 sentium
464 2541 645 2574 litterarum
669 2547 817 2575 tenorem
848 2547 880 2574 et
903 2542 1040 2584 disposi-

300 2594 424 2628 tionem
440 2594 606 2639 suffragari
631 2606 744 2641 posse,
771 2596 827 2630 sed
853 2597 1039 2641 praedictos

880 216 1086 239 ΙΝᾸΟΕΕΝΊῚΓδΙ
1113 217 1154 239 Xll
1180 216 1227 239 ΓΡ.

1722 211 1786 244 ⁵223
1833 221 1879 248 in.
1897 219 1924 248 c.
1950 220 2011 248 1001

1081 274 1193 296 omnes
1212 269 1243 296 et
1261 263 1408 306 singulos
1428 271 1595 308 exemptos
1620 268 1657 299 ad
1677 269 1822 301 omnium

1081 321 1113 348 et
1130 315 1335 359 singulorum
1360 327 1496 349 onerum
1516 318 1756 359 praedictorum
1775 332 1824 351 so-

1080 369 1240 402 lutionem
1259 374 1290 401 et
1307 370 1589 412 supportationem
1604 381 1664 414 pro
1682 374 1748 403 rata
1768 384 1822 405 eos

1080 427 1233 463 tangente
1264 422 1296 454 in
1328 427 1494 465 posterum
1525 422 1658 455 realiter
1684 429 1714 456 et
1750 435 1821 456 eum

1080 473 1194 506 ell'ectu
1220 474 1323 506 teneri
1349 474 1380 506 in
1407 474 1557 507 omnibus
1583 480 1615 507 et
1632 485 1691 518 per
1715 477 1823 509 omnia

1081 527 1217 570 perinde
1235 537 1270 559 ae
1288 527 1314 559 si
1333 527 1438 560 dictae
1464 528 1691 570 exemptiones
1712 533 1744 561 et
1768 529 1823 561 im-

1080 580 1254 613 munitates
1281 581 1326 613 eis
1350 582 1536 614 nullatenus
1555 591 1729 614 concessae
1748 582 1824 613 tuis-

1080 639 1162 673 sent,
1179 643 1240 666 nee
1264 633 1393 666 litterae
1422 644 1458 666 ac
1476 634 1611 666 cedulae
1639 639 1824 676 motuspro-

1079 686 1152 728 prii,
1185 686 1406 729 chirographa
1438 692 1469 719 et
1501 687 1682 729 scripturae
1710 687 1822 719 liuius-

1080 738 1167 771 modi
1192 749 1334 781 unquam
1361 745 1576 778 emanassent,
1595 745 1692 779 motu,
1718 740 1823 772 scien-

1082 791 1133 831 tia,
1161 791 1398 824 deliberatione
1424 796 1454 824 et
1479 792 1655 834 potestatis
1681 792 1822 835 plenitu—

1080 844 1154 876 dine
1180 844 1357 886 praedietis
1390 844 1615 885 decernimus,
1647 846 1818 878 statuimus

1080 902 1113 930 et
1137 898 1352 931 declaramus.

1125 952 1139 993 ἓ
1164 950 1196 984 3.
1224 949 1395 983 Praeterea
1414 951 1521 984 omnia
1540 957 1571 984 et
1596 962 1819 995 quaecumque
1852 961 2015 981 nect-,mmm

1080 1004 1248 1047 privilegia
1274 1010 1306 1037 et
1331 1005 1467 1045 indulta,
1493 1005 1644 1048 personis
1665 991 2015 1043 ecclesia-{122¹³2¹⁰iiiifi1'32'

1079 1058 1176 1097 stieis‚
1210 1063 1275 1091 tam
1306 1058 1529 1091 saecularibus
1555 1070 1651 1102 quam
1677 1046 2014 1093 cuiusvisiiiibffliiiiiiun'*

1079 1111 1220 1151 Ordinis,
1248 1111 1511 1154 congregationis
1538 1118 1570 1144 et
1594 1112 1758 1152 instituti,
1785 1123 1821 1145 ae

1079 1164 1249 1197 Societatis
1276 1164 1372 1196 ctiam
1394 1165 1463 1197 lesu
1483 1165 1696 1207 regularibus,
1723 1176 1821 1209 super

1079 1217 1240 1250 similibus
1265 1217 1523 1250 immunitatibus
1549 1223 1580 1249 et
1604 1219 1821 1261 exemptioni-

1078 1271 1137 1303 bus
1157 1281 1214 1313 per
1231 1281 1455 1314 quoscumque
1471 1271 1633 1303 Romanos
1647 1271 1820 1304 Pontifices

1079 1323 1351 1366 praedecessores
1370 1328 1502 1355 nostros
1528 1333 1692 1363 concessa,
1719 1324 1758 1356 ad
1783 1324 1821 1356 li-

1079 1375 1173 1408 mites
1198 1375 1278 1408 iuris
1303 1375 1502 1415 communis,
1528 1381 1638 1415 motu,
1664 1376 1818 1416 scientia,

1078 1429 1315 1462 deliberatione
1351 1434 1383 1461 et
1409 1429 1579 1471 potestatis
1614 1430 1820 1471 plenitudine

1078 1486 1111 1513 et
1135 1486 1246 1514 tenore
1271 1481 1460 1524 praedictis,
1485 1481 1684 1514 reducimus.

1121 1535 1136 1577 ξ
1155 1534 1186 1566 4.
1207 1534 1264 1567 llla
1283 1544 1367 1574 vero,
1383 1545 1465 1577 quae
1487 1534 1654 1567 nonnullis
1672 1534 1842 1587 collegiis,l

1831 1569 1878 1588 ttae
1909 1575 1926 1587 c·
1937 1569 2012 1590 Ilouno-

1078 1588 1110 1619 in
1141 1589 1225 1620 alma
1248 1587 1333 1620 Urbe
1370 1589 1478 1620 nostra
1505 1587 1736 1627 existentibus,
1762 1595 2012 1641 pe¹·g;·g:„q2¹,‘<⁴2¹.„;,;;

1078 1641 1214 1673 dilectos
1240 1640 1325 1673 filios
1349 1640 1486 1673 clericos
1522 1641 1690 1682 regulares
1714 1640 1878 1673 dietaetum-

1077 1694 1248 1727 Societatis
1280 1694 1350 1726 Iesu
1382 1694 1447 1726 sive
1483 1694 1565 1726 alios
1592 1704 1819 1737 quoscumque

1078 1747 1297 1779 administrari
1328 1746 1513 1786 consuetis,
1536 1746 1685 1778 similiter
1710 1758 1726 1779 a
1758 1747 1821 1779 Ro-

1077 1801 1179 1833 manis
1200 1799 1412 1833 Pontificibus
1429 1799 1738 1842 praedecessoribus
1765 1810 1821 1832 no-

1078 1853 1152 1885 stris
1177 1863 1332 1886 eoneessa
1356 1852 1485 1892 suerint,
1513 1852 1621 1896 quoad
1646 1852 1764 1884 vietum
1789 1857 1821 1885 et

1079 1906 1230 1939 vestitum
1254 1906 1429 1945 dumtaxat,
1446 1915 1511 1938 non
1534 1910 1640 1937 autem
1664 1909 1699 1936 ut
1723 1905 1819 1946 vulgo

1079 1959 1198 1992 dicitur
1221 1969 1240 1991 a
1264 1958 1404 1991 fundano
1430 1962 1462 1990 et
1488 1967 1688 2000 maqazzeno,
1721 1963 1820 2000 prout

1078 2011 1218 2043 antehae
1243 2011 1451 2044 observatum
1476 2010 1544 2051 suit,
1572 2009 1740 2053 suflragari
1766 2020 1820 2042 vo-

1078 2066 1184 2097 lumus
1208 2070 1239 2097 et
1263 2065 1482 2097 decernimus.

1122 2119 1136 2161 g
1162 2117 1192 2150 5.
1220 2119 1263 2150 Ae
1289 2118 1419 2150 demum
1446 2116 1565 2150 similia
1588 2117 1761 2160 privilegia
1787 2119 2012 2165 ctcgggfljnfittssgssssj

1078 2173 1205 2205 indulta
1223 2171 1400 2214 nepotibus
1425 2176 1456 2203 et
1474 2171 1545 2203 aliis
1563 2170 2012 2219 consanguineisggpgfwsanam·

1079 2225 1128 2257 vel
1146 2224 1294 2256 allinibus
1308 2233 1586 2267 quorumcumque
1601 2223 1818 2255 Romanorum

1080 2278 1270 2311 Pontificum
1304 2278 1595 2320 praedeeessorum
1631 2281 1819 2309 nostrorum

1080 2342 1139 2374 pro
1166 2336 1312 2374 tempore
1337 2331 1516 2363 viventium
1547 2331 1586 2363 ab
1617 2330 1683 2363 illis
1711 2340 1820 2372 respe-

1080 2385 1160 2418 ctive
1179 2394 1335 2417 concessa
1351 2383 1463 2416 itidem
1480 2393 1669 2416 revocamus
1688 2388 1720 2415 et
1743 2383 1820 2415 abo-

1080 2439 1194 2477 lemus,
1226 2448 1261 2470 ae
1292 2442 1441 2470 revocata
1473 2441 1504 2469 et
1537 2436 1660 2469 abolita
1686 2446 1757 2468 esse
1782 2445 1819 2467 ac

1080 2489 1206 2522 censeri
1239 2489 1358 2521 debere
1395 2487 1541 2520 velumus
1575 2492 1607 2519 et
1638 2487 1816 2525 statuimus,

1081 2543 1284 2576 declarantes
1301 2543 1356 2575 illa
1373 2541 1495 2575 nemini
1514 2541 1699 2574 eorumdem
1718 2550 1818 2582 nepo-

1083 2601 1146 2629 tum
1164 2596 1228 2629 sive
1246 2595 1568 2639 consanguineorum
1597 2593 1647 2627 vel
1664 2592 1817 2635 affinium,

1874 1541 2012 1567 Excipi-untur
