2227 3225
894 251 1101 274 INNOCENTII'S
1128 252 1171 275 xu
1196 252 1243 274 rr.
1720 241 1783 274 800
1830 251 1880 278 An,
1901 250 2015 278 &1697

295 302 427 337 omnino
452 300 673 344 respondeant
699 300 855 333 oneribus
878 298 1037 332 adiunctis
1081 304 1113 331 et
1136 305 1261 332 mature
1298 304 1556 341 recognoscant,
1595 299 1633 331 iis
1670 300 1820 333 omnibus

295 355 474 389 secundum
499 364 620 386 morem
647 353 881 395 cuiuscumque
900 352 1037 384 civitatis
1081 352 1244 392 detractis,
1264 363 1346 395 quae
1372 353 1608 395 reparationes,
1630 354 1822 395 praestatio-

293 409 343 441 vel
369 406 577 451 provinciae,
605 406 866 449 intelligantque,
893 405 918 437 si
945 405 976 437 in
1002 415 1036 437 rc
1080 416 1155 445 nesx,
1181 405 1377 448 grandines,
1402 405 1613 444 sterilitates,
1639 406 1740 439 aliave
1767 418 1822 439 cu-

295 461 372 493 tanti
398 459 553 493 momenti
579 459 709 492 desides
741 464 795 491 aut
830 458 1035 501 negligentes
1080 459 1214 492 iuslibet
1235 459 1365 502 generis
1392 469 1494 492 onera
1515 465 1754 491 consueverunt
1771 460 1822 492 ab·

293 514 427 554 suerint,
445 514 477 546 in
503 513 678 547 novissimo
697 509 747 545 die
769 523 801 546 se
825 513 921 544 liuius
946 522 1037 555 prae-
1080 513 1232 553 sorbere,
1263 524 1366 556 eaque
1385 513 1493 545 omnia
1517 512 1657 556 seripto²
1682 512 1822 545 tideliter

293 567 435 601 termissi
460 567 608 600 muneris
642 566 802 599 rationem
834 576 903 598 esse
929 564 1036 598 reddi·
1080 571 1208 599 exarata
1241 566 1328 599 idem
1354 565 1513 609 superior,
1547 565 1640 599 cuius
1674 566 1821 604 interest,

295 626 397 655 turos.
1079 618 1111 651 iu
1136 619 1287 663 proximo
1313 619 1457 662 capitulo
1490 630 1546 651 seu
1569 618 1822 661 congregatione

107 687 283 718 *xeramiitarc-
337 685 393 708 vn.
411 674 579 708 Postremo
600 673 812 708 illustrissimi
835 679 944 717 patres
970 682 1035 704 non
1080 673 1224 714 generali
1258 674 1308 705 vel
1346 672 1539 716 provinciali
1577 683 1684 705 coram
1719 672 1822 704 tribus

96 715 282 771 2'5l3l¹'‘{†.3'l.1.>53;
294 728 364 761 sine
390 728 477 771 gravi
510 728 608 761 animi
642 728 756 761 dolore
791 727 1035 768 intelligentes,
1080 726 1242 758 iudicibus
1268 727 1307 758 ab
1333 725 1474 768 ipsomet
1499 726 1643 769 capitulo
1668 736 1723 758 seu
1749 736 1823 758 eon-

96 767 281 820 nifi2⁰ii1⁰iiiississ¹rntizh
293 783 377 815 mala
398 782 465 814 sere
492 781 609 821 omnia,
629 792 709 824 quae
729 781 913 823 regularem
941 778 1036 811 disci·
1079 778 1271 821 gregatione
1313 779 1497 821 deligendis
1537 783 1728 821 proponat,
1756 779 1821 821 qui,

96 824 281 871 i‘ksssslXRmssl'lf
293 834 414 878 plinam
441 839 608 874 evertunt,
636 845 670 866 ac
702 833 877 877 praecipue
903 831 1035 864 nimiam
1079 832 1276 875 computatis
1304 832 1489 865 huiusmodi
1517 832 1707 871 redditibus,
1738 833 1823 864 elee-

291 888 376 920 hanc
400 887 713 920 facilitatem'sovent
736 887 769 918 in
788 885 942 919 oneribus
961 884 1037 917 mis-

100 255 150 283 An.
171 254 200 283 C.
220 255 286 283 1697

96 875 187 923 faltonis
206 875 280 895 Conci·

105 907 127 922 11-

291 951 397 974 sarum
424 951 520 984 supra
556 941 638 974 vires
672 939 911 983 suscipiendis,
936 937 1034 971 veluti

292 1004 329 1027 ex
356 993 477 1027 insecta
511 993 620 1027 radice
657 994 821 1038 pullulare
856 1003 892 1025 ex
919 991 1058 1024 maiorii

291 1048 492 1090 regularium
518 1058 653 1080 numero
679 1058 773 1091 quam
800 1047 903 1079 serant
927 1044 1037 1078 reddi-

294 1106 342 1132 tus
357 1105 387 1133 et
409 1101 635 1144 eleemosynae
654 1101 814 1144 cuiusque
833 1097 1035 1137 monasterii,

292 1154 501 1187 inhaerentes
537 1166 737 1188 summorum
775 1153 966 1187 Pontificum
999 1162 1035 1184 ac

293 1209 376 1242 sacri
398 1208 535 1242 Concilii
554 1208 735 1243 Tridentini
757 1208 898 1241 decretis
916 1207 977 1239 hac
995 1206 1034 1238 de

291 1273 326 1296 re
341 1262 448 1302 editis,
463 1262 659 1295 sanctissimi
675 1262 798 1296 domini
814 1261 917 1294 nostri
933 1265 1035 1292 aucto-

292 1317 386 1350 ritate
412 1317 620 1360 praecipiunt
640 1327 675 1349 ac
702 1316 858 1348 mandant
883 1314 1034 1348 omnibus

293 1376 324 1404 et
347 1371 485 1413 singulis
511 1370 733 1413 generalibus,
764 1368 1031 1412 provincialibus,

290 1424 532 1463 commissariis,
561 1423 726 1462 ministris,
754 1422 1032 1466 praesidentibus,
1055 1448 1057 1467 ἓ

290 1477 474 1516 abbatibus,
499 1477 676 1520 prioribrm,
702 1476 913 1519 praepositis,
939 1485 1035 1518 guar-

290 1530 410 1571 titanis,
425 1530 552 1563 vicariis
574 1536 604 1562 et
625 1530 881 1573 quibuscumque
899 1528 970 1561 aliis
986 1539 1034 1561 su-

289 1583 473 1627 perioribus
500 1583 788 1621 monasteriorum,
815 1586 1034 1615 conventuum

289 1648 327 1670 ae
352 1638 525 1670 domorum
551 1636 762 1680 regularium,
781 1636 867 1669 bona
887 1635 1034 1668 immobi-

290 1691 334 1724 lia
357 1691 594 1734 possidentium
615 1691 666 1723 vel
693 1701 758 1723 non
784 1689 1033 1733 possidentium,
1054 1708 1055 1720 i

291 1744 527 1787 cuiuscumque
553 1743 691 1782 Ordinis,
712 1743 977 1786 congregationis
1003 1749 1033 1776 et
1054 1758 1055 1763 ¹

291 1797 430 1831 instituti
464 1797 673 1830 existentium
706 1797 790 1829 iutra
816 1796 897 1829 fines
923 1797 1033 1830 ltaliae

291 1856 322 1884 et
339 1850 518 1884 insularum
546 1850 774 1888 adiacentium,
793 1855 827 1882 ut
845 1850 974 1892 singuli,
994 1850 1031 1882 ad

290 1914 370 1947 quos
402 1903 565 1947 pertinet,
591 1903 623 1934 in
661 1903 808 1946 qualibet
840 1903 1030 1946 provincia,

290 1957 446 1991 adhibitis
464 1957 591 1990 duobus
609 1961 664 1989 aut
684 1955 804 1989 tribus¹
827 1957 1031 1999 regularibus

290 2012 341 2045 sui
359 2011 488 2044 Ordinis
505 2011 556 2043 vel
575 2010 846 2053 Congregationis
866 2011 1033 2053 probatio-

289 2066 379 2098 ribus
405 2071 437 2098 et
461 2075 569 2098 rerum
594 2075 654 2096 usu
680 2065 912 2108 peritioribus,
945 2066 1032 2098 bona

288 2119 481 2159 immobilia,
506 2129 635 2158 census,
662 2119 810 2152 redditus
837 2125 868 2152 et
893 2130 1033 2162 proven-

289 2179 339 2206 tus
364 2184 488 2212 omneS,
507 2178 680 2206 consuetas
707 2173 781 2205 item
808 2174 1030 2217 eleemosynas

288 2232 320 2260 et
337 2226 563 2267 obventiones,
581 2231 645 2259 tam
663 2237 852 2259 comumnes
872 2233 1032 2261 monaste-

288 2280 424 2320 riorum,
447 2286 668 2313 conventuum
694 2285 727 2312 et
752 2280 924 2313 domorum
947 2280 1030 2314 eius-

290 2334 363 2367 dem
389 2333 588 2377 provinciae,
616 2345 712 2377 quam
739 2334 835 2367 etiam
861 2334 1034 2376 singulari-

289 2387 348 2420 bus
381 2387 531 2431 personis
566 2388 732 2430 religiosis
769 2388 950 2431 assignatas
975 2399 1030 2422 seu

290 2441 463 2483 permissas
483 2441 516 2474 in
534 2451 739 2474 communem
765 2452 858 2474 usum
878 2442 1032 2485 deinceps

291 2493 519 2534 conserendas,
539 2494 653 2527 decern
668 2505 827 2527 annorum
846 2495 1032 2528 immediate

291 2546 558 2590 praecedentium
572 2548 683 2580 habita
700 2548 836 2589 ratione,
856 2548 1033 2591 diligenter

329 2618 339 2644 1
362 2616 429 2644 Male
454 2616 523 2644 edit.
541 2617 621 2645 Main.
643 2618 708 2654 legit
733 2620 859 2647 duorum
880 2622 931 2648 aul
950 2620 1032 2648 illius

291 2669 341 2698 pro
361 2662 469 2689 duobus
488 2665 538 2690 aut
557 2663 651 2691 imbus
669 2666 708 2699 (n.
724 2665 773 2699 T.)-

376 2717 457 2747 Bult.
478 2717 563 2746 Rom.
580 2733 614 2739 —
631 2718 690 2747 Vol.
707 2719 768 2747 XX.
916 2719 966 2750 102

1079 885 1222 928 mosynis
1249 890 1280 917 et
1313 885 1568 918 obventionibus
1593 884 1763 924 universis,
1791 889 1823 918 et.

1080 939 1236 971 oneribus
1262 944 1296 971 ut
1316 949 1415 981 supra
1441 938 1602 978 detractis,
1621 938 1735 971 sedulo
1754 948 1824 970 exa-

1079 991 1203 1024 minent
1227 997 1306 1035 quot
1323 990 1468 1033 religiosi
1490 990 1650 1029 homines,
1678 1000 1823 1023 commu-

1080 1044 1200 1078 neratis
1226 1045 1323 1078 etiam
1350 1044 1440 1077 laicis
1467 1044 1605 1087 aliisque
1631 1043 1822 1076 necessariis

1079 1098 1299 1131 servientibus
1326 1098 1357 1130 in
1383 1108 1585 1141 unoquoque
1610 1091 1820 1136 monasterio,

1079 1156 1237 1184 conventu
1256 1157 1288 1184 et
1313 1151 1408 1184 domo
1434 1150 1588 1193 regulari,
1603 1150 1690 1182 iuxta
1715 1149 1823 1192 regio-

1078 1203 1128 1236 nis
1154 1210 1185 1236 et
1208 1204 1334 1247 proprii
1366 1204 1504 1236 instituti
1531 1213 1675 1242 morem,
1701 1203 1821 1235 victum

1079 1264 1111 1290 et
1134 1258 1285 1290 vestitum
1311 1263 1343 1290 et
1367 1258 1575 1290 medicinalia
1600 1257 1632 1289 in
1658 1257 1821 1290 communi

1078 1312 1256 1352 habentes,
1283 1317 1511 1356 competenter
1540 1313 1670 1345 valeant
1694 1317 1822 1344 susten-

1079 1367 1158 1407 tari3
1187 1373 1252 1400 tum
1278 1369 1467 1401 eorumdem
1499 1368 1661 1400 bonorum
1678 1393 1685 1406 ,
1713 1366 1822 1399 reddi-

1079 1426 1179 1461 tuum,
1205 1423 1487 1465 eleemosynarum
1507 1426 1538 1453 ct
1563 1431 1698 1453 onerum
1723 1416 1841 1463 prae-¹

1077 1475 1174 1508 cisam
1200 1481 1311 1508 notam
1334 1476 1468 1518 ipsimet
1498 1475 1636 1518 capitulo
1663 1485 1721 1507 seu
1747 1484 1822 1507 con-

1076 1528 1260 1571 gregationi
1277 1528 1464 1567 exhibeant,
1477 1533 1509 1559 ut
1523 1528 1554 1559 in
1567 1528 1632 1567 illo,
1647 1527 1822 1570 diligenter

1078 1582 1229 1615 omnibus
1267 1582 1422 1615 discussis
1438 1609 1445 1621 ,
1484 1582 1641 1624 cuiusque
1679 1580 1820 1614 familiae

1077 1635 1313 1675 monasteriis&
1332 1640 1523 1675 conventus,
1543 1645 1578 1667 ac
1595 1635 1710 1667 domus
1731 1644 1822 1676 regu-

1076 1689 1152 1722 laris
1183 1689 1214 1722 in
1245 1689 1374 1732 singula
1397 1700 1526 1733 quaque
1552 1689 1722 1732 provincia
1750 1686 1820 1721 ccr-

1077 1749 1126 1775 tus
1144 1753 1255 1776 earum
1276 1749 1399 1776 tantum
1424 1753 1640 1786 personarum
1667 1752 1821 1775 numerus

1076 1802 1204 1840 patrum
1236 1797 1462 1840 capitularium
1495 1801 1568 1829 voto
1602 1795 1821 1839 praefigatur,

1053 1837 1055 1896 Ξ
1076 1861 1159 1893 quae
1184 1850 1393 1890 redditibus,
1419 1849 1616 1893 elemosynis
1642 1855 1674 1883 et
1699 1849 1822 1883 obven-

1077 1904 1272 1943 tionibus,ut
1290 1903 1450 1946 superius,
1467 1902 1669 1936 sufficienter
1685 1903 1726 1936 ali
1745 1914 1822 1946 pos-

1053 1956 1055 1993 i
1076 1958 1152 1990 sint.
1180 1957 1224 1990 Ne
1249 1968 1326 1990 vero
1351 1957 1553 2000 superiores,
1585 1957 1639 2000 qui
1665 1957 1696 1990 id
1726 1968 1821 2000 prae-

1076 2017 1160 2044 stare
1180 2011 1309 2051 debent,
1326 2011 1432 2043 serius
1452 2016 1505 2043 aut
1522 2010 1704 2051 remissius,
1721 2022 1819 2055 quam

1053 2062 1054 2080 ³
1076 2075 1134 2108 par
1159 2070 1217 2104 est,
1244 2075 1301 2097 suo
1326 2064 1452 2097 muneri
1478 2064 1702 2103 satisfaciant,
1730 2075 1821 2096 man-

1053 2142 1055 2170 l
1077 2119 1131 2151 dat
1156 2129 1248 2151 saera
1268 2117 1496 2160 congregatio,
1512 2123 1564 2156 ut,
1590 2117 1673 2149 infra
1698 2128 1819 2150 annum

1053 2173 1148 2215 ‘post
1171 2171 1356 2215 proximum
1382 2171 1559 2214 capitulum
1590 2172 1743 2213 generale
1768 2173 1818 2205 vel

1052 2232 1054 2267 j
1075 2225 1275 2269 provinciale
1308 2225 1564 2268 computandum
1581 2252 1588 2265 ,
1613 2225 1722 2258 omnia
1755 2225 1819 2258 hoe

1053 2269 1054 2348 i
1076 2280 1114 2312 de
1134 2289 1255 2322 genere
1273 2278 1497 2321 capitulariter
1515 2283 1615 2321 gesta,
1635 2278 1665 2310 in
1685 2279 1819 2312 authen-

1053 2349 1054 2371 3
1075 2333 1169 2365 ticatn
1188 2332 1325 2365 sormam
1350 2332 1492 2371 redacta,
1513 2332 1552 2364 ad
1571 2342 1694 2364 sacram
1715 2333 1818 2375 ipsam

1053 2375 1054 2408 i
1075 2385 1365 2428 Congregationem
1385 2384 1520 2418 Coneilii
1539 2385 1659 2428 singuli
1677 2386 1816 2426 mittant,

1075 2449 1314 2482 numerumque
1360 2438 1501 2471 familiae
1549 2439 1817 2482 singulorumque

1075 2498 1318 2533 conventuum,
1344 2492 1621 2525 monasteriorum
1648 2499 1680 2525 et
1704 2493 1818 2525 domo-

1075 2558 1147 2580 rum
1172 2547 1358 2580 huiusmodi
1376 2546 1586 2589 regularium,
1605 2546 1738 2589 capituli
1760 2556 1817 2579 seu

1111 2620 1123 2646 1
1146 2618 1218 2646 Edit.
1236 2618 1316 2646 Main.
1334 2618 1399 2654 legit
1417 2618 1528 2652 scripta
1550 2618 1586 2651 (a.
1602 2617 1651 2652 T.).

1109 2664 1126 2692 2
1146 2663 1257 2692 Videtur
1275 2663 1419 2700 legendum
1439 2663 1609 2690 monasterii
1627 2663 1666 2698 (a.
1687 2662 1732 2698 'r-).
