2227 3225
119 191 168 218 An.
186 190 214 218 C.
238 191 300 218 1591

147 2575 238 2600 Probata
252 2577 306 2598 veri-

896 194 1106 217 INNOCENTIUS
1132 194 1176 216 XII
1201 195 1248 217 Pr.

312 247 473 284 palorum,
500 242 603 274 clarae
627 242 802 274 memoriae
828 241 968 284 Philippi
1003 241 1049 280 ΙΙΙ,

313 299 389 326 tunc
424 293 456 326 in
493 293 645 327 humanis
672 294 797 336 agentis
821 294 1050 337 Hispaniarum

313 346 400 388 regis
426 346 592 387 catholici,
620 347 725 380 bonae
751 347 929 380 memoriae
955 347 1052 380 Fran-

312 399 388 432 cisci
425 400 596 434 cardinalis
632 401 766 434 Lermae
791 401 990 444 nuncupati,
1021 407 1052 433 et

313 453 413 486 totius
438 453 530 495 regni
557 453 721 487 Valentiae
746 465 921 496 procerum
959 455 1051 487 incli-

312 511 419 545 natus,
444 506 484 538 de
499 506 687 539 eorumdem
707 506 806 539 sacris
823 506 940 539 ritibus
958 518 1051 550 prae-

312 558 492 600 positorum
511 558 721 592 cardinalium
743 559 889 599 consilio,
909 565 943 591 ut
964 570 1040 603 prae

312 612 394 644 satus
435 611 489 644 Dei
530 622 639 644 servus
677 612 708 644 in
734 617 899 654 posterum
937 612 1050 645 beatus

311 665 507 707 nuncupari,
535 670 629 707 atque
656 665 695 697 de
731 675 770 697 eo
796 664 930 706 siugulis
960 665 1051 697 annis

312 716 364 749 die
383 726 447 750 xvii
465 717 548 756 maii,
569 728 631 760 qua
645 717 840 750 obdormirit
854 718 886 750 in
904 718 1049 757 Domino,

311 779 328 800 a
360 769 514 802 fratribus
551 769 695 802 eiusdem
732 770 860 803 Ordinis
892 771 923 803 in
949 781 1050 812 regno

310 820 475 854 Valentiae
512 822 790 855 commorantibus
818 828 979 866 tamquam
1010 824 1049 856 de

310 873 503 908 Confessore
529 885 594 908 non
620 874 775 908 Pontifice
795 875 881 908 iuxta
905 876 1049 909 rubricas

309 927 463 960 breviarii
501 932 531 962 et
566 928 706 961 missalis
743 930 869 962 romani
908 930 1048 962 officium

311 980 441 1013 recitari
478 986 509 1014 et
544 981 644 1015 missa
668 982 838 1021 celebrari,
865 993 990 1015 necnon
1018 983 1048 1015 in

310 1034 446 1067 ecclesia
477 1035 611 1068 fratrum
649 1035 793 1068 eiusdem
829 1035 958 1068 Ordinis
994 1047 1050 1080 op-

310 1088 378 1130 pidi
402 1088 504 1121 Villae
529 1088 659 1130 Regalis
684 1088 716 1120 in
737 1089 852 1121 eodem
875 1100 975 1131 regno
994 1090 1050 1122 Va-

310 1141 431 1173 lentiae
458 1140 640 1180 existentis,
679 1141 733 1174 ubi
760 1142 828 1174 eius
858 1153 975 1184 corpus
1002 1153 1050 1175 re-

310 1193 477 1236 quiescere
502 1195 717 1230 asserebatur,
736 1194 774 1226 ab
792 1194 941 1227 omnibus
959 1205 1051 1237 pres-

310 1246 432 1289 byterIS
470 1252 534 1280 tam
571 1247 792 1279 saecularibus
825 1257 918 1290 quam
957 1259 1050 1289 regu-

309 1299 431 1332 laribus
457 1300 556 1332 missa
580 1300 732 1332 similiter
757 1300 915 1333 celebrari
948 1301 1049 1334 libere

310 1358 342 1384 et
366 1352 454 1385 licite
487 1353 619 1391 valeret,
653 1352 830 1394 apostolica
859 1354 1049 1386 auctoritate

309 1415 369 1448 per
394 1415 469 1437 suas
495 1405 526 1437 in
553 1405 654 1437 forma
676 1405 786 1437 Brevis
805 1405 856 1437 die
877 1415 948 1437 xxtx
967 1411 1049 1438 octo-

311 1458 378 1490 bris
404 1457 495 1495 ,anni
531 1467 676 1491 Mncxvtn
709 1458 848 1500 desuper
884 1459 1049 1501 expeditas

310 1510 436 1543 litteras
469 1511 632 1543 concessit
656 1516 688 1543 et
713 1510 857 1550 indulsit,
883 1517 913 1544 et
940 1512 1050 1544 liuius-

311 1563 399 1595 modi
440 1563 601 1596 indultum
635 1573 693 1606 per
729 1563 851 1596 similes
892 1564 1049 1597 informa

311 1614 421 1648 Brevis
441 1616 566 1649 litteras
581 1617 632 1649 die
650 1627 668 1649 x
686 1616 838 1649 februarii
855 1617 929 1649 anni
944 1627 1050 1651 Mocxx

312 1669 351 1701 ad
387 1679 498 1701 ornnes
538 1670 708 1713 utriusque
748 1680 843 1702 sexus
878 1671 1050 1712 religiosos

312 1721 388 1753 dicti
414 1716 542 1755 Ordinis
568 1722 728 1755 Minorum
754 1724 911 1765 regularis
935 1724 1052 1757 Obser-

312 1774 447 1814 vantiae,
464 1764 495 1806 iii
510 1775 621 1818 regnis
638 1775 797 1808 Castellae
819 1782 851 1808 et
868 1777 1050 1818 Aragoniae

312 1833 563 1869 commorantes,
589 1829 657 1870 pari
679 1828 868 1861 auctoritate
888 1829 1051 1871 ampliavit

313 1887 345 1913 et
370 1881 524 1921 extendit,
544 1888 639 1924 atque
664 1887 699 1913 ut
724 1881 755 1913 in
781 1882 882 1914 Villae
910 1882 1049 1924 Regalis,

311 1935 366 1966 ubi
392 1934 534 1967 eiusdem
559 1934 644 1967 beati
671 1934 834 1967 paschalis
861 1946 978 1978 corpus
1005 1945 1050 1967 re-

313 1987 494 2029 quiescere,
514 1992 545 2020 et
561 1987 669 2019 Turris
686 1987 871 2027 Formosae,
891 1989 946 2021 ubi
965 1989 1048 2020 idem

311 2040 426 2073 beatus
451 2047 542 2074 natus
580 2052 616 2074 ac
645 2042 800 2074 educatus
835 2043 1050 2081 asserebatur,

313 2093 442 2137 oppidis
477 2094 663 2137 praedictis,
689 2096 728 2127 ab
755 2095 906 2128 omnibus
932 2095 1050 2128 utrius—

314 2157 375 2190 que
400 2158 496 2180 sexus
534 2148 748 2191 regularibus,
774 2160 810 2182 ac
835 2149 932 2182 etiam
957 2160 1050 2192 pres-

312 2200 434 2243 byteris
460 2206 492 2234 et
516 2201 643 2234 clericis
670 2202 905 2242 saecularibuS,
933 2203 971 2235 de
998 2213 1050 2235 eo-

314 2254 389 2287 dem
431 2255 526 2287 beato
573 2255 720 2288 Paschali
767 2255 855 2288 iuxta
904 2256 1049 2288 rubricas

312 2307 464 2341 breviarii
489 2314 520 2340 et
544 2308 683 2341 missalis
715 2309 841 2342 romani
867 2310 1048 2342 huiusmodi

314 2362 353 2394 de
378 2362 539 2395 communi
565 2361 766 2395 Confessoris
798 2373 861 2396 non
888 2362 1050 2395 Pontificis

313 2415 454 2448 officium
480 2415 607 2447 recitari
633 2421 665 2448 et
689 2416 786 2448 missa
810 2416 967 2448 celebrari
1000 2426 1050 2448 re-

314 2468 454 2510 spective
478 2469 610 2509 valeret,
636 2469 748 2502 eadem
766 2469 956 2502 auctoritate
974 2479 1049 2502 con-

315 2520 414 2552 cessit
437 2521 561 2564 pariter
586 2527 618 2555 et
641 2522 787 2555 indulsit.

360 2572 375 2617 §
393 2571 447 2606 23.
469 2573 675 2618 Reassumpta
691 2575 899 2619 postmodum
920 2575 950 2608 in
965 2581 1048 2609 statu

1734 188 1792 220 911
1845 199 1937 225 mc.
1962 201 2023 227 iovi

1094 246 1125 273 et
1151 241 1300 274 terminis
1325 244 1421 275 causa
1450 243 1481 275 in
1500 244 1562 275 viin
1583 245 1732 287 specialis
1750 256 2027 282 com-tane-inuuunt...-

1094 293 1255 327 missionis
1288 305 1382 327 manu
1421 296 1615 329 recolendae
1653 289 1958 333 memoriae‘2³53'l¹2¹.‘.².¹3''-¹¹¹
1979 292 2027 336 ¹1³3}

1095 346 1273 380 iunocentii
1296 347 1399 390 Papae
1425 348 1449 379 X
1475 348 1623 381 similiter
1644 351 1820 392 praedeces
1841 343 1973 388 ἓ“ι“,ῗῖ,“,ἵ“.ζζῖ..,χ
1991 350 2026 388 ...ji

1094 399 1177 432 soris
1202 400 1303 433 nostri
1329 401 1484 442 signatae,
1523 407 1598 444 post
1629 412 1729 435 novos
1762 393 2026 445 pro-l-''fffl'f''';.¹„“,'2;.¹¹‘„'',;

1094 462 1203 485 cessus
1220 452 1425 496 interpolatis
1449 455 1650 497 temporibus
1668 456 1832 488 confectos
1843 450 2030 467 ‘'⁶⁰⁴⁰'⁸“¹¹⁰“'''¹¹'

1095 505 1222 548 (eadem
1240 505 1452 547 CongregatiO
1474 507 1573 539 sacris
1599 508 1714 539 ritibus
1740 519 1833 551 prae-

1095 559 1276 601 positorum
1302 560 1333 591 S.
1350 559 1386 591 R.
1406 559 1440 591 E.
1468 560 1725 604 cardinalium'),
1744 567 1777 593 ut
1792 562 1831 594 de

1094 613 1184 644 cultu
1198 612 1293 644 beato
1308 612 1454 644 paschali
1470 613 1661 646 auctoritate
1683 614 1823 656 apostoli

1094 667 1129 697 ca
1147 665 1179 696 in
1204 665 1266 696 vim
1285 665 1420 707 praefati
1441 665 1556 698 indulti
1579 666 1725 699 eiusdem
1743 667 1831 700 Pauli

1093 718 1356 760 praedecessoris
1383 719 1529 751 exhibito
1553 725 1584 751 et
1608 720 1646 752 de
1667 720 1832 753 validitate

1094 780 1302 812 processuum
1329 770 1513 803 huiusmodi
1549 782 1646 815 super
1677 772 1715 805 iis
1748 784 1830 816 quae

1093 827 1165 865 post
1190 822 1345 854 indultam
1370 823 1647 857 beatificationem
1678 835 1832 868 superve-

1093 881 1210 907 nerunt
1234 876 1294 907 rite
1320 876 1540 909 confectorum
1573 877 1648 909 satis
1678 879 1830 918 constitit,

1094 928 1222 961 tandem
1249 928 1280 960 in
1305 929 1563 972 Congregatione
1595 931 1646 964 die
1670 942 1756 965 xxv11
1782 943 1833 965 se-

1092 981 1250 1024 ptembris
1276 983 1351 1015 anni
1385 992 1549 1016 noetxxm
1576 984 1687 1017 habita
1723 995 1831 1018 coram

1092 1035 1238 1068 eiusdem
1276 1035 1453 1068 memoriae
1490 1036 1652 1070 Clemente
1690 1037 1776 1080 Papa
1807 1038 1831 1070 X

1092 1088 1189 1120 etiam
1224 1089 1477 1130 praedecessore
1514 1096 1639 1129 nostro,
1678 1091 1832 1123 discussis

1092 1140 1257 1183 plerisque
1283 1141 1456 1181 miraculis,
1482 1153 1562 1185 quae
1588 1143 1685 1183 Deus,
1712 1144 1765 1186 qui
1789 1144 1832 1176 sa-

1092 1194 1135 1224 cit
1159 1193 1320 1226 mirabilia
1344 1204 1460 1236 magna
1478 1196 1576 1235 solus,
1596 1196 1831 1230 intercessione

1092 1245 1176 1278 servi
1203 1247 1250 1278 sui
1277 1247 1429 1288 dignatus
1464 1253 1513 1280 est
1537 1249 1677 1291 operari,
1711 1250 1774 1282 duo
1800 1254 1832 1282 et

1093 1308 1169 1330 sane
1207 1299 1388 1332 celebriora
1424 1301 1463 1332 ad
1495 1302 1688 1334 relationem
1724 1303 1830 1335 bonae

1093 1352 1267 1385 memoriae
1292 1352 1417 1385 Camilli
1440 1354 1525 1386 tituli
1544 1354 1572 1386 S.
1594 1355 1736 1394 Eusebii,
1755 1356 1830 1388 dum

1092 1404 1176 1444 vixit,
1197 1404 1399 1448 presbyteri‘l
1424 1406 1596 1438 cardinalis
1624 1407 1662 1440 de
1688 1407 1831 1440 Maximis

1093 1459 1279 1500 nuncupati,
1297 1468 1333 1490 ex
1354 1459 1498 1491 unanimi
1516 1460 1740 1492 consultorum
1759 1471 1832 1494 sen-

1092 1511 1192 1543 tentia
1217 1517 1248 1544 et
1273 1512 1490 1555 praefatorum
1517 1513 1617 1546 sacris
1649 1514 1766 1546 iisdem
1791 1514 1832 1546 ri-

1093 1564 1175 1596 tibus
1200 1565 1462 1607 praepositorum
1488 1565 1700 1598 cardinalium
1721 1566 1832 1599 sull'ra·
1879 1563 1886 1569 ’

1093 1617 1166 1659 gio,
1203 1618 1248 1649 uti
1281 1618 1430 1650 omnibus
1468 1618 1671 1661 probationis
1696 1619 1830 1652 calculis

1092 1670 1249 1709 absoluta,
1276 1671 1490 1714 comprobata
1516 1672 1662 1704 suerunt:
1690 1672 1830 1715 primum

1093 1733 1209 1766 nempe
1234 1723 1395 1756 Francisci
1423 1725 1461 1756 de
1496 1725 1625 1767 Bargas,
1652 1725 1701 1757 cui
1734 1725 1831 1758 index

1093 1775 1242 1808 sinistrae
1269 1787 1402 1816 manus,
1429 1777 1552 1809 securis
1578 1777 1643 1809 ictu
1668 1778 1712 1810 ita
1737 1788 1831 1820 prae-

1093 1828 1177 1861 cisus
1205 1835 1239 1861 ut
1262 1831 1311 1861 vix
1345 1830 1427 1862 cutis
1459 1830 1636 1872 particulae
1669 1831 1829 1864 cobaere-

1093 1888 1153 1922 ret,
1180 1883 1286 1914 statim
1312 1883 1523 1915 consolidatis
1560 1883 1698 1923 ossibus,
1724 1884 1830 1916 nervis

1093 1941 1124 1967 et
1147 1940 1219 1968 cute
1246 1937 1378 1968 omnino
1411 1936 1534 1968 validus
1561 1937 1730 1969 restitutus
1756 1942 1829 1969 est:

1093 1994 1124 2020 et
1148 1993 1299 2030 quartum
1333 1988 1489 2021 Dominici
1522 1989 1622 2021 Perez
1655 1990 1828 2032 agricolae,

1093 2042 1160 2085 qui,
1179 2052 1241 2085 ope
1259 2042 1347 2074 Beati
1366 2043 1548 2085 implorata,
1569 2043 1607 2075 ad
1629 2043 1768 2086 primum
1796 2043 1831 2076 li-

1093 2094 1185 2137 gonis
1212 2095 1320 2134 ictum,
1338 2106 1373 2127 ex
1397 2095 1531 2128 aridiori
1558 2101 1664 2129 terrae
1689 2097 1749 2128 situ
1776 2107 1831 2139 pe-

1093 2148 1203 2181 rennis
1229 2154 1260 2180 et
1284 2159 1447 2191 nunquam
1473 2150 1521 2181 rel
1547 2149 1763 2183 excrescentis
1780 2151 1830 2183 vel

1092 2201 1272 2234 deficientis
1304 2212 1405 2244 aquae
1443 2203 1563 2235 l'ontem
1597 2202 1711 2235 exilire
1746 2202 1831 2235 obti-

1092 2255 1179 2295 nuit,
1204 2266 1267 2298 quo
1293 2255 1423 2297 publica
1455 2255 1516 2288 loci
1547 2261 1579 2288 et
1607 2262 1829 2289 armentorum

1092 2308 1256 2341 calamitas
1282 2308 1339 2340 suit
1364 2314 1526 2351 reparata.
1558 2308 1663 2347 Quare
1690 2310 1828 2351 peractis

1092 2361 1253 2401 omnibus,
1277 2373 1359 2405 quae
1385 2362 1488 2395 felicis
1514 2363 1750 2395 recordationis
1775 2363 1831 2395 Ur-

1092 2415 1166 2449 bani
1193 2415 1297 2458 Papae
1322 2415 1394 2455 vul,
1421 2416 1572 2449 similiter
1595 2417 1830 2459 praedecesso-

1092 2468 1135 2500 ris
1161 2468 1273 2508 nostri,
1299 2468 1429 2501 decreta
1454 2469 1637 2511 exigebant,
1654 2469 1738 2501 idem
1759 2468 1830 2501 Cle-

1129 2540 1138 2566 1
1162 2540 1274 2567 Comma
1294 2539 1364 2567 istud
1384 2548 1544 2575 suspensum
1565 2543 1658 2566 manet
1676 2540 1712 2572 (R.
1729 2537 1774 2574 τι).

1127 2584 1142 2611 2
1164 2584 1234 2612 Edit.
1253 2584 1333 2612 Maia.
1351 2584 1415 2620 legit
1427 2584 1578 2620 presbyter
1597 2586 1634 2619 (R.
1652 2584 1702 2619 T.)-
