2254 3225
210 205 259 254 An.
276 225 304 254 c.
324 226 391 254 1691
441 217 505 251 262

400 275 586 317 promiscue
622 286 694 309 cum
729 277 882 311 fratribus
906 280 1025 312 nostris
1051 281 1138 313 ordi-

400 333 531 369 nentur,
560 334 592 362 et
619 329 826 364 beatissimae
851 332 991 375 Virginis
1023 333 1136 365 Mariae

401 379 440 413 de
464 380 610 414 Mercede
635 382 742 425 imago
759 383 798 415 ab
818 383 897 426 ipsis
916 385 965 417 vel
984 396 1000 416 a
1019 385 1137 417 nostris

400 432 553 466 fratribus
579 444 635 467 seu
659 435 874 468 consratribus
904 437 1076 470 deseratur.
1101 437 1134 469 In

400 485 462 519 hac
486 491 594 520 autem
627 488 839 531 processione
864 489 980 522 fratres
1005 496 1136 522 cantare

401 539 523 573 debent
544 541 686 583 psalmos
718 542 760 574 In
793 542 998 575 convertendo
1029 543 1137 575 Domi-

398 602 480 625 num
503 594 694 636 captivalem
714 594 802 634 Sion,
827 599 897 636 etc„
926 600 958 628 et
981 595 1022 628 In
1046 597 1136 628 exilu

399 645 505 678 Israel
528 645 565 678 de
588 646 751 689 AEqypto,
777 657 875 679 unum
901 653 975 691 post
998 649 1134 681 alterum

400 698 578 731 successive
605 700 804 732 alternantes
827 710 930 743 usque
952 701 990 733 ad
1008 701 1134 743 ingres-

400 759 468 782 sum
493 750 649 783 ecclesiae
674 761 739 793 quo
762 751 865 784 tendit
890 753 1075 795 processio,
1101 754 1134 785 in

399 802 491 835 cuius
516 803 629 836 limine
655 803 763 836 statim
795 809 946 838 cantores
979 805 1135 848 incipiant

399 854 571 899 hymnum:
607 856 668 888 Dei
702 856 807 889 Mater
835 857 955 900 Vir-90,
979 864 1078 901 prout
1102 859 1133 891 in

400 908 482 940 sesto
507 907 621 942 beatae
656 909 774 942 Mariae
800 909 838 943 de
863 910 1033 952 Mercede;
1071 922 1134 954 quo

399 960 490 994 sinito
522 971 594 994 cum
619 962 762 1005 propriis
786 973 883 996 versu
908 969 940 997 et
965 964 1133 1005 oratione,

400 1012 426 1044 si
450 1013 607 1046 matutino
632 1019 778 1058 tempore
804 1021 957 1057 gerantur
981 1011 1017 1049 111
1038 1022 1134 1054 actus,

400 1066 586 1098 celebretur
620 1066 715 1099 missa
750 1068 907 1101 solemnis
947 1074 980 1102 et
1003 1070 1135 1113 propria

401 1118 440 1150 de
473 1119 585 1151 eadem
620 1119 656 1151 Β.
694 1119 826 1162 Virgine
862 1121 959 1154 Maria
989 1123 1028 1155 de
1056 1123 1136 1155 Mer-

400 1171 500 1211 cede,
528 1182 610 1214 quae
648 1172 680 1204 in
717 1174 852 1216 proprio
876 1173 1004 1208 Ordinis
1030 1181 1133 1217 extat,

400 1234 471 1257 cum
497 1224 613 1257 Gloria
637 1230 668 1258 et
694 1226 803 1267 Credo,
829 1232 992 1271 tamquam
1018 1239 1076 1271 pro
1100 1239 1134 1261 re

401 1279 512 1320 gravi,
541 1284 573 1311 et
607 1290 679 1312 cum
717 1282 861 1314 secunda
897 1283 1043 1315 oratione
1075 1293 1134 1326 pro

401 1333 576 1373 gratiarum
606 1333 742 1371 actione,
770 1338 802 1366 et
826 1340 898 1377 post
933 1336 1135 1378 evangelium

400 1383 455 1417 fiat
478 1384 591 1417 concio
616 1384 655 1417 ad
680 1386 849 1428 populum.

444 1446 476 1469 v.
502 1435 533 1468 Si
554 1441 660 1468 autem
684 1447 762 1469 vero
788 1437 849 1470 iste
881 1438 1040 1471 habeatur
1063 1444 1137 1482 post

401 1487 583 1528 meridiem,
611 1488 790 1531 praemissa
823 1491 1041 1532 processione,
1067 1493 1136 1524 sola

401 1546 505 1573 totum
543 1540 700 1573 concione
741 1543 970 1584 concludatur,
1009 1543 1041 1575 in
1072 1554 1135 1587 qua

401 1592 570 1635 specialia,
602 1592 627 1626 si
653 1604 715 1636 qua
739 1594 873 1636 suerint,
900 1596 1134 1639 redemptionis

402 1651 492 1688 gesta
516 1651 548 1678 et
571 1646 776 1688 captivorum
801 1648 924 1690 pariter
947 1649 1076 1683 labores
1100 1660 1135 1682 ac

401 1709 568 1741 pressura,
605 1709 786 1742 eorumque
823 1701 856 1734 in
891 1701 954 1735 fide
979 1703 1133 1745 pericula,

401 1751 540 1784 maxime
574 1752 819 1795 periculorum⁴
845 1759 877 1786 et
908 1755 1135 1788 adolescentu-

401 1806 518 1845 lorum,
542 1806 764 1848 indulgentiae
794 1807 927 1850 insuper
962 1819 1133 1843 concessae

401 1859 531 1891 Ordinis
556 1859 773 1892 confratribus
806 1860 861 1903 qui
893 1861 1077 1895 huiusmodi
1104 1868 1135 1895 et

402 1911 473 1944 aliis
496 1911 732 1955 redemptionis
771 1913 897 1946 actibus
921 1914 1131 1957 adstiterint,

402 1965 640 2008 expendantur.

444 2027 487 2051 v1.
511 2017 615 2050 Finita
639 2018 748 2059 missa,
768 2024 822 2052 aut
845 2020 1013 2061 concione,
1034 2032 1134 2065 penes

402 2069 618 2103 diversitatem
654 2071 824 2115 temporis,
860 2079 896 2106 ut
929 2075 1134 2116 praedicitur,

401 2121 428 2155 si
455 2122 537 2155 haec
561 2123 679 2156 suerint
703 2130 772 2156 acta
796 2124 828 2157 in
851 2125 955 2159 aliena
987 2128 1133 2168 ecclesia,

400 2179 581 2207 revertatur
615 2177 781 2218 processio
814 2178 930 2211 eodem
955 2180 1079 2220 ordine,
1104 2186 1132 2212 et

401 2226 513 2270 hymni
538 2228 579 2260 Te
602 2228 705 2260 Deum
741 2230 985 2271 modulatione,
1011 2232 1049 2264 ad
1080 2232 1136 2265 do—

400 2291 490 2313 mum
522 2287 552 2314 et
589 2282 754 2315 ecclesian]
782 2288 938 2325 nostram,
965 2290 996 2317 et
1028 2287 1135 2318 termi-

401 2334 533 2367 nabitur
557 2345 629 2366 cum
653 2345 745 2367 versu
765 2341 796 2368 et
813 2337 962 2369 oratione
981 2338 1019 2371 de
1041 2340 1135 2371 beata

401 2387 531 2429 Virgine
557 2388 595 2420 de
620 2388 787 2428 Mercede,
815 2389 841 2421 si
862 2396 966 2422 autem
985 2390 1015 2423 in
1038 2392 1134 2424 domo

401 2442 513 2473 nostra
537 2440 741 2482 contigerint,
767 2447 841 2484 post
864 2442 993 2475 missam
1011 2444 1133 2476 eisdem

401 2493 541 2538 hymno,
566 2504 658 2526 versu
684 2499 716 2526 et
739 2494 883 2527 oratione
909 2497 1129 2530 concludatur.

444 2557 497 2580 v11.
523 2546 596 2579 Post
620 2547 704 2579 lianc
728 2558 805 2581 vero
836 2548 1074 2582 solemnitatem
1100 2550 1131 2582 in

437 2609 448 2635 1
472 2607 561 2636 Potius
580 2609 639 2644 lege
655 2610 845 2644 puerulorum
866 2610 901 2647 (a.
923 2612 970 2644 τ,).

980 231 1158 256 BULLARIUM
1182 232 1336 257 ROMANUM

1179 281 1353 323 principali
1377 285 1535 314 conventu
1559 281 1749 325 provinciae
1769 282 1912 316 celebra-

1180 338 1251 373 tam,
1277 333 1384 366 statim
1404 340 1596 376 procurator
1609 335 1768 378 generalis
1785 335 1913 368 redem-

1178 384 1302 427 ptionis
1329 386 1433 418 excuti
1459 391 1550 419 curet
1574 387 1754 430 catalogum
1779 398 1839 431 per
1863 392 1912 421 to-

1178 441 1241 469 tam
1269 437 1469 480 provinciam
1502 439 1728 481 evulgandum,
1762 439 1910 483 locisque

1178 490 1318 532 publicis
1355 490 1560 533 affigendum,
1596 492 1629 524 in
1663 502 1727 534 quo
1762 492 1828 525 sint
1852 502 1910 526 suo

1176 542 1292 576 ordine
1317 543 1481 587 descripta
1505 544 1636 577 nomina
1661 549 1693 577 et
1716 545 1912 587 cognomina

1177 604 1291 627 eorum
1316 595 1462 628 omnium
1486 595 1542 639 qui
1567 607 1585 629 a
1613 596 1796 640 captivitate
1831 596 1912 630 libe-

1176 647 1236 679 rati
1250 647 1380 688 suerint,
1398 650 1463 682 una
1479 659 1550 682 cum
1567 653 1682 689 aetate,
1703 649 1816 692 patria,
1834 653 1911 682 tem-

1175 710 1253 742 pore
1292 701 1503 744 captivitatis,
1536 701 1641 744 pretio
1678 701 1853 743 libertatis,
1880 706 1912 735 et

1175 753 1325 786 subsidiis
1351 764 1411 796 pro
1436 753 1501 787 illis
1527 754 1682 798 erogatis.

1217 817 1285 840 vm.
1308 805 1428 845 Quibus
1454 808 1606 840 omnibus
1623 808 1791 852 expeditis,
1810 813 1843 842 et
1859 818 1911 842 ca-

1176 859 1270 902 ptivis
1295 870 1354 903 per
1385 860 1454 894 dies
1478 861 1601 904 aliquot
1625 861 1776 894 omnibus
1805 860 1910 894 chari-

1177 911 1249 944 tatis
1273 913 1429 956 operibus
1453 913 1617 955 recreatis,
1644 924 1699 947 eos
1723 924 1836 947 omnes
1861 924 1910 946 ro-

1176 964 1260 997 sario
1285 969 1318 997 et
1341 965 1525 1008 scapulario
1550 976 1623 998 cum
1654 964 1784 999 Ordinis
1814 965 1909 1008 signo

1177 1017 1296 1050 muniri
1320 1017 1550 1060 praecipimus,
1570 1023 1603 1050 et
1620 1018 1796 1061 unicuique
1821 1018 1911 1050 iuxta

1176 1079 1271 1112 posse
1296 1070 1445 1103 viaticum
1464 1070 1539 1103 dare
1557 1071 1705 1114 aliquod,
1724 1076 1760 1103 ut
1775 1071 1821 1103 sic
1838 1080 1909 1103 cum

1177 1121 1409 1155 benedictione
1445 1122 1570 1156 dimissi
1607 1122 1647 1154 ad
1679 1122 1812 1166 propria
1840 1122 1910 1155 sine

1176 1175 1384 1208 mendicitate
1398 1176 1524 1208 valeant
1536 1185 1679 1208 remeare
1691 1186 1763 1208 cum
1778 1175 1908 1218 gaudio.

1176 1226 1236 1259 Sed
1262 1227 1337 1270 quia
1370 1227 1434 1260 loci
1469 1227 1621 1260 distantia
1654 1228 1704 1260 vel
1739 1238 1836 1270 aegra
1859 1239 1911 1261 va-

1176 1279 1284 1311 letudo
1309 1290 1363 1312 eos
1389 1280 1586 1322 quandoque
1619 1285 1758 1323 possunt
1794 1281 1833 1313 ad
1858 1291 1912 1324 pe-

1176 1333 1308 1364 tendum
1348 1333 1571 1375 eleemosynas
1598 1343 1714 1374 cogere.
1735 1359 1742 1372 ‚
1774 1333 1910 1375 singulis

1175 1384 1315 1418 conferri
1339 1386 1485 1418 volumus
1511 1385 1735 1418 authenticum
1761 1386 1800 1418 de
1826 1386 1911 1429 ipso-

1177 1448 1246 1470 rum
1259 1438 1485 1481 redemptione
1508 1437 1738 1479 testimonium,
1755 1441 1819 1472 una
1836 1449 1909 1472 cum

1177 1490 1327 1532 precibus
1352 1490 1390 1523 ad
1416 1490 1539 1522 iudices
1564 1490 1748 1523 ordinarios
1769 1496 1801 1523 et
1823 1492 1911 1524 loco-

1178 1552 1247 1574 rum
1265 1542 1433 1575 ministros
1452 1548 1513 1574 tam
1543 1542 1705 1575 Ecclesiae
1724 1554 1820 1586 quam
1839 1554 1911 1576 sae-

1177 1595 1253 1635 culi,
1289 1600 1323 1627 ut
1357 1605 1414 1627 eos
1446 1595 1703 1627 misericorditer
1734 1595 1911 1639 suscipiant

1177 1653 1208 1680 et
1232 1648 1402 1688 dimittant,
1429 1658 1469 1681 ne
1494 1648 1649 1691 profugos
1670 1654 1725 1681 aut
1748 1659 1844 1692 vagos
1861 1659 1911 1682 re-

1177 1706 1305 1743 putent.

1219 1764 1260 1787 1x.
1280 1752 1570 1797 Redemptoribus¹
1588 1753 1729 1798 denique
1744 1754 1814 1797 (qui
1832 1765 1907 1787 sane

1176 1807 1341 1850 praedicta
1371 1807 1480 1840 omnia
1505 1808 1636 1850 explere
1666 1808 1714 1840 vel
1751 1809 1909 1851 explenda

1176 1860 1288 1893 sedulo
1303 1871 1414 1893 curare
1435 1861 1570 1903 dehent)
1589 1871 1659 1893 cum
1678 1861 1739 1893 iam
1755 1861 1837 1894 nihil
1856 1872 1909 1894 su-

1175 1912 1277 1955 persit
1311 1913 1488 1955 agendum,
1514 1913 1639 1945 duobus
1664 1913 1830 1946 mensibus
1856 1924 1909 1946 ex-

1176 1965 1284 2007 cursis,
1300 1965 1416 1998 barbas
1430 1966 1535 1998 statim
1550 1966 1663 1998 radere
1674 1967 1908 1999 constituimus.

1409 2027 1589 2051 DISTINCTIO
1615 2029 1664 2052 111.

1176 2070 1214 2100 De
1237 2071 1303 2101 votis
1324 2075 1348 2100 et
1378 2072 1512 2109 reyularz's
1533 2072 1716 2102 observantiae
1737 2072 1905 2112 disciplinis.

1218 2126 1297 2159 Cum
1332 2126 1475 2158 omnium
1515 2124 1672 2159 Ordinum
1713 2126 1820 2170 imago
1858 2129 1907 2160 vel

1177 2184 1266 2223 typus
1291 2189 1356 2211 non
1381 2180 1483 2211 solum
1500 2178 1588 2219 fines,
1609 2179 1665 2211 sed
1684 2190 1795 2213 eorum
1813 2182 1908 2213 etiam

1176 2237 1247 2265 vota
1272 2231 1466 2271 essentialia,
1487 2231 1763 2276 accidentaliaque
1791 2239 1909 2265 statuta

1176 2285 1312 2324 reserat,
1338 2284 1531 2327 requiritur,
1558 2290 1602 2324 ut,
1628 2285 1827 2328 praestitutis
1852 2296 1909 2318 no-

1176 2338 1234 2370 stri
1269 2337 1397 2370 Ordinis
1423 2337 1552 2377 sinibus,
1577 2338 1616 2369 de
1641 2337 1728 2369 illius
1752 2338 1834 2370 votis
1859 2348 1909 2371 es-

1176 2390 1368 2423 sentialibus
1393 2395 1425 2422 et
1449 2390 1627 2432 disciplinis
1653 2390 1861 2423 disseramus.

1220 2455 1241 2477 1.
1267 2443 1324 2482 Qui
1350 2444 1401 2487 pic
1428 2444 1537 2476 volunt.
1568 2443 1673 2476 vivere
1706 2444 1738 2476 in
1765 2444 1906 2486 Christo,

1175 2497 1309 2540 eiusque
1341 2497 1457 2529 sectari
1484 2496 1625 2538 vestigia,
1640 2507 1673 2529 se
1698 2497 1787 2540 ipsos
1812 2498 1908 2531 abne-

1174 2560 1249 2592 gare
1287 2550 1406 2582 dehere
1443 2549 1552 2582 docuit
1585 2550 1805 2592 Evangelium.
1840 2552 1907 2584 lloe

1210 2613 1221 2638 1
1244 2611 1313 2638 Edit.
1336 2611 1414 2639 Mtun.
1436 2612 1500 2647 legit
1521 2612 1759 2647 redemptionibus
1777 2614 1818 2647 (n.
1838 2613 1887 2648 T.).

1914 211 1968 263 Αὲι.
1983 235 2013 264 c.
2033 235 2098 265 169¹

1960 2452 2028 2474 CAPUT
2043 2452 2058 2474 Ι.

1943 2479 1973 2500 De
1989 2482 2036 2500 voto
2049 2479 2098 2501 obc-

1918 2505 2019 2527 diantias.

2249 2865 2252 2874 s
2236 2751 2252 2814 *οἱ
