2254 3225
211 210 259 235 Αιι.
277 210 306 237 c.
330 211 396 237 1095
441 203 504 236 716

232 746 355 769 Exordium.

713 264 825 298 CXVII.

401 332 648 367 Interslicuntm·
670 337 893 370 conventiones
917 338 952 370 in
967 338 1140 381 providen-

446 385 496 418 dis
521 387 660 420 ecclesiis
677 400 732 421 scu
757 392 975 431 τηοηαδίεγίὶε,
998 402 1070 423 cum
1087 392 1139 424 in-

445 441 617 473 novatione
633 443 855 484 quarumdam
872 445 1138 477 couslz'lulionmn

446 492 553 524 simili
576 492 614 525 de
637 504 690 534 re,
718 505 754 527 ac
780 495 960 529 adiectione
983 506 1138 529 novarum

444 555 627 588 poenarum
651 546 671 579 ¹.

577 626 775 653 Innocentius
795 628 874 661 Papa
890 629 958 657 xn.

542 671 578 696 ad
595 670 728 697 futuram
748 671 793 698 rei
812 673 994 699 memoriam.

444 739 606 772 Ecclesiae
642 741 821 775 catholicae
856 753 916 785 per
951 743 1136 776 universum

400 793 511 825 orbem
549 793 680 826 diffusae
717 795 889 837 regimini,
915 796 1038 828 meritis
1062 797 1138 829 licet

399 844 598 888 imparibus,
623 846 727 879 diviua
765 847 978 891 dispositione
1014 849 1138 891 praesi-

400 897 526 938 dentes,
547 909 595 937 ea,
615 910 695 941 quae
717 910 734 931 a
759 899 910 932 Romanis
928 901 1136 934 Pontificibus

398 950 705 993 praedecessoribus
731 952 868 991 nostris,
893 953 958 985 sive
983 954 1022 986 ad
1048 954 1138 987 illici-

398 1008 504 1036 torum
538 1015 573 1037 ac
600 1005 792 1047 praesertim
825 1006 1063 1040 ecclesiasticae
1099 1008 1137 1041 li-

396 1056 513 1089 bertati
531 1057 769 1091 adversantium
788 1058 1043 1093 juramentorum
1062 1061 1136 1094 abu-

396 1120 467 1142 sum
495 1110 694 1150 tollendum,
730 1111 795 1144 sive
832 1112 869 1144 ad
897 1123 1134 1157 quamcumque

396 1162 548 1194 avaritiae
585 1163 690 1196 labem
727 1174 744 1196 a
775 1165 922 1206 personis
957 1165 987 1197 in
1014 1172 1135 1199 sortem

395 1214 523 1247 Domini
542 1216 670 1255 vocatis,
691 1227 769 1259 quas
789 1228 853 1251 non
873 1230 954 1262 quae
976 1230 1032 1252 sua
1049 1226 1134 1260 sunt,

395 1268 450 1300 sed
476 1279 557 1311 quae
576 1269 645 1302 Iesu
670 1269 786 1302 Christi
813 1281 970 1313 quaerere
996 1273 1132 1306 maxime

395 1320 557 1361 convenit,
583 1323 830 1363 excludendam,
858 1324 1022 1366 prudenti,
1047 1327 1133 1358 salu-

394 1372 514 1416 brique
540 1374 688 1414 consilio,
717 1386 752 1408 ac
778 1376 847 1417 illo,
878 1377 932 1420 qui
958 1379 1133 1411 secundum

395 1425 563 1459 scientiam
600 1433 659 1466 est,
685 1429 753 1461 zelo
790 1430 965 1463 constituta
991 1437 1022 1464 et
1046 1432 1133 1464 ordi-

393 1483 468 1511 nata
489 1489 557 1512 esse
583 1487 771 1521 noscuntur,
791 1483 962 1525 apostolici
981 1485 1132 1517 munimi-

393 1530 442 1563 nis
457 1532 560 1564 nostri
574 1533 759 1575 patrocinio
775 1535 916 1568 libenter
931 1537 1131 1577 roboramus,

393 1584 552 1628 novisque
589 1586 774 1628 praesidiis,
799 1593 833 1620 ut
868 1596 1039 1622 serventur
1060 1601 1132 1623 exa-

393 1637 487 1677 ctius,
514 1638 779 1680 constabilimus,
804 1651 840 1673 ac
876 1642 954 1674 alias
991 1643 1131 1686 desuper

391 1700 564 1724 concessae
602 1692 694 1724 nobis
735 1704 752 1725 a
787 1693 924 1727 Domino
959 1697 1129 1738 potestatis

391 1749 501 1786 partes
522 1745 665 1778 studiosa
690 1746 849 1780 charitate
881 1748 1129 1792 interponimus,

390 1796 485 1829 sicuti
511 1798 722 1831 ecclesiarum
749 1800 902 1841 omnium,
925 1812 1020 1844 quam
1046 1803 1130 1844 geri-

391 1858 473 1889 mus,
498 1850 685 1883 sollicitudo
703 1853 854 1894 postulat,
874 1864 1007 1896 nosque,
1028 1855 1129 1887 omni-

389 1901 450 1934 bus
467 1908 610 1936 maturae
628 1904 902 1939 considerationis
920 1907 1038 1939 trutina
1057 1918 1129 1950 per-

389 1955 513 1998 pensis,
552 1957 590 1989 ad
627 1957 862 2000 omnipotentis
900 1959 954 1992 Dei
981 1961 1127 2002 gloriam,

390 2013 512 2040 rectam
545 2019 581 2041 ac
606 2009 734 2043 felicem
759 2011 1053 2045 ecclesiasticarum
1079 2024 1128 2047 re-

390 2070 462 2093 rum
503 2060 714 2095 directionem
732 2090 740 2104 ,
780 2075 907 2097 necnon
947 2066 1128 2100 animarum

389 2114 534 2155 pretioso
566 2116 725 2157 unigeniti
755 2117 810 2150 Dei
847 2117 903 2151 filii
940 2124 971 2151 et
1005 2119 1127 2152 domini

390 2167 493 2199 nostri
519 2167 589 2200 lesu
614 2169 732 2201 Christi
760 2171 917 2213 sanguine
943 2173 1128 2216 redempta-

389 2229 462 2251 rum
488 2221 622 2253 salutem
648 2222 800 2265 expedire
825 2223 859 2256 in
880 2224 1015 2259 Domino
1040 2227 1127 2259 arbi-

390 2276 524 2305 tramur.

426 2335 435 2360 1
460 2334 525 2362 Vide
546 2336 654 2363 constit.
677 2337 778 2365 Nicolai
801 2339 856 2373 111,
878 2340 997 2376 Gregorii
1022 2341 1079 2369 XlIl
1099 2347 1126 2370 et

388 2377 459 2404 PiiV
474 2378 545 2405 infra
561 2379 664 2407 citatas.
682 2381 711 2407 In
727 2381 807 2409 huius
822 2383 961 2411 Pontiticis
977 2390 1062 2412 const.
1080 2386 1122 2413 ed.

387 2421 508 2456 mncxcu,
529 2422 571 2450 die
597 2423 631 2450 23
658 2425 785 2457 octobris,
805 2428 901 2461 pontif.
927 2435 962 2463 11,
983 2430 1071 2464 agitur
1091 2431 1123 2458 de

386 2467 578 2502 suppressione
600 2469 752 2496 venalitatis
771 2473 951 2505 quorumdam
972 2474 1122 2502 officiorum

386 2511 534 2545 Cainerae3
555 2515 582 2539 et
601 2513 627 2538 in
643 2514 749 2541 constit.
767 2515 811 2542 ed.
832 2522 952 2550 nocxctx,
970 2518 1013 2544 die
1033 2519 1066 2546 30
1085 2519 1123 2546 ia-

385 2555 485 2589 nuarii,
506 2555 538 2582 de
559 2556 626 2582 datis
646 2561 673 2583 et
691 2559 810 2594 acceptis
826 2568 873 2594 pro
894 2560 995 2587 iustitia
1015 2566 1041 2589 et
1058 2571 1121 2598 gra-

385 2599 433 2634 tia,
455 2599 501 2627 ubi
521 2599 581 2628 vide
601 2605 703 2628 notata.

978 218 1158 243 BULLARIUM
1181 218 1335 244 ROMANUM
1917 220 1965 248 An.
1986 221 2015 248 C.
2037 222 2104 248 1695

1223 268 1237 311 ξ,
1256 267 1287 300 1.
1314 267 1436 301 Dudum
1463 268 1624 311 siquidem
1643 269 1824 312 (postquam
1843 268 1926 315 feli-¹
1949 286 1964 306 A
1978 285 2104 307 Nicolaum

1180 320 1224 353 cis
1250 321 1482 354 recordationis
1506 321 1657 355 Nicotaus
1681 322 1740 354 PP.
1759 322 1797 354 Ill
1822 313 2105 365 prae-tloel‘llissl‘e'ila‘:

1924 367 1970 385 rata
1989 366 2105 387 iuramenta

1180 373 1330 407 decessor
1353 380 1468 407 noster
1499 374 1645 418 (accepto
1676 375 1707 407 in
1743 374 2106 418 nonnulliscifeaimpoaffi..

1181 427 1325 460 ecclesiis
1350 427 1390 460 de
1416 438 1525 460 earum
1551 428 1786 462 consuetudine
1804 419 2131 466 obser-*252312'21'ff22'ss215‘⁸

1178 478 1253 519 vari,
1268 484 1313 518 ut,
1327 490 1401 512 eum
1419 490 1529 512 earum
1546 481 1683 523 praelati
1702 481 1739 514 ad
1758 481 1911 514 ecclesias
1923 473 2107 522 ¹„'i¹},‘{‘²³²³⁰⁰¹¹¹¹³’

1178 529 1263 572 ipsas
1288 532 1393 574 primo
1417 533 1621 573 accederent,
1638 534 1689 566 vel
1708 543 1778 566 cum
1803 534 1843 566 de
1868 543 1914 566 re-

1179 583 1339 625 cipiendis
1360 584 1481 617 ibidem
1508 586 1598 618 novis
1616 586 1781 619 canonicis
1801 595 1915 627 agere-

1180 640 1240 674 tur,
1266 645 1326 668 nec
1351 638 1514 679 praelatos
1538 638 1676 678 admitti,
1703 648 1764 671 nec
1786 638 1916 671 canoni-

1179 697 1232 719 cos
1252 687 1347 720 aliter
1370 689 1471 732 recipi
1497 691 1528 721 in
1547 689 1660 723 iisdem
1676 690 1835 731 ecclesiis,
1854 690 1915 723 nisi

1179 739 1344 773 iurassent
1360 746 1477 775 statuta
1502 748 1535 775 et
1559 744 1813 777 consuetudines
1830 744 1915 787 ipsa-

1178 803 1247 825 rum
1275 795 1486 827 ecclesiarum
1505 796 1624 839 scripta
1648 802 1679 829 et
1704 808 1769 830 non
1795 797 1916 840 scripta

1178 846 1409 881 inviolabiliter
1449 849 1646 891 observare,
1690 850 1777 883 inter
1816 850 1916 884 laicos

1179 910 1308 944 quoque
1333 902 1506 935 multarum
1531 903 1705 944 civitatum,
1735 909 1915 936 castrorum

1179 958 1209 984 et
1227 959 1386 987 terrarum
1404 965 1476 987 eum
1494 956 1738 989 consuetudinis
1764 957 1915 989 morbum

1178 1007 1210 1038 in
1235 1007 1299 1039 suis
1324 1009 1545 1050 potestatibus
1563 1010 1740 1043 rectoribus
1773 1010 1823 1042 vel
1848 1009 1916 1043 offi-

1179 1059 1315 1092 cialibus
1341 1062 1544 1094 assumendis
1579 1062 1767 1105 irrepsisse,
1791 1068 1827 1095 ut
1853 1063 1914 1106 ipsi

1178 1117 1365 1156 potestaleS,
1391 1120 1535 1147 rectores
1554 1120 1586 1147 et
1602 1115 1755 1148 officiales
1772 1116 1812 1148 ad
1830 1116 1916 1148 eius-

1178 1166 1264 1198 modi
1300 1167 1514 1208 potestarias,
1553 1168 1708 1200 rectorias
1743 1173 1774 1201 et
1809 1168 1916 1201 officia

1178 1219 1362 1252 nullatenus
1387 1219 1650 1261 admitterentur,
1678 1221 1739 1253 nisi
1766 1221 1854 1264 prius
1879 1232 1913 1254 se

1177 1277 1297 1304 statuta
1327 1271 1473 1314 ipsorum
1499 1273 1648 1306 locorum
1672 1275 1779 1306 clausa
1808 1284 1916 1307 serva-

1177 1329 1266 1357 turos
1285 1324 1434 1357 similiter
1451 1325 1625 1366 iurassent;
1645 1327 1677 1359 in
1695 1328 1819 1360 statutis
1836 1338 1914 1361 vero

1176 1388 1210 1409 ac
1229 1377 1518 1410 consuetudinibus
1542 1379 1734 1421 supradictis
1752 1380 1914 1413 interdum

1175 1430 1282 1472 aliqua
1305 1431 1444 1473 reperiri
1469 1431 1583 1464 illicita
1607 1433 1673 1465 sive
1698 1432 1913 1476 impossibilia

1175 1484 1224 1516 vel
1242 1484 1482 1516 ecclesiasticae
1503 1484 1646 1517 libertati
1667 1486 1852 1530 obviantia),
1872 1498 1912 1520 ne

1174 1537 1232 1569 sul)
1259 1537 1312 1568 tali
1338 1537 1548 1579 generalitate
1581 1538 1708 1571 iurandi
1733 1540 1778 1572 sic
1803 1539 1912 1573 iuran-

1177 1589 1260 1622 tibus
1286 1590 1439 1632 peccandi
1458 1591 1584 1624 occasio
1602 1592 1823 1635 praeberetur,
1843 1593 1913 1626 ani-

1174 1653 1297 1675 marum
1322 1643 1479 1686 periculis
1506 1644 1666 1678 obsistere
1692 1646 1837 1689 cupiens
1862 1657 1912 1680 sa-

1174 1696 1257 1728 lubri
1276 1695 1333 1728 sua
1354 1707 1389 1728 ac
1408 1698 1551 1738 generali
1570 1698 1800 1732 constitutione
1817 1710 1912 1742 prae-

1174 1753 1312 1791 ceperat,
1328 1759 1344 1781 a
1358 1748 1624 1793 quibuscumque,
1643 1750 1816 1784 scientibus
1835 1763 1911 1785 con-

1174 1802 1270 1834 tineri
1296 1802 1326 1834 in
1352 1802 1526 1844 praedictis
1551 1805 1843 1838 consuetudinibus
1877 1811 1909 1838 et

1172 1856 1298 1888 statutis
1316 1855 1440 1896 illicita,
1462 1856 1681 1899 impossibilia
1700 1859 1749 1891 vel
1767 1859 1908 1892 libertati

1172 1908 1409 1941 ecclesiasticae
1435 1909 1610 1951 obviantia,
1639 1910 1821 1944 iuramenta
1845 1912 1908 1945 hu-

1172 1962 1309 1995 iusmodi
1345 1963 1435 1996 nullo
1472 1963 1567 1996 modo
1592 1966 1795 2007 praesentari
1811 1965 1842 2006 ¹3
1870 1977 1906 1999 ac

1172 2020 1339 2057 praeterea
1363 2016 1550 2048 decreverat
1569 2017 1644 2050 talia
1664 2017 1852 2059 iuramenta,
1869 2018 1906 2052 effi

1171 2067 1352 2101 intentione
1377 2068 1525 2101 facienda
1549 2071 1599 2103 vel
1634 2070 1714 2103 sacta
1744 2077 1779 2103 ut
1809 2071 1906 2104 etiam

1170 2120 1284 2153 illicita
1309 2121 1356 2154 vel
1381 2120 1596 2164 impossibilia
1629 2133 1686 2155 seu
1713 2124 1907 2157 ecclesiasti-

1170 2185 1226 2207 cae
1265 2174 1406 2207 libertati
1443 2174 1604 2207 obviantia
1641 2176 1902 2218 observarentur,

1169 2237 1239 2259 cum
1265 2227 1362 2260 etiam
1387 2227 1445 2260 sub
1466 2227 1519 2260 tali
1538 2228 1718 2261 intentione
1743 2230 1904 2272 praestari

1168 2292 1232 2314 non
1258 2286 1390 2324 possent
1415 2281 1536 2324 absque
1562 2281 1688 2314 divinae
1724 2282 1902 2316 maiestatis

1168 2333 1301 2374 offensa,
1314 2333 1347 2366 in
1375 2333 1561 2366 huiusmodi
1588 2334 1722 2375 illicitis,
1747 2335 1904 2379 impossi-

1166 2388 1298 2428 bilibus,
1324 2398 1380 2420 seu
1404 2387 1545 2421 libertati
1577 2388 1819 2422 ecclesiasticae
1845 2391 1903 2423 ob-

1165 2441 1324 2474 viantibus
1343 2451 1408 2474 non
1426 2441 1602 2482 servanda3
1623 2442 1699 2484 quin
1716 2441 1825 2485 potius
1842 2453 1901 2486 pro

1166 2494 1347 2526 animarum
1372 2495 1485 2533 salute,
1506 2493 1530 2526 si
1549 2494 1606 2526 sub
1631 2495 1734 2527 forma
1757 2496 1903 2538 praefata

1167 2547 1214 2579 vel
1240 2546 1337 2579 simili
1362 2547 1485 2589 aliquos
1511 2546 1701 2589 ignorantes
1736 2547 1902 2590 praedicta

1199 2609 1211 2636 1
1234 2609 1338 2636 Forsan
1355 2609 1504 2643 praestari
1522 2610 1560 2644 (R.
1577 2609 1628 2644 T.).
