2227 3225
133 224 183 252 An.
205 225 236 251 C.
256 224 317 252 1691

904 224 1111 247 INNOCENTH'S
1137 226 1177 248 x11
1203 226 1249 248 ΙΨ.

323 271 401 306 lium
426 276 575 314 proterve
600 270 800 310 defendere,
834 271 859 303 si
886 271 975 303 t‘ratri
1001 282 1057 304 suo

323 325 511 358 scandalum
548 324 696 367 ingerat,
730 330 914 367 prosternat
948 335 982 357 se
1019 325 1057 358 ad

323 378 424 421 pedes
450 378 519 411 eius
542 378 646 411 donec
669 378 760 411 illum
778 387 911 419 surgere
936 377 1055 409 iubeat.

365 442 416 464 xv.
457 431 537 464 Cum
574 430 798 464 saecularibus
834 431 925 463 nullo
960 430 1057 462 modo

320 485 474 526 magister
498 494 552 517 eos
571 483 712 526 colloqui
736 483 913 526 permittat,
928 488 959 515 et
984 492 1056 514 cum

320 537 513 580 parentibus
538 536 709 576 rarissime,
730 541 762 568 et
785 546 802 568 a
826 545 861 568 se
886 535 975 578 prius
1000 535 1057 568 ob-

319 593 408 623 tenta
433 590 579 629 licenti-[13
606 600 678 623 cum
704 589 856 622 fratribus
875 593 1056 622 conventus

318 645 442 677 nullam
466 644 740 677 consuetudinem
766 643 916 681 habeant,
935 652 995 675 nec
1017 642 1055 674 ad

317 696 545 730 brevissimum
559 707 743 730 sermonem
759 700 814 728 aut
838 705 959 728 moram
977 695 1055 737 ipsis

318 750 540 789 adhaereant,
572 751 629 783 sed
661 750 747 782 iuxta
779 749 853 783 illos
885 748 1053 781 submissis

317 803 419 836 oculis
443 804 576 836 silentes
594 807 768 841 transeant,
790 802 911 835 nullam
926 802 1054 844 penitus

316 856 548 899 respondendo
573 861 627 888 aut
651 855 885 897 interrogando
901 854 1053 897 praeben-

318 914 366 942 tes
389 908 595 942 occasionem
620 907 660 940 ad
685 907 845 950 alloquia,
873 908 974 940 multo
992 917 1054 939 ma—

316 961 366 1003 gis
390 971 504 994 eorum
524 961 623 993 cellas
640 960 766 1002 ingredi
787 964 932 999 caveant,
957 959 1051 992 etiam

316 1014 420 1048 vocati
445 1015 505 1047 nisi
531 1025 549 1047 a
574 1014 717 1056 praelato
743 1013 918 1045 dumtaxat.

358 1077 423 1101 xvt.
452 1068 475 1099 Α
501 1067 595 1100 domo
620 1066 816 1099 novitiorum
837 1076 966 1108 semper
985 1065 1050 1097 bini

316 1120 545 1163 egrediantur,
572 1125 604 1153 et
628 1130 693 1152 non
729 1119 844 1158 aliter;
872 1119 1050 1161 professos,

316 1179 469 1217 quantum
486 1172 554 1206 fieri
572 1173 684 1216 possit,
701 1173 786 1205 idem
805 1182 934 1204 servare
949 1171 1053 1203 inten-

316 1227 434 1260 dimus.
461 1226 618 1269 Epistolas
644 1235 747 1268 neque
777 1225 922 1257 scribant
946 1234 1051 1267 neque

315 1281 443 1313 mittant
467 1280 532 1312 sive
554 1280 715 1322 recipiant
737 1279 805 1311 sine
831 1278 960 1311 licentia
988 1289 1051 1310 ma-

314 1332 427 1376 gistri,
454 1332 508 1375 qui
545 1342 597 1364 eas
626 1332 729 1374 primo
767 1333 863 1372 legat.
897 1331 1052 1364 Similiter

313 1396 421 1429 neque
445 1385 478 1418 in
499 1384 684 1424 refectorio,
705 1395 760 1417 seu
782 1390 882 1423 extra,
899 1384 1049 1426 cuiquam

313 1438 436 1481 aliquid
461 1437 642 1480 largiantur
672 1442 727 1469 aut
761 1437 908 1475 mittant,
943 1447 1049 1479 neque

312 1492 373 1524 sibi
387 1491 426 1524 ab
445 1491 516 1524 aliis
539 1491 647 1524 oblata
672 1490 748 1531 (nisi
767 1501 783 1521 a
801 1490 871 1522 solo
890 1490 1049 1532 praelato)

312 1544 490 1588 suscipiant
524 1544 594 1576 sine
628 1543 722 1576 venia
757 1542 857 1585 ipsius
889 1542 1047 1583 magistri,

312 1599 366 1641 qui
392 1603 578 1641 propterea,
596 1596 754 1639 quidquid
773 1596 818 1628 eis
840 1606 921 1638 opus
942 1596 1048 1635 suerit,

308 1651 475 1695 provideri
501 1650 658 1683 sollicitet
681 1650 858 1682 secundum
885 1649 1048 1692 possibili·
1069 1642 1070 1675 l

1068 1734 1069 1745 2
1091 1713 1158 1735 rani
1183 1702 1308 1744 frangat
1333 1708 1364 1734 et
1388 1708 1481 1745 septa
1506 1704 1694 1736 monasterii
1728 1704 1825 1737 etiam

1068 1748 1070 1763 ²
1091 1766 1147 1797 per
1172 1755 1301 1787 brevem
1327 1765 1452 1787 moram
1487 1759 1517 1788 et
1542 1755 1652 1788 habitu
1690 1767 1755 1789 non
1781 1757 1826 1790 di-

309 1710 407 1737 tatem
433 1709 621 1737 conventus.

352 1766 427 1790 xvn.
456 1756 647 1798 Disciplinas
666 1755 878 1796 singulariter
899 1755 1047 1797 frequen-

309 1815 358 1842 tes
382 1808 579 1852 suscipiant,
607 1813 705 1850 prout
728 1807 910 1839 devotionis
941 1808 1048 1839 servor

309 1868 341 1895 et
365 1861 542 1904 spiritualis
568 1860 744 1892 necessitas
769 1859 896 1901 exigat,
922 1870 1047 1892 verum-

310 1921 418 1947 tamen
444 1924 508 1946 non
535 1923 588 1946 eas
614 1913 840 1956 imprudenter
875 1919 1045 1954 assumant,

307 1968 366 2000 sed
392 1977 464 2000 cum
489 1965 685 1999 discretione
712 1971 742 1997 et
778 1965 913 1998 consilio
946 1967 1045 2007 magi-

309 2020 367 2053 stri
400 2025 532 2063 praeter
565 2020 796 2052 conventuales
831 2024 861 2052 et
886 2030 902 2051 a
928 2020 1046 2052 consti-

307 2073 433 2106 tutione
458 2071 631 2116 praeflxas,
650 2072 682 2104 in
702 2071 818 2112 vigiliis
842 2073 1044 2105 communio·
1065 2104 1066 2108 ,

1101 278 1216 313 artem,
1244 273 1283 306 ad
1308 274 1428 308 nullam
1460 276 1555 308 aliam
1582 278 1746 311 scientiam
1771 279 1831 312 nisi

1100 326 1340 369 philosophiam
1366 337 1422 361 seu
1458 329 1654 371 theologiam
1680 341 1735 363 eos·
1756 343 1834 374 quo-

1100 379 1340 423 modocumque
1380 381 1562 414 distrahere
1602 383 1831 425 permittimus,

1099 431 1159 463 nisi
1186 438 1317 475 peracto
1349 434 1476 475 integro
1513 445 1617 476 anno,
1644 435 1676 468 in
1703 447 1767 479 quo
1793 438 1832 470 dc

1099 483 1196 517 rebus
1221 484 1358 525 Ordinis,
1377 486 1485 519 divino
1504 487 1608 520 officio
1637 488 1698 521 rite
1724 494 1756 521 ct
1780 490 1835 522 de-

1097 537 1163 570 bite
1188 539 1352 572 recitando
1377 545 1407 573 et
1431 540 1534 583 perite
1555 542 1724 580 cantando,
1742 548 1770 574 et
1793 543 1832 575 de

1098 593 1383 626 constitutionibus
1408 599 1438 626 et
1463 595 1577 636 regula
1613 595 1690 627 satis
1722 606 1833 638 super-

1097 655 1159 687 que
1185 646 1306 679 suerint
1331 646 1454 687 edocti;
1481 658 1544 690 qua
1577 648 1616 680 de
1643 658 1676 679 re
1702 659 1830 682 omnem

1098 698 1309 741 dispensandi
1337 700 1523 733 facultatem
1554 701 1747 743 provinciali
1779 708 1828 734 at-

1097 761 1157 793 que
1195 751 1291 784 etiam
1316 752 1470 795 magistro
1506 754 1653 796 generali
1690 755 1833 788 detrahi—

1095 813 1178 836 mus.

1138 866 1200 889 xix.
1229 857 1382 897 Novitios,
1401 863 1463 891 tam
1489 859 1638 899 clericos,
1660 871 1753 903 quam
1775 862 1832 894 lai-

1095 919 1160 949 cos,
1194 910 1236 942 ita
1261 910 1436 943 novitiatus
1473 913 1621 945 clausura
1653 914 1830 955 contineat,

1095 968 1128 994 ut
1145 962 1193 994 in¹
1212 963 1399 1006 receptione
1414 975 1515 1006 usque
1535 965 1572 997 ad
1591 965 1739 998 emissam
1755 978 1831 1010 pro-

1096 1015 1267 1048 fessionei‘n
1292 1025 1385 1049 nemo
1404 1017 1479 1050 inde
1498 1023 1597 1059 exeat,
1621 1029 1829 1062 quocumque

1094 1069 1238 1110 quaesito
1259 1070 1366 1101 colore
1384 1071 1431 1102 vel
1450 1076 1625 1113 praetextu,
1638 1071 1676 1104 ad
1697 1072 1830 1105 fratrum

1094 1121 1226 1153 cuilibet
1251 1122 1509 1161 ministrandum,
1535 1129 1598 1156 tam
1624 1129 1830 1158 transeunter

1094 1184 1188 1216 quam
1214 1176 1626 1219 permanenter,cuiusque
1653 1178 1771 1219 gradus
1798 1184 1830 1211 et

1094 1227 1289 1260 conditionis
1311 1229 1461 1266 extiterit,
1481 1230 1605 1262 etiamsi
1624 1230 1721 1263 suerit
1737 1241 1830 1274 prae-

1094 1281 1196 1320 latus3
1217 1291 1321 1324 neque
1343 1291 1510 1314 commune
1532 1283 1663 1325 aliquod
1689 1284 1829 1317 officium

1094 1339 1272 1365 conventus
1298 1334 1486 1375 singulatim
1516 1340 1604 1367 extra
1637 1336 1828 1369 novitiatum

1093 1391 1274 1424 exerceant,
1300 1386 1355 1417 scd
1382 1385 1449 1417 bini
1484 1386 1648 1419 dumtaxat
1679 1393 1734 1420 aut
1758 1390 1829 1431 plu-

1093 1447 1160 1477 res·,
1179 1439 1269 1470 nulla
1288 1448 1397 1469 rursus
1415 1438 1460 1470 eis
1478 1439 1570 1482 copia
1588 1438 1641 1471 fiat
1658 1450 1675 1471 a
1699 1450 1829 1473 monas-

1093 1489 1172 1522 terio
1198 1490 1402 1532 egrediendi,
1430 1491 1491 1523 nisi
1517 1492 1556 1524 ad
1574 1493 1716 1535 aliquem
1743 1504 1828 1526 com-

1092 1553 1221 1575 munem
1252 1549 1378 1583 actum,
1404 1543 1580 1577 comitante
1606 1555 1660 1578 eos
1699 1555 1828 1590 semper

1092 1597 1236 1639 praelato
1261 1602 1316 1628 aut
1340 1597 1506 1639 magistro.

1132 1660 1182 1683 xx.
1209 1649 1240 1682 Si
1267 1659 1343 1682 vero
1374 1650 1490 1692 aliquis
1521 1650 1662 1683 novitius
1700 1651 1827 1684 clausu-

1090 1808 1186 1841 misso
1211 1813 1401 1850 praetereat,
1428 1818 1632 1851 quacumque
1658 1815 1766 1842 mente
1792 1810 1824 1842 id

1090 1861 1191 1899 saciat,
1218 1860 1342 1893 etiamsi
1369 1861 1477 1893 animo
1499 1861 1671 1901 redeundi,
1691 1873 1754 1895 non
1772 1863 1825 1895 ad-

1089 1913 1230 1945 mittatur
1260 1913 1376 1953 dcnuo,
1411 1913 1471 1946 nisi
1503 1914 1577 1946 sacti
1611 1915 1824 1948 vehementer

1088 1966 1262 2008 poeniteat,
1276 1972 1305 1999 ct
1332 1966 1448 1998 iterum
1468 1967 1598 2010 incepto
1618 1968 1823 2010 probationis

1087 2030 1172 2051 amm
1198 2030 1215 2051 a
1243 2025 1386 2061 tempore
1413 2026 1444 2052 et
1469 2020 1550 2052 hora
1576 2020 1625 2052 sui
1650 2021 1774 2053 reditus
1793 2027 1824 2054 et

1089 2082 1188 2104 novae
1204 2073 1402 2115 receptionis
1415 2073 1454 2105 ad
1471 2073 1637 2113 Ordinem3
1657 2084 1736 2116 quae
1755 2084 1823 2106 om-

1736 222 1798 255 0387
1845 233 1894 258 An.
1912 232 1938 257 c.
1959 231 2020 258 uxot

307 2127 358 2159 nis
390 2131 474 2158 totus
508 2125 681 2158 novitiatus
715 2135 919 2157 counnunem
952 2125 1045 2157 disci·
1064 2128 1067 2170 J
1088 2125 1139 2157 nia
1160 2125 1304 2157 adnotari
1323 2126 1440 2157 debent
1458 2125 1488 2157 in
1507 2125 1590 2158 libro
1606 2132 1820 2169 receptorum,

306 2179 428 2222 plinam
453 2178 600 2220 accipiat,
625 2177 663 2209 ad
690 2188 785 2219 quam
811 2188 924 2210 omncs
950 2179 1045 2220 magi·
1064 2203 1065 2224 ἢ
1088 2183 1181 2219 prout
1199 2177 1245 2209 sic
1266 2183 1354 2218 gesta
1374 2178 1500 2218 l'uerint,
1524 2184 1558 2209 ut
1581 2179 1700 2210 sciatur
1720 2180 1818 2221 qnod,

307 2238 373 2264 ster
398 2231 530 2275 praevio
555 2241 702 2263 sermone
728 2231 883 2272 accingat,
905 2232 1042 2274 aliisque
1087 2241 1186 2273 usquc
1220 2231 1296 2262 dum
1334 2236 1444 2272 vergat
1475 2231 1588 2263 eadem
1628 2231 1708 2264 hora
1744 2238 1820 2275 post

307 2284 579 2328 dispositionibus
605 2289 636 2316 et
661 2283 823 2315 exercitiis
855 2284 1042 2326 liwaeparari
1064 2270 1203 2316 iannum
1222 2295 1239 2316 a
1260 2294 1420 2325 regressu,
1439 2283 1583 2326 profiteri
1609 2295 1674 2317 non
1698 2291 1816 2328 potest.

305 2337 445 2375 studeat,
472 2341 508 2369 ut
533 2336 629 2378 digne
647 2336 685 2368 ad
708 2337 878 2369 caelestem
896 2348 1041 2369 mensam
1063 2374 1064 2383 ἵ
1128 2347 1190 2370 xxi.
1218 2338 1278 2369 Sed
1309 2337 1463 2379 quoniam
1496 2348 1628 2380 semper
1653 2340 1818 2371 saeculum

306 2389 475 2422 accedant.
1062 2389 1268 2432 {expugnare
1287 2390 1422 2423 novitios
1448 2391 1535 2423 bello
1561 2402 1619 2423 suo
1646 2392 1819 2424 durissimo

348 2453 438 2476 xvni.
463 2442 618 2475 Omnibus
650 2442 779 2475 novitiis
816 2444 1001 2484 assignetur
1025 2454 1041 2475 a
1084 2454 1149 2476 non
1185 2443 1391 2484 dubitamus,
1425 2444 1542 2476 idcirco
1575 2454 1633 2486 pro
1665 2445 1729 2477 illis
1766 2456 1819 2477 so-

305 2497 453 2538 praelato
473 2496 530 2538 qui
548 2506 604 2528 eos
628 2496 727 2538 plano
746 2500 777 2528 et
797 2496 919 2538 vulgari
945 2502 1040 2529 cantu
1085 2496 1153 2528 brie
1178 2497 1333 2539 magister
1357 2497 1516 2539 invigilet,
1542 2507 1581 2529 ne
1602 2498 1640 2529 de
1667 2497 1818 2530 omnibus

307 2549 456 2585 instruat,
479 2548 538 2580 snb
557 2550 662 2590 poena
686 2548 908 2590 suspensionis
934 2549 973 2581 ab
995 2551 1042 2581 ol'-
1084 2549 1145 2582 sibi
1171 2549 1296 2581 traditis
1323 2549 1440 2592 perdat
1472 2560 1693 2592 quemquam,
1721 2549 1816 2590 unde,

307 2601 380 2635 licio
405 2611 463 2644 per
499 2610 553 2634 sex
579 2611 724 2642 menses;
750 2607 781 2634 et
807 2608 934 2645 praeter
959 2602 1041 2635 hanc
1120 2613 1131 2638 1
1155 2611 1244 2638 Potius
1264 2611 1321 2647 lege
1337 2621 1354 2637 α
1376 2620 1423 2647 pro
1444 2612 1475 2639 in
1496 2618 1534 2645 ffl-
1551 2612 1587 2645 τ.)
