2227 3225
0 1038 2 1079 l

0 1082 1 1120 l

143 230 190 257 An.
207 229 234 258 C.
260 231 324 258 11193

908 234 1116 259 iaxocnmirs
1144 237 1183 258 xn
1211 238 1256 259 re.
1750 232 1813 266 5:37
1859 243 1952 270 Aac.
1977 243 2042 270 ¹003

332 279 500 320 charitate,
525 279 659 323 pietate,
677 289 851 324 rerumque
871 283 1071 325 experientia

332 332 582 375 praestantibus,
598 330 832 376 compositam.
858 339 954 377 atque
980 335 1071 367 addi-

333 384 421 417 tione
440 390 471 418 et
487 385 754 429 incorporatione
781 387 996 429 praefatorum
1014 388 1070 420 Ca-

332 447 440 471 merac
474 444 604 472 nostrae
641 440 833 473 thesaurarii
867 446 898 473 et
922 441 1070 473 commis-

331 490 407 523 sarii
426 491 586 534 generalis
607 497 638 525 et
658 497 798 535 quatuor
819 493 1070 536 pariterproba-

333 549 438 577 torum
458 544 607 584 virorum,
625 551 660 578 ut
679 545 869 589 pracsertur,
891 546 1068 584 adauctam,

332 602 364 629 ct
388 597 420 629 in
446 608 544 630 unum
571 598 747 639 redactam,
779 599 834 642 qni
861 604 968 632 tamen
995 611 1070 643 qua-

333 655 405 683 tuor
429 651 487 683 viri
513 661 577 684 non
596 651 735 694 amplius
754 652 790 684 ad
818 662 946 691 annum,
964 654 1019 685 sed
1038 653 1068 685 in

332 704 486 744 futurum,
505 704 648 737 adinstar
677 710 868 745 ceterorum,
890 706 1011 748 pariter
1031 707 1069 738 ad

332 763 478 790 nostrum
505 763 536 790 et
553 757 688 790 Romani
714 758 878 792 Pontitlcis
904 769 964 802 pro
990 765 1070 792 tcm-

331 820 409 854 pore
435 810 602 843 existentis
626 811 792 843 arbitrium
811 812 875 844 sint
895 817 926 844 et
950 812 1069 845 intelli-

331 869 450 907 gantur
470 864 625 907 deputafi,
646 864 860 907 praeficimus,
880 865 1069 908 deputamus

331 923 362 951 ct
376 917 610 958 constituimus,
627 918 758 951 soniam
772 919 996 962 pracsectam',
1016 920 1070 952 de-

330 976 473 1014 putatam
490 975 520 1004 et
533 971 752 1012 constitutam,
771 977 809 1012 et,
825 977 859 1004 ut
874 972 1066 1015 praefertur,

331 1025 508 1065 adauctam,
535 1024 764 1058 confirmamus
798 1032 829 1059 et
854 1026 1065 1067 innovamus,

330 1084 366 1111 ut
390 1078 580 1112 huiusmodi
598 1078 812 1122 Congregatio
837 1089 897 1123 pro
923 1084 1067 1122 tempore

332 1131 475 1165 existens
491 1158 498 1172 ,
528 1137 560 1164 et
582 1138 697 1165 nostro
721 1138 975 1175 nostrorumque
1000 1143 1069 1165 suc-

332 1195 499 1218 cessorum
525 1185 744 1219 Romanorum
770 1185 962 1219 Pontificum
988 1186 1070 1218 arbi-

331 1239 393 1271 trio
418 1239 621 1278 renovanda,
648 1238 880 1279 confirmanda,
906 1249 961 1271 seu
993 1249 1068 1271 con-

331 1291 501 1332 stituenda,
528 1292 698 1334 perpetuis
726 1291 840 1323 futuris
866 1291 1067 1334 temporibus

331 1344 415 1377 circa
441 1355 486 1384 ea,
503 1355 584 1387 quae
602 1344 737 1377 instituti
756 1344 940 1376 huiusmodi
956 1344 1068 1377 obser-

330 1397 486 1437 vantiam,
514 1397 695 1432 animarum
720 1398 866 1438 salutem,
892 1407 1065 1440 corporum

330 1449 530 1489 alimoniam,
549 1455 737 1493 rectamque
766 1450 900 1493 hospitii
919 1460 1064 1483 normam

330 1508 361 1536 et
379 1503 594 1546 disciplinam,
614 1513 741 1536 necnon
757 1503 996 1536 oeconomicam
1015 1504 1066 1536 ad-

328 1555 610 1596 ministrationem,
636 1567 809 1599 rerumque
843 1557 1001 1589 bonorum
1035 1562 1065 1589 et.

328 1608 445 1641 iurium
470 1609 746 1642 conservationem
772 1614 800 1642 et
826 1609 1062 1649 defensionem,

328 1662 493 1706 providam
538 1662 758 1695 ministrorum
802 1668 834 1695 et
880 1662 1063 1695 officialium

327 1716 423 1749 etiam
449 1715 672 1756 sacerdotum,
698 1721 730 1748 et
765 1720 828 1748 tam
866 1717 1061 1758 regularium

327 1780 422 1813 quam
452 1769 667 1801 saecularium
692 1769 891 1806 electionem.
914 1769 1063 1802 distribu-

295 1811 302 1818 ”
326 1823 447 1856 tionem
463 1827 494 1855 et
507 1822 713 1862 amotionem,
729 1824 813 1855 salva
829 1828 934 1857 tamen
957 1824 1060 1866 quoad

326 1877 493 1918 regulares
525 1885 602 1917 erga
634 1886 746 1908 eorum
771 1876 959 1920 superiores
985 1877 1061 1909 obe-

326 1929 456 1969 dientia,
469 1935 501 1962 et
514 1939 750 1972 quamcumque
766 1933 831 1961 tum
845 1929 1059 1971 spiritualium

325 1987 390 2015 tum
431 1981 660 2024 temporalium
699 1981 1033 2024 superintendentiam
1050 2009 1057 2022 ,

325 2034 538 2067 directionem
570 2039 602 2067 et
635 2034 948 2067 administrationem
983 2045 1060 2067 con-

323 2092 474 2128 cernunt,
492 2087 525 2119 in
545 2087 684 2120 Domino
706 2087 900 2130 praesideat,
920 2088 1060 2120 solerter

322 2140 469 2183 invigilet
492 2145 524 2173 et
548 2140 772 2173 incunctanter
800 2141 986 2181 incumbat;
1014 2141 1059 2174 ei-

323 2195 461 2238 demque
486 2194 738 2237 Congregationi
759 2203 981 2238 quaecumque
1000 2201 1059 2228 sta-

323 2252 390 2280 tuta
405 2273 413 2287 ‚
457 2247 678 2280 ordinationes
694 2274 701 2287 ,
740 2248 989 2281 constitutiones
1026 2255 1057 2282 et

321 2302 462 2343 regulas,
486 2300 591 2333 licitas
616 2305 722 2334 tamen
757 2306 788 2334 ct
819 2302 982 2342 honestas,
1007 2313 1057 2336 sa-

321 2354 449 2398 crisque
468 2353 649 2387 canonibus
670 2359 703 2387 et
719 2355 858 2388 decretis
874 2357 955 2389 sacri
976 2356 1056 2390 Con-

320 2406 385 2439 cilii
416 2407 594 2440 Tridentini
625 2418 691 2440 non
724 2408 946 2449 adversantes,
973 2420 1055 2443 con—

320 2458 439 2492 dendi⁹
455 2465 487 2492 et
504 2459 650 2499 faciendi,
673 2470 709 2492 ac
725 2461 870 2494 conditas
889 2466 920 2494 et
946 2462 1053 2503 factas,

318 2511 412 2545 toties
438 2511 566 2555 quoties
591 2523 672 2556 opus
697 2512 812 2554 suerit,
842 2515 1027 2558 corrigendi
1044 2544 1051 2557 ‚

355 2584 366 2609 1
384 2582 454 2609 Edit.
472 2582 555 2610 Malu.
571 2583 637 2619 legit
651 2585 811 2619 perfectam
830 2587 867 2619 (a.
884 2586 932 2620 1.).

352 2627 370 2654 2
389 2626 460 2654 Edit.
481 2627 560 2654 main.
581 2628 647 2663 legit
665 2630 834 2658 concedendi
855 2631 894 2666 (R.
914 2631 964 2667 Τ.).

426 2681 502 2708 Ball.
518 2682 601 2709 Rom.
614 2697 647 2701 —-
666 2682 726 2709 Vol.
744 2683 803 2711 XX.
947 2684 980 2713 68

1113 284 1282 323 mutandi,
1312 284 1532 326 reformandi,
1562 292 1593 319 et.
1617 275 1677 321 alia
1703 290 1741 321 de
1767 301 1850 324 novo

1113 336 1263 377 faciendi,
1292 343 1507 380 opportunam
1533 345 1560 371 et
1589 342 1726 383 amplam
1754 343 1851 376 sacul-

1114 392 1211 421 tatem
1238 390 1447 422 convestiunt<
1473 397 1503 424 et
1528 392 1745 436 impartimur.
1766 396 1850 433 Quae

1113 442 1243 485 quidem
1271 449 1402 483 statuta,
1427 445 1669 485 ordinationes,
1696 449 1852 481 constitu-

1113 495 1218 528 tioncs
1240 502 1269 529 et
1284 498 1417 538 regulae
1432 498 1478 530 sic
1493 499 1655 539 conditae,
1673 506 1850 542 correctae,

1112 554 1261 589 mutatae,
1280 552 1475 584 reformatae
1501 558 1531 585 ct
1556 553 1595 586 dc
1620 563 1703 587 novo
1730 554 1848 595 sactae,

1112 607 1284 646 postquam
1310 614 1370 647 per
1395 615 1453 637 1105
1480 611 1509 637 et
1535 606 1713 640 Romanum
1740 608 1850 641 Ponti-

1111 655 1204 687 ficem
1222 667 1281 698 pro
1301 662 1445 701 tempore
1471 659 1661 693 evistentem
1687 664 1849 705 approba-

1112 712 1160 740 tae
1183 709 1310 751 suerint²
1329 711 1368 743 ab
1386 712 1535 744 omnibus
1554 718 1582 745 et
1603 714 1750 757 singuliS,
1770 727 1849 758 quos

1112 760 1167 793 illa
1192 766 1223 793 et
1254 762 1329 795 illae
1369 771 1590 806 concernunt,
1617 767 1849 801 inviolabiliter

1111 814 1275 848 observari
1299 817 1468 858 volumus,
1497 829 1532 850 ac
1563 819 1649 852 iuxta
1681 831 1791 853 eorum
1818 827 1850 855 et

1112 877 1222 899 earum
1249 869 1493 912 dispositionem
1512 878 1542 904 et
1571 878 1717 906 tenorem
1739 886 1755 907 a
1781 875 1850 918 qui-

1110 919 1216 952 busvis
1241 922 1338 955 ctiam
1364 922 1528 957 indicibus
1554 930 1586 957 ct
1609 927 1847 968 superioribus,

1111 972 1238 1006 sublata
1256 975 1349 1007 aliter
1370 976 1534 1010 iudicandi
1560 984 1589 1011 et
1611 979 1848 1023 interpretandi

1111 1024 1273 1067 facultate,
1291 1027 1426 1061 indicari
1453 1035 1483 1062 et
1509 1031 1633 1064 deliniri
1656 1033 1787 1067 debere.

1155 1079 1168 1122 ἓ
1195 1079 1249 1113 25.
1276 1081 1443 1116 Postremo
1480 1085 1707 1119 christifideles
1733 1087 1847 1121 maiori
1881 1097 2042 1118 Exhormnoad

1110 1142 1174 1174 quo
1201 1144 1374 1176 possumus
1408 1136 1505 1169 animi
1540 1138 1653 1171 all'ectu
1681 1123 2041 1176 hortamur§ggenss‘ffiflf‘fflffl

1110 1184 1142 1216 in
1168 1185 1315 1227 Domino,
1333 1193 1367 1220 ut
1384 1189 1533 1231 piissimo
1553 1191 1628 1223 liuic
1646 1197 1678 1224 et
1701 1194 1848 1226 saluber-

1110 1238 1189 1271 rimo
1216 1239 1370 1283 hospitio,
1393 1252 1452 1284 pro
1479 1243 1570 1275 cuins
1596 1247 1756 1288 perpetua
1774 1258 1848 1279 con-

1110 1292 1291 1325 servatione
1324 1299 1355 1326 et
1384 1296 1565 1329 successiva
1600 1300 1845 1333 manutentione

1108 1343 1223 1386 ingens
1249 1351 1279 1377 et
1302 1353 1456 1390 prompta
1480 1348 1628 1391 impensa
1653 1357 1684 1383 ct
1709 1353 1846 1386 maxima

1108 1396 1364 1440 dosrequiritm‘,
1386 1406 1417 1432 et
1435 1401 1523 1434 cuius
1541 1403 1707 1437 facultates
1726 1411 1756 1436 et
1774 1407 1846 1439 red-

1108 1449 1191 1482 ditus
1218 1461 1281 1493 quo
1306 1453 1407 1495 magis
1432 1462 1602 1497 augentur,
1629 1467 1666 1490 co
1692 1459 1846 1502 multipli-

1107 1508 1200 1535 catur
1221 1514 1375 1538 numerus
1395 1517 1574 1550 pauperum
1596 1511 1788 1544 alendorum
1813 1517 1845 1544 et

1107 1557 1303 1599 ampliantur
1326 1569 1426 1602 opera
1457 1561 1623 1609 eharitatis
1639 1590 1646 1603 ,
1671 1565 1846 1607 eleemosy-

1107 1609 1155 1641 nis
1193 1617 1223 1643 et
1254 1612 1416 1645 benevisis
1453 1614 1699 1657 elargitionibus
1731 1628 1844 1650 manns

1107 1664 1276 1707 porrigant
1300 1665 1488 1707 adiutriccS,
1517 1671 1706 1713 centuplum
1732 1671 1764 1703 in
1791 1682 1844 1704 ae-

1107 1717 1205 1749 ternis
1230 1718 1311 1751 caeli
1338 1719 1554 1754 tabernaculis
1578 1725 1753 1766 recepturi.

1149 1770 1163 1812 g
1185 1769 1238 1803 ⁶26.
1256 1771 1486 1813 Decerncntes‚
1505 1775 1634 1808 easdem
1651 1782 1841 1819 praesentes

1104 1822 1227 1856 litteras
1255 1829 1286 1857 et
1304 1825 1337 1857 in
1354 1825 1400 1858 eis
1426 1831 1580 1860 contenta
1605 1840 1840 1874 quaecumque,

1104 1876 1201 1909 etiam
1227 1887 1264 1910 ex
1289 1888 1328 1911 eo
1346 1879 1432 1921 quod
1461 1890 1573 1913 omnes
1600 1887 1631 1914 et
1652 1882 1770 1925 singuli
1793 1896 1842 1917 su-

1103 1930 1252 1972 pradicti,
1272 1942 1308 1964 ac
1328 1932 1380 1965 alii
1395 1933 1592 1977 quicumque
1607 1935 1639 1968 in
1655 1938 1839 1979 praemissis

1102 1985 1349 2027 quomodolibet
1369 1986 1417 2019 ius
1434 1989 1483 2020 vel
1501 1988 1658 2022 interesse
1684 1990 1839 2025 habentes

1101 2048 1158 2071 seu
1184 2039 1306 2072 habere
1331 2041 1589 2083 praetendentes,
1615 2043 1754 2077 cuiusvis
1775 2051 1838 2078 sta-

1102 2096 1162 2130 tus,
1187 2092 1318 2134 gradus,
1336 2093 1469 2133 ordinis,
1489 2095 1767 2137 praeeminentiae
1787 2101 1837 2132 vel

1101 2144 1278 2187 dignitatis,
1306 2145 1401 2178 etiam
1425 2147 1659 2188 cardinalatu&
1685 2160 1743 2182 seu
1775 2152 1838 2184 alia

1100 2197 1249 2240 specifica
1280 2203 1312 2230 et
1340 2197 1504 2232 individua
1529 2201 1695 2234 mentione
1721 2208 1753 2235 et
1784 2215 1838 2237 ex-

1098 2250 1266 2293 pressione
1292 2251 1381 2293 digni
1414 2252 1571 2293 existant,
1603 2254 1719 2288 iisdem
1743 2267 1837 2299 prae-

1099 2303 1207 2335 missis
1240 2314 1417 2347 eorumquc
1442 2305 1577 2348 singulis
1602 2318 1667 2341 non
1699 2320 1837 2344 consen-

1098 2357 1208 2397 serint,
1227 2367 1287 2390 nec
1312 2358 1351 2390 ad
1377 2368 1414 2390 ea
1438 2359 1541 2392 vocati
1567 2371 1623 2393 seu
1650 2363 1750 2395 auditi
1769 2364 1836 2397 sue-

1097 2411 1185 2449 rint,
1221 2411 1350 2443 tametsi
1383 2422 1513 2444 suorum
1547 2413 1748 2448 indultorum
1783 2419 1834 2451 vel

1097 2463 1346 2507 privilegiorum
1364 2465 1474 2507 vigore
1500 2468 1687 2501 consentire
1706 2480 1764 2502 seu
1783 2481 1833 2503 vo-

1096 2517 1162 2549 cari
1188 2522 1219 2550 et
1243 2517 1345 2550 audiri
1372 2519 1472 2551 semel
1493 2520 1543 2552 vel
1562 2520 1683 2562 pluries
1701 2532 1831 2565 quoquo

1095 2570 1191 2603 modo
1218 2570 1415 2609 debuissent,
1437 2576 1493 2604 aut
1517 2582 1553 2604 ex
1578 2573 1641 2606 alia
1665 2580 1831 2617 quantum-

1095 2624 1142 2657 vis
1167 2623 1303 2657 inridica
1320 2629 1351 2658 et
1368 2625 1570 2669 privilegiata
1588 2628 1692 2667 causa,
1707 2629 1829 2669 colore,

1879 1785 2000 1808 clausulae.
