2227 3225
124 242 170 268 Ati.
187 240 219 269 s..
241 240 309 270 0695

142 2312 260 2335 Clausulas.

310 289 421 329 serint,
438 300 474 322 ac
490 295 663 334 propterea
689 295 890 333 opportune,
909 290 987 323 sibi¹
1014 291 1045 323 in

309 343 497 387 praemissis
521 354 538 375 a
562 343 656 376 nobis
671 344 845 386 providere
864 349 895 376 et
913 349 947 376 ut
963 344 1046 377 infra

310 395 472 437 indulgeri
498 405 707 439 summopere
741 396 949 429 desiderent:
972 406 1044 436 nos,

310 448 483 492 specialem
509 448 630 482 eisdem
656 449 893 492 exponentibus
912 449 1046 491 gratiam

310 501 416 534 facere
434 503 591 542 volentes,
606 508 636 535 et
654 510 767 535 eorum
785 502 966 544 singulares
980 513 1049 545 per-

311 565 408 588 sonas
437 565 454 587 a
482 555 651 598 quibusvis
676 555 1046 595 excommunicationis,

310 608 534 652 suspensionis
548 614 579 642 et
596 608 772 649 interdicti,
793 608 930 651 aliisque
945 609 1049 641 eccle-

311 661 447 694 siasticis
472 662 652 701 sententiis,
681 662 827 694 censuris
842 667 873 694 et
890 662 1017 705 poenis,
1031 671 1048 693 a

311 714 380 747 iure
410 715 460 747 vel
486 715 526 747 ab
552 715 696 755 bomine,
722 715 833 758 quavis
876 715 1048 748 occasione

312 768 361 801 vel
387 770 483 800 causa
508 768 593 808 latis,
621 768 644 800 si
664 768 781 810 quibus
800 768 1049 811 quomodolibet

310 820 486 854 innodatae
502 820 651 860 existunt,
671 821 709 853 ad
727 820 874 854 ell'ectum
896 831 1049 864 praeseu-

311 874 390 907 tium
416 874 581 907 dumtaxat
613 875 904 917 consequendum,
933 874 1048 906 harum

310 928 393 960 serie
411 927 613 961 absolventes
632 933 664 960 et
683 927 868 960 absolutas-²
888 927 955 961 sore
974 937 1048 961 cen-

310 987 417 1015 sentes
433 1008 442 1022 ,
468 981 761 1025 supplicationibus
781 992 894 1015 eorum
915 981 1047 1014 nomine

310 1035 403 1068 nobis
429 1045 529 1078 super
553 1035 616 1068 hoc
641 1034 809 1068 humiliter
829 1035 985 1078 porrectis
1006 1035 1048 1067 in-

310 1088 430 1128 clinati,
458 1088 496 1120 dc.
514 1088 748 1121 venerabilium
768 1088 899 1120 fratrum
922 1094 1048 1121 nostro-

309 1152 378 1174 rum
394 1141 424 1174 S.
443 1141 480 1174 R.
496 1141 530 1173 E.
551 1141 763 1174 cardinalium
778 1142 917 1184 negotiis
935 1147 1048 1174 etcon-

310 1194 538 1228 sultationibus
556 1195 783 1237 episcoporum
799 1200 830 1226 et
847 1195 1047 1237 regularium
1067 1218 1068 1222 ,

309 1247 571 1290 praepositorum
597 1247 745 1287 consilio,
763 1247 871 1280 omnia
889 1254 919 1280 et
936 1248 1047 1290 singu-
1067 1277 1069 1292 ÷

309 1301 339 1334 la
357 1300 538 1344 privilegia,
557 1301 791 1343 exemptiones,
812 1300 1044 1340 immunitates,

309 1352 497 1392 facultates,
523 1353 642 1395 gratias
676 1358 708 1385 et
743 1353 868 1386 indulta
894 1354 1068 1396 hospitali:

307 1406 483 1450 praedicto,
510 1405 646 1449 eiusque
671 1406 837 1449 personis,
853 1416 870 1438 a
887 1416 1046 1438 memora-

310 1459 348 1491 tis
373 1458 552 1501 Gregorio,
577 1458 776 1498 Innocentio,
805 1460 988 1492 Alexandro
1014 1465 1045 1492 et
1066 1480 1067 1487 κ

307 1511 481 1545 Benedicto
506 1511 821 1554 praedecessoribus
848 1522 906 1555 per
933 1523 1044 1545 eorum

307 1564 527 1608 praeinsertas
552 1565 677 1598 litteras
703 1575 868 1607 concessa,
893 1566 1044 1609 ipsasque
1065 1582 1066 1593 i

307 1618 432 1651 litteras
459 1628 532 1651 cum
557 1617 709 1651 omnibus
734 1623 765 1651 et
790 1618 926 1661 singulis
946 1620 978 1651 in
999 1620 1044 1652 eis

306 1672 478 1711 contentis,
496 1672 689 1705 auctoritate
715 1673 903 1716 apostolica,
930 1678 1042 1707 tenore
1065 1671 1066 1674 ’

306 1724 538 1767 praesentium,
565 1730 722 1768 perpetuo
759 1725 986 1759 confirmamus
1013 1725 1066 1759 et'

307 1777 545 1820 approbamus,
570 1777 702 1820 illisque
738 1777 935 1811 inviolabilis
968 1790 1044 1822 apo-

307 1830 441 1862 stolicae
453 1830 610 1863 firmitatis
623 1831 725 1863 robur
738 1836 769 1863 et
779 1830 952 1864 efficaciam
969 1833 1044 1865 adii-

307 1883 420 1916 cimus.
452 1883 623 1916 Praeterea
658 1884 779 1917 eisdem
805 1886 1042 1928 exponentibus

308 1935 462 1969 terminos
494 1939 612 1969 census
637 1938 796 1980 praedicti
832 1949 890 1981 per
916 1949 983 1980 eos,
1010 1945 1043 1972 ut

306 1989 498 2032 praefertur,
518 1989 628 2031 debiti,
655 1991 811 2024 hactenus
838 1992 987 2025 decursos
1013 2000 1042 2026 et

307 2052 372 2075 non
397 2043 532 2082 soluto&
559 2044 749 2077 auctoritate
769 2050 801 2077 et
820 2050 931 2078 tenore
949 2057 1044 2089 prae·
1064 2037 1066 2063 3

308 2094 401 2128 dictis
430 2097 571 2138 gratiose
602 2097 796 2130 remittimus
826 2104 858 2131 et
881 2100 1043 2133 condona-

306 2159 386 2188 mus,
407 2154 436 2181 et
454 2149 499 2181 ita
513 2154 618 2182 tamen
633 2155 668 2182 ut
682 2150 713 2182 in
733 2151 872 2184 futurum
896 2154 1042 2186 eumdem

306 2211 438 2234 censum
459 2203 597 2244 solvant,
625 2203 769 2246 alioquin
795 2215 950 2248 praesens
973 2218 1043 2249 gra·
1064 2199 1065 2213 ³

305 2254 349 2286 tia
374 2256 462 2288 nulla
486 2255 538 2288 sit.

350 2308 365 2352 ἓ
393 2308 424 2342 3.
445 2309 670 2350 Decernentes,
697 2311 824 2344 easdem
855 2320 1042 2355 praesentes

306 2359 431 2394 litteras
456 2372 587 2406 semper
611 2362 726 2403 firmas,
746 2364 867 2398 validas
894 2372 925 2399 et
943 2367 1042 2400 effica-

306 2423 360 2446 ces
384 2414 521 2448 existere
547 2421 578 2448 et
601 2416 680 2457 fore,
707 2428 845 2461 suosque
878 2420 1042 2462 plenarios
1063 2416 1065 2423 ‘

306 2471 339 2500 et
361 2466 502 2510 integros
528 2468 659 2503 effectus
685 2471 794 2504 sortiri
827 2477 859 2504 et
883 2474 1040 2515 obtinere,

305 2529 341 2552 ac
376 2519 462 2562 illis,
487 2522 526 2554 ad
552 2533 634 2566 quos
665 2530 789 2567 spectat
821 2531 851 2558 et
876 2537 936 2569 pro
964 2533 1040 2560 teni-

341 2592 352 2616 t
377 2589 442 2617 Male
458 2590 521 2618 edit.
538 2592 616 2620 Main.
638 2593 701 2629 legit
722 2596 776 2623 libi
795 2603 831 2627 tn.
850 2598 899 2629 τ.).

337 2635 354 2662 2
373 2635 443 2662 Edit.
468 2635 547 2665 Main.
564 2638 627 2674 legit
643 2640 783 2668 absolutos
804 2648 839 2676 μὶ.
857 2643 905 2676 Τ.).

901 241 1109 267 ῙΝΝΟΕΕΝΤΙῸΕ
1135 244 1179 268 xtt
1202 244 1250 267 1³1².

1729 237 1792 272 703
1838 246 1932 274 amc.
1952 246 2020 275 1695

1088 300 1169 333 pore
1195 290 1467 335 quandocumque
1494 293 1660 336 spectabit,
1678 294 1709 326 in
1725 295 1827 328 omni-

1088 345 1148 376 bus
1169 349 1200 376 et
1223 354 1282 387 per
1304 345 1411 377 omnia
1427 345 1615 388 plenissime
1635 346 1801 389 sull‘ragari
1816 374 1824 388 ,

1089 396 1201 439 sieque
1227 397 1259 429 in
1290 398 1477 441 praemissis
1514 409 1572 441 per
1605 410 1826 442 quoscumque

1089 449 1212 483 iudices
1244 451 1428 484 ordinarios
1463 456 1494 484 et
1526 452 1701 494 delegatos,
1730 453 1827 486 etiam

1089 513 1255 536 causarum
1286 503 1397 547 palatii
1429 505 1600 547 apostolici
1638 505 1824 547 mittitote&

1091 566 1126 588 ac
1151 556 1296 589 eiusdem
1321 556 1353 589 S.
1382 557 1418 590 R.
1446 557 1480 590 E.
1509 558 1705 599 cardinales,
1732 559 1828 592 etiam

1091 609 1129 641 de
1163 610 1262 642 latere
1300 610 1424 652 legatos
1459 616 1489 644 et
1517 611 1608 643 Sedis
1643 611 1828 654 praedictae

1091 663 1234 702 nuncios,
1261 663 1396 696 iudicari
1421 669 1453 696 et
1474 663 1599 697 deliniri
1626 665 1759 705 debere,
1792 676 1828 698 ac

1090 716 1216 748 irritum
1242 722 1274 748 et
1298 717 1405 756 inane,
1434 717 1460 749 si
1493 727 1584 750 secus
1609 728 1708 761 super
1740 718 1791 751 liis
1812 729 1829 751 a

1090 779 1271 811 quoquam,
1302 770 1412 812 quavis
1445 771 1652 810 auctoritate,
1689 771 1830 804 scienter

1069 849 1070 856 ,
1090 823 1137 854 vel
1162 822 1364 864 ignoranter,
1392 823 1568 866 eontigerit
1592 824 1754 857 attentari.

1066 865 1070 920 J
1134 876 1149 918 g
1180 875 1211 908 4.
1243 875 1312 909 Non
1346 877 1550 910 obstantibus
1568 877 1766 920 praemissis,
1794 887 1829 911 ac
1866 892 2023 914 Contrartorum

1067 923 1380 962 'constitutionibus
1406 935 1437 963 et
1463 930 1725 964 ordinationibus
1752 920 1958 974 apo-d⁶“‘⁴¹'⁹'

1090 981 1374 1022 stolicis,necnon‚
1395 988 1554 1026 quatenus
1579 994 1659 1026 opus
1678 984 1728 1025 sit,
1754 984 1831 1017 dicti

1091 1034 1274 1077 hospitalis,
1299 1035 1410 1068 aliisve
1436 1037 1614 1080 quibusvis,
1635 1037 1729 1070 etiam
1747 1037 1831 1070 iura-

1090 1093 1209 1128 mento,
1225 1089 1470 1122 confirmatione
1486 1090 1675 1132 apostolica,
1693 1091 1742 1123 vel
1761 1101 1832 1134 qua-

1090 1141 1135 1173 ris
1169 1141 1321 1174 firmitate
1355 1142 1416 1175 alia
1448 1143 1619 1183 roboratis,
1649 1144 1776 1177 statutis
1801 1149 1832 1177 et

1089 1196 1389 1235 consuetudinibus,
1408 1196 1589 1239 privilegiis
1615 1208 1758 1240 quoque,
1778 1197 1829 1230 in-

1090 1247 1186 1280 dultis
1197 1253 1229 1280 et
1242 1248 1359 1280 litteris
1375 1248 1564 1291 apostolicis
1588 1249 1619 1281 in
1629 1250 1830 1283 contrarium

1067 1293 1069 1324 i
1089 1303 1341 1344 praemissorum
1371 1303 1621 1345 quomodolibet
1645 1304 1828 1346 concessis,

1089 1354 1287 1387 confirmatis
1307 1361 1339 1387 et
1352 1355 1526 1395 innovatis;
1543 1356 1659 1399 quibus
1677 1358 1828 1391 omnibus

1066 1402 1068 1445 J
1089 1412 1120 1439 et
1140 1407 1286 1448 singulis,
1305 1406 1436 1440 illorum
1455 1413 1586 1441 tenores
1602 1410 1830 1452 praesentibus

1087 1470 1146 1503 pro
1172 1461 1267 1503 plene
1291 1467 1322 1493 et
1340 1461 1540 1494 sufficienter
1558 1463 1720 1506 expressis
1738 1474 1773 1496 ac
1788 1464 1828 1497 de

1086 1513 1185 1547 verbo
1210 1514 1249 1547 ad
1267 1514 1402 1547 verbum
1428 1515 1558 1548 insertis
1575 1516 1744 1556 babentes,
1762 1517 1827 1550 illis

1087 1566 1166 1600 alias
1180 1567 1211 1599 in
1231 1578 1288 1601 suo
1303 1568 1421 1601 robore
1439 1569 1669 1612 permansuris,
1685 1570 1723 1603 ad
1738 1581 1829 1613 prae-

1064 1621 1261 1663 ,missorum
1289 1621 1446 1662 effectum,
1473 1623 1534 1655 hac
1558 1623 1626 1656 vice
1653 1623 1826 1665 dumtaxat,

1086 1674 1270 1717 specialiter
1295 1678 1326 1708 et
1351 1686 1505 1718 expresse
1529 1676 1743 1719 derogamus3
1769 1687 1825 1711 ce·

1089 1727 1268 1771 teterisque
1293 1728 1463 1761 contrariis
1488 1729 1762 1773 quibuscumque.

1131 1781 1200 1824 gf).
1233 1782 1387 1815 Volumus
1423 1788 1529 1815 autem
1564 1789 1600 1816 ut
1638 1784 1827 1818 earumdem
1873 1795 2019 1823 Transumpta·

1086 1835 1308 1878 praesentium
1329 1836 1511 1869 litterarum
1530 1837 1751 1881 transumptis,
1770 1849 1825 1871 seu
1838 1828 1881 1844 Ἢ
1897 1823 1957 1845 '³⁶⁰⁵'

1064 1907 1065 1929 t
1086 1889 1252 1931 exemplis,
1271 1889 1367 1922 etiam
1385 1889 1566 1932 impressis,
1579 1901 1675 1923 manu
1689 1891 1826 1924 alicuius

1086 1941 1204 1973 notarii
1224 1942 1347 1984 publici
1366 1942 1568 1986 subscriptis,
1582 1949 1613 1975 et
1630 1943 1738 1986 sigillo
1756 1954 1827 1987 per-

1085 2004 1184 2026 sonae
1212 1994 1245 2026 in
1274 1989 1494 2027 ecclesiastica
1519 1996 1676 2038 dignitate
1703 1997 1826 2029 consti-

1087 2052 1172 2079 tutae
1195 2048 1348 2087 munitis,
1370 2048 1482 2080 eadem
1506 2059 1642 2091 prorsus
1659 2048 1739 2082 tides
1755 2049 1826 2082 ubi-

1087 2111 1150 2143 que
1176 2102 1318 2133 locorum
1343 2101 1510 2141 habeatur,
1538 2113 1619 2144 quae
1646 2103 1824 2136 haberetur

1087 2153 1166 2196 ipsis
1195 2154 1421 2196 praesentibus
1455 2155 1480 2186 si
1517 2155 1625 2188 forent
1655 2156 1823 2191 exhibitae

1086 2208 1134 2240 vel
1156 2212 1318 2241 ostensae.

1129 2260 1243 2293 Datum
1271 2261 1407 2301 Romae,
1441 2262 1525 2305 apud
1551 2262 1582 2295 S.
1610 2262 1739 2296 Mariam
1764 2264 1824 2297 Ma-

1064 2313 1197 2364 }iorem‚
1225 2315 1285 2346 sub
1311 2315 1432 2348 annulo
1458 2315 1642 2355 Piscatoris,
1670 2317 1719 2349 die
1745 2327 1822 2352 xxm

1063 2368 1065 2407 ξ
1085 2367 1154 2400 iulii
1180 2376 1315 2406 nomer,
1335 2367 1541 2412 pontificatus
1563 2370 1666 2402 nostri
1687 2380 1771 2404 anno
1789 2380 1818 2404 v.

1121 2430 1179 2457 Dat.
1198 2431 1242 2458 die
1257 2430 1290 2458 23
1306 2430 1364 2458 iulii
1381 2431 1448 2458 1695
1459 2451 1466 2465 ‚
1486 2431 1585 2466 pontif.
1603 2439 1674 2459 anno
1689 2439 1715 2458 v.
