2227 3225
148 229 196 257 An.
213 229 242 257 C.
266 230 332 259 ¹697

930 229 1138 255 lNNOCENTlUS
1163 230 1205 256 xtl
1228 230 1276 255 1³1².

337 278 530 323 perturbari,
552 289 588 311 ac
605 278 766 312 evidentia
782 279 955 312 conventui
973 279 1074 322 ipsius

339 332 510 375 hospitalis
555 337 587 365 et
625 331 790 365 communi
826 331 914 365 illius
950 331 1075 378 aerario

338 385 539 429 praeiudicio
564 385 695 427 inserri;
722 390 953 430 praeceptores
978 382 1076 428 siqni-

339 439 412 471 dem
446 449 503 472 seu
532 439 802 472 commendatarii
839 438 985 472 eiusdem
1018 438 1097 471 ho-⁶

339 491 476 535 spitalis‚
502 492 557 535 qui
590 492 765 535 dignitates
800 502 937 535 magnae
973 490 1077 524 crucis

339 545 526 578 huiusmodi
552 555 686 578 suorum
704 545 922 584 servitiorum,
946 543 1078 577 merito-

339 608 420 638 rum,
446 598 646 632 antianitatis
673 609 709 632 ac
734 598 900 641 sexaginta
922 598 1029 631 l‘orsan
1047 602 1078 630 ct

340 652 478 695 amplius
503 662 660 685 annorum
685 652 798 685 aetatis
824 651 942 684 intuitu
967 661 1078 684 conse-

340 705 394 749 qui
419 711 451 738 et
472 705 620 739 obtinere
641 706 825 749 sperabant,
847 705 925 739 dum
946 705 1078 738 iuvenes

342 764 405 792 tam
442 759 475 792 in
515 759 658 793 consiliis
695 770 790 803 quam
825 759 857 792 in
899 758 1078 792 honoribus

340 812 402 845 sibi
428 813 585 856 praeferri
612 812 733 853 vident,
758 812 788 845 id
808 823 905 855 aegre
923 812 1076 851 serente&

341 871 535 899 conventum
550 866 752 909 praedictum
768 865 933 905 deserunt,
949 875 983 898 ae
1002 874 1079 907 erga

343 918 468 951 dictum
495 918 659 962 hospitale
684 920 766 952 male
793 918 907 959 affecti,
932 928 965 951 se
983 928 1016 950 se
1041 917 1079 950 ad

341 982 415 1005 suas
440 973 688 1016 praeceptorias
714 983 770 1006 seu
796 973 1005 1006 commendas
1029 972 1080 1004 vel

342 1024 373 1057 in
399 1025 535 1068 patriam
572 1025 743 1069 recipiunt,
779 1025 909 1068 illisque
945 1025 989 1058 ibi
1015 1035 1082 1057 mo-

342 1078 507 1118 rientibus,
534 1078 678 1122 ipsorum
703 1079 790 1112 bona
806 1079 846 1112 ab
872 1089 986 1112 eorum
1005 1088 1082 1111 con-

341 1131 527 1173 sanguineis
544 1131 592 1165 vcl
611 1132 738 1165 famulis
756 1137 968 1175 occupantur,
982 1136 1081 1174 atque

342 1184 385 1217 ita
410 1185 513 1218 dictus
534 1190 707 1218 conventus
729 1185 858 1219 illorum
885 1185 1081 1218 residentiae

343 1238 521 1271 commodis
564 1244 596 1272 et
635 1238 884 1272 honoriticentia
927 1238 1082 1282 privatur,

342 1301 472 1325 necnon
516 1291 729 1325 consiliorum
768 1302 830 1335 ope
867 1291 1079 1332 destituitur,

342 1345 521 1388 praefatum
530 1355 606 1377 vero
617 1355 788 1378 commune
799 1345 958 1378 aerarium
971 1355 1081 1378 eorum

343 1397 457 1440 spoliis
482 1397 665 1437 fraudatur,
691 1408 791 1440 porro
817 1397 977 1430 eiusmodi
1010 1407 1083 1441 per-

343 1449 564 1484 turbationum
581 1459 615 1481 ae
635 1449 929 1490 incommodorum,
943 1460 1082 1489 necnon,

343 1512 426 1546 quae
452 1502 528 1535 inde
565 1502 707 1535 suboriri
740 1508 888 1546 possunt,
922 1503 1080 1536 maiorum

342 1556 564 1599 periculorum
604 1555 795 1598 gravitatem
836 1556 937 1600 ipsius
973 1557 1081 1599 magni

343 1608 489 1651 magistri
521 1609 831 1652 praedecessoribus
865 1610 946 1642 adeo
972 1615 1080 1643 notam

344 1666 376 1694 et
400 1667 607 1705 perspectam
632 1661 746 1702 fuisse,
766 1667 809 1702 ut,
828 1663 883 1705 qui
902 1662 988 1695 illam
1009 1673 1082 1705 pro-

343 1715 525 1757 pulsarent,
551 1714 688 1747 diversis
708 1715 909 1757 temporibus
926 1716 1017 1758 plura
1032 1716 1083 1748 de-

345 1772 433 1800 creta
457 1766 631 1806 ediderint,
653 1767 824 1810 variosque
847 1768 884 1800 ad
904 1768 986 1800 banc
1006 1768 1083 1800 San-

345 1825 430 1853 ctam
454 1819 570 1853 Sedem
595 1830 744 1852 recursus
772 1819 958 1860 habuerint,
985 1821 1081 1864 idque

346 1884 383 1906 ex
408 1873 556 1916 registris
583 1873 798 1906 cancellariae
824 1873 982 1916 praedicti
1008 1885 1083 1907 con-

346 1928 460 1960 ventus
485 1931 654 1966 constare;
674 1926 796 1969 optima
821 1932 925 1959 tamen
948 1927 1083 1960 consilia

347 1984 378 2012 et
401 1984 534 2012 conatus
560 1979 758 2018 huiusmodi,
784 1990 856 2012 cum
893 1979 996 2011 minus
1031 1991 1084 2013 va-

345 2031 410 2065 lide
450 2036 746 2075 promoverentur,
785 2032 867 2064 inter
899 2033 1082 2066 contrarios

345 2084 448 2127 inagis
474 2084 640 2127 magisque
667 2083 864 2127 obrepentes
889 2085 1006 2117 abusus
1031 2096 1084 2128 op-

345 2148 460 2181 pressa
484 2137 640 2179 irritaque
672 2142 703 2169 et
728 2137 837 2170 inania
862 2138 1080 2178 remansisse,

345 2192 470 2224 nullum
495 2190 633 2234 proinde
659 2191 877 2233 opportunius
902 2196 949 2225 tot.
974 2192 1084 2224 tantis-

346 2255 408 2288 que
440 2244 533 2277 malis
570 2243 747 2276 remedium
780 2243 926 2275 adhiberi
961 2255 1081 2287 posse,

346 2307 442 2340 quam
467 2298 578 2330 nostra
595 2302 627 2329 et
644 2296 739 2329 liuius
759 2296 893 2329 Sanctae
918 2297 1010 2329 Sedis
1031 2308 1083 2330 au-

345 2350 492 2383 ctoritate
518 2349 701 2389 statuendo,
733 2355 768 2382 ut
792 2350 901 2382 nullus
926 2350 1083 2393 imposte-

346 2414 415 2436 rum
440 2415 477 2437 ex
501 2403 769 2447 praeceptoribus
795 2414 852 2436 seu
878 2405 1084 2438 commenda-

348 2456 435 2489 tariis
467 2457 577 2489 aliisve
609 2457 809 2500 quibuslibet
841 2457 994 2490 fratribus
1027 2457 1084 2490 mi-

347 2509 456 2541 litibus
480 2510 556 2542 dicti
592 2510 764 2553 hospitalis
800 2510 914 2543 habitu
946 2521 1081 2552 magnae

349 2562 451 2595 crucis
477 2563 659 2596 huiusmodi
681 2574 717 2596 ex
739 2564 841 2606 gratia
867 2563 1014 2596 decorari
1036 2574 1083 2605 va·

347 2615 422 2657 leat,
439 2615 499 2648 nisi
522 2616 584 2649 duo
603 2616 703 2650 millia
723 2617 896 2660 duplarum
910 2616 1081 2660 Hispania-

1753 219 1815 253 787

1118 289 1189 312 rum
1213 279 1245 311 in
1271 278 1410 311 maiores
1428 277 1530 320 ipsius
1550 277 1724 320 hospitalis
1742 287 1854 310 neces*

1117 331 1225 365 sitates
1251 331 1500 374 erogandarum,
1517 341 1574 363 seu
1600 330 1718 363 iustum
1743 341 1853 363 earum

1118 384 1278 423 valorem,
1310 383 1475 417 communi
1505 383 1633 416 aerario
1667 383 1852 426 1'11‘actlicto,

1118 437 1206 480 quod
1239 438 1281 471 ob
1314 447 1447 480 magnas
1482 446 1640 479 expensas
1678 446 1737 479 pro
1769 436 1854 468 cliri-

1118 490 1241 523 stianae
1268 489 1436 532 religionis
1464 489 1601 522 tuitione
1628 494 1744 521 contra
1768 499 1855 521 coin-

1096 542 1251 586 ]munem
1277 543 1363 577 illius
1401 543 1529 576 hostem
1563 543 1671 580 factas,
1708 552 1745 574 ac
1768 541 1856 573 bella

1118 596 1277 640 Europae,
1289 597 1437 640 aliasque
1449 601 1634 639 temporum
1646 594 1856 632 calamitates,

1119 650 1310 683 exhaustum
1336 650 1509 693 reperitur,
1526 648 1739 693 persolverit,
1766 657 1858 691 prac-

1121 708 1209 736 terea
1234 703 1327 736 nobis
1356 702 1607 746 supplicandum
1645 711 1727 740 esse,
1751 704 1796 739 ut,
1825 699 1857 731 in

1120 760 1271 789 eventum
1296 766 1360 798 quo
1387 755 1541 798 deinceps
1568 754 1673 787 eidem
1698 753 1857 786 moderno

1120 813 1152 841 et
1175 818 1234 851 pro
1260 812 1409 851 tempore
1435 807 1585 840 existenti
1611 817 1730 849 magno
1757 805 1858 848 inagi-

1121 867 1188 894 stro
1214 861 1292 894 dieti
1314 860 1488 903 hospitalis
1507 861 1691 892 facultatem
1711 858 1859 891 tradendi

1122 925 1178 948 seu
1214 913 1297 946 tradi
1322 913 1462 946 faciendi
1496 912 1698 956 quibuslibet
1729 921 1860 954 praece-

1122 967 1271 1011 ptoribus
1319 977 1375 999 seu
1421 966 1707 1000 commendatariis
1749 965 1859 998 aliisve

1123 1021 1273 1054 fratribus
1298 1019 1456 1054 militibus
1488 1019 1684 1063 supradictis
1714 1018 1860 1050 habitum

1122 1085 1257 1117 magnae
1287 1073 1392 1107 crucis
1426 1073 1615 1106 huiusmodi
1652 1072 1692 1104 ad
1717 1072 1859 1104 honores

1126 1132 1248 1159 tantum
1272 1137 1289 1160 a
1314 1126 1408 1159 nobis
1434 1131 1466 1159 et
1490 1125 1573 1158 Sede
1599 1124 1763 1168 praedicta
1784 1134 1861 1156 con-

1124 1179 1194 1212 cedi
1219 1179 1492 1222 quandocumque
1527 1177 1708 1219 contingat,
1733 1177 1861 1210 litterae

1124 1232 1323 1276 apostolicae
1360 1233 1504 1275 desuper
1536 1231 1760 1274 expediendae
1796 1240 1861 1262 non

1124 1286 1261 1329 amplius
1287 1285 1347 1329 ipsi
1374 1286 1432 1319 soli
1467 1296 1586 1328 magno
1611 1285 1778 1327 magistro,
1805 1284 1861 1316 sed

1125 1339 1220 1371 etiam
1246 1338 1380 1371 consilio
1402 1338 1572 1371 memorati
1591 1337 1760 1379 hospitalis
1787 1347 1863 1369 con-

1124 1391 1259 1424 iunctim
1277 1391 1469 1433 dirigantur,
1489 1401 1595 1434 neque
1617 1390 1693 1422 alias
1716 1390 1863 1422 traditio-

1124 1443 1174 1476 nis
1198 1444 1328 1476 hahitus
1345 1443 1533 1476 huiusmodi
1552 1443 1687 1486 gratiam
1713 1442 1861 1475 ellectum

1125 1496 1237 1529 sortiri
1261 1496 1433 1540 patiamur,
1455 1495 1517 1527 nisi
1537 1501 1674 1538 quatuor
1694 1495 1807 1527 saltem
1826 1506 1862 1527 ex

1125 1549 1268 1592 quinque
1308 1549 1455 1592 partibus
1495 1547 1724 1590 sull'ragiorum
1761 1547 1863 1590 ipsius

1124 1602 1250 1635 consilii
1276 1603 1310 1635 in
1335 1602 1367 1635 id
1392 1601 1628 1634 concurrerint.
1663 1600 1730 1638 Quo
1757 1600 1864 1633 chiro-

1125 1655 1252 1699 grapho
1278 1657 1437 1699 perlecto,
1463 1664 1588 1694 omnes,
1614 1654 1667 1697 qui
1694 1654 1733 1686 ad
1758 1653 1866 1686 consi-

1125 1708 1203 1741 lium
1227 1708 1452 1751 supradictum
1477 1712 1708 1747 convenerant,
1735 1707 1865 1750 praevio

1125 1761 1352 1804 sulli‘agiorum
1369 1761 1539 1801 scrutinio,
1557 1761 1666 1794 omnia
1683 1766 1715 1793 et
1735 1761 1865 1803 singula

1125 1815 1157 1847 in
1183 1815 1408 1858 chirographo
1429 1814 1615 1847 huiusmodi
1636 1819 1790 1847 contenta
1810 1824 1865 1857 ap-

1125 1868 1312 1910 probarunt,
1349 1878 1385 1900 ac
1418 1867 1602 1901 executioni
1638 1868 1865 1900 demandanda

1126 1930 1197 1953 esse
1223 1921 1452 1953 decreverunt.
1479 1920 1585 1958 Quare
1604 1920 1708 1953 dictus
1729 1930 1865 1962 magnus

1126 1973 1281 2016 magister
1297 1974 1392 2006 nobis
1409 1973 1578 2006 humiliter
1596 1973 1773 2016 supplicari
1790 1973 1866 2005 fecit

1125 2027 1176 2060 ut¹
1206 2027 1238 2059 in
1264 2027 1452 2070 praemissis
1478 2032 1662 2070 opportune
1688 2027 1864 2069 providere

1127 2085 1158 2113 et
1181 2085 1215 2112 ut
1239 2080 1322 2113 infra
1345 2080 1518 2122 indulgere
1543 2081 1582 2113 de
1609 2080 1811 2122 benignitate
1838 2091 1865 2112 a-

1126 2133 1286 2176 postolica
1305 2133 1526 2175 dignaremur.

1169 2188 1184 2231 ἓ
1208 2187 1238 2219 2.
1265 2186 1329 2220 Nos
1356 2187 1462 2229 igitur,
1488 2187 1589 2230 ipsius
1614 2187 1722 2230 magni
1747 2186 1866 2229 magis-

1128 2240 1166 2273 tri
1191 2240 1273 2273 votis
1298 2240 1358 2272 hac
1382 2240 1416 2272 in
1440 2251 1487 2280 re,
1513 2246 1668 2283 quantum
1702 2251 1773 2273 cum
1806 2241 1864 2273 Do-

1126 2293 1213 2326 mino
1249 2304 1441 2336 possumus,
1465 2293 1686 2326 favorabiliter
1720 2304 1864 2326 annuere

1125 2349 1280 2388 volentes,
1300 2358 1438 2390 eumque
1460 2358 1476 2380 a
1495 2347 1661 2391 quibusvis
1683 2358 1864 2380 excommu-

1125 2400 1311 2441 nicationis,
1352 2400 1577 2444 suspensionis
1618 2406 1649 2433 et
1685 2400 1861 2439 interdicti,

1126 2455 1263 2498 aliisque
1285 2454 1514 2488 ecclesiasticis
1540 2454 1725 2493 sententiis,
1751 2465 1863 2487 censu-

1124 2509 1169 2541 ris
1206 2514 1237 2542 et
1272 2508 1402 2552 poenis,
1430 2519 1448 2541 a
1471 2508 1541 2541 iure
1566 2509 1615 2540 vel
1653 2508 1692 2540 ab
1719 2507 1861 2547 homine,

1125 2564 1234 2606 quavis
1259 2564 1431 2596 occasione
1448 2564 1499 2596 vel
1521 2565 1618 2596 eausa
1644 2562 1727 2601 latis,
1747 2562 1773 2595 si
1795 2562 1863 2605 qui—

1163 2627 1171 2652 l
1196 2624 1357 2652 Particulain
1378 2629 1408 2653 uc
1428 2633 1475 2653 nos
1495 2624 1616 2652 addimus
1636 2630 1672 2658 (a.
1695 2628 1742 2657 τ.).

1862 229 1913 255 Art.
1930 229 1957 254 Π.
1981 229 2044 255 1007

1912 2195 2001 2216 Decreta
2017 2196 2057 2215 rtem

1875 2224 1987 2248 praedicta
2021 2230 2040 2242 ai

1875 2250 1971 2269 [tornato
2005 2255 2057 2273 apt·-

1874 2277 1950 2296 stoltrn
1966 2276 2031 2297 catini.
