2227 3225
114 270 163 298 An.
185 269 213 296 C.
231 268 299 296 1598

145 865 254 884 θυι-Γνίυιη

117 893 164 911 elau
181 892 273 916 (imm-(we

119 920 189 938 Ιιυιιες.

894 262 1105 288 INNOCENTIUS
1131 263 1148 285 X
1155 262 1176 285 lI
1201 263 1249 286 Pr.

616 314 727 348 CLVII.

309 387 529 430 Confirmalur
576 386 737 419 ‹tem-etum
781 385 1050 429 Coussrcqaliunis

351 442 384 474 S.
403 441 509 484 Officii
525 441 561 473 (le
577 441 711 473 vicariis
725 439 881 483 sorauet'S,
898 443 956 471 (tut
973 439 1051 471 aliis

351 495 391 527 ab
418 494 609 528 Ordinariis
644 494 816 527 Amrricae
847 494 883 525 in
920 493 997 524 locis
1032 503 1051 524 a

351 549 444 581 curui
470 547 647 591 episcopali
672 547 762 579 ultra
786 546 868 579 duas
884 546 987 578 «licias
1004 545 1052 577 ‹lr-

351 601 513 634 stantibus
537 611 595 644 pro
620 604 708 633 slalu
734 600 834 632 libero
860 599 1053 632 contrahen-

353 655 434 688 tium
462 654 622 698 cIigJemIis
648 653 667 687 ¹.

486 735 688 762 Innocentius
710 735 792 768 Papa
811 735 874 767 xtl,

449 783 484 808 ad
506 781 642 808 futuram
663 781 708 808 rei
729 780 915 807 memoriam.

355 852 418 895 §l
437 852 498 885 Pro
516 857 605 895 parte
624 851 781 884 carissimi
800 850 831 883 in
850 849 977 883 Christo
997 849 1052 882 filii

312 905 416 938 nostri
443 905 548 938 Caroli
574 904 806 948 Hispaniarum
833 903 919 946 regis
945 903 1055 936 callio-

311 959 365 992 lici
391 958 509 1002 exponi
546 958 640 991 nobis
677 968 783 1001 nuper
818 957 894 990 fecit
920 956 1056 989 dilectus

312 1012 398 1046 tilius
424 1012 544 1045 nobilis
581 1012 629 1044 vir
659 1012 838 1044 modernus
871 1021 982 1044 comes
1015 1010 1054 1043 de

312 1065 479 1105 Altamira,
505 1065 648 1098 eiusdem
667 1064 770 1097 Caroli
789 1064 875 1108 regis
894 1064 978 1107 apud
998 1074 1056 1097 nos

312 1123 344 1151 et
360 1118 476 1150 Sedem
496 1117 717 1160 apostolicam
733 1121 852 1155 orator,
871 1115 966 1159 quod,
986 1126 1057 1148 enm

313 1169 395 1212 ipse,
415 1168 492 1202 dicti
511 1168 617 1201 Caroli
644 1168 729 1211 regis
755 1168 900 1208 nomine,
919 1167 1059 1210 Congre-

314 1222 436 1265 gationi
458 1221 694 1255 venerabilium
715 1222 849 1254 fratrum
869 1227 1057 1254 nostrorum

313 1276 346 1309 S.
367 1276 404 1308 R.
424 1275 459 1308 E.
486 1275 702 1309 cardinalium
729 1275 761 1307 in
787 1275 938 1307 universa
963 1285 1059 1318 repu-

315 1329 400 1362 blica
425 1329 603 1362 christiana
630 1334 744 1361 contra
770 1328 967 1361 haereticam
986 1338 1060 1371 pra-

314 1383 447 1416 vitatem
473 1382 674 1425 generalium
694 1382 923 1425 inquisitorum
942 1393 959 1415 a
976 1382 1058 1415 Sede

315 1437 484 1480 praedicta
508 1436 698 1479 specialiter
719 1436 948 1478 deputatorum
966 1446 1059 1479 expo-

315 1490 442 1529 suisset,
468 1489 529 1533 ipsi
547 1489 662 1522 Carolo
682 1489 751 1531 regi
771 1489 951 1522 innotuisse
971 1500 1059 1521 scan-

316 1544 389 1577 dala
415 1543 447 1575 in
467 1540 802 1586 partibusAmerieae
822 1543 927 1575 eidem
945 1543 1058 1576 Cat-olo

316 1596 384 1640 regi
412 1595 568 1629 subiectis
587 1595 741 1638 vigentia,
763 1606 801 1628 eo
821 1595 906 1639 quia,
925 1595 1060 1629 Ordina—

316 1650 372 1683 riis
387 1650 574 1683 earumdem
590 1649 731 1693 partium
745 1649 932 1682 indistincte
947 1660 1060 1682 omnes

317 1715 393 1737 suos
420 1703 569 1736 subditos
595 1703 838 1736 matrimonium
864 1703 1060 1737 contrahere

317 1758 466 1790 volentes
503 1757 541 1790 ad
574 1757 779 1800 probandum
817 1767 909 1789 suum
943 1762 1061 1790 statum

319 1811 458 1844 liberum
486 1810 518 1842 in
545 1809 721 1843 cuiuslibet
746 1820 858 1843 eorum
883 1811 973 1842 curia
999 1811 1063 1853 epi-

321 1864 443 1908 scopali
470 1863 755 1907 compellentibus,
783 1863 814 1903 ii,
841 1863 894 1907 qui
928 1874 945 1896 a
976 1864 1063 1896 curia

320 1918 511 1952 huiusmodi
538 1919 634 1960 longe
661 1917 808 1957 aberant,
832 1923 906 1961 post
930 1919 1063 1951 conclu-

321 1982 390 2005 sum
417 1971 616 2004 matrimonii
635 1976 816 2009 tractatum,
837 1970 902 2004 sive
924 1971 999 2014 quia
1018 1976 1064 2004 te—

321 2031 395 2065 stes,
416 2025 470 2068 qui
489 2026 527 2058 ad
546 2025 668 2057 curiam
687 2024 885 2067 praedictam
907 2024 1063 2057 accedere

321 2080 449 2119 vellent,
476 2089 542 2111 non
564 2078 784 2117 inveniebant,
819 2078 887 2111 sive
913 2078 989 2121 quia
1013 2089 1065 2121 pe-

322 2132 425 2166 cuniis
443 2143 501 2175 pro
527 2132 605 2165 illuc
630 2131 830 2164 deducendis
856 2132 990 2164 testibus
1009 2132 1065 2164 hu-

321 2185 461 2219 iusmodi
483 2184 674 2218 necessariis
700 2185 865 2226 carebant,
896 2185 1066 2218 matrimo-

322 2239 378 2272 nio
403 2238 536 2272 minime
556 2239 732 2279 celebrato,
758 2249 830 2272 cum
856 2239 1009 2272 seandalo
1035 2243 1067 2272 et

322 2298 459 2337 peccato
477 2292 511 2325 in
528 2294 641 2325 mutua
658 2292 897 2325 consuetudine
924 2297 955 2325 et
980 2303 1067 2325 com-

323 2347 445 2381 mercio
463 2348 731 2391 perseverabant3
748 2358 785 2380 ac
803 2348 944 2390 proinde
963 2347 1066 2381 dictus

325 2411 433 2435 comes
470 2401 643 2435 memorati
675 2401 781 2435 Caroli
818 2401 903 2444 regis
936 2401 1067 2435 nomine

326 2453 576 2498 Congregationi
615 2455 782 2498 praefatae
822 2455 1065 2498 supplicasset,

328 2513 488 2552 quatenus
505 2535 512 2549 ‚
539 2509 576 2542 ad
603 2507 766 2542 eiusmodi
803 2509 1069 2542 inconvenientia

363 2587 375 2613 1
400 2586 437 2614 De
457 2588 616 2615 auctoritate
635 2588 795 2615 vicariorum
812 2588 1021 2623 apostolicorum
1041 2587 1068 2614 in

328 2630 440 2659 Oriente
467 2631 526 2658 vide
552 2633 659 2660 constit.
685 2633 751 2660 edit.
773 2639 910 2668 nncxcvtt,
931 2633 975 2660 die
994 2633 1010 2660 6
1029 2633 1070 2661 fe-

328 2676 441 2711 bruarii,
461 2676 555 2712 pontif.
578 2684 635 2705 vnt.

1731 251 1790 285 8⁵21

1096 312 1248 349 tollenda,
1266 310 1444 343 Ortlinariis
1468 309 1642 352 praedictis
1667 311 1834 353 praecipe-

1094 370 1153 405 ret,
1180 370 1231 403 ut,
1260 364 1365 407 quoad
1392 365 1463 396 loca
1490 374 1506 395 a
1532 363 1621 396 curia
1653 363 1833 406 episcopali

1094 419 1177 450 ultra
1197 418 1274 450 duas
1297 417 1400 449 dietas
1418 417 1578 455 distantia,
1598 417 1834 459 parochialium

1095 471 1303 503 ecclesiarum
1326 469 1524 509 rectoribus,
1544 469 1609 502 sive
1628 470 1699 502 aliis
1722 480 1836 512 perso-

1096 524 1144 556 nis
1166 525 1226 556 sibi
1249 524 1422 563 benevisis,
1442 524 1625 556 facultatem
1654 523 1835 566 recipiendi

1095 577 1304 621 probationes
1330 588 1427 621 super
1447 583 1528 609 statu
1552 577 1655 610 libero
1673 577 1838 610 matrimo-

1097 631 1150 663 nia
1173 631 1370 664 contrahere
1403 631 1582 663 volentium
1609 630 1837 671 concederent,

1098 684 1184 724 itant,
1199 685 1447 727 probationibus
1463 684 1650 717 huiusmodi
1668 684 1714 717 sic
1736 684 1837 724 saetiS,

1097 739 1134 771 ad
1168 738 1365 771 matrimonii
1400 738 1655 771 celebrationem
1693 738 1837 771 deveniri

1097 792 1236 825 valeret:
1263 791 1425 824 emanavit
1450 792 1489 824 ab
1516 792 1630 824 eadem
1655 791 1839 834 Congrega-

1098 844 1188 877 tione
1214 844 1427 878 cardinalium
1446 845 1612 877 decretmn
1640 845 1762 878 tenoris
1785 844 1838 888 qni

1097 899 1255 942 sequitur,
1281 899 1451 932 videlicet:
1484 898 1606 931 «Feria
1631 901 1757 942 quarta,
1788 899 1839 932 die
1889 940 1892 942 v

1099 963 1128 986 tx
1154 953 1267 996 aprilis
1299 962 1489 993 nncxcvnt,
1525 952 1557 984 in
1583 953 1839 995 congregatione

1100 1006 1243 1049 generali
1278 1012 1408 1039 sanetae
1447 1006 1612 1039 Romanae
1644 1011 1675 1039 et
1707 1005 1837 1039 univer-

1100 1060 1176 1092 salis
1213 1059 1434 1103 Inquisitionis
1468 1059 1579 1092 habita
1615 1058 1647 1091 in
1682 1064 1841 1093 conventu

1100 1113 1131 1146 S.
1152 1113 1268 1145 Mariae
1294 1123 1394 1156 super
1421 1112 1604 1152 Minervam,
1631 1123 1741 1145 coram
1767 1112 1842 1146 emi-

1102 1165 1301 1199 nentissimis
1328 1172 1358 1199 et
1382 1166 1667 1199 reverendissimis
1700 1166 1841 1200 dominis

1101 1220 1133 1253 S.
1161 1220 1198 1252 P..
1217 1219 1251 1252 E.
1275 1220 1495 1253 cardinalibus
1522 1219 1553 1252 in
1580 1221 1647 1253 tota
1673 1220 1843 1263 republica

1102 1274 1281 1308 christiana
1297 1280 1410 1308 contra
1431 1275 1631 1308 haereticam
1648 1275 1842 1318 pravitatem

1102 1329 1312 1371 generalibus
1333 1328 1582 1372 inquisitoribus
1600 1340 1617 1361 a
1636 1330 1746 1361 sancta
1760 1328 1842 1362 Sede

1104 1382 1291 1425 Apostoliea
1327 1381 1516 1425 specialiter
1548 1382 1732 1425 deputatis,
1759 1383 1842 1415 lecto

1103 1435 1314 1478 retroscripto
1332 1435 1525 1475 memoriali,
1545 1435 1795 1468 eminentissimi
1814 1440 1845 1468 et

1103 1488 1368 1520 reverendissimi
1395 1488 1517 1521 domini
1543 1488 1725 1521 cardinales
1748 1498 1846 1532 gene-

1103 1542 1187 1574 rales
1220 1541 1429 1585 inquisitores
1466 1541 1623 1585 praedicti
1660 1547 1845 1575 annuerunt

1104 1596 1289 1640 praedictae
1309 1595 1495 1636 instantiae,
1507 1601 1538 1629 et
1552 1596 1745 1629 mandarunt
1758 1596 1844 1640 quod

1104 1660 1162 1693 per
1187 1649 1336 1683 dominos
1363 1649 1534 1693 episcopos
1566 1650 1780 1693 deputentur,
1805 1650 1845 1683 ad

1105 1704 1193 1736 hunc
1219 1702 1380 1743 effectum,
1407 1704 1458 1736 vel
1484 1701 1593 1736 vicarii
1619 1703 1767 1743 foranei,
1794 1704 1845 1736 vel

1105 1757 1159 1789 alii
1178 1756 1223 1789 eis
1248 1756 1406 1789 benevisi.
1428 1756 1541 1789 Iosssrn
1566 1757 1754 1790 BanTnoLns
1778 1766 1848 1789 san-

1106 1816 1175 1843 ctae
1201 1810 1364 1843 Romanae
1391 1815 1422 1843 et
1446 1810 1639 1844 universalis
1665 1808 1849 1854 Inquisitio-

1106 1864 1155 1897 nis
1180 1863 1324 1896 notarius
1346 1875 1378 1896 n.

1150 1918 1164 1961 ἓ
1182 1917 1213 1950 02.
1234 1917 1310 1951 Cum
1328 1923 1444 1958 autem,
1460 1917 1540 1950 sicut
1556 1917 1669 1951 eadem
1688 1917 1848 1962 expositio

1107 1971 1334 2013 subiungebat,
1359 1970 1503 2004 firmiora
1529 1971 1594 2003 sint
1619 1977 1650 2004 et
1675 1977 1849 2005 serventur

1108 2024 1248 2057 exactius
1273 2024 1329 2057 illa
1353 2035 1435 2067 quae
1461 2024 1633 2068 apostolici
1660 2024 1849 2058 muniminis

1108 2077 1270 2120 praesidio
1302 2077 1519 2117 roborantur,
1546 2077 1640 2110 nobis
1673 2083 1852 2121 propterea

1108 2131 1266 2174 praedicti
1292 2130 1395 2163 Caroli
1421 2131 1507 2174 regis
1536 2131 1667 2164 nomine
1692 2131 1852 2175 supplica·

1109 2191 1175 2218 tum
1208 2184 1267 2217 suit
1299 2189 1334 2216 ut
1369 2184 1402 2216 in
1438 2184 1626 2227 praemissis
1663 2192 1851 2228 opportune

1109 2238 1284 2282 providere
1311 2244 1342 2272 et
1365 2243 1400 2271 nt
1424 2238 1509 2271 infra
1530 2238 1701 2281 indulgere
1728 2239 1767 2272 de
1795 2240 1852 2272 be*

1110 2292 1268 2335 nignitate
1311 2292 1491 2336 apostolica
1530 2291 1751 2335 dignaremur.
1786 2291 1851 2325 Nos

1110 2347 1228 2390 igitur,
1253 2346 1315 2390 piis
1349 2346 1494 2379 eiusdem
1527 2346 1631 2380 Caroli
1657 2346 1744 2389 regis
1769 2346 1852 2379 votis

1111 2401 1172 2434 hae
1192 2400 1224 2433 in
1244 2410 1289 2441 re,
1307 2405 1463 2444 quantum
1490 2410 1561 2433 cum
1585 2400 1722 2433 Domino
1743 2410 1856 2443 possu-

1111 2465 1208 2495 mus,
1243 2454 1463 2488 favorabiliter
1498 2464 1644 2487 annuere
1680 2454 1855 2494 volentes,

1112 2507 1300 2541 huiusmodi
1321 2508 1604 2552 snppicationibus
1629 2506 1786 2546 inclinati,
1806 2507 1856 2540 de-

1112 2567 1233 2595 cretum
1265 2561 1523 2605 praeinsertum‚
1550 2561 1743 2594 auctoritate
1776 2571 1856 2604 apo-

1113 2616 1238 2656 stolica,
1254 2620 1368 2649 tenore
1382 2615 1620 2659 praesentium,
1635 2614 1855 2658 approbamus

1113 2676 1145 2703 et
1164 2669 1406 2711 confirmamus,
1427 2669 1539 2713 illique
1560 2668 1757 2703 inviolabilis
1782 2679 1855 2713 apo·

1843 260 1892 286 An.
1908 260 1937 287 C.
1962 259 2027 287 1698

1908 1920 2046 1943 Confirmatio

1861 1949 1923 1969 relat!
1940 1950 2029 1971 ‹leci-eti.
