<?xml version="1.0" encoding="UTF-8"?>
<!DOCTYPE html PUBLIC "-//W3C//DTD XHTML 1.0 Transitional//EN"
    "http://www.w3.org/TR/xhtml1/DTD/xhtml1-transitional.dtd">
<html xmlns="http://www.w3.org/1999/xhtml" xml:lang="en" lang="en">
 <head>
  <title>
</title>
<meta http-equiv="Content-Type" content="text/html;charset=utf-8" />
  <meta name='ocr-system' content='tesseract 3.04.00' />
  <meta name='ocr-capabilities' content='ocr_page ocr_carea ocr_par ocr_line ocrx_word'/>
</head>
<body>
  <div class='ocr_page' id='page_1' title='image "./bullarumdiplomat20cath_1076.png"; bbox 0 0 2254 3225; ppageno 0'>
   <div class='ocr_carea' id='block_1_1' title="bbox 406 223 1162 1650">
    <p class='ocr_par' dir='ltr' id='par_1_1' title="bbox 449 223 1149 433">
     <span class='ocr_line' id='line_1_1' title="bbox 449 223 513 256; baseline 0.031 -3"><span class='ocrx_word' id='word_1_1' title='bbox 449 223 513 256; x_wconf 65' lang='lat'>086</span> 
     </span>
     <span class='ocr_line' id='line_1_2' title="bbox 499 284 1149 318; baseline 0.002 -1"><span class='ocrx_word' id='word_1_2' title='bbox 499 284 623 317; x_wconf 78' lang='lat' dir='ltr'>Ordinis</span> <span class='ocrx_word' id='word_1_3' title='bbox 643 284 739 316; x_wconf 68' lang='lat' dir='ltr'>sancti</span> <span class='ocrx_word' id='word_1_4' title='bbox 757 284 912 317; x_wconf 80' lang='lat' dir='ltr'>Francisci</span> <span class='ocrx_word' id='word_1_5' title='bbox 930 284 1058 318; x_wconf 74' lang='lat' dir='ltr'>facultas</span> <span class='ocrx_word' id='word_1_6' title='bbox 1079 296 1149 318; x_wconf 91' lang='lat' dir='ltr'>con-</span> 
     </span>
     <span class='ocr_line' id='line_1_3' title="bbox 496 337 1148 371; baseline 0.003 -2"><span class='ocrx_word' id='word_1_7' title='bbox 496 337 615 369; x_wconf 88' lang='lat' dir='ltr'>ferendi</span> <span class='ocrx_word' id='word_1_8' title='bbox 640 337 822 370; x_wconf 73' lang='lat' dir='ltr'>doctoratus</span> <span class='ocrx_word' id='word_1_9' title='bbox 846 337 987 370; x_wconf 81' lang='lat' dir='ltr'>lauream</span> <span class='ocrx_word' id='word_1_10' title='bbox 1020 338 1084 371; x_wconf 87' lang='lat' dir='ltr'>suis</span> <span class='ocrx_word' id='word_1_11' title='bbox 1103 349 1148 371; x_wconf 87' lang='lat' dir='ltr'>re-</span> 
     </span>
     <span class='ocr_line' id='line_1_4' title="bbox 494 390 722 433; baseline 0.004 -11"><span class='ocrx_word' id='word_1_12' title='bbox 494 390 626 433; x_wconf 79' lang='lat' dir='ltr'>ligiosis,</span> <span class='ocrx_word' id='word_1_13' title='bbox 648 390 722 423; x_wconf 82' lang='lat'><strong>417.</strong></span> 
     </span>
    </p>

    <p class='ocr_par' dir='ltr' id='par_1_2' title="bbox 406 443 1151 695">
     <span class='ocr_line' id='line_1_5' title="bbox 406 443 1150 487; baseline -0.001 -10"><span class='ocrx_word' id='word_1_14' title='bbox 406 443 511 477; x_wconf 87' lang='lat' dir='ltr'><strong>XXIII.</strong></span> <span class='ocrx_word' id='word_1_15' title='bbox 531 443 776 483; x_wconf 80' lang='lat' dir='ltr'>Confirmantur,</span> <span class='ocrx_word' id='word_1_16' title='bbox 788 443 985 483; x_wconf 76' lang='lat' dir='ltr'>innovantur,</span> <span class='ocrx_word' id='word_1_17' title='bbox 1000 444 1150 487; x_wconf 88' lang='lat' dir='ltr'>amplian-</span> 
     </span>
     <span class='ocr_line' id='line_1_6' title="bbox 498 497 1151 540; baseline -0.002 -10"><span class='ocrx_word' id='word_1_18' title='bbox 498 503 550 530; x_wconf 91' lang='lat' dir='ltr'>tur</span> <span class='ocrx_word' id='word_1_19' title='bbox 574 503 603 530; x_wconf 85' lang='lat' dir='ltr'>et</span> <span class='ocrx_word' id='word_1_20' title='bbox 629 497 833 530; x_wconf 81' lang='lat' dir='ltr'>moderantur</span> <span class='ocrx_word' id='word_1_21' title='bbox 858 497 1014 540; x_wconf 79' lang='lat' dir='ltr'>plurimae</span> <span class='ocrx_word' id='word_1_22' title='bbox 1038 497 1151 530; x_wconf 81' lang='lat' dir='ltr'>consti-</span> 
     </span>
     <span class='ocr_line' id='line_1_7' title="bbox 497 550 1151 584; baseline -0.003 0"><span class='ocrx_word' id='word_1_23' title='bbox 497 552 634 584; x_wconf 86' lang='lat' dir='ltr'>tutiones</span> <span class='ocrx_word' id='word_1_24' title='bbox 666 550 704 582; x_wconf 86' lang='lat' dir='ltr'>de</span> <span class='ocrx_word' id='word_1_25' title='bbox 731 560 794 582; x_wconf 92' lang='lat' dir='ltr'>non</span> <span class='ocrx_word' id='word_1_26' title='bbox 828 550 1028 582; x_wconf 78' lang='lat' dir='ltr'>concedenda</span> <span class='ocrx_word' id='word_1_27' title='bbox 1054 550 1151 583; x_wconf 79' lang='lat' dir='ltr'>horni-</span> 
     </span>
     <span class='ocr_line' id='line_1_8' title="bbox 497 602 1151 646; baseline 0 -11"><span class='ocrx_word' id='word_1_28' title='bbox 497 604 574 635; x_wconf 87' lang='lat' dir='ltr'>cidis</span> <span class='ocrx_word' id='word_1_29' title='bbox 600 602 751 635; x_wconf 84' lang='lat' dir='ltr'>redeundi</span> <span class='ocrx_word' id='word_1_30' title='bbox 778 603 922 635; x_wconf 76' lang='lat' dir='ltr'>facultate</span> <span class='ocrx_word' id='word_1_31' title='bbox 947 602 1064 646; x_wconf 87' lang='lat' dir='ltr'>absque</span> <span class='ocrx_word' id='word_1_32' title='bbox 1089 603 1151 635; x_wconf 80' lang='lat' dir='ltr'>no-</span> 
     </span>
     <span class='ocr_line' id='line_1_9' title="bbox 501 654 1052 695; baseline -0.002 -7"><span class='ocrx_word' id='word_1_33' title='bbox 501 656 584 688; x_wconf 88' lang='lat' dir='ltr'>mani</span> <span class='ocrx_word' id='word_1_34' title='bbox 612 655 772 688; x_wconf 75' lang='lat' dir='ltr'>I‘ontisicis</span> <span class='ocrx_word' id='word_1_35' title='bbox 797 655 953 695; x_wconf 84' lang='lat' dir='ltr'>mandato,</span> <span class='ocrx_word' id='word_1_36' title='bbox 979 654 1052 687; x_wconf 76' lang='lat'><strong>419.</strong></span> 
     </span>
    </p>

    <p class='ocr_par' dir='ltr' id='par_1_3' title="bbox 411 707 1155 908">
     <span class='ocr_line' id='line_1_10' title="bbox 411 707 1153 751; baseline -0.004 -8"><span class='ocrx_word' id='word_1_37' title='bbox 411 709 513 743; x_wconf 74' lang='lat' dir='ltr'>xxiv.</span> <span class='ocrx_word' id='word_1_38' title='bbox 545 708 756 742; x_wconf 80' lang='lat' dir='ltr'>Confirmatur</span> <span class='ocrx_word' id='word_1_39' title='bbox 788 708 980 751; x_wconf 81' lang='lat' dir='ltr'>indulgentia</span> <span class='ocrx_word' id='word_1_40' title='bbox 1014 707 1153 751; x_wconf 87' lang='lat' dir='ltr'>plenaria</span> 
     </span>
     <span class='ocr_line' id='line_1_11' title="bbox 498 761 1155 806; baseline -0.002 -12"><span class='ocrx_word' id='word_1_41' title='bbox 498 768 650 806; x_wconf 86' lang='lat' dir='ltr'>perpetua</span> <span class='ocrx_word' id='word_1_42' title='bbox 676 762 707 794; x_wconf 84' lang='lat' dir='ltr'>In</span> <span class='ocrx_word' id='word_1_43' title='bbox 733 761 873 794; x_wconf 83' lang='lat' dir='ltr'>ecclesiis</span> <span class='ocrx_word' id='word_1_44' title='bbox 898 761 1080 794; x_wconf 86' lang='lat' dir='ltr'>monialium</span> <span class='ocrx_word' id='word_1_45' title='bbox 1107 761 1155 793; x_wconf 91' lang='lat' dir='ltr'>Vi-</span> 
     </span>
     <span class='ocr_line' id='line_1_12' title="bbox 500 813 1154 857; baseline -0.002 -10"><span class='ocrx_word' id='word_1_46' title='bbox 500 815 654 848; x_wconf 84' lang='lat' dir='ltr'>sitationis</span> <span class='ocrx_word' id='word_1_47' title='bbox 687 815 795 847; x_wconf 84' lang='lat' dir='ltr'>beatae</span> <span class='ocrx_word' id='word_1_48' title='bbox 823 814 938 847; x_wconf 83' lang='lat' dir='ltr'>Mariae</span> <span class='ocrx_word' id='word_1_49' title='bbox 963 814 1099 857; x_wconf 78' lang='lat' dir='ltr'>Virginis</span> <span class='ocrx_word' id='word_1_50' title='bbox 1124 813 1154 846; x_wconf 90' lang='lat' dir='ltr'>in</span> 
     </span>
     <span class='ocr_line' id='line_1_13' title="bbox 502 867 1130 908; baseline -0.002 -7"><span class='ocrx_word' id='word_1_51' title='bbox 502 869 579 902; x_wconf 81' lang='lat' dir='ltr'>festo</span> <span class='ocrx_word' id='word_1_52' title='bbox 603 869 701 901; x_wconf 85' lang='lat' dir='ltr'>sancti</span> <span class='ocrx_word' id='word_1_53' title='bbox 727 868 883 901; x_wconf 76' lang='lat' dir='ltr'>Francisci</span> <span class='ocrx_word' id='word_1_54' title='bbox 911 867 1030 908; x_wconf 87' lang='lat' dir='ltr'>Salesii,</span> <span class='ocrx_word' id='word_1_55' title='bbox 1054 867 1130 901; x_wconf 72' lang='lat'><strong>4026.</strong></span> 
     </span>
    </p>

    <p class='ocr_par' dir='ltr' id='par_1_4' title="bbox 414 921 1157 1122">
     <span class='ocr_line' id='line_1_14' title="bbox 414 921 1157 963; baseline -0.003 -7"><span class='ocrx_word' id='word_1_56' title='bbox 414 922 505 956; x_wconf 89' lang='lat' dir='ltr'><strong>XXV.</strong></span> <span class='ocrx_word' id='word_1_57' title='bbox 520 922 752 955; x_wconf 87' lang='lat' dir='ltr'>Confirmantur</span> <span class='ocrx_word' id='word_1_58' title='bbox 772 921 1010 954; x_wconf 71' lang='lat' dir='ltr'>constitutiones</span> <span class='ocrx_word' id='word_1_59' title='bbox 1023 921 1157 963; x_wconf 77' lang='lat' dir='ltr'>Congre-</span> 
     </span>
     <span class='ocr_line' id='line_1_15' title="bbox 503 975 1155 1019; baseline 0 -12"><span class='ocrx_word' id='word_1_60' title='bbox 503 976 638 1018; x_wconf 68' lang='lat' dir='ltr'>gationis</span> <span class='ocrx_word' id='word_1_61' title='bbox 663 975 920 1019; x_wconf 57' lang='lat' dir='ltr'>presbyterorum</span> <span class='ocrx_word' id='word_1_62' title='bbox 948 975 1155 1008; x_wconf 85' lang='lat' dir='ltr'>saecularium</span> 
     </span>
     <span class='ocr_line' id='line_1_16' title="bbox 505 1029 1156 1072; baseline 0 -10"><span class='ocrx_word' id='word_1_63' title='bbox 505 1030 555 1062; x_wconf 83' lang='lat' dir='ltr'>SS.</span> <span class='ocrx_word' id='word_1_64' title='bbox 581 1029 740 1062; x_wconf 83' lang='lat' dir='ltr'>Trinitatis</span> <span class='ocrx_word' id='word_1_65' title='bbox 765 1029 1007 1072; x_wconf 77' lang='lat' dir='ltr'>peregrinorum</span> <span class='ocrx_word' id='word_1_66' title='bbox 1034 1034 1063 1061; x_wconf 88' lang='lat' dir='ltr'>et</span> <span class='ocrx_word' id='word_1_67' title='bbox 1084 1039 1156 1062; x_wconf 86' lang='lat' dir='ltr'>con-</span> 
     </span>
     <span class='ocr_line' id='line_1_17' title="bbox 503 1081 1008 1122; baseline 0.002 -8"><span class='ocrx_word' id='word_1_68' title='bbox 503 1083 727 1116; x_wconf 83' lang='lat' dir='ltr'>valescentium</span> <span class='ocrx_word' id='word_1_69' title='bbox 753 1082 791 1115; x_wconf 90' lang='lat' dir='ltr'>de</span> <span class='ocrx_word' id='word_1_70' title='bbox 817 1081 910 1122; x_wconf 85' lang='lat' dir='ltr'>Urbe,</span> <span class='ocrx_word' id='word_1_71' title='bbox 935 1082 1008 1115; x_wconf 64' lang='lat'><strong>427.</strong></span> 
     </span>
    </p>

    <p class='ocr_par' dir='ltr' id='par_1_5' title="bbox 414 1135 1159 1339">
     <span class='ocr_line' id='line_1_18' title="bbox 414 1135 1157 1170; baseline -0.003 -1"><span class='ocrx_word' id='word_1_72' title='bbox 414 1136 515 1170; x_wconf 76' lang='lat' dir='ltr'><strong>XXVI.</strong></span> <span class='ocrx_word' id='word_1_73' title='bbox 542 1137 728 1169; x_wconf 78' lang='lat' dir='ltr'>Conceditur</span> <span class='ocrx_word' id='word_1_74' title='bbox 745 1136 873 1168; x_wconf 73' lang='lat' dir='ltr'>facultas</span> <span class='ocrx_word' id='word_1_75' title='bbox 894 1135 1073 1168; x_wconf 83' lang='lat' dir='ltr'>celebrandi</span> <span class='ocrx_word' id='word_1_76' title='bbox 1094 1140 1157 1167; x_wconf 83' lang='lat' dir='ltr'>tres</span> 
     </span>
     <span class='ocr_line' id='line_1_19' title="bbox 503 1188 1158 1232; baseline -0.002 -11"><span class='ocrx_word' id='word_1_77' title='bbox 503 1190 614 1221; x_wconf 81' lang='lat' dir='ltr'>missas</span> <span class='ocrx_word' id='word_1_78' title='bbox 639 1189 688 1221; x_wconf 89' lang='lat' dir='ltr'>die</span> <span class='ocrx_word' id='word_1_79' title='bbox 713 1189 833 1222; x_wconf 89' lang='lat' dir='ltr'>sabbati</span> <span class='ocrx_word' id='word_1_80' title='bbox 859 1188 957 1221; x_wconf 87' lang='lat' dir='ltr'>sancti</span> <span class='ocrx_word' id='word_1_81' title='bbox 983 1189 1012 1220; x_wconf 89' lang='lat' dir='ltr'>in</span> <span class='ocrx_word' id='word_1_82' title='bbox 1039 1188 1158 1232; x_wconf 73' lang='lat' dir='ltr'>capella</span> 
     </span>
     <span class='ocr_line' id='line_1_20' title="bbox 503 1242 1159 1277; baseline -0.003 -1"><span class='ocrx_word' id='word_1_83' title='bbox 503 1244 531 1277; x_wconf 81' lang='lat' dir='ltr'>S.</span> <span class='ocrx_word' id='word_1_84' title='bbox 559 1243 672 1275; x_wconf 84' lang='lat' dir='ltr'>Mariae</span> <span class='ocrx_word' id='word_1_85' title='bbox 697 1242 734 1275; x_wconf 90' lang='lat' dir='ltr'>de</span> <span class='ocrx_word' id='word_1_86' title='bbox 759 1243 902 1275; x_wconf 77' lang='lat' dir='ltr'>Athoctia</span> <span class='ocrx_word' id='word_1_87' title='bbox 920 1242 1051 1274; x_wconf 82' lang='lat' dir='ltr'>fratrum</span> <span class='ocrx_word' id='word_1_88' title='bbox 1071 1242 1159 1275; x_wconf 86' lang='lat' dir='ltr'>Prae-</span> 
     </span>
     <span class='ocr_line' id='line_1_21' title="bbox 504 1295 1058 1339; baseline 0 -11"><span class='ocrx_word' id='word_1_89' title='bbox 504 1296 679 1329; x_wconf 88' lang='lat' dir='ltr'>dicatorum</span> <span class='ocrx_word' id='word_1_90' title='bbox 705 1296 813 1339; x_wconf 83' lang='lat' dir='ltr'>oppidi</span> <span class='ocrx_word' id='word_1_91' title='bbox 834 1296 958 1335; x_wconf 74' lang='lat' dir='ltr'>matriti,</span> <span class='ocrx_word' id='word_1_92' title='bbox 984 1295 1058 1328; x_wconf 80' lang='lat'><strong>437.</strong></span> 
     </span>
    </p>

    <p class='ocr_par' dir='ltr' id='par_1_6' title="bbox 419 1349 1161 1549">
     <span class='ocr_line' id='line_1_22' title="bbox 419 1349 1159 1383; baseline -0.003 0"><span class='ocrx_word' id='word_1_93' title='bbox 419 1350 535 1383; x_wconf 89' lang='lat' dir='ltr'><strong>XXVII.</strong></span> <span class='ocrx_word' id='word_1_94' title='bbox 561 1350 794 1383; x_wconf 76' lang='lat' dir='ltr'>Contii‘mantur</span> <span class='ocrx_word' id='word_1_95' title='bbox 819 1350 1057 1383; x_wconf 66' lang='lat' dir='ltr'>constitutiones</span> <span class='ocrx_word' id='word_1_96' title='bbox 1081 1349 1159 1383; x_wconf 91' lang='lat' dir='ltr'>Con-</span> 
     </span>
     <span class='ocr_line' id='line_1_23' title="bbox 507 1403 1158 1447; baseline 0 -12"><span class='ocrx_word' id='word_1_97' title='bbox 507 1403 701 1446; x_wconf 70' lang='lat' dir='ltr'>gregationis</span> <span class='ocrx_word' id='word_1_98' title='bbox 734 1404 992 1447; x_wconf 58' lang='lat' dir='ltr'>presbyterorum</span> <span class='ocrx_word' id='word_1_99' title='bbox 1019 1404 1158 1436; x_wconf 85' lang='lat' dir='ltr'>saecula-</span> 
     </span>
     <span class='ocr_line' id='line_1_24' title="bbox 507 1457 1161 1499; baseline 0.002 -10"><span class='ocrx_word' id='word_1_100' title='bbox 507 1458 587 1489; x_wconf 90' lang='lat' dir='ltr'>rium</span> <span class='ocrx_word' id='word_1_101' title='bbox 626 1458 656 1488; x_wconf 91' lang='lat' dir='ltr'>in</span> <span class='ocrx_word' id='word_1_102' title='bbox 685 1457 818 1499; x_wconf 71' lang='lat' dir='ltr'>collegio</span> <span class='ocrx_word' id='word_1_103' title='bbox 853 1458 882 1489; x_wconf 73' lang='lat' dir='ltr'>S.</span> <span class='ocrx_word' id='word_1_104' title='bbox 910 1458 1021 1490; x_wconf 74' lang='lat' dir='ltr'>Luc-iae</span> <span class='ocrx_word' id='word_1_105' title='bbox 1051 1457 1161 1490; x_wconf 84' lang='lat' dir='ltr'>Bono-</span> 
     </span>
     <span class='ocr_line' id='line_1_25' title="bbox 507 1510 1011 1549; baseline 0 -7"><span class='ocrx_word' id='word_1_106' title='bbox 507 1510 624 1542; x_wconf 87' lang='lat' dir='ltr'>niensis</span> <span class='ocrx_word' id='word_1_107' title='bbox 649 1510 810 1543; x_wconf 84' lang='lat' dir='ltr'>Societatis</span> <span class='ocrx_word' id='word_1_108' title='bbox 835 1511 913 1549; x_wconf 86' lang='lat' dir='ltr'>Iesu,</span> <span class='ocrx_word' id='word_1_109' title='bbox 938 1510 1011 1542; x_wconf 66' lang='lat'><strong>438.</strong></span> 
     </span>
    </p>

    <p class='ocr_par' dir='ltr' id='par_1_7' title="bbox 419 1563 1162 1650">
     <span class='ocr_line' id='line_1_26' title="bbox 419 1563 1162 1598; baseline -0.004 -1"><span class='ocrx_word' id='word_1_110' title='bbox 419 1564 545 1598; x_wconf 70' lang='lat' dir='ltr'>xxvttt.</span> <span class='ocrx_word' id='word_1_111' title='bbox 572 1564 799 1596; x_wconf 83' lang='lat' dir='ltr'>Praescribitur</span> <span class='ocrx_word' id='word_1_112' title='bbox 817 1563 990 1596; x_wconf 79' lang='lat' dir='ltr'>moderatio</span> <span class='ocrx_word' id='word_1_113' title='bbox 1011 1563 1162 1596; x_wconf 88' lang='lat' dir='ltr'>servanda</span> 
     </span>
     <span class='ocr_line' id='line_1_27' title="bbox 508 1616 1162 1650; baseline -0.002 -1"><span class='ocrx_word' id='word_1_114' title='bbox 508 1628 525 1650; x_wconf 90' lang='lat' dir='ltr'>a</span> <span class='ocrx_word' id='word_1_115' title='bbox 550 1617 701 1649; x_wconf 82' lang='lat' dir='ltr'>Pontifice</span> <span class='ocrx_word' id='word_1_116' title='bbox 718 1616 748 1648; x_wconf 89' lang='lat' dir='ltr'>in</span> <span class='ocrx_word' id='word_1_117' title='bbox 770 1616 979 1649; x_wconf 72' lang='lat' dir='ltr'>concedendis</span> <span class='ocrx_word' id='word_1_118' title='bbox 1004 1616 1094 1649; x_wconf 82' lang='lat' dir='ltr'>bonis</span> <span class='ocrx_word' id='word_1_119' title='bbox 1115 1627 1162 1649; x_wconf 82' lang='lat' dir='ltr'>ec-</span> 
     </span>
    </p>
   </div>
   <div class='ocr_carea' id='block_1_2' title="bbox 996 233 1172 256">
    <p class='ocr_par' dir='ltr' id='par_1_8' title="bbox 996 233 1172 256">
     <span class='ocr_line' id='line_1_28' title="bbox 996 233 1172 256; baseline 0.006 -1"><span class='ocrx_word' id='word_1_120' title='bbox 996 233 1172 256; x_wconf 65' lang='lat' dir='ltr'><strong>BFLLARIEM</strong></span> 
     </span>
    </p>
   </div>
   <div class='ocr_carea' id='block_1_3' title="bbox 509 1670 1189 1767">
    <p class='ocr_par' dir='ltr' id='par_1_9' title="bbox 509 1670 1189 1767">
     <span class='ocr_line' id='line_1_29' title="bbox 509 1670 1189 1712; baseline 0.001 -11"><span class='ocrx_word' id='word_1_121' title='bbox 509 1671 691 1703; x_wconf 81' lang='lat' dir='ltr'>clesiastieis</span> <span class='ocrx_word' id='word_1_122' title='bbox 716 1670 780 1702; x_wconf 84' lang='lat' dir='ltr'>suis</span> <span class='ocrx_word' id='word_1_123' title='bbox 805 1670 1048 1712; x_wconf 70' lang='lat' dir='ltr'>consanguineis</span> <span class='ocrx_word' id='word_1_124' title='bbox 1069 1675 1098 1702; x_wconf 97' lang='grc'>61</span> <span class='ocrx_word' id='word_1_125' title='bbox 1118 1670 1161 1702; x_wconf 64' lang='lat' dir='ltr'>af«</span> <span class='ocrx_word' id='word_1_126' title='bbox 1187 1672 1189 1675; x_wconf 80' lang='grc'>’</span> 
     </span>
     <span class='ocr_line' id='line_1_30' title="bbox 510 1724 1189 1767; baseline -0.001 -11"><span class='ocrx_word' id='word_1_127' title='bbox 510 1725 647 1764; x_wconf 88' lang='lat' dir='ltr'>finibus,</span> <span class='ocrx_word' id='word_1_128' title='bbox 685 1724 865 1767; x_wconf 83' lang='lat' dir='ltr'>horumque</span> <span class='ocrx_word' id='word_1_129' title='bbox 903 1724 972 1756; x_wconf 87' lang='lat' dir='ltr'>loco</span> <span class='ocrx_word' id='word_1_130' title='bbox 1012 1724 1189 1764; x_wconf 67' lang='lat' dir='ltr'>adlectis,¹</span> 
     </span>
    </p>
   </div>
   <div class='ocr_carea' id='block_1_4' title="bbox 424 1777 1172 2622">
    <p class='ocr_par' dir='ltr' id='par_1_10' title="bbox 508 1777 1164 1875">
     <span class='ocr_line' id='line_1_31' title="bbox 510 1777 1164 1820; baseline 0 -10"><span class='ocrx_word' id='word_1_131' title='bbox 510 1788 632 1811; x_wconf 81' lang='lat' dir='ltr'>necnon</span> <span class='ocrx_word' id='word_1_132' title='bbox 666 1777 777 1810; x_wconf 87' lang='lat' dir='ltr'>modus</span> <span class='ocrx_word' id='word_1_133' title='bbox 807 1778 836 1809; x_wconf 89' lang='lat' dir='ltr'>in</span> <span class='ocrx_word' id='word_1_134' title='bbox 870 1777 1029 1819; x_wconf 76' lang='lat' dir='ltr'>signandis</span> <span class='ocrx_word' id='word_1_135' title='bbox 1055 1778 1164 1820; x_wconf 73' lang='lat' dir='ltr'>gratiis</span> 
     </span>
     <span class='ocr_line' id='line_1_32' title="bbox 508 1830 1163 1875; baseline -0.002 -12"><span class='ocrx_word' id='word_1_136' title='bbox 508 1843 568 1875; x_wconf 76' lang='lat' dir='ltr'>per</span> <span class='ocrx_word' id='word_1_137' title='bbox 585 1842 767 1865; x_wconf 75' lang='lat' dir='ltr'>concessum</span> <span class='ocrx_word' id='word_1_138' title='bbox 788 1831 855 1874; x_wconf 88' lang='lat' dir='ltr'>ipso</span> <span class='ocrx_word' id='word_1_139' title='bbox 880 1834 1072 1873; x_wconf 76' lang='lat' dir='ltr'>aegrotante,</span> <span class='ocrx_word' id='word_1_140' title='bbox 1090 1830 1163 1863; x_wconf 82' lang='lat'><strong>440.</strong></span> 
     </span>
    </p>

    <p class='ocr_par' dir='ltr' id='par_1_11' title="bbox 424 1884 1168 2192">
     <span class='ocr_line' id='line_1_33' title="bbox 424 1884 1162 1928; baseline -0.004 -8"><span class='ocrx_word' id='word_1_141' title='bbox 424 1887 528 1920; x_wconf 85' lang='lat' dir='ltr'><strong>XXIX.</strong></span> <span class='ocrx_word' id='word_1_142' title='bbox 554 1886 787 1920; x_wconf 84' lang='lat' dir='ltr'>Confirmantur</span> <span class='ocrx_word' id='word_1_143' title='bbox 811 1884 935 1917; x_wconf 87' lang='lat' dir='ltr'>decreta</span> <span class='ocrx_word' id='word_1_144' title='bbox 961 1884 1087 1928; x_wconf 89' lang='lat' dir='ltr'>capituli</span> <span class='ocrx_word' id='word_1_145' title='bbox 1106 1895 1162 1927; x_wconf 76' lang='lat' dir='ltr'>ge-</span> 
     </span>
     <span class='ocr_line' id='line_1_34' title="bbox 514 1938 1164 1981; baseline -0.002 -10"><span class='ocrx_word' id='word_1_146' title='bbox 514 1939 629 1971; x_wconf 87' lang='lat' dir='ltr'>neralis</span> <span class='ocrx_word' id='word_1_147' title='bbox 654 1945 683 1971; x_wconf 88' lang='lat' dir='ltr'>et</span> <span class='ocrx_word' id='word_1_148' title='bbox 707 1938 967 1980; x_wconf 79' lang='lat' dir='ltr'>Congregationis</span> <span class='ocrx_word' id='word_1_149' title='bbox 995 1938 1164 1981; x_wconf 84' lang='lat' dir='ltr'>episcopo-</span> 
     </span>
     <span class='ocr_line' id='line_1_35' title="bbox 516 1991 1167 2034; baseline -0.003 -9"><span class='ocrx_word' id='word_1_150' title='bbox 516 2003 584 2025; x_wconf 86' lang='lat' dir='ltr'>rum</span> <span class='ocrx_word' id='word_1_151' title='bbox 610 1998 640 2025; x_wconf 94' lang='lat' dir='ltr'>ct</span> <span class='ocrx_word' id='word_1_152' title='bbox 664 1991 856 2034; x_wconf 79' lang='lat' dir='ltr'>regularium</span> <span class='ocrx_word' id='word_1_153' title='bbox 875 2002 933 2034; x_wconf 89' lang='lat' dir='ltr'>pro</span> <span class='ocrx_word' id='word_1_154' title='bbox 956 1991 1167 2023; x_wconf 74' lang='lat' dir='ltr'>celebratione</span> 
     </span>
     <span class='ocr_line' id='line_1_36' title="bbox 515 2044 1166 2088; baseline -0.003 -10"><span class='ocrx_word' id='word_1_155' title='bbox 515 2046 642 2088; x_wconf 88' lang='lat' dir='ltr'>capituli</span> <span class='ocrx_word' id='word_1_156' title='bbox 668 2045 869 2088; x_wconf 79' lang='lat' dir='ltr'>provincialis</span> <span class='ocrx_word' id='word_1_157' title='bbox 894 2045 1025 2077; x_wconf 85' lang='lat' dir='ltr'>fratrum</span> <span class='ocrx_word' id='word_1_158' title='bbox 1051 2044 1166 2077; x_wconf 90' lang='lat' dir='ltr'>Discal-</span> 
     </span>
     <span class='ocr_line' id='line_1_37' title="bbox 515 2098 1168 2142; baseline -0.003 -11"><span class='ocrx_word' id='word_1_159' title='bbox 515 2104 676 2131; x_wconf 85' lang='lat' dir='ltr'>ceatorum</span> <span class='ocrx_word' id='word_1_160' title='bbox 694 2098 791 2130; x_wconf 87' lang='lat' dir='ltr'>sancti</span> <span class='ocrx_word' id='word_1_161' title='bbox 806 2098 973 2140; x_wconf 78' lang='lat' dir='ltr'>AugustIni</span> <span class='ocrx_word' id='word_1_162' title='bbox 986 2098 1168 2142; x_wconf 84' lang='lat' dir='ltr'>provinciae</span> 
     </span>
     <span class='ocr_line' id='line_1_38' title="bbox 515 2152 811 2192; baseline -0.007 -6"><span class='ocrx_word' id='word_1_163' title='bbox 515 2152 710 2192; x_wconf 85' lang='lat' dir='ltr'>Germaniae,</span> <span class='ocrx_word' id='word_1_164' title='bbox 736 2152 811 2185; x_wconf 73' lang='lat'><strong>446.</strong></span> 
     </span>
    </p>

    <p class='ocr_par' dir='ltr' id='par_1_12' title="bbox 426 2205 1172 2406">
     <span class='ocr_line' id='line_1_39' title="bbox 426 2205 1169 2249; baseline -0.005 -8"><span class='ocrx_word' id='word_1_165' title='bbox 426 2207 519 2240; x_wconf 87' lang='lat' dir='ltr'><strong>XXX.</strong></span> <span class='ocrx_word' id='word_1_166' title='bbox 546 2207 711 2239; x_wconf 85' lang='lat' dir='ltr'>Decretum</span> <span class='ocrx_word' id='word_1_167' title='bbox 730 2206 929 2249; x_wconf 83' lang='lat' dir='ltr'>particularis</span> <span class='ocrx_word' id='word_1_168' title='bbox 947 2205 1169 2248; x_wconf 75' lang='lat' dir='ltr'>Congregatio-</span> 
     </span>
     <span class='ocr_line' id='line_1_40' title="bbox 515 2259 1172 2302; baseline -0.002 -10"><span class='ocrx_word' id='word_1_169' title='bbox 515 2260 584 2299; x_wconf 87' lang='lat' dir='ltr'>nis,</span> <span class='ocrx_word' id='word_1_170' title='bbox 616 2270 678 2302; x_wconf 80' lang='lat' dir='ltr'>qno</span> <span class='ocrx_word' id='word_1_171' title='bbox 711 2260 876 2293; x_wconf 82' lang='lat' dir='ltr'>abolentur</span> <span class='ocrx_word' id='word_1_172' title='bbox 909 2270 1019 2292; x_wconf 84' lang='lat' dir='ltr'>omnes</span> <span class='ocrx_word' id='word_1_173' title='bbox 1050 2259 1172 2292; x_wconf 86' lang='lat' dir='ltr'>iudices&#39;</span> 
     </span>
     <span class='ocr_line' id='line_1_41' title="bbox 516 2313 1169 2356; baseline 0 -11"><span class='ocrx_word' id='word_1_174' title='bbox 516 2313 733 2356; x_wconf 86' lang='lat' dir='ltr'>particulares,</span> <span class='ocrx_word' id='word_1_175' title='bbox 759 2319 788 2345; x_wconf 89' lang='lat' dir='ltr'>et</span> <span class='ocrx_word' id='word_1_176' title='bbox 813 2313 983 2345; x_wconf 88' lang='lat' dir='ltr'>tribunalia</span> <span class='ocrx_word' id='word_1_177' title='bbox 1010 2313 1101 2346; x_wconf 88' lang='lat' dir='ltr'>Urbis</span> <span class='ocrx_word' id='word_1_178' title='bbox 1121 2323 1169 2345; x_wconf 89' lang='lat' dir='ltr'>re-</span> 
     </span>
     <span class='ocr_line' id='line_1_42' title="bbox 517 2366 1072 2406; baseline 0.002 -8"><span class='ocrx_word' id='word_1_179' title='bbox 517 2373 668 2400; x_wconf 87' lang='lat' dir='ltr'>vocantur</span> <span class='ocrx_word' id='word_1_180' title='bbox 693 2366 730 2398; x_wconf 82' lang='lat' dir='ltr'>ad</span> <span class='ocrx_word' id='word_1_181' title='bbox 757 2366 804 2398; x_wconf 89' lang='lat' dir='ltr'>ius</span> <span class='ocrx_word' id='word_1_182' title='bbox 829 2377 974 2406; x_wconf 88' lang='lat' dir='ltr'>comune,</span> <span class='ocrx_word' id='word_1_183' title='bbox 999 2366 1072 2400; x_wconf 80' lang='lat'><strong>448.</strong></span> 
     </span>
    </p>

    <p class='ocr_par' dir='ltr' id='par_1_13' title="bbox 428 2419 1170 2516">
     <span class='ocr_line' id='line_1_43' title="bbox 428 2419 1170 2454; baseline -0.004 0"><span class='ocrx_word' id='word_1_184' title='bbox 428 2421 530 2454; x_wconf 87' lang='lat' dir='ltr'><strong>XXXI.</strong></span> <span class='ocrx_word' id='word_1_185' title='bbox 556 2420 737 2452; x_wconf 88' lang='lat' dir='ltr'>Firmantur</span> <span class='ocrx_word' id='word_1_186' title='bbox 762 2419 876 2451; x_wconf 81' lang='lat' dir='ltr'>limites</span> <span class='ocrx_word' id='word_1_187' title='bbox 902 2420 1083 2452; x_wconf 68' lang='lat' dir='ltr'>facultatum</span> <span class='ocrx_word' id='word_1_188' title='bbox 1109 2430 1170 2452; x_wconf 89' lang='lat' dir='ltr'>ma-</span> 
     </span>
     <span class='ocr_line' id='line_1_44' title="bbox 519 2472 963 2516; baseline -0.002 -11"><span class='ocrx_word' id='word_1_189' title='bbox 519 2474 594 2506; x_wconf 83' lang='lat' dir='ltr'>ioris</span> <span class='ocrx_word' id='word_1_190' title='bbox 620 2473 864 2516; x_wconf 81' lang='lat' dir='ltr'>poenitentiarii,</span> <span class='ocrx_word' id='word_1_191' title='bbox 890 2472 963 2505; x_wconf 74' lang='lat'><strong>450.</strong></span> 
     </span>
    </p>

    <p class='ocr_par' dir='ltr' id='par_1_14' title="bbox 430 2525 1171 2622">
     <span class='ocr_line' id='line_1_45' title="bbox 430 2525 1171 2560; baseline -0.003 0"><span class='ocrx_word' id='word_1_192' title='bbox 430 2527 551 2560; x_wconf 86' lang='lat' dir='ltr'><strong>XXXII.</strong></span> <span class='ocrx_word' id='word_1_193' title='bbox 576 2526 750 2558; x_wconf 78' lang='lat' dir='ltr'>Abolentur</span> <span class='ocrx_word' id='word_1_194' title='bbox 768 2525 872 2558; x_wconf 83' lang='lat' dir='ltr'>onmia</span> <span class='ocrx_word' id='word_1_195' title='bbox 891 2526 1059 2557; x_wconf 86' lang='lat' dir='ltr'>tribunalia</span> <span class='ocrx_word' id='word_1_196' title='bbox 1077 2531 1107 2558; x_wconf 82' lang='lat' dir='ltr'>et</span> <span class='ocrx_word' id='word_1_197' title='bbox 1125 2525 1171 2558; x_wconf 92' lang='lat' dir='ltr'>iu-</span> 
     </span>
     <span class='ocr_line' id='line_1_46' title="bbox 518 2579 1170 2622; baseline 0.002 -11"><span class='ocrx_word' id='word_1_198' title='bbox 518 2580 602 2612; x_wconf 86' lang='lat' dir='ltr'>dices</span> <span class='ocrx_word' id='word_1_199' title='bbox 626 2580 834 2622; x_wconf 83' lang='lat' dir='ltr'>particulares</span> <span class='ocrx_word' id='word_1_200' title='bbox 859 2590 930 2612; x_wconf 88' lang='lat' dir='ltr'>cum</span> <span class='ocrx_word' id='word_1_201' title='bbox 956 2579 1020 2612; x_wconf 78' lang='lat' dir='ltr'>suls</span> <span class='ocrx_word' id='word_1_202' title='bbox 1044 2580 1170 2612; x_wconf 79' lang='lat' dir='ltr'>faculta-</span> 
     </span>
    </p>
   </div>
   <div class='ocr_carea' id='block_1_5' title="bbox 1174 298 1200 2625">
    <p class='ocr_par' dir='ltr' id='par_1_15' title="bbox 1174 298 1200 2625">
     <span class='ocr_line' id='line_1_47' title="bbox 1174 298 1200 2625; baseline 0 0"><span class='ocrx_word' id='word_1_203' title='bbox 1174 298 1200 2625; x_wconf 95' lang='lat' dir='ltr'> </span> 
     </span>
    </p>
   </div>
   <div class='ocr_carea' id='block_1_6' title="bbox 519 2632 712 2676">
    <p class='ocr_par' dir='ltr' id='par_1_16' title="bbox 519 2632 712 2676">
     <span class='ocr_line' id='line_1_48' title="bbox 519 2632 712 2676; baseline 0 -10"><span class='ocrx_word' id='word_1_204' title='bbox 519 2633 613 2676; x_wconf 88' lang='lat' dir='ltr'>tibus,</span> <span class='ocrx_word' id='word_1_205' title='bbox 638 2632 712 2666; x_wconf 85' lang='grc'><strong>461.</strong></span> 
     </span>
    </p>
   </div>
   <div class='ocr_carea' id='block_1_7' title="bbox 1198 232 1346 256">
    <p class='ocr_par' dir='ltr' id='par_1_17' title="bbox 1198 232 1346 256">
     <span class='ocr_line' id='line_1_49' title="bbox 1198 232 1346 256; baseline 0.007 -1"><span class='ocrx_word' id='word_1_206' title='bbox 1198 232 1346 256; x_wconf 65' lang='lat' dir='ltr'>ROMANUM</span> 
     </span>
    </p>
   </div>
   <div class='ocr_carea' id='block_1_8' title="bbox 1198 285 1964 2678">
    <p class='ocr_par' dir='ltr' id='par_1_18' title="bbox 1198 285 1941 486">
     <span class='ocr_line' id='line_1_50' title="bbox 1198 285 1938 320; baseline 0.003 -2"><span class='ocrx_word' id='word_1_207' title='bbox 1198 285 1329 318; x_wconf 82' lang='lat' dir='ltr'><strong>XXXIII.</strong></span> <span class='ocrx_word' id='word_1_208' title='bbox 1351 285 1534 319; x_wconf 86' lang='lat' dir='ltr'>Extenditur</span> <span class='ocrx_word' id='word_1_209' title='bbox 1552 286 1693 319; x_wconf 86' lang='lat' dir='ltr'>senarius</span> <span class='ocrx_word' id='word_1_210' title='bbox 1709 296 1860 320; x_wconf 87' lang='lat' dir='ltr'>numerus</span> <span class='ocrx_word' id='word_1_211' title='bbox 1878 296 1938 320; x_wconf 79' lang='lat' dir='ltr'>ina-</span> 
     </span>
     <span class='ocr_line' id='line_1_51' title="bbox 1289 339 1940 382; baseline 0.003 -11"><span class='ocrx_word' id='word_1_212' title='bbox 1289 339 1460 382; x_wconf 77' lang='lat' dir='ltr'>gistrorum</span> <span class='ocrx_word' id='word_1_213' title='bbox 1475 340 1607 373; x_wconf 83' lang='lat' dir='ltr'>fratrum</span> <span class='ocrx_word' id='word_1_214' title='bbox 1625 340 1828 373; x_wconf 88' lang='lat' dir='ltr'>eremitarum</span> <span class='ocrx_word' id='word_1_215' title='bbox 1842 339 1940 373; x_wconf 61' lang='grc'><strong>51111-</strong></span> 
     </span>
     <span class='ocr_line' id='line_1_52' title="bbox 1290 393 1941 438; baseline 0.003 -13"><span class='ocrx_word' id='word_1_216' title='bbox 1290 393 1403 435; x_wconf 78' lang='lat' dir='ltr'>gustini</span> <span class='ocrx_word' id='word_1_217' title='bbox 1424 394 1601 427; x_wconf 67' lang='lat' dir='ltr'>lilexicanae</span> <span class='ocrx_word' id='word_1_218' title='bbox 1617 394 1796 438; x_wconf 76' lang='lat' dir='ltr'>provinciae</span> <span class='ocrx_word' id='word_1_219' title='bbox 1813 393 1849 426; x_wconf 86' lang='lat' dir='ltr'>ad</span> <span class='ocrx_word' id='word_1_220' title='bbox 1868 393 1941 427; x_wconf 88' lang='lat' dir='ltr'>duo-</span> 
     </span>
     <span class='ocr_line' id='line_1_53' title="bbox 1291 446 1565 486; baseline 0.015 -10"><span class='ocrx_word' id='word_1_221' title='bbox 1291 446 1468 486; x_wconf 88' lang='lat' dir='ltr'>denarium,</span> <span class='ocrx_word' id='word_1_222' title='bbox 1491 446 1565 480; x_wconf 83' lang='lat'><strong>465.</strong></span> 
     </span>
    </p>

    <p class='ocr_par' dir='ltr' id='par_1_19' title="bbox 1203 498 1941 701">
     <span class='ocr_line' id='line_1_54' title="bbox 1203 498 1941 544; baseline 0.004 -14"><span class='ocrx_word' id='word_1_223' title='bbox 1203 498 1329 531; x_wconf 80' lang='lat' dir='ltr'><strong>XXXIV.</strong></span> <span class='ocrx_word' id='word_1_224' title='bbox 1363 498 1597 532; x_wconf 84' lang='lat' dir='ltr'>Confirmantur</span> <span class='ocrx_word' id='word_1_225' title='bbox 1630 500 1782 544; x_wconf 82' lang='lat' dir='ltr'>quaedam</span> <span class='ocrx_word' id='word_1_226' title='bbox 1817 500 1941 534; x_wconf 86' lang='lat' dir='ltr'>decreta</span> 
     </span>
     <span class='ocr_line' id='line_1_55' title="bbox 1291 552 1939 595; baseline 0.003 -12"><span class='ocrx_word' id='word_1_227' title='bbox 1291 552 1406 595; x_wconf 86' lang='lat' dir='ltr'>prioris</span> <span class='ocrx_word' id='word_1_228' title='bbox 1432 553 1586 594; x_wconf 78' lang='lat' dir='ltr'>generaliS</span> <span class='ocrx_word' id='word_1_229' title='bbox 1606 552 1730 585; x_wconf 87' lang='lat' dir='ltr'>Ordinis</span> <span class='ocrx_word' id='word_1_230' title='bbox 1754 552 1939 586; x_wconf 64' lang='grc'><strong>(3313161113-</strong></span> 
     </span>
     <span class='ocr_line' id='line_1_56' title="bbox 1293 605 1940 648; baseline 0.002 -12"><span class='ocrx_word' id='word_1_231' title='bbox 1293 615 1362 636; x_wconf 90' lang='lat' dir='ltr'>rum</span> <span class='ocrx_word' id='word_1_232' title='bbox 1388 615 1445 648; x_wconf 90' lang='lat' dir='ltr'>pro</span> <span class='ocrx_word' id='word_1_233' title='bbox 1471 606 1694 648; x_wconf 86' lang='lat' dir='ltr'>promovendis</span> <span class='ocrx_word' id='word_1_234' title='bbox 1719 605 1828 638; x_wconf 87' lang='lat' dir='ltr'>studiis</span> <span class='ocrx_word' id='word_1_235' title='bbox 1845 616 1940 648; x_wconf 89' lang='lat' dir='ltr'>prae--</span> 
     </span>
     <span class='ocr_line' id='line_1_57' title="bbox 1294 655 1894 701; baseline 0.003 -12"><span class='ocrx_word' id='word_1_236' title='bbox 1294 657 1400 689; x_wconf 85' lang='lat' dir='ltr'>sertim</span> <span class='ocrx_word' id='word_1_237' title='bbox 1429 658 1460 689; x_wconf 91' lang='lat' dir='ltr'>in</span> <span class='ocrx_word' id='word_1_238' title='bbox 1485 655 1589 690; x_wconf 88' lang='lat' dir='ltr'>ltaliae</span> <span class='ocrx_word' id='word_1_239' title='bbox 1614 657 1795 701; x_wconf 85' lang='lat' dir='ltr'>provinciis,</span> <span class='ocrx_word' id='word_1_240' title='bbox 1819 656 1894 691; x_wconf 81' lang='lat'><strong>467.</strong></span> 
     </span>
    </p>

    <p class='ocr_par' dir='ltr' id='par_1_20' title="bbox 1207 709 1946 966">
     <span class='ocr_line' id='line_1_58' title="bbox 1207 709 1944 744; baseline 0.004 -3"><span class='ocrx_word' id='word_1_241' title='bbox 1207 710 1318 742; x_wconf 77' lang='lat' dir='ltr'><strong>XXXV.</strong></span> <span class='ocrx_word' id='word_1_242' title='bbox 1345 709 1495 742; x_wconf 71' lang='lat' dir='ltr'>Aboletur</span> <span class='ocrx_word' id='word_1_243' title='bbox 1520 709 1668 743; x_wconf 78' lang='lat' dir='ltr'>venalitas</span> <span class='ocrx_word' id='word_1_244' title='bbox 1693 710 1868 744; x_wconf 84' lang='lat' dir='ltr'>officiorum</span> <span class='ocrx_word' id='word_1_245' title='bbox 1890 723 1944 744; x_wconf 87' lang='lat' dir='ltr'>au-</span> 
     </span>
     <span class='ocr_line' id='line_1_59' title="bbox 1295 760 1945 803; baseline 0.005 -11"><span class='ocrx_word' id='word_1_246' title='bbox 1295 760 1406 793; x_wconf 84' lang='lat' dir='ltr'>ditoris</span> <span class='ocrx_word' id='word_1_247' title='bbox 1442 761 1598 803; x_wconf 77' lang='lat' dir='ltr'>generalis</span> <span class='ocrx_word' id='word_1_248' title='bbox 1637 771 1802 794; x_wconf 78' lang='lat' dir='ltr'>causarum</span> <span class='ocrx_word' id='word_1_249' title='bbox 1839 762 1945 795; x_wconf 83' lang='lat' dir='ltr'>euriae</span> 
     </span>
     <span class='ocr_line' id='line_1_60' title="bbox 1296 814 1946 858; baseline 0.003 -11"><span class='ocrx_word' id='word_1_250' title='bbox 1296 814 1444 848; x_wconf 84' lang='lat' dir='ltr'>Gamerae</span> <span class='ocrx_word' id='word_1_251' title='bbox 1462 815 1671 858; x_wconf 76' lang='lat' dir='ltr'>Apostolicae‚</span> <span class='ocrx_word' id='word_1_252' title='bbox 1685 815 1824 848; x_wconf 85' lang='lat' dir='ltr'>ciusdem</span> <span class='ocrx_word' id='word_1_253' title='bbox 1843 816 1946 850; x_wconf 82' lang='lat' dir='ltr'>Came-</span> 
     </span>
     <span class='ocr_line' id='line_1_61' title="bbox 1296 868 1945 911; baseline 0.003 -11"><span class='ocrx_word' id='word_1_254' title='bbox 1296 878 1348 900; x_wconf 86' lang='lat' dir='ltr'>rae</span> <span class='ocrx_word' id='word_1_255' title='bbox 1373 868 1560 901; x_wconf 85' lang='lat' dir='ltr'>thesaurarii</span> <span class='ocrx_word' id='word_1_256' title='bbox 1587 869 1754 911; x_wconf 80' lang='lat' dir='ltr'>generalis,</span> <span class='ocrx_word' id='word_1_257' title='bbox 1778 869 1945 902; x_wconf 87' lang='lat' dir='ltr'>duodecim</span> 
     </span>
     <span class='ocr_line' id='line_1_62' title="bbox 1297 921 1882 966; baseline 0.002 -12"><span class='ocrx_word' id='word_1_258' title='bbox 1297 921 1486 954; x_wconf 79' lang='lat' dir='ltr'>clericorum</span> <span class='ocrx_word' id='word_1_259' title='bbox 1511 928 1541 955; x_wconf 90' lang='lat' dir='ltr'>et</span> <span class='ocrx_word' id='word_1_260' title='bbox 1565 921 1783 966; x_wconf 85' lang='lat' dir='ltr'>praesidentis,</span> <span class='ocrx_word' id='word_1_261' title='bbox 1809 922 1882 956; x_wconf 77' lang='lat'><strong>473.</strong></span> 
     </span>
    </p>

    <p class='ocr_par' dir='ltr' id='par_1_21' title="bbox 1209 975 1951 1179">
     <span class='ocr_line' id='line_1_63' title="bbox 1209 975 1948 1009; baseline 0.001 -1"><span class='ocrx_word' id='word_1_262' title='bbox 1209 976 1339 1008; x_wconf 84' lang='lat' dir='ltr'><strong>XXXVI.</strong></span> <span class='ocrx_word' id='word_1_263' title='bbox 1366 976 1548 1008; x_wconf 83' lang='lat' dir='ltr'>Declaratur</span> <span class='ocrx_word' id='word_1_264' title='bbox 1563 981 1712 1008; x_wconf 89' lang='lat' dir='ltr'>statutum</span> <span class='ocrx_word' id='word_1_265' title='bbox 1737 975 1862 1008; x_wconf 83' lang='lat' dir='ltr'>Ordinis</span> <span class='ocrx_word' id='word_1_266' title='bbox 1879 976 1948 1009; x_wconf 88' lang='lat' dir='ltr'>Car-</span> 
     </span>
     <span class='ocr_line' id='line_1_64' title="bbox 1298 1029 1949 1073; baseline 0 -11"><span class='ocrx_word' id='word_1_267' title='bbox 1298 1030 1467 1063; x_wconf 88' lang='lat' dir='ltr'>thusiensis</span> <span class='ocrx_word' id='word_1_268' title='bbox 1498 1029 1597 1073; x_wconf 84' lang='lat' dir='ltr'>priori</span> <span class='ocrx_word' id='word_1_269' title='bbox 1628 1029 1808 1063; x_wconf 85' lang='lat' dir='ltr'>Cartbusiae</span> <span class='ocrx_word' id='word_1_270' title='bbox 1834 1029 1949 1062; x_wconf 87' lang='lat' dir='ltr'>factum</span> 
     </span>
     <span class='ocr_line' id='line_1_65' title="bbox 1298 1083 1951 1126; baseline 0.002 -11"><span class='ocrx_word' id='word_1_271' title='bbox 1298 1094 1359 1117; x_wconf 91' lang='lat' dir='ltr'>non</span> <span class='ocrx_word' id='word_1_272' title='bbox 1385 1084 1567 1126; x_wconf 79' lang='lat' dir='ltr'>egrediendi</span> <span class='ocrx_word' id='word_1_273' title='bbox 1586 1094 1602 1116; x_wconf 92' lang='lat' dir='ltr'>a</span> <span class='ocrx_word' id='word_1_274' title='bbox 1623 1083 1765 1116; x_wconf 85' lang='lat' dir='ltr'>terminis</span> <span class='ocrx_word' id='word_1_275' title='bbox 1789 1093 1862 1116; x_wconf 86' lang='lat' dir='ltr'>suae</span> <span class='ocrx_word' id='word_1_276' title='bbox 1886 1093 1951 1116; x_wconf 89' lang='lat' dir='ltr'>erc-</span> 
     </span>
     <span class='ocr_line' id='line_1_66' title="bbox 1299 1136 1450 1179; baseline 0.02 -12"><span class='ocrx_word' id='word_1_277' title='bbox 1299 1137 1350 1179; x_wconf 88' lang='lat' dir='ltr'>mi,</span> <span class='ocrx_word' id='word_1_278' title='bbox 1376 1136 1450 1170; x_wconf 73' lang='lat'><strong>476.</strong></span> 
     </span>
    </p>

    <p class='ocr_par' dir='ltr' id='par_1_22' title="bbox 1210 1189 1953 1447">
     <span class='ocr_line' id='line_1_67' title="bbox 1210 1189 1951 1234; baseline 0 -10"><span class='ocrx_word' id='word_1_279' title='bbox 1210 1191 1351 1224; x_wconf 71' lang='lat' dir='ltr'><strong>XXXVII.</strong></span> <span class='ocrx_word' id='word_1_280' title='bbox 1379 1191 1612 1225; x_wconf 86' lang='lat' dir='ltr'>Confirmantur</span> <span class='ocrx_word' id='word_1_281' title='bbox 1643 1189 1795 1234; x_wconf 86' lang='lat' dir='ltr'>quaedam</span> <span class='ocrx_word' id='word_1_282' title='bbox 1825 1189 1951 1224; x_wconf 77' lang='lat' dir='ltr'>decreta</span> 
     </span>
     <span class='ocr_line' id='line_1_68' title="bbox 1299 1244 1951 1288; baseline 0 -12"><span class='ocrx_word' id='word_1_283' title='bbox 1299 1244 1552 1278; x_wconf 84' lang='lat' dir='ltr'>definitoriorum</span> <span class='ocrx_word' id='word_1_284' title='bbox 1578 1250 1607 1277; x_wconf 90' lang='lat' dir='ltr'>et</span> <span class='ocrx_word' id='word_1_285' title='bbox 1631 1244 1840 1288; x_wconf 89' lang='lat' dir='ltr'>capitulorum</span> <span class='ocrx_word' id='word_1_286' title='bbox 1862 1254 1951 1287; x_wconf 82' lang='lat' dir='ltr'>gene-</span> 
     </span>
     <span class='ocr_line' id='line_1_69' title="bbox 1298 1297 1952 1342; baseline -0.002 -12"><span class='ocrx_word' id='word_1_287' title='bbox 1298 1298 1412 1330; x_wconf 86' lang='lat' dir='ltr'>ralium</span> <span class='ocrx_word' id='word_1_288' title='bbox 1438 1309 1497 1342; x_wconf 88' lang='lat' dir='ltr'>pro</span> <span class='ocrx_word' id='word_1_289' title='bbox 1524 1308 1599 1342; x_wconf 85' lang='lat' dir='ltr'>pace</span> <span class='ocrx_word' id='word_1_290' title='bbox 1624 1298 1789 1341; x_wconf 87' lang='lat' dir='ltr'>utriusque</span> <span class='ocrx_word' id='word_1_291' title='bbox 1814 1297 1952 1340; x_wconf 78' lang='lat' dir='ltr'>Congre-</span> 
     </span>
     <span class='ocr_line' id='line_1_70' title="bbox 1299 1351 1953 1394; baseline 0.002 -11"><span class='ocrx_word' id='word_1_292' title='bbox 1299 1352 1434 1394; x_wconf 82' lang='lat' dir='ltr'>gationis</span> <span class='ocrx_word' id='word_1_293' title='bbox 1463 1352 1594 1384; x_wconf 86' lang='lat' dir='ltr'>fratrum</span> <span class='ocrx_word' id='word_1_294' title='bbox 1622 1352 1861 1385; x_wconf 84' lang='lat' dir='ltr'>Carmelitarum</span> <span class='ocrx_word' id='word_1_295' title='bbox 1886 1351 1953 1385; x_wconf 88' lang='lat' dir='ltr'>Dis-</span> 
     </span>
     <span class='ocr_line' id='line_1_71' title="bbox 1301 1405 1622 1447; baseline 0.003 -10"><span class='ocrx_word' id='word_1_296' title='bbox 1301 1406 1522 1447; x_wconf 84' lang='lat' dir='ltr'>calceatorum,</span> <span class='ocrx_word' id='word_1_297' title='bbox 1547 1405 1622 1438; x_wconf 89' lang='lat'><strong>477.</strong></span> 
     </span>
    </p>

    <p class='ocr_par' dir='ltr' id='par_1_23' title="bbox 1213 1459 1955 1651">
     <span class='ocr_line' id='line_1_72' title="bbox 1213 1459 1954 1500; baseline 0.001 -9"><span class='ocrx_word' id='word_1_298' title='bbox 1213 1459 1365 1492; x_wconf 73' lang='lat' dir='ltr'>xxxvul.</span> <span class='ocrx_word' id='word_1_299' title='bbox 1392 1459 1643 1499; x_wconf 81' lang='lat' dir='ltr'>Consu-mantur,</span> <span class='ocrx_word' id='word_1_300' title='bbox 1669 1459 1874 1500; x_wconf 88' lang='lat' dir='ltr'>innovantur,</span> <span class='ocrx_word' id='word_1_301' title='bbox 1902 1469 1954 1492; x_wconf 85' lang='lat' dir='ltr'>re-</span> 
     </span>
     <span class='ocr_line' id='line_1_73' title="bbox 1301 1512 1955 1545; baseline 0.002 -2"><span class='ocrx_word' id='word_1_302' title='bbox 1301 1513 1479 1545; x_wconf 87' lang='lat' dir='ltr'>formantur</span> <span class='ocrx_word' id='word_1_303' title='bbox 1503 1518 1532 1544; x_wconf 85' lang='lat' dir='ltr'>et</span> <span class='ocrx_word' id='word_1_304' title='bbox 1557 1512 1767 1544; x_wconf 83' lang='lat' dir='ltr'>extenduntur</span> <span class='ocrx_word' id='word_1_305' title='bbox 1793 1512 1955 1545; x_wconf 83' lang='lat' dir='ltr'>facultates</span> 
     </span>
     <span class='ocr_line' id='line_1_74' title="bbox 1302 1565 1953 1607; baseline -0.002 -10"><span class='ocrx_word' id='word_1_306' title='bbox 1302 1565 1466 1597; x_wconf 85' lang='lat' dir='ltr'>tribunalis</span> <span class='ocrx_word' id='word_1_307' title='bbox 1498 1576 1553 1598; x_wconf 85' lang='lat' dir='ltr'>seu</span> <span class='ocrx_word' id='word_1_308' title='bbox 1586 1565 1787 1607; x_wconf 81' lang='lat' dir='ltr'>magistratus</span> <span class='ocrx_word' id='word_1_309' title='bbox 1813 1565 1953 1606; x_wconf 79' lang='lat' dir='ltr'>viarum,</span> 
     </span>
     <span class='ocr_line' id='line_1_75' title="bbox 1302 1618 1378 1651; baseline 0 -1"><span class='ocrx_word' id='word_1_310' title='bbox 1302 1618 1378 1651; x_wconf 76' lang='lat'><strong>479.</strong></span> 
     </span>
    </p>

    <p class='ocr_par' dir='ltr' id='par_1_24' title="bbox 1216 1670 1952 1705">
     <span class='ocr_line' id='line_1_76' title="bbox 1216 1670 1952 1705; baseline 0 -1"><span class='ocrx_word' id='word_1_311' title='bbox 1216 1672 1346 1704; x_wconf 79' lang='lat' dir='ltr'><strong>XXXIX.</strong></span> <span class='ocrx_word' id='word_1_312' title='bbox 1374 1671 1594 1705; x_wconf 90' lang='lat' dir='ltr'>Conceduntur</span> <span class='ocrx_word' id='word_1_313' title='bbox 1624 1671 1793 1704; x_wconf 82' lang='lat' dir='ltr'>nonnullae</span> <span class='ocrx_word' id='word_1_314' title='bbox 1822 1670 1952 1704; x_wconf 81' lang='lat' dir='ltr'>ordina-</span> 
     </span>
    </p>

    <p class='ocr_par' dir='ltr' id='par_1_25' title="bbox 1304 1723 1956 1757">
     <span class='ocr_line' id='line_1_77' title="bbox 1304 1723 1956 1757; baseline 0 -1"><span class='ocrx_word' id='word_1_315' title='bbox 1304 1725 1405 1757; x_wconf 83' lang='lat' dir='ltr'>tiones</span> <span class='ocrx_word' id='word_1_316' title='bbox 1427 1725 1456 1756; x_wconf 91' lang='lat' dir='ltr'>in</span> <span class='ocrx_word' id='word_1_317' title='bbox 1483 1726 1576 1757; x_wconf 70' lang='lat' dir='ltr'>eausa</span> <span class='ocrx_word' id='word_1_318' title='bbox 1600 1734 1617 1756; x_wconf 89' lang='grc'><strong>3</strong></span> <span class='ocrx_word' id='word_1_319' title='bbox 1641 1725 1753 1757; x_wconf 73' lang='lat' dir='ltr'>Sancta</span> <span class='ocrx_word' id='word_1_320' title='bbox 1780 1723 1858 1757; x_wconf 85' lang='lat' dir='ltr'>Sede</span> <span class='ocrx_word' id='word_1_321' title='bbox 1884 1723 1956 1757; x_wconf 85' lang='lat' dir='ltr'>defi-</span> 
     </span>
    </p>

    <p class='ocr_par' dir='ltr' id='par_1_26' title="bbox 1303 1777 1959 1972">
     <span class='ocr_line' id='line_1_78' title="bbox 1303 1777 1958 1820; baseline 0 -10"><span class='ocrx_word' id='word_1_322' title='bbox 1303 1778 1417 1810; x_wconf 76' lang='lat' dir='ltr'>nienda</span> <span class='ocrx_word' id='word_1_323' title='bbox 1441 1778 1479 1810; x_wconf 89' lang='lat' dir='ltr'>de</span> <span class='ocrx_word' id='word_1_324' title='bbox 1504 1777 1687 1810; x_wconf 80' lang='lat' dir='ltr'>alternativa</span> <span class='ocrx_word' id='word_1_325' title='bbox 1709 1777 1884 1810; x_wconf 85' lang='lat' dir='ltr'>officiorum</span> <span class='ocrx_word' id='word_1_326' title='bbox 1906 1788 1958 1820; x_wconf 81' lang='lat' dir='ltr'>ge-</span> 
     </span>
     <span class='ocr_line' id='line_1_79' title="bbox 1304 1830 1957 1874; baseline 0 -11"><span class='ocrx_word' id='word_1_327' title='bbox 1304 1831 1458 1864; x_wconf 86' lang='lat' dir='ltr'>neralium</span> <span class='ocrx_word' id='word_1_328' title='bbox 1480 1831 1561 1863; x_wconf 89' lang='lat' dir='ltr'>inter</span> <span class='ocrx_word' id='word_1_329' title='bbox 1578 1830 1756 1874; x_wconf 82' lang='lat' dir='ltr'>provincias</span> <span class='ocrx_word' id='word_1_330' title='bbox 1773 1830 1910 1864; x_wconf 88' lang='lat' dir='ltr'>Gallicas</span> <span class='ocrx_word' id='word_1_331' title='bbox 1927 1835 1957 1863; x_wconf 85' lang='lat' dir='ltr'>et</span> 
     </span>
     <span class='ocr_line' id='line_1_80' title="bbox 1304 1884 1959 1918; baseline 0 -1"><span class='ocrx_word' id='word_1_332' title='bbox 1304 1885 1380 1918; x_wconf 79' lang='lat' dir='ltr'>alias</span> <span class='ocrx_word' id='word_1_333' title='bbox 1405 1885 1536 1917; x_wconf 83' lang='lat' dir='ltr'>fratrum</span> <span class='ocrx_word' id='word_1_334' title='bbox 1562 1885 1717 1918; x_wconf 86' lang='lat' dir='ltr'>Minorum</span> <span class='ocrx_word' id='word_1_335' title='bbox 1742 1884 1841 1917; x_wconf 88' lang='lat' dir='ltr'>sancti</span> <span class='ocrx_word' id='word_1_336' title='bbox 1865 1884 1959 1917; x_wconf 88' lang='lat' dir='ltr'>Fran-</span> 
     </span>
     <span class='ocr_line' id='line_1_81' title="bbox 1307 1937 1957 1972; baseline 0.002 -2"><span class='ocrx_word' id='word_1_337' title='bbox 1307 1938 1379 1971; x_wconf 83' lang='lat' dir='ltr'>cisci</span> <span class='ocrx_word' id='word_1_338' title='bbox 1405 1938 1442 1971; x_wconf 90' lang='lat' dir='ltr'>de</span> <span class='ocrx_word' id='word_1_339' title='bbox 1467 1938 1671 1972; x_wconf 74' lang='lat' dir='ltr'>Observantia</span> <span class='ocrx_word' id='word_1_340' title='bbox 1701 1948 1737 1971; x_wconf 85' lang='lat' dir='ltr'>ac</span> <span class='ocrx_word' id='word_1_341' title='bbox 1761 1937 1957 1972; x_wconf 85' lang='lat' dir='ltr'>Recollccto-</span> 
     </span>
    </p>

    <p class='ocr_par' dir='ltr' id='par_1_27' title="bbox 1307 1991 1487 2033">
     <span class='ocr_line' id='line_1_82' title="bbox 1307 1991 1487 2033; baseline 0 -9"><span class='ocrx_word' id='word_1_342' title='bbox 1307 2003 1388 2033; x_wconf 91' lang='lat' dir='ltr'>rum,</span> <span class='ocrx_word' id='word_1_343' title='bbox 1414 1991 1487 2025; x_wconf 81' lang='lat'><strong>487.</strong></span> 
     </span>
    </p>

    <p class='ocr_par' dir='ltr' id='par_1_28' title="bbox 1305 2044 1959 2088">
     <span class='ocr_line' id='line_1_83' title="bbox 1305 2044 1959 2088; baseline -0.002 -9"><span class='ocrx_word' id='word_1_344' title='bbox 1305 2045 1526 2079; x_wconf 86' lang='lat' dir='ltr'>Conceduntur</span> <span class='ocrx_word' id='word_1_345' title='bbox 1550 2044 1765 2087; x_wconf 78' lang='lat' dir='ltr'>indulgentiae</span> <span class='ocrx_word' id='word_1_346' title='bbox 1789 2048 1959 2088; x_wconf 85' lang='lat' dir='ltr'>perpetuae</span> 
     </span>
    </p>

    <p class='ocr_par' dir='ltr' id='par_1_29' title="bbox 1309 2097 1959 2142">
     <span class='ocr_line' id='line_1_84' title="bbox 1309 2097 1959 2142; baseline -0.002 -11"><span class='ocrx_word' id='word_1_347' title='bbox 1309 2099 1473 2142; x_wconf 84' lang='lat' dir='ltr'>utriusque</span> <span class='ocrx_word' id='word_1_348' title='bbox 1517 2109 1609 2131; x_wconf 82' lang='lat' dir='ltr'>sexus</span> <span class='ocrx_word' id='word_1_349' title='bbox 1649 2098 1794 2141; x_wconf 87' lang='lat' dir='ltr'>personis</span> <span class='ocrx_word' id='word_1_350' title='bbox 1834 2097 1959 2131; x_wconf 90' lang='lat' dir='ltr'>Ordinis</span> 
     </span>
    </p>

    <p class='ocr_par' dir='ltr' id='par_1_30' title="bbox 1309 2152 1959 2193">
     <span class='ocr_line' id='line_1_85' title="bbox 1309 2152 1959 2193; baseline -0.003 -7"><span class='ocrx_word' id='word_1_351' title='bbox 1309 2154 1406 2186; x_wconf 85' lang='lat' dir='ltr'>sancti</span> <span class='ocrx_word' id='word_1_352' title='bbox 1426 2153 1583 2185; x_wconf 85' lang='lat' dir='ltr'>Francisei</span> <span class='ocrx_word' id='word_1_353' title='bbox 1601 2152 1638 2185; x_wconf 78' lang='lat' dir='ltr'>de</span> <span class='ocrx_word' id='word_1_354' title='bbox 1655 2152 1868 2193; x_wconf 76' lang='lat' dir='ltr'>Observantia,</span> <span class='ocrx_word' id='word_1_355' title='bbox 1886 2162 1959 2185; x_wconf 88' lang='lat' dir='ltr'>nee-</span> 
     </span>
    </p>

    <p class='ocr_par' dir='ltr' id='par_1_31' title="bbox 1307 2203 1960 2240">
     <span class='ocr_line' id='line_1_86' title="bbox 1307 2203 1960 2240; baseline -0.006 -1"><span class='ocrx_word' id='word_1_356' title='bbox 1307 2217 1370 2240; x_wconf 91' lang='lat' dir='ltr'>non</span> <span class='ocrx_word' id='word_1_357' title='bbox 1396 2205 1652 2239; x_wconf 80' lang='lat' dir='ltr'>christifidelibus</span> <span class='ocrx_word' id='word_1_358' title='bbox 1677 2205 1861 2237; x_wconf 83' lang='lat' dir='ltr'>societatum</span> <span class='ocrx_word' id='word_1_359' title='bbox 1880 2203 1910 2236; x_wconf 90' lang='lat' dir='ltr'>in</span> <span class='ocrx_word' id='word_1_360' title='bbox 1928 2203 1960 2236; x_wconf 92' lang='lat' dir='ltr'>il-</span> 
     </span>
    </p>

    <p class='ocr_par' dir='ltr' id='par_1_32' title="bbox 1307 2256 1885 2298">
     <span class='ocr_line' id='line_1_87' title="bbox 1307 2256 1885 2298; baseline -0.005 -6"><span class='ocrx_word' id='word_1_361' title='bbox 1307 2261 1410 2293; x_wconf 90' lang='lat' dir='ltr'>lorum</span> <span class='ocrx_word' id='word_1_362' title='bbox 1436 2259 1575 2292; x_wconf 84' lang='lat' dir='ltr'>ecclesiis</span> <span class='ocrx_word' id='word_1_363' title='bbox 1600 2263 1787 2298; x_wconf 84' lang='lat' dir='ltr'>erectarum,</span> <span class='ocrx_word' id='word_1_364' title='bbox 1812 2256 1885 2290; x_wconf 81' lang='grc'><strong>491.</strong></span> 
     </span>
    </p>

    <p class='ocr_par' dir='ltr' id='par_1_33' title="bbox 1222 2309 1964 2462">
     <span class='ocr_line' id='line_1_88' title="bbox 1222 2309 1958 2354; baseline -0.008 -7"><span class='ocrx_word' id='word_1_365' title='bbox 1222 2314 1294 2347; x_wconf 92' lang='lat' dir='ltr'><strong>XLI.</strong></span> <span class='ocrx_word' id='word_1_366' title='bbox 1319 2313 1531 2347; x_wconf 79' lang='lat' dir='ltr'>Confirmatur</span> <span class='ocrx_word' id='word_1_367' title='bbox 1561 2312 1723 2344; x_wconf 89' lang='lat' dir='ltr'>decretum</span> <span class='ocrx_word' id='word_1_368' title='bbox 1749 2309 1875 2354; x_wconf 82' lang='lat' dir='ltr'>capituli</span> <span class='ocrx_word' id='word_1_369' title='bbox 1900 2319 1958 2352; x_wconf 81' lang='lat' dir='ltr'>ge-</span> 
     </span>
     <span class='ocr_line' id='line_1_89' title="bbox 1309 2363 1964 2406; baseline -0.008 -7"><span class='ocrx_word' id='word_1_370' title='bbox 1309 2367 1425 2399; x_wconf 86' lang='lat' dir='ltr'>neralis</span> <span class='ocrx_word' id='word_1_371' title='bbox 1439 2365 1563 2399; x_wconf 87' lang='lat' dir='ltr'>Ordinis</span> <span class='ocrx_word' id='word_1_372' title='bbox 1581 2364 1818 2399; x_wconf 88' lang='lat' dir='ltr'>Carmelitarum</span> <span class='ocrx_word' id='word_1_373' title='bbox 1840 2373 1898 2406; x_wconf 89' lang='lat' dir='ltr'>pro</span> <span class='ocrx_word' id='word_1_374' title='bbox 1923 2363 1964 2395; x_wconf 92' lang='grc'>31-</span> 
     </span>
     <span class='ocr_line' id='line_1_90' title="bbox 1311 2416 1962 2462; baseline -0.003 -10"><span class='ocrx_word' id='word_1_375' title='bbox 1311 2420 1464 2453; x_wconf 74' lang='lat' dir='ltr'>ter-nativa</span> <span class='ocrx_word' id='word_1_376' title='bbox 1486 2419 1516 2451; x_wconf 90' lang='lat' dir='ltr'>in</span> <span class='ocrx_word' id='word_1_377' title='bbox 1535 2418 1698 2462; x_wconf 78' lang='lat' dir='ltr'>provincia</span> <span class='ocrx_word' id='word_1_378' title='bbox 1716 2417 1874 2457; x_wconf 83' lang='lat' dir='ltr'>Castellae,</span> <span class='ocrx_word' id='word_1_379' title='bbox 1888 2416 1962 2450; x_wconf 67' lang='lat'><strong>492.</strong></span> 
     </span>
    </p>

    <p class='ocr_par' dir='ltr' id='par_1_34' title="bbox 1222 2470 1964 2678">
     <span class='ocr_line' id='line_1_91' title="bbox 1222 2470 1962 2513; baseline -0.007 -6"><span class='ocrx_word' id='word_1_380' title='bbox 1222 2474 1308 2508; x_wconf 90' lang='lat' dir='ltr'><strong>XLII.</strong></span> <span class='ocrx_word' id='word_1_381' title='bbox 1335 2473 1484 2506; x_wconf 85' lang='lat' dir='ltr'>Indicitur</span> <span class='ocrx_word' id='word_1_382' title='bbox 1508 2471 1640 2504; x_wconf 85' lang='lat' dir='ltr'>visitatio</span> <span class='ocrx_word' id='word_1_383' title='bbox 1664 2470 1837 2513; x_wconf 83' lang='lat' dir='ltr'>apostolica</span> <span class='ocrx_word' id='word_1_384' title='bbox 1862 2470 1962 2503; x_wconf 88' lang='lat' dir='ltr'>eccle-</span> 
     </span>
     <span class='ocr_line' id='line_1_92' title="bbox 1311 2522 1963 2566; baseline -0.005 -7"><span class='ocrx_word' id='word_1_385' title='bbox 1311 2527 1428 2559; x_wconf 87' lang='lat' dir='ltr'>siarum</span> <span class='ocrx_word' id='word_1_386' title='bbox 1468 2531 1498 2558; x_wconf 89' lang='lat' dir='ltr'>et</span> <span class='ocrx_word' id='word_1_387' title='bbox 1532 2525 1674 2557; x_wconf 84' lang='lat' dir='ltr'>locorum</span> <span class='ocrx_word' id='word_1_388' title='bbox 1709 2523 1834 2566; x_wconf 86' lang='lat' dir='ltr'>piorum</span> <span class='ocrx_word' id='word_1_389' title='bbox 1871 2522 1963 2557; x_wconf 89' lang='lat' dir='ltr'>Urbis</span> 
     </span>
     <span class='ocr_line' id='line_1_93' title="bbox 1312 2576 1964 2622; baseline -0.005 -9"><span class='ocrx_word' id='word_1_390' title='bbox 1312 2590 1383 2614; x_wconf 82' lang='lat' dir='ltr'>curn</span> <span class='ocrx_word' id='word_1_391' title='bbox 1416 2578 1610 2622; x_wconf 83' lang='lat' dir='ltr'>expositione</span> <span class='ocrx_word' id='word_1_392' title='bbox 1639 2576 1690 2610; x_wconf 84' lang='lat' dir='ltr'>SS.</span> <span class='ocrx_word' id='word_1_393' title='bbox 1716 2576 1910 2610; x_wconf 85' lang='lat' dir='ltr'>Sacramenti</span> <span class='ocrx_word' id='word_1_394' title='bbox 1934 2582 1964 2610; x_wconf 89' lang='lat' dir='ltr'>et</span> 
     </span>
     <span class='ocr_line' id='line_1_94' title="bbox 1312 2628 1781 2678; baseline -0.006 -12"><span class='ocrx_word' id='word_1_395' title='bbox 1312 2633 1506 2678; x_wconf 73' lang='lat' dir='ltr'>indulgentia</span> <span class='ocrx_word' id='word_1_396' title='bbox 1530 2630 1682 2676; x_wconf 75' lang='lat' dir='ltr'>plenaria,</span> <span class='ocrx_word' id='word_1_397' title='bbox 1707 2628 1781 2664; x_wconf 81' lang='lat'><strong>494.</strong></span> 
     </span>
    </p>
   </div>
   <div class='ocr_carea' id='block_1_9' title="bbox 1219 2046 1278 2079">
    <p class='ocr_par' dir='ltr' id='par_1_35' title="bbox 1219 2046 1278 2079">
     <span class='ocr_line' id='line_1_95' title="bbox 1219 2046 1278 2079; baseline -0.017 0"><span class='ocrx_word' id='word_1_398' title='bbox 1219 2046 1278 2079; x_wconf 90' lang='lat' dir='ltr'>XL.</span> 
     </span>
    </p>
   </div>
   <div class='ocr_carea' id='block_1_10' title="bbox 2238 0 2254 456">
    <p class='ocr_par' dir='ltr' id='par_1_36' title="bbox 2238 0 2254 456">
     <span class='ocr_line' id='line_1_96' title="bbox 2238 0 2254 456; baseline 0 2769"><span class='ocrx_word' id='word_1_399' title='bbox 2238 0 2254 456; x_wconf 95' lang='lat' dir='ltr'> </span> 
     </span>
    </p>
   </div>
  </div>
 </body>
</html>
