2227 3225
122 234 171 263 An.
193 235 223 262 C.
242 235 309 262 ¹692

146 767 302 788 Contrariorum

119 794 236 820 derogatio.

163 1716 225 1736 Fides
250 1717 305 1736 tran·

122 1745 258 1765 sumptorum.

890 233 1096 256 tNNocnwttS
1123 234 1164 256 ΧΠ
1188 234 1236 256 PF.

312 282 442 316 nissime
468 280 646 323 suffragari,
669 285 696 313 ct
719 279 757 313 ab
778 280 841 313 illis
862 286 1041 323 respective

312 334 541 368 inviolabiliter
567 333 742 373 observari,
769 333 879 376 sicque
899 334 929 365 in
951 343 1043 375 prae-

312 388 417 421 missis
441 398 499 431 per
523 397 742 430 quoscumque
768 387 889 420 iudices
915 387 1044 420 ordina-

311 441 377 474 rios
403 445 435 473 et
460 441 626 482 delegatos
645 467 652 480 ,
678 440 772 473 etiam
798 449 965 473 causarum
991 449 1044 482 pa-

312 493 380 527 latii
417 493 589 536 apostolici
627 493 815 533 auditores,
841 492 976 525 iudicari
1013 496 1045 524 et

313 546 441 580 definiri
467 547 600 585 debere,
621 556 656 579 ae
681 546 806 578 irritum
832 551 863 578 et
888 546 995 583 inane,
1020 545 1043 577 si

313 610 406 633 secus
432 610 532 642 super
557 599 608 632 his
634 610 650 632 a
675 609 848 642 quoquam,
863 598 972 642 quavis
991 609 1046 630 au-

313 652 474 692 ctoritate,
500 652 641 685 scienter
664 653 712 685 vel
738 652 934 695 ignoranter,
950 651 1046 684 eonti—
1065 647 1067 666 ²

313 706 397 748 gerit
421 706 587 738 attentari.

356 759 370 802 ἓ
395 758 426 791 5.
453 758 523 791 Non
548 758 749 791 obstantibus
782 757 983 801 praemissis,
1011 768 1046 790 ae

313 811 600 844 constitutionibus
625 816 657 843 et
685 811 944 844 ordinationibus
970 820 1047 853 apo-

312 864 447 903 stolicis,
461 874 598 904 necnon,
619 868 778 907 quatenus
795 873 876 906 opus
891 864 940 903 sit,
967 863 1047 897 Con-

312 917 537 960 gregationum
564 922 596 950 et
619 916 749 950 Ordinis
778 917 1044 960 praedictorum,

313 970 410 1003 etiam
436 970 632 1011 iuramento,
652 969 897 1004 confirmatione
922 976 1047 1014 aposto-

313 1023 387 1063 lica,
415 1024 465 1068 vel
490 1023 602 1067 quavis
623 1022 775 1056 firmitate
792 1023 853 1056 alia
869 1023 1046 1063 roboratis,

314 1076 441 1109 statutis
471 1081 503 1109 et
537 1075 844 1117 consuetudinibus,
869 1077 1047 1120 privilegiis

315 1139 465 1173 quoque,
492 1128 625 1162 indultis
659 1133 692 1162 et
715 1129 832 1162 litteris
865 1130 1049 1173 apostolicis

314 1182 347 1214 in
372 1182 570 1215 contrarium
588 1182 845 1226 praemissorum
870 1183 1049 1226 quomodo-

314 1234 396 1268 libet
413 1234 585 1275 concessis,
603 1234 800 1268 confirmatis
821 1240 852 1268 et
868 1235 1046 1275 innovatis;

315 1287 432 1330 quihus
458 1286 608 1320 omnibus
633 1290 664 1320 et
687 1287 835 1329 singulis,
860 1288 990 1321 illorum
1010 1293 1049 1320 te-

314 1349 412 1372 nores
436 1339 662 1382 praesentibus
691 1349 750 1382 pro
782 1341 880 1383 plene
909 1346 941 1372 et
965 1340 1049 1372 suffi-

314 1392 440 1424 cienter
457 1391 620 1434 expressis
648 1401 684 1423 ae
705 1392 745 1424 ad
763 1393 896 1425 verbum
917 1393 1047 1425 insertis

314 1445 485 1484 habentes,
505 1443 569 1476 illis
595 1443 673 1476 alias
699 1444 731 1476 in
757 1455 814 1477 suo
838 1445 958 1478 robore
977 1456 1049 1488 per-

315 1497 494 1537 mansuris,
525 1497 564 1530 ad
593 1498 844 1540 praemissorum
876 1497 1046 1539 effectum,

315 1551 377 1583 hac
390 1550 457 1583 vice
471 1550 648 1590 dumtaxat,
665 1551 852 1593 specialiter
870 1557 901 1584 et
919 1562 1049 1595 expres-

316 1614 350 1636 se
367 1603 576 1645 derogamus,
596 1602 778 1646 ceterisque
795 1605 967 1638 contrariis
984 1605 1050 1648 qui-

315 1657 531 1699 buscumque.

361 1710 375 1752 ξ
399 1709 429 1742 5.
467 1710 618 1743 Volumus
652 1714 760 1743 autem
794 1716 830 1743 ut.
865 1712 1048 1745 earumdem

317 1762 536 1806 praesentium
552 1762 732 1795 litterarum
751 1765 971 1807 transumptis,
993 1775 1049 1797 seu

318 1815 487 1858 exemplis,
514 1815 609 1848 etiam
636 1816 808 1859 impressis,
834 1827 929 1849 manu
951 1818 1050 1850 alicu-

317 1868 368 1900 ius
393 1867 511 1901 notarii
536 1868 657 1910 publici
677 1868 874 1912 subscriptis,
894 1875 926 1903 et
942 1871 1049 1913 sigillo

317 1931 475 1964 personae
489 1921 522 1954 in
533 1921 752 1954 ecclesiastica
766 1923 922 1965 dignitate
934 1925 1050 1957 consti-

317 1979 404 2006 tutae
425 1974 569 2014 munitis,
592 1975 705 2007 eadem
722 1985 856 2018 prorsus
881 1977 968 2018 fides,
987 1983 1049 2010 tam

316 2027 349 2059 in
376 2026 494 2060 iudicio
519 2037 614 2070 quam
640 2032 730 2060 extra
747 2029 836 2067 illud,
863 2030 983 2073 ubique
1005 2032 1050 2063 lo-

316 2090 427 2112 corum
449 2080 651 2119 adhibeatur,
670 2091 751 2123 quae
770 2081 849 2125 ipsis
874 2084 1050 2125 praesenti-

316 2133 376 2165 bus
401 2132 616 2166 adhiberetur
636 2133 662 2166 si
687 2134 792 2167 forent
810 2135 974 2170 exhibitae
999 2138 1049 2171 vel

317 2190 479 2218 ostensae.

360 2238 472 2271 Datum
498 2238 629 2279 Romae,
647 2241 731 2283 apud
754 2239 784 2273 S.
805 2241 935 2274 Mariani
954 2242 1050 2275 Maio-

315 2301 395 2331 rem,
415 2292 476 2325 sub
494 2293 613 2326 annulo
635 2292 817 2333 piscatoris,
837 2294 888 2326 die
911 2295 968 2327 xx¹
994 2306 1050 2329 no-

318 2344 458 2377 vembris
476 2354 620 2386 Mncxcn,
641 2346 848 2380 pontificatus
866 2347 969 2380 nostri
994 2359 1051 2381 an-

316 2406 359 2431 no
382 2407 417 2430 11.

351 2457 413 2486 Dat.
429 2457 473 2486 die
492 2458 526 2486 ε20
545 2459 701 2487 novembris
721 2460 799 2496 1692,
820 2461 918 2497 pontif.
935 2470 1006 2491 anno
1022 2470 1049 2491 ιι.

354 2565 365 2594 ¹
388 2564 459 2593 Edit.
479 2564 558 2593 Mein.
579 2565 612 2593 ad
632 2573 716 2603 marg.
737 2567 801 2602 legit
821 2567 860 2595 22
881 2568 977 2605 (n.·r.).

1720 229 1783 261 479

1291 282 1436 315 xxxvni
1461 283 1519 324 (az.
1545 283 1610 325 aa).

1087 360 1341 403 Confirmantur,
1363 362 1572 403 innovantur,
1589 366 1820 407 reformantur,

1130 417 1159 445 et
1191 414 1411 447 extenduntur
1445 416 1615 459 facultates
1649 417 1822 452 tribunalis

1130 476 1185 499 seu
1209 469 1423 510 magistratus
1443 470 1600 503 viarum&

1261 548 1460 576 Innocentius
1491 549 1647 584 episcopus

1277 600 1383 619 servus
1398 600 1553 620 servorum
1569 595 1631 626 Dei,

1206 636 1242 663 ad
1261 639 1435 671 perpetuam
1454 638 1499 664 rei
1522 639 1703 666 memoriam.

1131 705 1348 739 Sacerdotalis
1381 711 1412 740 et
1442 707 1550 749 regiae
1576 708 1668 741 Urbis
1695 715 1822 744 nostrae

1088 757 1126 790 ad
1151 758 1231 791 illud
1263 759 1453 792 sublimatae
1479 760 1664 804 fastigium,
1685 767 1738 803 ut,
1765 774 1823 806 per

1088 810 1173 842 beati
1199 810 1285 844 Petri
1311 812 1422 844 sedern
1453 819 1550 856 caput
1573 815 1660 848 orbis
1686 815 1797 849 effecta
1813 843 1820 856 ,

1089 862 1182 896 latius
1200 865 1385 906 praesideat
1404 866 1564 909 religione
1586 868 1704 908 divina,
1725 880 1821 913 quain

1090 926 1230 959 unquam
1262 920 1476 961 comparuerit
1511 921 1734 955 dominatione
1760 928 1824 956 ter-

1089 971 1192 1010 rena,
1227 973 1406 1012 venustati,
1440 973 1548 1007 decori
1583 980 1615 1008 et
1646 977 1822 1010 commodis

1090 1022 1185 1056 etiam
1211 1025 1442 1067 temporalibus
1461 1037 1499 1060 eo
1517 1038 1575 1061 nos
1593 1030 1741 1062 convenit
1757 1041 1824 1062 ain-

1090 1075 1186 1118 pliori
1212 1079 1287 1109 cura
1312 1079 1517 1121 prospicere,
1547 1091 1611 1124 quo
1636 1082 1749 1126 ipsam,
1768 1083 1823 1116 ubi

1092 1129 1337 1172 praecipuorum
1363 1132 1591 1174 Apostolorum
1623 1135 1823 1177 glorificatus

1091 1186 1140 1213 est
1164 1182 1278 1218 exitus.
1305 1189 1335 1215 et
1361 1194 1454 1228 quam
1479 1186 1510 1218 in
1542 1197 1743 1222 communem
1770 1198 1824 1232 pa-

1093 1234 1183 1267 triam
1197 1236 1389 1269 christianus
1399 1240 1539 1281 populus
1551 1240 1716 1273 universus
1730 1253 1825 1285 agno-

1091 1287 1160 1326 seit,
1180 1288 1335 1330 singulari
1362 1291 1533 1324 dilectione
1559 1293 1700 1335 gerimus
1719 1295 1749 1327 in
1770 1307 1825 1339 pa-

1093 1345 1199 1372 ternae
1224 1341 1401 1375 visceribus
1434 1345 1612 1378 charitatis.
1639 1347 1717 1380 Dum
1748 1360 1824 1381 vero

1091 1392 1122 1424 in
1147 1394 1262 1426 eadem
1287 1395 1379 1434 Sede,
1406 1398 1527 1430 meritis
1545 1400 1620 1432 licet
1637 1400 1823 1444 imparibus,

1091 1449 1229 1489 superna
1246 1447 1458 1490 dispositione
1484 1451 1591 1491 locati,
1608 1453 1824 1487 Romanorum

1093 1499 1279 1532 Pontificum
1312 1503 1600 1544 praedecessorum
1625 1512 1826 1540 -nostrorum

1092 1554 1252 1596 exemplo,
1272 1554 1311 1586 ad
1338 1555 1454 1588 Urbem
1481 1558 1656 1599 praefatam
1679 1560 1827 1593 conside-

1092 1606 1224 1638 rationis
1242 1612 1370 1640 nostrae
1385 1610 1494 1642 oculos
1510 1611 1731 1654 principaliter
1751 1623 1827 1645 con-

1092 1658 1254 1697 vertimus,
1272 1659 1340 1692 eius
1366 1661 1460 1694 etiam
1483 1662 1645 1696 districtus
1677 1664 1827 1698 aliorum-

1093 1721 1155 1753 que
1181 1712 1275 1745 nobis
1302 1719 1332 1746 et
1357 1713 1517 1748 Romanae
1544 1716 1705 1751 Ecclesiae
1731 1719 1827 1752 etiam

1092 1764 1124 1796 in
1159 1767 1391 1808 temporalibus
1428 1768 1645 1803 subiectorum
1682 1773 1826 1805 locorum

1093 1819 1368 1852 commodioribus
1394 1821 1459 1861 viis,
1479 1822 1617 1866 aliisque
1635 1824 1826 1859 utilitatibus

1130 1916 1137 1940 1
1164 1914 1322 1942 Huiusmodi
1344 1916 1483 1946 facultates
1503 1923 1593 1946 extant
1612 1920 1638 1946 in
1659 1922 1828 1950 constitutio-

1093 1957 1170 1984 nibus
1187 1959 1254 1985 infra
1268 1960 1391 1992 laudatis,
1407 1969 1503 1997 nempe
1527 1963 1632 1990 Martini
1649 1965 1665 1990 V
1682 1971 1765 1993 const.
1782 1968 1826 1994 ed.

1093 2001 1134 2028 die
1151 2003 1183 2028 :to
1203 2004 1299 2035 martii,
1321 2005 1414 2038 pontif.
1431 2012 1491 2038 ιἰιις
1510 2008 1576 2034 S÷xti
1592 2008 1623 2034 tv
1639 2011 1745 2038 constit.
1762 2012 1826 2039 edit.

1093 2053 1230 2077 summu,
1253 2047 1295 2074 die
1315 2049 1348 2075 :⁷10
1367 2050 1448 2081 iunii;
1478 2050 1574 2078 Leonis
1595 2051 1611 2077 Χ
1632 2054 1740 2081 constit.
1761 2056 1826 2083 edit.

1093 2097 1205 2121 nonu,
1225 2092 1268 2118 die
1287 2093 1303 2119 2
1324 2094 1495 2127 novembris;
1518 2095 1555 2122 Pii
1579 2096 1613 2123 lV
1642 2102 1728 2126 const.
1760 2101 1825 2128 edit.

1093 2142 1190 2169 imin,
1212 2137 1255 2163 die
1275 2137 1308 2163 523
1328 2139 1445 2173 angusti,
1467 2140 1506 2167 Pii
1530 2141 1545 2166 V
1566 2143 1672 2169 constit.
1694 2144 1758 2172 edit.
1783 2146 1826 2173 die

1096 2180 1126 2206 10
1141 2181 1241 2214 aprilis,
1259 2182 1353 2216 pontif.
1371 2189 1412 2216 rt,
1430 2187 1456 2209 et
1472 2185 1577 2212 constit.
1594 2186 1658 2214 edit.
1675 2188 1743 2216 die3
1757 2189 1826 2222 iulii,

1093 2225 1186 2259 pontis.
1208 2231 1250 2258 v13
1271 2226 1390 2261 Gregorii
1411 2227 1471 2254 xtlt
1492 2229 1596 2256 constit.
1614 2219 1678 2258 edit.
1699 2239 1825 2268 nonnus,

1092 2269 1135 2295 die
1158 2270 1167 2295 1
1192 2269 1318 2304 octobris,
1335 2274 1361 2297 et
1380 2271 1493 2299 aliorum
1516 2273 1685 2302 Pontificum.
1703 2277 1731 2303 ln
1749 2277 1828 2305 huius

1095 2313 1228 2340 l'ontiticis
1249 2315 1356 2341 constit.
1379 2315 1442 2342 edit.
1465 2323 1582 2350 inncxclt,
1604 2319 1646 2346 die
1665 2320 1694 2346 17
1710 2325 1827 2356 septem-

1094 2357 1157 2388 bris,
1179 2358 1274 2393 pontif.
1290 2365 1316 2392 ιι,
1333 2363 1474 2387 revocatae
1491 2361 1568 2389 fuere
1580 2363 1612 2390 ad
1629 2363 1669 2390 ius
1684 2373 1827 2393 commune

1093 2402 1359 2430 sacultatesiudicum
1379 2405 1600 2439 particularium
1616 2407 1643 2434 in
1660 2410 1765 2436 constit.
1782 2410 1825 2437 ed.

1092 2453 1229 2479 iincxcut,
1250 2447 1294 2474 die
1316 2449 1341 2474 11
1367 2449 1490 2482 ianuarii,
1511 2451 1607 2485 pontif.
1629 2458 1666 2485 11,
1687 2452 1757 2480 sacta
1778 2454 1828 2481 suit

1093 2491 1276 2519 cardinalibus
1294 2492 1408 2520 facultas
1428 2494 1552 2521 visitandi
1567 2495 1624 2523 loca
1640 2496 1683 2532 pia
1697 2501 1722 2524 et
1737 2499 1826 2525 eccle-

1092 2536 1143 2562 sias
1161 2557 1166 2567 ,
1189 2540 1214 2563 et
1235 2538 1344 2564 constit.
1367 2538 1411 2565 ed.
1432 2545 1558 2574 mncxcnt,
1575 2540 1618 2568 die
1635 2542 1668 2568 10
1684 2541 1824 2577 februarii,

1093 2584 1166 2615 pont.
1189 2587 1227 2614 11,
1249 2582 1395 2610 reformata
1424 2583 1472 2610 fuit
1500 2584 1615 2613 facultas
1643 2590 1825 2621 protectorum

1092 2624 1266 2659 regularium.

1831 239 1880 264 Λιι.
1897 239 1924 264 t).
1943 239 2011 266 1092

1859 725 1979 747 Emi-cium.
