2254 3225
242 215 292 266 Au}
306 215 335 264 c.
358 236 421 264 1691
470 228 535 262 354

433 291 575 329 putetur,
589 286 761 330 solumque
775 286 934 320 habeatur
947 292 1115 331 respectus
1131 286 1169 319 ad

433 339 577 383 reliquas
603 340 788 380 schedulas,
812 341 901 374 iuxta
925 340 1083 374 maiorem
1100 350 1170 384 par-

435 397 499 425 tem
525 393 669 426 omnium
692 393 864 427 vocalium.

477 455 536 479 vn.
567 446 703 489 Semper
737 450 955 480 numerentur
994 445 1170 478 schedulae

436 503 609 543 antequam
629 501 787 542 legantur,
813 504 844 532 et
864 499 889 531 si
909 509 973 531 una
989 499 1040 531 vel
1061 499 1170 541 plures

436 562 532 595 supra
544 553 702 586 vocalium
720 562 857 585 numero
876 556 1024 595 repertae
1042 551 1170 590 suerint,

437 615 550 638 omnes
565 605 660 638 simul
675 609 876 648 separentur,
888 610 919 638 et
930 605 1044 637 relicto
1058 603 1170 647 priori,

435 662 471 690 ut
494 668 626 701 prorsus
661 657 768 697 inani,
803 658 842 691 ad
868 657 954 690 aliud
979 656 1171 690 scrutinium

435 711 643 754 procedatur.
670 710 812 743 Tandem
836 721 924 750 vere,
949 721 1021 743 cum
1045 710 1109 742 iam
1133 720 1171 742 eo

436 763 591 796 scrutinio
616 769 649 796 et
672 763 825 807 praefatis
841 763 1008 796 schedulis
1026 761 1171 805 legitima

437 816 552 849 electio
588 816 795 859 deprehensa
819 816 933 855 fuerit,
959 826 1070 849 omnes
1096 815 1171 848 illae

436 868 586 911 protinus
610 870 845 902 comburantur
876 879 987 902 coram
1019 868 1170 901 omnibus

437 920 469 954 in
482 921 554 965 ipso
572 921 722 965 capitulo,
740 922 785 955 ita
801 927 837 955 ut
852 923 943 955 nulla
961 922 999 954 de
1017 931 1171 964 quocum-

437 985 499 1017 que
524 975 680 1007 scrutinio
704 980 844 1008 maneat.
871 975 902 1008 Si
928 984 1082 1007 numerus
1108 974 1171 1007 sus-

436 1027 612 1069 sragiornm
638 1027 679 1060 sit
696 1028 808 1070 impar,
823 1033 969 1060 servetur
982 1027 1022 1060 ad
1039 1027 1172 1061 electio-

436 1090 510 1112 nem
535 1080 723 1112 canonicam
749 1080 836 1113 idem
857 1081 944 1123 quod
962 1080 995 1112 in
1012 1080 1170 1113 electione

436 1133 584 1174 magistri
609 1144 680 1176 cap.
702 1143 732 1166 1v
754 1133 851 1166 huius
876 1133 1093 1167 distinctionis
1119 1143 1172 1166 or-

437 1184 583 1218 dinatum
606 1191 728 1219 manet.

480 1248 550 1271 vtn.
577 1238 709 1272 Peracta
733 1239 831 1281 igitur
851 1239 1020 1278 electione,
1041 1244 1073 1272 et
1089 1250 1106 1272 a
1123 1250 1171 1272 se-

437 1291 577 1324 cretario
608 1292 772 1334 publicata
807 1292 968 1335 capitulo,
999 1296 1171 1336 antequam

437 1344 476 1376 ab
495 1354 533 1376 eo
551 1345 708 1388 suscipiat
733 1346 853 1378 electus
876 1345 1103 1384 obedientiam,
1123 1346 1172 1378 de-

437 1398 493 1429 bet
516 1408 548 1430 se
567 1398 682 1431 sistere
697 1398 849 1441 praesidi,
868 1399 977 1441 ibique
998 1409 1058 1441 per
1072 1399 1171 1431 Deum

438 1455 470 1482 et
494 1450 626 1483 Crucem
653 1457 685 1484 et
702 1451 819 1484 Sancta
838 1451 893 1483 Dei
910 1451 1083 1494 Evangelia
1104 1452 1170 1484 suis

437 1503 587 1536 inanibus
613 1509 694 1536 tacta
720 1505 938 1537 iuramentum
962 1515 1102 1548 sequens
1119 1515 1172 1547 ge-

437 1557 584 1589 nuflexus
602 1558 732 1590 elicere.
756 1558 890 1591 Praeses
911 1558 998 1590 enim
1016 1558 1107 1591 illum
1125 1558 1171 1590 sie

436 1609 629 1652 interrogat.
641 1623 653 1641 α
668 1611 766 1651 luras,
781 1611 869 1654 quod
883 1611 1058 1644 secundum
1071 1611 1171 1644 Deum

437 1667 470 1695 et
492 1663 658 1705 propriam
683 1663 913 1696 conscientiam
931 1670 963 1696 et
986 1663 1073 1696 iuxta
1097 1675 1172 1697 con-

438 1715 622 1749 stitutiones
647 1716 774 1749 Ordinis
800 1717 995 1759 provinciam
1012 1717 1066 1748 tibi
1086 1728 1171 1750 com-

437 1769 564 1801 missam
591 1769 798 1811 gubernabis,
817 1770 905 1801 omni
921 1770 994 1802 edio
1013 1776 1045 1803 et
1061 1780 1170 1802 amore

438 1821 651 1864 postpositis?
666 1834 696 1854 n.
712 1822 837 1855 Electus
851 1828 956 1855 autem
976 1824 1169 1866 respondeat

443 1886 456 1905 α
474 1874 547 1907 Iuro
565 1886 596 1907 ».
616 1875 751 1907 Praeses
769 1875 921 1918 insuper:
950 1888 962 1906 ι(
980 1876 1068 1909 Iuras
1086 1878 1168 1919 qnos]

437 1927 501 1959 eris
525 1927 680 1960 obediens
703 1928 859 1970 magistro
877 1929 1019 1970 generali
1044 1929 1170 1962 Ordinis

437 1984 468 2010 et
492 1980 736 2012 successoribus
760 1981 837 2019 eius,
864 1986 895 2013 et
919 1981 1007 2023 quod
1032 1981 1171 2015 fideliter

437 2038 468 2064 et
492 2033 577 2065 omni
602 2033 707 2066 studio
733 2043 841 2066 curam
859 2038 890 2066 et
919 2034 1170 2068 sollicitudinem

437 2096 510 2127 ages
546 2086 629 2118 cirea
667 2087 923 2129 redemptionem
970 2088 1170 2130 captivorum

437 2138 569 2181 eiusque
585 2140 805 2182 eleemosynas
820 2140 1043 2181 colligendas?
1057 2152 1087 2173 ».
1104 2141 1171 2176 Ele-

436 2196 506 2223 ctus
531 2201 626 2224 vero:
658 2204 670 2222 α
696 2192 767 2224 luro
787 2203 817 2224 n.
847 2192 987 2225 Ulterius
1024 2203 1168 2236 praeses:

441 2256 454 2274 α
473 2243 570 2282 Iuras,
596 2244 679 2286 qued
702 2244 740 2277 de
758 2245 919 2283 omnibus,
938 2255 1019 2287 quae
1041 2256 1170 2289 recepe-

434 2297 478 2329 ris
503 2297 613 2339 quovis
630 2297 741 2336 modo,
762 2297 794 2329 in
813 2297 996 2331 definitorio
1010 2298 1168 2332 rationem

435 2351 574 2391 reddes,
602 2360 710 2392 neque
735 2350 967 2383 relaxationem
991 2351 1090 2383 huius
1116 2352 1166 2384 iu-

434 2404 574 2436 ramenti
598 2408 633 2435 ut
657 2403 936 2445 dispensationem
963 2403 995 2435 in
1021 2404 1128 2446 aliquo
1153 2414 1171 2437 a

434 2457 516 2490 Sede
541 2453 728 2500 Apostolicti
752 2455 957 2499 postulabis?
982 2468 1012 2488 r».
1039 2456 1169 2491 Electus

434 2521 530 2544 vero:
561 2521 574 2541 «ι
600 2509 673 2542 Iuro
700 2520 730 2541 υ.

1013 238 1191 263 BULLARlUM
1215 238 1368 263 Romxt'ttt

1212 287 1329 320 naliter
1353 286 1559 329 egredientes
1585 285 1625 319 ad
1646 286 1817 320 ecclesiam
1835 296 1950 330 proce-

1212 341 1289 373 dant
1312 344 1479 373 cantantes
1503 340 1660 383 hymnum
1689 340 1730 372 Te
1746 340 1860 373 Deum.
1891 339 1951 372 Ubi

1212 398 1391 435 prostratus
1426 392 1633 436 provincialis
1669 393 1792 426 electus
1816 393 1952 425 benedi-

1212 445 1352 477 ctionem
1376 445 1528 488 suscipiat
1552 455 1570 477 a
1593 445 1743 488 praeside
1761 446 1873 478 eadem
1892 445 1951 478 sor-

1213 499 1263 529 ma
1298 507 1394 540 quam
1433 507 1532 540 supra
1567 497 1602 530 in
1642 497 1703 530 hac
1743 498 1950 531 distinetione

1213 559 1284 592 cap.
1311 560 1341 582 1v
1366 549 1547 582 retulimus.
1574 549 1684 592 anue
1704 548 1811 589 finita,
1836 550 1951 583 fratres

1213 602 1252 634 ad
1269 602 1361 635 illum
1378 612 1435 635 suo
1453 602 1567 635 ordine
1585 602 1751 643 accedant,
1779 603 1952 645 genuflexi-

1213 665 1274 697 que
1299 654 1328 687 ei
1354 654 1575 687 obedientiam
1601 655 1788 689 exhibeant.

1255 718 1284 741 x.
1323 707 1354 742 Si
1391 713 1500 741 autem
1535 718 1678 751 persona
1712 709 1816 742 electa
1856 709 1953 743 suerit

1213 761 1329 793 absens
1353 771 1371 793 a
1395 760 1573 804 provincia,
1591 766 1701 804 potest
1724 762 1878 804 magister
1902 773 1953 805 ge-

1212 813 1332 846 neralis
1355 814 1406 847 vel
1426 824 1557 857 praeses
1582 814 1620 847 de
1641 815 1779 848 consilio
1805 816 1954 850 definito-

1212 876 1284 899 rum
1321 866 1492 900 nominare
1528 867 1683 900 vicarium
1719 868 1953 910 provincialem

1212 921 1252 953 ad
1276 920 1422 963 regimen
1444 920 1638 963 provinciae,
1658 926 1689 954 et
1714 922 1753 954 ad
1779 922 1953 955 delinitorii

1213 977 1245 1006 et
1268 973 1401 1016 capituli
1426 973 1535 1006 munia
1561 974 1712 1015 gerenda,
1742 985 1815 1007 eum
1847 974 1952 1007 omni-

1212 1026 1307 1058 moda
1344 1025 1497 1058 facultate
1536 1025 1663 1057 vicariis
1702 1026 1954 1068 provincialibus

1213 1089 1272 1121 per
1294 1078 1556 1112 constitutionem
1582 1081 1746 1119 concessa,
1764 1090 1860 1122 quem
1878 1090 1954 1123 pro-

1214 1131 1358 1164 vincialis
1382 1133 1502 1165 electus
1526 1142 1677 1165 revocare
1714 1142 1782 1165 non
1818 1132 1951 1176 poterit,

1213 1195 1318 1228 neque
1344 1185 1480 1217 alterum
1506 1185 1611 1218 denuo
1636 1185 1822 1226 nominare,
1848 1196 1954 1229 usque

1214 1239 1289 1271 dum
1322 1249 1412 1271 suam
1446 1238 1648 1282 provinciam
1684 1239 1895 1282 ingrediatur.
1922 1239 1955 1273 Si

1214 1296 1319 1324 autem
1345 1302 1411 1324 non
1436 1302 1453 1324 a
1473 1291 1650 1334 provincia,
1669 1293 1727 1325 sed
1751 1293 1855 1325 solum
1873 1303 1889 1325 a
1907 1303 1956 1326 ca-

1214 1345 1318 1388 pitulo
1344 1345 1386 1377 sit
1410 1345 1538 1383 absens,
1577 1345 1709 1378 nuntius
1744 1345 1890 1378 mittatur
1915 1347 1954 1379 ad

1214 1398 1328 1441 ipsum,
1355 1398 1409 1441 qui
1435 1408 1472 1430 ex
1494 1403 1585 1440 parte
1610 1397 1770 1441 praesidis
1794 1403 1826 1430 et
1851 1398 1951 1441 ipsius

1214 1451 1345 1495 capituli
1370 1455 1480 1484 notam
1505 1451 1600 1483 saciat
1624 1451 1671 1484 illi
1696 1451 1883 1484 authentico
1910 1457 1956 1484 te-

1213 1504 1366 1537 stimonio
1399 1504 1605 1544 electionem,
1641 1515 1734 1547 quam
1760 1504 1784 1536 si
1810 1509 1955 1547 accepta-

1214 1558 1307 1597 verit,
1329 1555 1376 1590 et¹
1393 1561 1519 1591 mature
1539 1557 1643 1599 possit
1665 1557 1820 1590 accedere
1846 1558 1884 1590 ad
1903 1568 1956 1590 ea-

1213 1611 1352 1654 pitulum
1389 1616 1462 1643 ante
1497 1610 1745 1643 conclusionem
1780 1609 1881 1650 illius,
1917 1620 1955 1644 eo

1214 1663 1451 1706 quamprimum
1487 1673 1520 1695 se
1553 1663 1720 1702 conserat,
1756 1662 1810 1695 ubi
1847 1662 1955 1695 omnia

1214 1716 1381 1759 praedicta
1406 1726 1478 1748 cum
1500 1715 1569 1758 ipso
1602 1715 1690 1749 liant.
1716 1715 1747 1748 Si
1772 1720 1878 1748 autem
1905 1726 1955 1748 ve-

1214 1769 1283 1801 nire
1305 1773 1455 1811 nequeat,
1473 1768 1505 1800 in
1524 1768 1596 1811 ipso
1614 1773 1774 1801 conventu
1791 1768 1846 1801 ubi
1864 1768 1955 1801 adest

1215 1822 1346 1864 (absens
1371 1831 1446 1854 vero
1465 1832 1481 1853 a
1501 1821 1678 1864 provincia,
1698 1821 1731 1853 in
1749 1821 1852 1863 prima
1876 1831 1952 1854 suae

1214 1874 1401 1918 provinciae
1427 1874 1536 1916 domo)
1563 1873 1763 1916 praedictum
1788 1874 1885 1906 saciat
1910 1874 1953 1906 iu-

1215 1932 1396 1960 ramentum
1429 1927 1462 1959 in
1494 1927 1643 1959 manibus
1668 1927 1952 1968 commendatoris,

1215 1985 1246 2013 et
1270 1985 1398 2014 cantato
1427 1980 1547 2022 hymno
1579 1980 1619 2012 Te
1642 1980 1755 2020 Deum,
1782 1981 1954 2023 praefatis-

1215 2044 1276 2076 que
1308 2033 1536 2065 bencdictione
1562 2038 1593 2065 et
1618 2033 1818 2065 orationibus
1854 2043 1953 2075 super

1213 2086 1319 2129 ipsum
1337 2097 1353 2118 a
1371 2086 1636 2118 commendatore
1654 2085 1953 2129 recitatis,accipiat

1214 2138 1431 2172 obedientiam
1455 2148 1472 2170 a
1497 2137 1663 2170 fratribus.

1255 2202 1298 2225 xt.
1325 2191 1415 2229 Quod
1440 2191 1465 2223 si
1490 2201 1608 2223 munus
1627 2195 1659 2223 et
1677 2191 1870 2224 electionem
1897 2192 1952 2225 de-

1212 2245 1389 2283 clinaverit,
1415 2248 1446 2276 et
1462 2244 1603 2276 solutum
1622 2244 1664 2276 sit
1681 2244 1743 2276 iam
1762 2245 1950 2287 capitulum,

1213 2308 1265 2331 res
1286 2298 1451 2330 deseratur
1475 2297 1640 2338 magistro,
1667 2297 1721 2340 qui
1756 2297 1804 2329 vel
1835 2297 1952 2330 admis-

1212 2352 1338 2385 sionem
1362 2352 1466 2384 electo
1491 2350 1610 2389 iubeat,
1636 2351 1687 2384 vel
1717 2350 1950 2393 provincialem

1212 2404 1397 2447 provinciae
1421 2413 1480 2446 per
1503 2413 1536 2436 se
1561 2403 1668 2446 ipsum
1701 2403 1880 2446 provideat.
1918 2403 1950 2436 Si

1213 2463 1321 2490 tamen
1345 2457 1376 2489 id
1412 2456 1534 2489 accidat
1565 2455 1597 2487 in
1634 2456 1767 2489 remotis
1792 2456 1951 2499 valdeque

1212 2510 1331 2543 dissitis
1356 2508 1530 2553 provinciis
1554 2519 1572 2541 a
1595 2508 1775 2542 residentia
1791 2508 1948 2551 magistri,

478 2574 520 2596 ix.
553 2563 619 2596 lloc
653 2562 762 2605 itaque
798 2561 844 2594 sie
875 2561 947 2594 dato
979 2561 1168 2603 iuramento,
1213 2569 1244 2595 et
1268 2573 1351 2606 quae
1376 2572 1434 2605 per
1458 2561 1597 2594 vicarios
1629 2562 1799 2604 generales
1833 2561 1951 2603 guber-

434 2626 548 2651 omnes
570 2620 713 2660 surgant,
728 2620 758 2647 et
782 2625 800 2648 a
823 2614 964 2658 capitulo
989 2616 1170 2658 processio-

1249 2625 1257 2649 1
1282 2624 1350 2651 Edit.
1371 2623 1449 2650 Main.
1471 2623 1536 2658 legit
1554 2631 1585 2650 eo
1605 2631 1653 2660 pro
1674 2626 1700 2649 et
1718 2623 1755 2658 (n.
1773 2622 1821 2657 T.)-

1959 238 2008 264 Αη.
2024 237 2052 265 C.
2073 238 2137 266 sslssi
