2227 3225
170 240 217 266 Αη,
240 239 267 265 C.
288 240 353 266 1¹95

223 413 233 423 Π

169 433 237 458 pituli.

177 775 207 797 De
217 775 347 797 ordinandis.

190 986 219 1007 Do-
238 988 286 1007 taxa
311 993 347 1013 pro

164 1020 260 1039 EIDHFN
291 1020 347 1034 conl·

163 1041 269 1060 munitius.

176 2376 208 2397 na
231 2385 332 2405 procura·

148 2404 229 2426 tornius
244 2413 331 2432 genera.

147 2430 208 2451 libus.

942 237 1153 265 mxotttzurtus
1175 240 1221 265 xil
1247 242 1293 266 Pr.

363 288 651 321 constitutioniluis
685 300 722 322 ac
751 290 834 322 sacri
867 289 1001 322 Concilii
1033 289 1122 321 Tri-1

363 341 486 373 dentini
513 342 651 374 det-retis
679 343 862 375 nullatenus
897 343 1096 375 adversetur.
1120 316 1123 402 i

405 403 498 427 xxxii.
527 394 628 427 Mittet
644 401 833 437 procurator
851 395 1014 437 generalis
1035 395 1098 426 duo
1120 403 1122 464 ἱ

361 451 425 478 tam
454 447 639 480 huiusmodi
672 449 804 491 capituli
836 459 931 491 quam
964 448 1098 480 aliorum

361 499 516 544 deinceps
552 495 748 544 exemplaria
787 503 824 535 ad
862 502 989 544 singula
1024 493 1122 554 nlo-g

360 554 514 594 nasleria,
545 565 627 597 quae
654 561 769 598 quater
794 556 824 588 in
860 561 998 598 quatuor
1024 555 1097 588 anui
1120 558 1122 581 ἵ

361 607 561 649 temporibus
579 607 706 650 integre
726 608 755 640 in
773 609 926 651 capitulo,
949 619 1099 651 praesen·
1119 583 1122 624 i

362 659 445 692 tibus
460 660 609 693 omnibus
627 661 806 700 monachis,
825 661 994 704 diligentia
1013 662 1100 705 prio·
1119 697 1122 704 ⁴

360 722 431 744 rum
456 714 678 755 perlegentur.

403 776 517 799 xxxin.
546 766 691 799 Monaehi
719 768 889 800 ordinandi
916 779 975 811 per
1003 760 1121 811 supe-i

359 819 461 852 riores
487 819 625 852 maiores
652 821 689 853 ad
716 822 912 853 monasteria
937 822 1099 863 regularia

359 872 531 904 mittentur
555 872 599 905 ibi
625 883 683 916 per
708 879 774 906 tres
795 884 922 906 menses
940 885 998 917 pro
1021 885 1098 917 quo-

360 925 438 958 libet
463 926 577 958 ordine
592 937 682 959 sacro
703 928 925 960 recollectioni
945 928 1094 960 vacaturi.
1118 960 1120 977 Σ

403 989 507 1012 xxxiv.
535 979 613 1012 Cum
648 981 850 1023 experientia
887 982 979 1014 nobis
1005 982 1098 1015 inno-

360 1032 458 1064 tuerit
484 1033 706 1065 reductionem
734 1040 877 1066 taxarum
901 1045 959 1077 pro
981 1045 1098 1078 expen-

357 1084 401 1116 sis
426 1085 655 1118 communibus
688 1086 720 1118 in
747 1087 860 1119 ultimo
885 1087 1026 1130 capitulo
1052 1088 1097 1120 sa-

358 1143 440 1170 etam
459 1138 617 1180 impedire
636 1139 811 1182 quominus
833 1140 979 1173 satisfieri
995 1142 1097 1185 possit
1117 1178 1118 1189 ἵ

357 1190 512 1223 omnibus
540 1191 696 1234 impensis
726 1194 920 1226 necessariis
944 1193 1094 1235 Ordinis,

357 1244 562 1277 decernimus
589 1255 642 1278 eas
669 1238 842 1288 exigendas
869 1254 965 1290 prout
983 1249 1096 1281 decre-

357 1302 423 1329 tum
449 1297 507 1329 suit
525 1298 575 1330 die
594 1308 632 1330 xv
655 1298 809 1332 februarii
829 1301 903 1332 anni
922 1311 1092 1334 tinctxxxt.

356 1349 519 1391 Rogamus
538 1361 612 1384 vero
634 1351 923 1385 eminentissimum
944 1353 1094 1386 abbatem

354 1408 389 1434 ut
415 1404 621 1445 procuratori
640 1405 688 1437 vel
707 1405 971 1448 procuratoribus
996 1417 1092 1448 gene-

354 1455 475 1488 ralibus
493 1455 629 1489 alicuius
646 1467 776 1490 mensae
796 1459 998 1491 monachalis
1019 1469 1093 1502 pro-

354 1513 482 1540 ventum
507 1508 586 1541 velit
611 1509 792 1542 attribuere
825 1510 863 1543 ad
890 1511 992 1554 ipsius
1021 1522 1093 1544 con-

353 1570 466 1602 gruam
499 1563 781 1595 sustentationem.
816 1563 931 1596 Verum
962 1555 1115 1597 residuai

353 1624 476 1647 summa
501 1614 719 1657 impensarum
745 1617 982 1657 communium,
1010 1629 1091 1661 quae
1113 1628 1115 1644 t

352 1668 554 1710 procuratori
581 1669 725 1710 generali
764 1669 912 1710 debetur,
951 1672 1092 1705 solvetur

353 1725 389 1752 ut
414 1726 536 1753 taxatae
561 1726 635 1753 sunt
661 1722 691 1754 in
719 1722 832 1756 ultimo
865 1725 1006 1767 capitulo
1039 1736 1092 1768 ge-

353 1774 467 1813 nerali,
492 1775 582 1807 null-<⁴1
599 1775 755 1808 dilatione
776 1776 978 1820 interposita.
1003 1778 1091 1812 Prio-

352 1836 405 1859 res
426 1827 593 1869 regulares
611 1838 815 1862 communem
831 1840 902 1863 cum
923 1833 1090 1865 monacbis
1111 1849 1113 1881 ἶ

352 1878 459 1919 vitam,
483 1885 518 1912 ut
542 1891 640 1923 supra
657 1881 715 1913 suit
732 1882 926 1923 ordinatum,
954 1894 1019 1917 non
1047 1890 1091 1918 te·
1111 1888 1113 1927 ξ

352 1939 477 1973 nentes,
502 1934 558 1966 sed
583 1934 759 1976 pensiones
779 1937 999 1970 tantummodo
1024 1939 1089 1971 suis

351 1987 521 2019 monachis
546 1994 731 2029 erogantes,
756 1989 860 2032 quoad
885 1990 979 2023 vitam
1004 1987 1112 2036 com-j

351 2049 481 2072 munem
507 2039 539 2072 in
565 2041 631 2073 suis
654 2042 860 2074 monasteriis
879 2043 1088 2085 instituerint,
1110 2040 1112 2077 ‚¹

351 2093 438 2135 quod
473 2098 507 2125 ut
543 2094 779 2136 quamprimum
818 2094 935 2128 saciant
972 2089 1111 2129 exhor-i

350 2152 467 2187 tamur,
485 2151 588 2180 laxam
603 2147 762 2191 integram
779 2150 998 2192 impensarum
1010 2162 1088 2184 com·
1110 2178 1111 2193 ,

349 2200 493 2232 munium
510 2202 713 2244 persolvent,
736 2212 797 2235 nee
812 2203 1010 2236 tenebuntur
1025 2215 1088 2237 mo-

350 2253 444 2285 nachi
484 2254 660 2297 quidquam
698 2254 735 2287 de
772 2255 837 2288 suis
873 2256 1087 2298 pensionibus

350 2306 512 2340 conferre.

393 2370 485 2393 xxxv.
513 2359 721 2403 Dispositioni
748 2362 993 2395 eminentissimi
1019 2374 1086 2396 car-

350 2412 465 2445 dinalis
489 2413 614 2446 abbatis
638 2414 851 2457 relinquimus
870 2416 1023 2449 iudicium
1046 2418 1084 2450 de

350 2466 542 2499 necessitate
567 2467 755 2500 instituendi
781 2474 835 2500 aut
859 2469 990 2501 unicum
1011 2480 1086 2512 pro-

348 2524 527 2551 curatorem
553 2520 740 2562 generalem
768 2532 826 2564 pro
863 2524 999 2566 utraque
1033 2523 1085 2555 ob-

347 2572 517 2610 servantia,
543 2579 596 2604 aut
619 2574 791 2617 unicuique
809 2586 902 2607 suum
924 2586 1024 2618 usque
1047 2577 1083 2608 ad

346 2624 527 2668 proximum
553 2627 726 2669 capitulum
746 2629 910 2670 generale.
931 2627 989 2665 Qui
1008 2639 1084 2671 pro-

1143 294 1339 322 curatorant
1359 293 1585 332 procuratores
1604 292 1773 331 generales
1789 299 1881 335 quot-

1142 342 1234 375 annis
1252 353 1359 375 coram
1376 348 1451 375 tunc
1465 343 1582 375 abbate
1594 343 1753 376 rationem
1765 345 1882 378 reddet

1142 394 1380 437 impensarunn
1400 401 1440 434 et,
1457 405 1495 428 ne
1514 396 1743 428 detrimentum
1762 398 1882 439 patian-

1143 453 1194 480 tur
1208 448 1337 490 negotia
1351 448 1488 489 Ordinis,
1501 449 1756 482 eminentissimo
1773 450 1880 483 abbati

1143 501 1309 535 humiliter
1334 503 1563 545 supplicamus,
1581 508 1615 535 ut
1640 504 1880 546 quamprimum

1143 560 1215 597 post
1239 555 1413 598 capitulum
1445 557 1576 589 nomine
1603 557 1699 589 etiam
1731 557 1881 590 definito-

1144 618 1213 639 rum
1239 609 1278 641 de
1316 619 1354 641 eo
1395 609 1575 651 provideat.
1610 609 1735 643 Interea
1771 616 1879 643 autem

1143 660 1278 693 domnus
1293 662 1477 694 Bernardus
1492 662 1629 702 Michon,
1649 662 1702 706 qui
1723 664 1880 696 hactenus

1120 723 1193 757 ¹res
1219 720 1249 746 et
1276 715 1405 756 negotia
1425 715 1553 748 Ordinis
1580 717 1719 749 solerter
1752 723 1784 749 et
1808 728 1882 759 pru-

1142 767 1258 799 denter
1282 769 1485 810 procuravit,
1513 769 1622 802 munia
1657 770 1880 813 procuratoris

1142 820 1304 861 generalis
1331 827 1518 864 exequetur.

1185 882 1286 905 xxxvi.
1306 872 1385 911 Quia
1399 874 1493 907 nobis
1509 875 1699 908 discessuris
1717 881 1749 908 et
1764 876 1881 909 absen-
1906 888 1934 909 οη
1946 889 2074 936 aneton-1³2·

1891 922 1992 936 concesu
2040 923 2072 936 ΜΡ

1142 925 1226 958 tibus
1260 927 1342 959 sorte
1379 928 1589 970 supervenire
1618 935 1773 972 poterunt
1810 940 1961 970 1·es,0011...

1118 982 1221 1020 'quae
1247 980 1284 1012 ad
1311 981 1546 1014 resolutionem
1573 987 1718 1015 nostram
1753 989 1881 1026 specta-

1140 1038 1220 1071 rent,
1240 1044 1280 1065 ne
1299 1034 1375 1076 quid
1393 1040 1464 1067 ruat
1481 1035 1512 1067 in
1533 1036 1638 1078 peius,
1656 1036 1879 1069 omnimodam

1140 1092 1331 1128 potestatem
1368 1087 1461 1120 nobis
1493 1089 1695 1121 commissam
1722 1090 1878 1122 tradimus

1139 1145 1170 1171 et
1194 1139 1423 1173 committimus
1447 1146 1585 1184 quatuor
1602 1152 1638 1174 ex
1661 1142 1754 1174 nobis
1771 1142 1803 1174 in
1819 1143 1879 1176 hac

1117 1195 1119 1216 t
1139 1191 1267 1224 abbatia
1291 1198 1365 1226 octo
1392 1193 1506 1226 diebus
1532 1200 1607 1237 post
1631 1195 1806 1238 capitulum
1833 1206 1879 1228 re-

1139 1246 1310 1286 mansuris,
1337 1247 1461 1280 seilieet
1479 1249 1657 1281 reverendo
1677 1249 1796 1281 domno
1822 1249 1878 1282 Ca-

1138 1299 1209 1331 rolo
1232 1299 1270 1331 de
1296 1300 1325 1331 la
1351 1299 1459 1338 Motte,
1485 1301 1664 1333 reverendo
1690 1301 1810 1334 domno
1839 1302 1876 1334 de

1138 1350 1225 1390 Vert,
1252 1353 1430 1385 reverendo
1456 1353 1576 1386 domno
1602 1353 1766 1386 lldet'onso
1785 1355 1877 1387 Sara-

1115 1405 1117 1428 !
1137 1404 1197 1443 zin,
1218 1409 1249 1436 et
1268 1406 1448 1438 reverendo
1468 1406 1588 1438 domno
1607 1406 1741 1440 Claudio
1763 1408 1874 1447 Rolan,

1136 1462 1169 1488 ut
1194 1457 1258 1489 illis
1283 1459 1422 1500 negotiis
1447 1459 1652 1502 provideant.

1180 1520 1295 1544 xxxvu.
1318 1511 1490 1545 staminias
1512 1513 1694 1555 proximum
1720 1516 1875 1556 generale
1915 1526 1942 1545 ne
1957 1526 2069 1547 mim-oca-

1135 1564 1309 1606 capitulum
1354 1565 1586 1598 celebrandum
1622 1567 1784 1600 dominica
1801 1595 1808 1608 ,
1843 1559 1898 1600 inp
1919 1560 1953 1572 Ἡ

1135 1628 1197 1660 qua
1217 1623 1364 1650 cantatur
1381 1619 1412 1650 in
1429 1618 1570 1651 Ecclesia
1587 1619 1642 1652 Dei
1662 1630 1720 1662 pro
1738 1621 1873 1653 introitu

1134 1670 1250 1702 missae
1275 1671 1435 1712 Iulu'lale,
1462 1682 1546 1705 anno
1571 1672 1696 1705 Domini
1722 1683 1873 1707 Mncxcvn

1134 1722 1166 1755 in
1193 1724 1252 1756 hac
1276 1726 1365 1756 sacra
1390 1724 1592 1758 Cluniaeensi
1619 1726 1760 1759 abbatia.

1177 1787 1301 1811 xxxvnt,
1311 1777 1340 1810 Si
1353 1778 1407 1821 qni
1418 1778 1655 1812 intervenerint
1664 1780 1695 1811 in
1708 1780 1872 1822 praesenti
1884 1789 2067 1838 rllfflargffussbfffffi-

1134 1831 1274 1873 capitulo
1295 1831 1440 1873 generali
1465 1831 1697 1865 formalitatum
1716 1833 1869 1873 desectus,
1885 1846 1912 1863 ιιο
1926 1850 1937 1864 a
1949 1850 2051 1865 censum.

1133 1894 1229 1926 super
1256 1885 1317 1923 his,
1338 1886 1374 1917 ea
1399 1895 1462 1928 qua
1487 1885 1650 1928 fungimur
1670 1887 1870 1926 auctoritate,

1133 1937 1229 1978 plene
1256 1937 1490 1980 dispensamus.
1518 1938 1554 1970 Et
1580 1939 1605 1971 si
1631 1949 1648 1971 a
1673 1939 1742 1972 iure
1763 1941 1812 1973 vel
1832 1941 1871 1972 ab

1133 1990 1265 2022 homine
1286 2001 1439 2023 censuras
1465 1992 1563 2035 aliqui
1581 1993 1789 2033 incurrerint,
1812 2004 1871 2026 nos

1133 2043 1324 2076 auctoritate
1341 2049 1403 2076 tam
1418 2045 1582 2078 ordinaria
1599 2056 1694 2088 quam
1713 2047 1872 2089 delegata,

1133 2107 1196 2140 qua
1222 2097 1393 2140 fungimur,
1410 2098 1498 2140 ipsos
1523 2099 1719 2132 absolvimus
1737 2111 1796 2143 pro
1813 2101 1872 2134 hae

1132 2151 1211 2183 vice.

1226 2203 1500 2236 Nominati·sunl
1524 2206 1581 2248 qui
1598 2211 1781 2248 sequuntur

1262 2258 1504 2299 provinciarum
1531 2259 1737 2291 visitatores:

1172 2310 1211 2342 In
1226 2311 1393 2353 provinc-iti
1413 2311 1643 2353 Lzzydunensi:
1664 2313 1870 2347 Reverendus

1130 2363 1268 2396 domnus
1284 2364 1435 2397 Claudius
1447 2364 1627 2403 Gendreau,
1642 2367 1773 2409 prioret
1784 2367 1869 2400 elee-

1129 2417 1327 2460 mosynarius
1353 2417 1502 2450 abbatiae
1529 2418 1730 2457 Lezatensis‚
1755 2420 1869 2452 bacca-

1129 2470 1256 2502 laureus
1282 2470 1312 2501 in
1335 2473 1424 2502 sacra
1449 2472 1630 2513 theologiam
1658 2472 1692 2504 R.
1715 2472 1749 2504 D.
1770 2472 1868 2504 Fran-

1128 2523 1232 2554 ciscus
1255 2522 1390 2562 Jonber,
1417 2523 1506 2566 prior
1531 2524 1562 2556 in
1594 2525 1720 2557 titulum
1752 2525 1867 2557 Montis

1129 2575 1295 2618 Berulplii.

1172 2627 1210 2660 ln
1235 2629 1406 2671 provincii?
1432 2629 1617 2663 Franciae:
1643 2630 1680 2663 R.
1708 2631 1742 2663 D.
1775 2631 1865 2664 etau-

1779 234 1843 267 693
1891 245 1937 269 An.
1960 244 1987 270 C.
2007 243 2073 270 ¹005
