2227 3225
105 241 153 268 Au.
169 241 197 269 C.
223 241 297 267 14:91⁸

298 289 412 322 maiori
445 288 532 320 bono
561 287 750 330 provinciae
777 287 957 330 profutura.
992 288 1032 319 Ea

297 351 374 375 vero
401 340 500 380 Finita,
525 350 658 383 praeses
683 340 816 383 capituli
843 340 961 383 primo,
985 350 1034 372 se-

298 393 405 426 eundo
424 398 456 426 et
473 392 569 426 tertio
584 397 715 426 moneat
730 393 844 436 pridie,
863 393 923 425 sub
941 403 1035 436 prae-

298 451 392 489 cepto
429 450 462 478 et
486 446 647 478 sententia
672 445 1032 486 excommunieationis,

298 503 334 530 ut
358 508 472 531 omnes
497 498 537 540 (si
563 498 617 541 qui
636 498 714 541 sint)
729 498 772 531 de
790 498 858 531 iure
875 498 1033 542 prohibiti

298 562 316 584 a
343 551 488 595 presenti
519 551 680 584 electione
712 551 887 591 recedant,
919 551 968 584 rel
1000 556 1035 583 ut

299 614 355 638 eos
384 604 581 637 denuntient
601 603 799 648 quicumque
824 605 903 637 tales
921 605 1034 638 adesse

298 657 413 690 sciant.
433 656 589 695 Quocirca
603 657 701 690 debet
714 657 868 699 magister
881 663 935 690 aut
948 668 1036 700 prae-

299 721 352 743 ses
378 710 551 754 protestari
567 710 727 743 universis
743 711 866 743 nullam
883 710 944 743 sibi
962 721 1037 754 pro-

301 763 384 796 secto
410 763 555 796 incidere
572 768 714 796 mentem
730 763 873 806 aliquem
891 774 926 796 ex
945 774 1037 806 prae·
1053 798 1055 807 ᾖ

300 817 392 850 dictis
417 817 456 850 ad
482 816 659 850 electiones
690 816 902 859 suscipiendi.
929 817 960 850 Si
982 818 1035 860 qui

299 870 383 903 sorte
408 870 535 903 occulte
560 880 594 903 se
619 870 823 910 immiserint,
843 875 875 904 et
898 870 1037 914 impedi-

300 928 412 956 menta
436 923 622 964 celaverint,
640 933 707 955 non
727 928 906 967 propterea
923 934 1036 958 eorum

300 987 360 1010 vox
386 976 556 1019 illegitima
579 976 817 1020 praeiudicium
837 977 969 1020 aliquod
989 978 1038 1010 in-

301 1030 397 1063 ducat
421 1029 576 1063 electioni
602 1029 741 1063 suturae.

345 1093 392 1117 111.
419 1083 535 1116 Postea
559 1083 680 1126 singuli
706 1084 867 1117 electores
888 1089 921 1117 et
945 1095 1038 1118 roca-

300 1137 348 1170 les
372 1147 430 1170 suo
455 1136 569 1169 ordine
592 1136 749 1169 accedant
764 1136 900 1170 iuraturi
917 1137 950 1170 in
975 1149 1037 1171 ma-

300 1188 397 1221 nibus
423 1189 583 1232 praesidis
608 1199 667 1232 per
690 1189 790 1222 Deum
807 1194 839 1222 et
854 1189 987 1224 Crucem
1007 1197 1039 1224 et

300 1242 419 1275 Sancta
442 1242 498 1275 Dei
516 1242 692 1284 Evangelia
719 1242 862 1285 propriis
887 1243 1037 1276 manibus

301 1300 396 1335 taeta,
423 1294 577 1328 videlieet
600 1295 660 1328 sub
685 1295 747 1328 hae
767 1295 884 1329 forma.
904 1295 1038 1330 Praeses

300 1358 358 1381 eos
386 1348 569 1390 interrogat
596 1348 724 1380 dicens:
760 1360 773 1380 α
802 1348 902 1389 Iuras,
931 1350 1036 1392 quod,

299 1400 386 1433 omni
405 1400 480 1434 odio
506 1401 555 1433 vel
582 1411 694 1434 amore
710 1401 917 1444 postpositis,
935 1402 1036 1446 eliges

299 1454 333 1486 in
358 1453 593 1496 provincialem
618 1453 749 1486 fratrem
772 1453 900 1487 Ordinis
917 1461 947 1488 et
964 1467 1038 1499 pro-

298 1506 424 1538 vinciae
442 1512 586 1547 nostrae,
606 1506 662 1549 qui
679 1507 718 1540 ad
736 1506 845 1540 minus
864 1508 1036 1542 duodecim

300 1570 405 1593 annos
432 1559 578 1602 integros
602 1559 817 1602 professionis
835 1560 989 1602 obtineat,
1008 1568 1039 1596 et

298 1611 403 1645 virum
420 1622 496 1644 sane
510 1611 714 1654 religiosum,
729 1613 898 1654 providum
913 1620 945 1647 et
962 1626 1037 1658 pru-

300 1664 444 1705 dentem,
462 1668 559 1708 atque
578 1664 675 1697 etiam
701 1665 849 1698 doctrina
874 1676 1038 1701 commen-

300 1717 452 1757 flabilem,
470 1722 502 1750 et
520 1718 570 1750 vel
596 1717 789 1760 magistrum
814 1720 864 1752 vel
885 1731 1038 1763 praesen-

300 1776 403 1803 tatum
420 1772 459 1804 ab
479 1769 599 1804 Ordine
617 1777 648 1804 et
664 1771 833 1814 provincia
849 1774 1036 1814 admissum,

301 1829 334 1857 et
358 1824 414 1868 qui
439 1824 581 1867 denique
607 1829 662 1857 tuo
687 1825 806 1858 iudicio
833 1825 963 1868 dignior
987 1839 1037 1871 ap-

300 1881 428 1921 pareat,
465 1882 497 1910 et
528 1883 591 1910 tam
624 1877 658 1910 in
691 1877 914 1921 spiritualibus
940 1890 1036 1923 quam

300 1931 397 1964 etiam
423 1931 658 1974 temporalibus
675 1932 892 1974 praestantius
906 1934 1036 1976 provin-

300 1984 382 2018 ciam
405 1984 594 2017 moderetur
619 1989 652 2017 et
682 1984 842 2027 diligat¹‘?
866 1997 879 2017 υ
908 1986 1036 2020 Elector

297 2042 407 2072 autem
432 2037 654 2080 respondeat:
678 2037 770 2070 Iuro.

343 2102 387 2126 1v.
414 2091 482 2124 Hoc
507 2101 585 2134 ergo
609 2091 793 2125 iuramento
811 2091 856 2125 sic
876 2093 1034 2136 praestito

295 2144 340 2178 sit
362 2145 471 2178 statim
496 2154 605 2177 coram
637 2144 788 2187 praeside
825 2156 879 2179 vas
904 2147 1033 2190 aliquod

296 2202 527 2242 praeparatum
540 2197 573 2230 in
587 2198 675 2241 quod
689 2203 762 2231 vota
775 2209 831 2232 seu
845 2200 1035 2234 schedulae2

296 2256 425 2284 secreto
451 2250 633 2291 mittantur,
660 2250 706 2283 ita
731 2255 837 2284 tamen
854 2257 890 2284 ut
905 2252 1034 2285 mitten-

298 2308 347 2337 tes
372 2314 426 2337 eas
451 2308 483 2337 et
515 2313 567 2336 vas
598 2303 637 2336 ab
662 2303 814 2337 omnibus
847 2304 1031 2338 videantur.

295 2356 469 2401 Postquam
494 2367 569 2390 vero
596 2356 779 2400 praedictas
804 2357 977 2392 schedulas
1003 2364 1034 2392 et

296 2412 371 2440 vota
389 2406 498 2441 omnia
516 2407 549 2440 in
566 2417 620 2440 vas
644 2407 828 2451 praefatum
848 2408 1031 2449 intulerint,

296 2465 375 2493 tunc
395 2470 525 2504 praeses
550 2471 622 2494 cum
647 2461 773 2494 duobus
806 2461 1034 2495 definitoribus

295 2513 483 2557 provinciae
496 2513 700 2557 dignioribus
714 2520 745 2548 et
762 2515 938 2548 secretario
953 2515 1033 2559 eapi-

333 2587 343 2611 1
368 2583 471 2611 Forsan
491 2584 603 2619 diriyat
621 2585 662 2618 (n.
679 2586 727 2619 τ.).

331 2628 349 2657 2
362 2628 433 2655 Edit.
450 2627 533 2654 Main.
550 2628 615 2664 legit
632 2629 770 2656 schedula
789 2631 826 2664 (a.
843 2631 891 2664 τ.).

405 2681 483 2711 Butz.
498 2681 582 2710 Rom.
594 2697 627 2701 —
647 2682 708 2710 Vol.
725 2683 784 2711 XX.
931 2683 962 2710 15

892 240 1098 262 lNNm'rJX'stt'S
1127 240 1168 261 §tt
1196 241 1241 262 PF.

1077 287 1132 319 tuli
1149 292 1219 319 vota
1239 286 1346 320 omnia
1361 292 1553 329 computent
1569 292 1600 319 et
1618 293 1812 328 scrutentur,

1076 345 1117 379 et,
1143 340 1167 372 si
1197 340 1301 372 maior
1326 350 1399 383 pars
1425 340 1596 371 medietate
1622 341 1812 382 eligentium

1077 393 1294 435 (iuxtaomnia
1309 393 1340 424 iu
1356 392 1499 434 magistri
1513 392 1672 425 electione
1686 393 1812 434 multu.)

1077 451 1107 478 in
1127 446 1237 489 aliquo
1257 448 1354 479 l'ratre
1379 446 1578 485 convenerit,
1606 451 1680 477 tuuc
1705 447 1816 477 scruti-

1077 499 1165 532 nium
1187 500 1381 543 publicetur,
1398 505 1430 532 et
1454 499 1672 532 denuncietur
1697 499 1814 532 electio

1077 558 1111 584 ut
1135 553 1301 591 canonica,
1325 551 1371 585 ct’
1393 552 1571 585 secretario
1590 552 1735 595 capituli,
1760 552 1814 594 qui

1078 606 1174 639 tidem
1195 607 1234 639 de
1253 607 1403 639 omnibus
1420 605 1598 649 praestabit
1618 605 1649 637 in
1668 605 1813 648 seriptis,

1078 659 1105 692 si
1143 665 1248 692 autem
1285 659 1386 692 maior
1418 669 1494 702 pars
1526 658 1717 701 eligentium
1749 668 1815 693 non

1079 712 1282 752 convenerit,
1306 712 1469 752 seeundo,
1497 712 1606 752 tertio,
1633 716 1666 744 et
1690 711 1817 754 quoties

1080 777 1162 809 opus
1187 766 1296 806 suerit,
1321 766 1360 798 ad
1393 764 1588 798 scrutinium
1612 765 1816 808 procedatur,

1080 819 1185 852 donec
1209 818 1314 852 maior
1338 828 1414 861 pars
1435 817 1610 850 medietate
1628 817 1817 860 eligentium

1079 872 1258 911 conveniat,
1284 871 1504 914 canonicaque
1530 870 1643 903 evadat
1666 871 1793 904 electio.

1123 935 1154 957 v.
1180 924 1212 958 Si
1238 930 1346 957 autem
1371 925 1533 957 electores
1558 923 1644 956 intra
1677 924 1817 958 triduum

1080 988 1097 1010 a
1120 978 1226 1020 primo
1254 977 1405 1020 ingressu
1438 977 1477 1010 ad
1510 987 1661 1010 auroram
1692 977 1819 1010 sabbati

1080 1031 1142 1064 iarn
1167 1031 1328 1074 praedicti
1355 1031 1393 1064 de
1421 1032 1560 1074 persona
1582 1030 1733 1072 eligenda
1753 1041 1820 1064 non

1081 1084 1289 1124 conveniant,
1315 1089 1369 1117 aut
1393 1084 1509 1117 electio
1527 1084 1559 1116 in
1577 1094 1631 1116 eo(
1644 1094 1693 1117 em
1710 1084 1819 1117 triduo

1081 1147 1145 1170 non
1170 1142 1313 1179 emergat
1337 1136 1494 1169 canonica
1519 1142 1550 1169 et
1567 1136 1722 1179 legitima,
1745 1142 1820 1168 tune

1081 1191 1129 1223 ius
1154 1189 1296 1232 eligendi
1322 1190 1509 1222 devolvatur
1533 1189 1573 1222 ad
1598 1190 1703 1222 solum
1720 1189 1820 1232 magi-

1081 1247 1182 1276 strum
1203 1242 1400 1285 generalem,
1418 1241 1471 1284 qui
1490 1242 1608 1280 statim,
1626 1241 1650 1274 si
1670 1242 1710 1274 sit
1727 1252 1820 1284 prae-

1081 1305 1162 1335 sens,
1188 1306 1248 1338 per
1272 1304 1306 1327 se
1332 1295 1439 1327 solum
1465 1294 1563 1327 debet
1587 1295 1819 1337 provincialem

1081 1348 1216 1390 eligere.
1243 1347 1275 1380 Si
1300 1357 1377 1380 vero
1396 1347 1435 1380 sit
1456 1347 1583 1387 absens,
1609 1357 1741 1390 praeses
1767 1359 1819 1380 ea-

1079 1400 1174 1443 pituli
1199 1399 1376 1433 certiorem
1411 1399 1528 1432 reddat
1563 1399 1752 1442 magistrum
1778 1401 1818 1433 de

1080 1453 1298 1486 devolutionis
1312 1457 1437 1492 eventu,
1465 1458 1496 1485 et
1520 1452 1650 1484 interim
1673 1453 1818 1485 nominet

1079 1516 1137 1549 per
1160 1516 1194 1539 se
1219 1506 1375 1539 vicarium
1394 1505 1640 1548 provincialem,
1662 1516 1735 1538 cum
1754 1517 1818 1548 quo

1079 1563 1298 1602 prosequatur
1314 1562 1347 1591 et
1363 1557 1539 1590 concludat
1557 1558 1744 1600 capitulum,
1764 1560 1817 1601 qui

1079 1616 1110 1645 et
1134 1611 1333 1655 provinciam
1359 1610 1561 1653 gubernabit,
1588 1611 1694 1643 donec
1719 1611 1819 1653 magi-

1078 1670 1145 1698 ster
1158 1664 1394 1708 provincialem
1410 1663 1561 1706 elegerit.
1577 1664 1693 1696 Verum
1708 1664 1732 1697 si
1752 1665 1818 1697 ele-

1078 1719 1140 1752 ctio
1166 1718 1312 1761 litigiosa
1335 1717 1441 1756 suerit,
1461 1722 1493 1750 et
1513 1727 1580 1750 non
1602 1717 1680 1750 satis
1704 1723 1817 1761 aperte

1078 1772 1177 1812 irrita,
1192 1771 1288 1804 etiam
1306 1771 1333 1804 si
1356 1770 1410 1803 siat
1434 1771 1521 1803 intra
1541 1771 1692 1809 triduum,
1712 1771 1818 1803 uitta-

1079 1830 1128 1857 tur
1152 1825 1302 1857 similiter
1327 1824 1365 1857 ad
1393 1823 1596 1866 magistrum,
1617 1834 1634 1856 a
1652 1834 1715 1866 quo
1737 1824 1819 1856 iudi·

1077 1878 1161 1910 cium
1185 1877 1308 1921 pariter
1333 1881 1533 1919 expectetur,
1549 1882 1580 1909 et
1599 1876 1723 1909 interea
1741 1887 1816 1919 pro-

1077 1931 1221 1963 vincialis
1247 1931 1368 1963 electus
1393 1939 1457 1962 non
1483 1929 1680 1962 destituatur
1698 1929 1816 1968 officio,

1077 1983 1134 2016 sed
1159 1983 1318 2016 habeatur
1342 1987 1377 2014 ut
1403 1982 1474 2016 talis
1495 1992 1596 2025 usque
1615 1982 1654 2015 ad
1674 1981 1818 2015 deelara-

1078 2038 1198 2070 tionem
1224 2035 1381 2078 magistri.

1120 2101 1161 2123 vi,
1176 2089 1207 2122 Si
1221 2098 1295 2121 vero
1306 2087 1473 2131 contingat
1487 2089 1536 2130 (ut
1552 2088 1704 2131 superius
1719 2088 1817 2122 etiam

1077 2142 1280 2186 pracpieitur
1309 2142 1395 2174 circa
1425 2141 1623 2174 electionem
1647 2141 1815 2185 magistri)

1077 2201 1110 2227 ut
1134 2195 1166 2227 in
1185 2193 1294 2237 aliqua
1311 2193 1469 2226 schedula
1483 2204 1539 2226 seu
1557 2193 1710 2236 suffragio
1728 2204 1816 2227 scru-

1077 2253 1196 2281 tatores
1233 2246 1401 2290 reperiant
1433 2247 1575 2290 aliquam
1602 2247 1816 2289 subscriptio-

1076 2312 1150 2334 nem
1176 2305 1232 2333 aut
1252 2299 1381 2342 signum
1407 2310 1471 2343 quo
1498 2299 1689 2332 deveniatur
1710 2300 1743 2332 in
1764 2311 1816 2333 co-

1076 2354 1255 2398 gnitionem
1280 2352 1442 2395 eligentis,
1456 2353 1505 2386 vel
1523 2353 1564 2385 sit
1580 2353 1713 2386 omnino
1731 2354 1815 2394 alba,

1076 2414 1129 2441 aut
1153 2408 1186 2441 in
1210 2407 1353 2440 favorem
1386 2407 1488 2450 inepti
1522 2406 1721 2449 conscripta,
1748 2418 1815 2440 non

1077 2461 1150 2495 ideo
1167 2459 1407 2504 praeiudicium
1425 2460 1543 2493 inserat
1562 2459 1736 2501 electioni;
1755 2461 1814 2494 sed

1076 2514 1149 2548 talis
1173 2513 1341 2553 schedula,
1359 2523 1582 2556 quaecumque
1607 2512 1658 2553 sit,
1683 2523 1815 2556 compa-

1076 2573 1165 2601 retur
1188 2567 1229 2600 ab
1254 2566 1326 2599 aliis
1352 2572 1384 2600 et
1402 2576 1463 2610 pro
1483 2564 1639 2608 suffragio
1658 2566 1747 2599 nulla
1765 2575 1814 2598 re-

1110 2630 1123 2657 1
1145 2629 1240 2657 Potius
1257 2629 1317 2665 lege
1336 2637 1354 2657 a
1373 2637 1421 2665 pro
1442 2631 1468 2658 ει
1487 2628 1528 2663 (a.
1542 2627 1593 2662 T.).

1715 231 1778 263 27»ss
1826 241 1873 268 An.
1895 241 1922 266 (ι.
1942 239 2001 266 u-91
