2254 3225
243 287 292 315 Αη.
309 287 338 315 e.
362 286 428 314 ¹698
474 277 538 311 856

277 1848 386 1868 neci-vium
398 1854 432 1867 ss.-

249 1881 296 1895 crae
314 1875 377 1899 Cui-g·
385 1881 409 1900 vg
417 1883 433 1893 x.

259 1902 311 1921 mnis
327 1902 431 1926 superbis

250 1928 345 1949 retertur.

299 2537 433 2558 Confirmatio

250 2565 311 2585 relati
327 2565 414 2585 decreti.

435 335 538 369 bitum
553 337 734 379 regularem
752 336 882 370 admissi
896 336 1043 377 fuissent,
1063 347 1099 370 ex
1111 336 1176 370 illis

436 389 647 432 eligerentur,
662 389 702 422 et¹
716 390 742 423 si
759 390 832 433 quis
844 390 875 422 in
890 390 952 423 hoc
967 390 1079 434 quinto
1093 400 1177 423 scru-

436 443 516 476 tinio
543 443 704 487 superior,
727 444 779 476 alii
806 454 901 486 pares
927 443 1087 486 suffragiis
1114 444 1176 476 exi-

437 501 571 537 sterent,
597 496 762 539 superiori
789 495 967 538 suffragiis,
993 507 1030 528 ex
1056 495 1095 528 iis
1122 496 1175 538 qui

436 559 531 592 pares
557 554 676 589 essent,
696 549 721 581 is
746 549 875 591 pariter,
896 549 950 591 qui
968 548 1059 591 prius
1079 558 1175 590 quam

437 603 536 636 ceteri
561 603 599 635 ad
626 602 773 634 habitum
793 601 995 645 praedictum
1016 601 1175 633 admissus

438 656 563 694 suisset,
583 655 825 697 adiungeretur,
844 660 879 687 ut
896 654 1012 686 deinde
1031 654 1063 686 in
1089 660 1176 686 sexto

438 708 617 748 scrutinio,
642 708 747 752 primo
778 707 908 751 quidem
935 718 1010 740 casu
1036 707 1067 739 in
1094 708 1176 739 duos

438 772 474 794 ex
496 761 536 794 iis
561 761 615 804 qui
641 761 732 804 paria
757 760 910 802 sutfragia
935 760 1175 800 obtinuissent,

439 814 522 848 sicut
550 814 780 857 praemittitur,
809 813 999 856 eligendos,
1034 813 1176 846 secundo

438 878 515 901 vero
534 867 567 899 in
587 867 791 911 superiorem
810 866 982 909 sulti-agiis,
1002 867 1126 909 illique,
1145 871 1178 898 ut

439 922 634 966 praefertur,
660 921 922 963 adiungendum,
947 920 1093 953 omnium
1113 920 1178 952 sus-

438 975 541 1018 fragia
571 975 723 1017 restringi
750 979 782 1007 et
818 974 956 1007 conferri
994 974 1175 1014 debe1·ent;

438 1039 537 1072 porro
580 1029 746 1061 decretum
783 1034 814 1061 et
850 1029 954 1061 forma
989 1028 1177 1061 huiusmodi

439 1082 533 1115 etiam
552 1082 585 1115 in
599 1082 749 1125 capitulis
768 1082 982 1125 generalibus,
1002 1093 1084 1126 quae
1102 1093 1118 1115 a
1138 1088 1179 1115 to-

441 1136 503 1169 tius
521 1135 649 1169 Ordinis
667 1136 826 1179 praedicti
845 1136 1011 1169 vocalibus
1037 1136 1179 1170 celebra-

439 1196 562 1230 rentur,
584 1191 743 1223 servanda
761 1196 889 1231 essent;
916 1197 947 1224 ct
972 1190 1063 1231 alias,
1083 1196 1180 1233 prout

440 1252 480 1277 exv
502 1244 596 1277 libris
620 1249 766 1277 actorum
797 1245 1024 1288 capitularium
1049 1244 1178 1288 plenius

440 1303 593 1332 constare
619 1298 804 1331 dicebatur:
827 1304 858 1331 et
881 1299 914 1331 in
940 1299 1055 1331 eadem
1081 1309 1180 1341 expo-

440 1351 559 1385 sitione
585 1351 771 1392 subiuncto‚
794 1353 882 1395 quod
909 1353 999 1385 nulla
1025 1352 1085 1385 alia
1110 1363 1178 1386 me-

440 1404 515 1438 liori
544 1411 575 1437 et
599 1405 702 1447 magis
732 1407 875 1447 congrua
901 1405 1026 1438 ratione
1053 1406 1122 1449 paci
1149 1412 1180 1438 et

441 1458 541 1501 quieti
571 1459 728 1501 praedicti
763 1459 890 1492 Ordinis
924 1460 1050 1492 consuli
1084 1470 1179 1502 posse

443 1512 627 1545 videbatur:
645 1523 681 1544 ac
701 1513 840 1555 proinde
866 1513 972 1545 eidem
998 1512 1180 1555 congrega-

443 1566 522 1599 tioni
549 1565 762 1599 cardinalium
799 1566 980 1609 supplicato
1021 1573 1055 1599 ut
1089 1577 1179 1599 suam

445 1621 585 1663 desuper
603 1620 796 1653 sententiam
819 1620 1029 1663 interponere
1058 1625 1089 1652 et
1110 1631 1180 1653 con-

442 1673 634 1706 firmationis
666 1673 889 1705 auctoritatem
925 1673 1101 1715 adiungere
1135 1674 1181 1707 di-

443 1732 618 1770 gnaretur:
646 1726 806 1759 emanavit
838 1727 877 1759 ab
904 1727 1016 1759 eadem
1041 1727 1181 1768 Congre-

443 1781 574 1823 gatione
606 1779 818 1812 cardinalium
855 1779 1017 1812 decretum
1056 1781 1180 1812 tenoris

444 1834 498 1878 qui
523 1833 682 1877 sequitur,
705 1833 870 1866 videlicet:
899 1845 911 1864 <i
929 1832 1026 1865 Sacra
1042 1833 1182 1876 Congre-

444 1887 530 1930 gatio
557 1886 890 1920 eminentissimorum
920 1892 951 1918 et
975 1887 1181 1920 reverendis-

444 1942 600 1974 simorum
619 1940 650 1973 S.
679 1940 715 1972 R.
738 1940 772 1972 E.
803 1939 1014 1972 cardinalium
1041 1941 1181 1983 negotiis

445 1999 476 2027 et
500 1993 794 2027 consultationibus
821 1993 1053 2036 episcoporum
1080 1999 1110 2026 et
1134 2004 1182 2026 re-

445 2047 604 2090 gularium
632 2047 840 2090 praeposita,
867 2049 989 2079 attenta
1023 2047 1180 2080 relatione

443 2100 555 2134 nuncii
574 2100 744 2143 apostolici
763 2100 1000 2143 Hispaniarum,
1020 2100 1180 2133 referente

445 2154 700 2188 eminentissimo
741 2154 772 2187 S.
815 2154 987 2187 Clementis
1008 2181 1015 2194 ,
1057 2154 1182 2187 censuit

446 2208 552 2252 quoad
570 2208 625 2240 1⁰⁰²
641 2209 860 2241 reducendum
882 2214 1006 2251 tempus
1026 2208 1063 2240 ad
1082 2208 1182 2240 trien-

444 2261 544 2300 nium,
569 2262 656 2293 iuxta
682 2267 786 2294 votum
813 2261 956 2294 eiusdem
982 2261 1092 2294 nuncii
1111 2272 1183 2305 apo·

444 2314 568 2355 stolici;
589 2325 653 2358 quo
671 2325 748 2347 vero
764 2315 802 2347 ad
817 2314 873 2347 02⁰⁰*
891 2321 922 2347 et
938 2315 994 2348 3⁰¹⁸
1012 2315 1182 2358 respondit

444 2367 654 2401 affermative.
683 2368 804 2400 Romae
836 2378 875 2401 xx
899 2368 973 2401 maii
1001 2378 1179 2402 itincxcvni.

443 2441 487 2447 --
503 2421 540 2455 G.
556 2421 729 2454 cardinalis
746 2421 933 2454 CAamNEus.
948 2439 992 2444 ——
1005 2421 1043 2453 M.
1060 2421 1183 2454 archie-

444 2476 597 2521 piscopus
619 2476 820 2508 Athenarum
839 2475 1032 2508 secretarius
1050 2488 1081 2509 ».

489 2531 504 2574 ἓ
529 2530 560 2563 2.
588 2529 666 2563 Cum
693 2534 810 2568 autem,
829 2528 911 2561 sicut
928 2529 1038 2568 abbas,
1059 2539 1116 2561 seu
1136 2540 1183 2562 su-

446 2584 556 2628 perior
581 2583 742 2626 generalis
774 2586 807 2615 et
831 2581 1019 2615 definitores
1050 2583 1182 2625 praefati

446 2636 541 2670 nobis
567 2636 705 2669 subinde
731 2634 849 2679 exponi
875 2634 1031 2675 fecerunt,
1056 2636 1116 2678 ipsi
1134 2636 1184 2669 de-

481 2699 495 2729 1
517 2697 588 2730 Male
608 2697 672 2725 edit.
693 2697 776 2725 Main.
793 2697 858 2732 legit
878 2699 909 2725 ut
924 2705 974 2732 pro
994 2699 1020 2725 et
1034 2697 1071 2732 (n.
1090 2698 1140 2733 τ.).

1013 288 1189 312 BULLARIUM

1216 288 1368 312 ROMANUM

1218 342 1342 370 cretum
1361 336 1559 377 huiusmodi,
1577 348 1641 381 quo
1658 336 1780 369 firmius
1806 336 1959 369 subsistat

1219 395 1251 422 et
1274 395 1423 423 servetur
1448 390 1602 430 exactius,
1620 390 1814 433 apostolicae
1839 389 1958 423 contir-

1219 442 1369 475 mationis
1401 449 1531 476 nostrae
1556 443 1740 486 patrocinio
1766 443 1956 476 communiri

1219 506 1429 539 summopere
1455 497 1662 529 desiderent:
1690 507 1764 535 nos,
1791 496 1880 539 ipsos
1906 507 1958 529 ex-

1219 554 1377 591 ponentes
1395 549 1591 591 specialibus
1612 549 1775 582 l‘avoribus
1794 555 1824 582 et
1845 549 1957 592 gratiis

1220 602 1377 644 prosequi
1403 603 1560 642 volentes,
1583 608 1614 635 et
1639 613 1752 635 eorum
1779 603 1958 645 singulares

1220 665 1375 697 personas
1390 666 1406 687 a
1421 655 1587 698 quibusvis
1603 656 1957 695 excommunicationis,

1220 708 1445 750 suspensionis
1478 714 1509 740 et
1534 708 1719 748 interdicti,
1746 709 1883 752 aliisque
1909 720 1960 741 ec-

1220 760 1408 794 clesiasticis
1423 761 1602 802 sententiis,
1622 761 1769 794 censuris
1785 767 1815 794 et
1833 761 1958 804 poenis,

1220 825 1237 846 a
1263 814 1333 846 iure
1358 816 1405 847 vel
1426 815 1464 847 ab
1490 815 1631 854 homine,
1654 815 1763 858 qumvis
1789 815 1960 848 occasione

1221 869 1270 901 vel
1296 871 1392 900 causa
1418 869 1499 907 latis,
1518 869 1543 901 si
1572 869 1688 912 quibus
1714 869 1961 912 quomodolibet

1220 921 1395 954 innodatae
1414 923 1565 962 existunt,
1587 923 1626 955 ad
1646 921 1790 955 effectum
1810 933 1961 965 praesen-

1221 975 1298 1007 tium
1325 976 1490 1008 dumtaxat
1522 976 1816 1018 consequendum,
1844 976 1960 1008 harum

1221 1029 1305 1062 serie
1333 1030 1537 1062 absolventes
1559 1034 1590 1062 et
1611 1030 1774 1062 absolutas
1801 1030 1866 1061 sore
1888 1039 1962 1061 cen-

1221 1088 1342 1122 sentes,
1370 1082 1662 1126 supplicationilnis
1689 1093 1802 1115 eorum
1828 1082 1961 1115 nomine

1221 1136 1316 1169 nobis
1328 1147 1427 1179 super
1442 1136 1504 1169 hoc
1516 1137 1684 1169 humiliter
1696 1136 1856 1179 porrectis
1874 1135 1961 1168 incli-

1222 1189 1300 1229 nati,
1320 1189 1486 1221 decretum
1503 1189 1753 1233 praeinsertum,
1769 1189 1961 1221 auctoritate

1222 1242 1413 1285 apostoliea,
1428 1248 1537 1275 tenore
1552 1242 1782 1285 praesentium,
1798 1242 1963 1275 confirma-

1222 1306 1291 1328 mus
1317 1301 1347 1328 et
1372 1296 1603 1339 approbamus,
1626 1296 1738 1339 illique
1764 1295 1962 1328 inviolabilis

1223 1349 1421 1392 apostolicae
1447 1349 1608 1382 firmitatis
1641 1349 1739 1382 robur
1771 1349 1959 1390 adiieimus;

1224 1403 1308 1434 salva
1325 1407 1431 1435 tamen
1450 1413 1581 1446 semper
1596 1403 1627 1435 in
1643 1402 1832 1445 praemissis
1852 1407 1962 1435 aucto-

1224 1456 1318 1488 ritate
1344 1462 1541 1488 memoratae
1560 1456 1830 1498 Congregationis
1857 1455 1962 1488 cardi-

1224 1509 1357 1542 nalium.
1374 1510 1604 1549 Decernentes,
1625 1510 1753 1543 easdem
1768 1515 1959 1553 praesentes

1224 1562 1349 1594 litteras
1374 1573 1504 1606 semper
1530 1564 1660 1603 firmas,
1689 1563 1811 1596 validas
1838 1567 1870 1595 et
1895 1563 1962 1595 effi-

1224 1626 1314 1648 caces
1332 1616 1468 1649 existere
1486 1622 1516 1649 et
1530 1617 1609 1657 sore,
1628 1627 1769 1660 suosque
1795 1616 1962 1659 plenarios

1225 1674 1255 1701 et
1280 1668 1423 1711 integros
1449 1669 1580 1702 effectus
1605 1669 1715 1702 sortiri
1742 1675 1773 1702 et
1797 1669 1960 1711 obtinere,

1225 1733 1259 1754 ac
1277 1723 1351 1762 illis,
1375 1723 1413 1754 ad
1434 1733 1516 1766 quos
1541 1728 1665 1765 spectat
1684 1729 1714 1755 et
1733 1734 1791 1765 pro
1811 1728 1962 1766 tempore

1225 1776 1497 1818 quandocumque
1516 1775 1688 1818 spectabit,
1708 1776 1740 1807 in
1762 1776 1912 1808 omnibus
1934 1781 1965 1808 et

1225 1840 1282 1872 per
1306 1829 1412 1862 omnia
1438 1829 1628 1872 plenissime
1653 1828 1836 1872 suffragari,
1868 1835 1900 1862 et
1924 1830 1963 1862 ab

1225 1883 1270 1915 eis
1296 1882 1477 1926 respective
1512 1882 1745 1915 inviolabiliter
1774 1883 1962 1923 observari,

1224 1936 1334 1980 sicque
1363 1936 1395 1968 in
1426 1936 1615 1979 praen‘iissis
1652 1946 1710 1978 per
1742 1946 1964 1978 quoscumque

1226 1990 1348 2022 indices
1385 1989 1568 2022 ordinarios
1595 1994 1626 2022 et
1651 1989 1840 2030 delegatOS‚
1867 1989 1965 2022 etiam

1225 2053 1395 2076 causarum
1423 2043 1536 2086 palatii
1569 2042 1743 2085 apostolici
1781 2041 1963 2081 auditores,

1225 2098 1360 2130 iudicari
1388 2103 1419 2130 et
1444 2096 1572 2130 deliniri
1610 2096 1749 2137 debere,
1776 2105 1812 2128 ac
1836 2095 1965 2128 irritum

1225 2157 1256 2184 et
1275 2152 1388 2191 inane,
1408 2150 1433 2182 si
1452 2161 1545 2183 secus
1563 2149 1728 2192 superbis
1750 2160 1766 2181 a
1788 2160 1964 2192 quoquam,

1225 2205 1336 2248 quavis
1358 2203 1560 2242 auctoritate,
1579 2203 1721 2235 scienter
1742 2203 1791 2235 vel
1817 2203 1966 2244 ignoran-

1227 2264 1285 2299 ter,
1311 2257 1488 2299 contigerit
1512 2256 1676 2289 attentari.

1270 2314 1284 2356 ᾗ
1309 2311 1341 2345 3.
1360 2311 1431 2344 Non
1450 2309 1657 2343 obstantibus
1678 2308 1966 2343 constitutionibus

1226 2372 1258 2399 et
1282 2364 1545 2398 ordinationibus
1572 2362 1761 2406 apostolicis
1781 2389 1788 2403 ,
1822 2373 1963 2403 necnon,

1226 2426 1385 2463 quatenus
1412 2429 1494 2461 opus
1519 2417 1570 2457 sit,
1597 2416 1725 2449 Ordinis
1751 2422 1782 2449 et
1805 2422 1967 2450 monaste-

1227 2474 1351 2506 riorum
1376 2472 1626 2516 praedictorum,
1646 2470 1758 2503 aliisve
1788 2470 1967 2513 quibusvis,

1226 2527 1323 2560 etiam
1349 2527 1545 2564 iuramento,
1569 2523 1815 2557 confirmatione
1837 2529 1968 2568 aposto-

1227 2582 1300 2621 lica,
1326 2581 1374 2613 vel
1400 2579 1510 2623 quavis
1536 2578 1690 2611 firmitate
1710 2578 1773 2611 alia
1791 2577 1967 2619 roboratis,

1226 2633 1352 2667 statutis
1377 2638 1409 2666 et
1440 2631 1752 2669 consuetudinibus,
1784 2630 1966 2674 privilegiis

1227 2698 1355 2731 quoque
1371 2715 1378 2729 ,
1410 2685 1544 2721 indultis
1571 2689 1604 2719 et
1631 2684 1749 2718 litteris
1779 2683 1965 2729 apostolicis

1960 288 2014 315 An.
2031 289 2060 315 C.
2084 288 2152 317 1698

2003 2315 2160 2345 Contrariorum

1992 2344 2093 2367 erogatio.

2238 2958 2254 3218 *an-:Qat-
