2254 3225
217 232 265 258 An.
280 231 308 257 C.
332 229 393 257 1091

443 221 506 254 228

407 279 630 321 multiplicatis
658 280 690 312 in
728 280 886 322 religione
919 281 1061 313 dissidiis
1091 282 1139 313 la-

408 342 490 371 cera,
510 343 573 375 qua
596 332 737 366 filiorum
760 344 891 366 suorum
920 334 1142 377 iniquitatibus

409 384 545 425 foedata,
572 387 679 419 colore
701 387 732 419 in
751 388 906 430 pallorem
931 392 1062 427 mutato,
1079 386 1144 417 ani-

409 448 480 471 mae
498 444 627 472 nostrae
645 441 875 473 amaritudines
895 439 1143 472 cumulatissime

410 490 560 533 adauget.
575 492 648 524 Dira
662 493 841 535 epidemiae
859 494 927 525 lues
941 498 1013 524 ante
1034 491 1144 523 oculos

411 554 494 586 pene
520 551 648 578 nostros
673 546 795 579 saevire
820 546 927 578 adhuc
948 555 1011 577 non
1029 547 1142 575 cessat.

412 596 512 630 Omne
548 605 644 642 caput
678 599 867 642 languidum
905 603 937 630 et
969 606 1064 629 omne
1090 606 1146 627 cor

412 660 574 684 moerens.
610 652 734 694 Ubique
760 658 873 691 terror,
896 651 1017 693 ubique
1049 650 1147 681 malo-

413 713 484 737 rum
518 704 774 747 impendentium
811 704 966 742 formido,
1005 702 1085 734 itaut
1119 701 1144 733 si

413 766 574 798 unquam,
608 763 694 790 certe
733 767 818 789 nunc
852 765 980 798 gravem
1016 764 1146 787 manum

414 807 540 840 Domini
573 809 768 849 sentiamus,
809 809 937 851 flagitiis
979 806 1145 840 hominum

416 860 484 892 eius
522 860 601 893 iram
637 861 754 903 iugiter
789 860 1051 904 provocantibus.
1085 858 1146 891 Sed

416 913 571 956 numquid
606 914 638 946 in
674 918 842 946 aeternum
879 913 1029 956 proiiciet
1053 912 1146 950 Deus,

416 970 471 997 aut
505 976 570 998 non
605 971 743 1009 apponet
779 971 813 998 ut
849 965 1075 1008 complacitior
1109 965 1149 997 sit

418 1017 550 1050 adhuc‘?
586 1018 687 1050 Absit.
725 1017 794 1050 Non
833 1018 919 1050 enim
950 1017 1149 1050 obliviscitur

417 1070 563 1103 misereri
588 1071 760 1110 Dominus,
787 1081 846 1103 nec
877 1071 1021 1104 continet
1044 1070 1076 1102 in
1102 1070 1149 1101 ira

418 1123 657 1156 misericordias
682 1134 774 1163 suas;
801 1124 867 1163 sed,
887 1124 941 1166 qui
960 1124 1077 1155 multus
1101 1128 1151 1155 est

419 1177 456 1208 ad
495 1176 727 1218 ignoscendum
761 1187 797 1209 ac
832 1177 1027 1219 propitiatur
1062 1176 1151 1209 invo-

419 1229 564 1260 cantibus
589 1239 661 1261 eum
687 1230 830 1269 veritate,
858 1229 1000 1262 effundet
1033 1230 1065 1262 in
1092 1240 1150 1262 1105

419 1281 542 1314 divitias
578 1282 820 1314 misericordiae
846 1293 943 1322 suae,
981 1282 1006 1314 si
1033 1282 1152 1325 iniqui-

419 1340 499 1367 tates
524 1341 659 1374 nostras,
699 1335 814 1378 quihus
848 1346 921 1368 eum
958 1335 1150 1369 offendimus

418 1387 523 1426 nimis,
552 1387 664 1419 humili
690 1388 898 1421 consessione
924 1394 1150 1431 agnoscentes,

419 1440 534 1481 dignos
560 1440 776 1482 poenitentiae
802 1441 924 1474 fruetus
949 1441 1100 1473 faciamus
1122 1447 1153 1473 ct

420 1493 661 1525 obsecrationes
686 1499 812 1527 nostras
835 1494 1030 1529 ieiuniorum
1055 1501 1151 1539 atque

420 1546 696 1589 eleemosynarum
739 1547 860 1580 viribus
906 1549 1075 1581 roboratas
1114 1549 1151 1581 ad

421 1599 518 1630 altare
541 1599 595 1631 Dei
627 1600 728 1642 patris
752 1600 1049 1634 misericordiarum
1075 1602 1155 1643 iugi-

421 1656 470 1684 ter
494 1651 675 1685 offeramus.
703 1652 922 1687 Concordibus
947 1655 1055 1698 itaque
1073 1654 1154 1687 votis

420 1705 648 1746 praestabilem
692 1716 789 1749 super
828 1707 996 1740 hominum
1035 1708 1155 1741 malitia

420 1757 477 1789 Dei
502 1757 677 1790 bonitatem
703 1759 900 1800 invocemus,
927 1765 960 1792 ut
977 1761 1155 1793 clementis-

422 1810 520 1842 simus
546 1811 710 1851 Dominus,
731 1812 784 1855 qui
810 1813 864 1845 dat
888 1814 972 1846 lasso
994 1814 1154 1853 virtutem,

422 1866 453 1892 et
484 1861 534 1893 his
568 1862 621 1904 qui
655 1872 719 1895 non
754 1867 829 1895 sunt
868 1863 1092 1896 fortitudinem
1125 1869 1156 1896 et

421 1914 519 1945 robur
544 1914 743 1956 multiplicat,
769 1916 928 1949 confertet
951 1926 1009 1949 nos
1041 1917 1073 1949 in
1099 1927 1157 1959 po-

421 1966 522 1998 tentia
539 1967 663 1999 virtutis
682 1978 769 2007 suae,
786 1970 975 2012 repleatque
993 1979 1051 2002 nos
1070 1970 1158 2011 agni-

422 2017 510 2050 tione
537 2020 707 2052 voluntatis
732 2031 807 2053 suae
834 2021 866 2053 in
892 2022 980 2054 omni
999 2022 1157 2065 sapientia

424 2075 455 2102 et
478 2071 644 2104 intellectu
668 2073 840 2115 spirituali,
867 2072 1034 2107 effundens
1061 2085 1158 2118 super

424 2133 482 2156 nos
507 2124 653 2167 spiritum
678 2125 802 2158 consilii
822 2130 852 2158 et
874 2126 1078 2167 Fortitudinis,
1093 2139 1156 2170 quo

424 2176 508 2208 inter
533 2182 578 2209 tot
602 2188 707 2209 rerum
740 2188 775 2210 ac
807 2183 987 2221 temporum
1021 2179 1157 2212 difficul-

425 2234 505 2262 tates
519 2241 730 2273 agnoscamus
748 2242 828 2274 quae
846 2233 971 2275 agenda
984 2237 1067 2274 sunt,
1088 2244 1158 2266 ocu-

424 2282 532 2326 lisque
568 2284 599 2316 in
626 2284 725 2317 Deum
751 2295 879 2328 semper
903 2286 1051 2327 intentis,
1078 2297 1158 2330 quae

444 2340 513 2367 ecta
537 2341 611 2368 sunt
642 2337 814 2370 salubriter
837 2338 1058 2380 perficiamus.
1084 2339 1159 2372 Ore-

426 2398 497 2420 mus
531 2389 736 2431 unanimiter,
759 2395 793 2422 ut
828 2391 1010 2424 dominator
1040 2392 1160 2425 exerci-

427 2446 524 2483 tuum,
550 2444 604 2486 qui
629 2444 768 2477 conterit
784 2444 870 2477 bella
888 2446 926 2478 ab
948 2445 1039 2478 initio
1057 2447 1160 2486 erigat

426 2493 597 2528 brachium
626 2506 717 2529 suum
742 2497 824 2529 sicut
847 2498 886 2529 ab
912 2497 1014 2537 initio,
1041 2504 1073 2530 et
1098 2498 1159 2531 illi-

428 2545 481 2578 dat
502 2547 650 2580 virtutem
681 2549 886 2582 inimicorum
913 2555 1094 2583 nostrorum
1128 2551 1158 2583 in

983 232 1161 257 BULLARIUM
1185 232 1338 256 HOMAMM

1185 291 1254 313 cem
1280 281 1312 312 in
1338 278 1530 312 sublimibus
1554 283 1586 311 et
1611 289 1704 322 reges
1729 279 1762 311 in
1787 279 1917 313 thronis

1186 335 1333 372 collocat,
1360 332 1428 365 dies
1453 337 1581 365 nostros
1615 332 1647 365 in
1673 335 1729 365 sua
1752 343 1830 376 pace
1856 333 1919 366 dis-

1185 392 1295 429 ponat,
1316 396 1351 418 ac
1376 385 1559 428 principum
1588 386 1839 419 christianorum
1857 386 1920 419 ani-

1185 449 1263 477 mos,
1289 438 1421 471 sublatis
1448 438 1627 477 discordiis,
1655 439 1770 482 quibus
1795 450 1921 483 compo-

1186 491 1302 523 nendis
1336 491 1453 523 frustra
1488 491 1638 524 videntur
1672 502 1744 525 esse
1780 492 1920 525 humana

1187 543 1320 576 consilia
1345 544 1407 576 nisi
1442 544 1574 576 caelesti
1615 554 1676 587 ope
1708 544 1920 586 adiuventur,

1188 597 1316 629 sortiter
1349 607 1385 629 ac
1410 596 1551 629 suaviter
1571 596 1707 629 vinciat¹
1733 597 1763 630 in
1790 597 1920 631 vinculo

1188 650 1366 682 charitatis.
1394 650 1556 692 Rogemus
1596 660 1747 693 magnum
1782 650 1924 684 Patrem-

1189 702 1333 742 familias,
1364 708 1399 735 ut
1435 702 1559 736 vineam
1590 713 1682 735 suam
1707 704 1844 736 electam
1870 715 1924 736 cu-

1188 755 1318 796 stodiat,
1344 766 1439 798 quam
1475 755 1644 798 plantavit,
1683 755 1861 789 haereticos
1892 761 1924 789 et

1189 807 1409 840 schismaticos
1441 807 1478 840 ad
1513 808 1691 840 catholicae
1716 808 1791 841 fidei
1813 808 1927 841 verita·

1189 866 1252 894 tem
1273 866 1304 893 et
1327 861 1487 894 Ecclesiae
1505 861 1661 894 unitatem
1675 867 1810 902 revocet,
1831 872 1925 894 suum

1190 913 1330 956 denique
1365 915 1519 957 populum
1558 914 1597 947 ab
1630 914 1815 947 iracundiae
1849 924 1925 946 suae

1189 967 1367 999 terroribus
1393 966 1520 1006 liberet,
1546 972 1577 999 et
1601 977 1660 1010 per
1684 967 1766 999 viam
1791 967 1925 999 manda-

1191 1019 1336 1052 datorum
1363 1019 1430 1052 eius
1458 1020 1677 1052 ambulantem
1702 1020 1824 1062 gratiae
1850 1029 1926 1052 suae

1191 1071 1284 1104 donis
1316 1071 1348 1103 in
1374 1071 1434 1103 11110
1457 1071 1720 1114 peregrinatione
1747 1072 1927 1113 confoveat,

1192 1129 1223 1156 et
1249 1124 1287 1157 ad
1311 1123 1518 1167 propositum
1544 1130 1695 1157 aeternae
1715 1124 1928 1158 beatitudinis

1192 1178 1371 1220 praemium
1398 1178 1535 1210 feliciter
1558 1178 1724 1220 perducat.

1237 1231 1323 1263 Haec
1346 1236 1465 1270 autem,
1488 1235 1549 1263 etc.
1574 1230 1696 1273 (Cetera
1711 1231 1809 1262 sicuti
1827 1230 1860 1263 in
1876 1241 1931 1263 su-

1192 1283 1316 1325 periori
1346 1283 1471 1315 constit.
1501 1282 1688 1315 Alexandri
1715 1283 1819 1323 VIII⁷
1846 1283 1932 1315 edica

1194 1335 1246 1368 die
1270 1346 1300 1368 xr
1318 1335 1492 1368 decembris
1514 1345 1705 1376 iimccxxmx,
1731 1346 1818 1368 anno
1842 1336 1882 1379 1.)

1237 1388 1351 1421 Datum
1376 1388 1509 1428 Romae,
1538 1389 1623 1431 apud
1648 1388 1679 1421 S.
1713 1388 1844 1421 Mariam
1871 1389 1934 1421 Ma-

1193 1442 1309 1481 iorem,
1347 1441 1409 1474 sub
1445 1442 1565 1473 annulo
1588 1441 1778 1481 piscatoris,
1806 1441 1859 1474 die
1888 1452 1933 1475 xn

1194 1494 1379 1527 novembris
1418 1504 1550 1535 mcxci,
1589 1494 1794 1537 pontificatus
1831 1495 1933 1527 nostri

1195 1556 1280 1579 anno
1306 1557 1329 1580 1.

1230 1609 1288 1635 Dat.
1306 1608 1351 1635 die
1369 1608 1401 1635 12
1416 1608 1571 1635 novembris
1596 1609 1672 1643 1691,
1693 1608 1786 1644 pontif.
1809 1617 1853 1635 an.
1874 1616 1892 1635 1.

1524 1730 1589 1763 XIV

1199 1806 1417 1847 Confirmnlur
1450 1805 1623 1839 concordia
1653 1816 1748 1848 super
1783 1806 1936 1837 erectione

1241 1858 1412 1890 cathedrae
1445 1857 1624 1900 theoloyine
1658 1858 1694 1889 in
1726 1858 1937 1889 univers-itate

1243 1910 1372 1943 Oscensi
1396 1910 1483 1942 inim
1507 1911 1594 1941 inter
1617 1910 1791 1942 monachos
1818 1909 1937 1943 Cister-

1242 1963 1360 1995 cienses
1393 1963 1661 2005 Fonslregyntz'om's
1696 1963 1934 2005 Hispaniarum

1242 2020 1269 2048 el
1294 2017 1477 2059 episcopum
1501 2015 1647 2059 aliosque
1667 2014 1678 2032 ²

1199 2089 1314 2117 Dilecto
1334 2090 1395 2117 filio
1414 2093 1518 2117 nostro
1538 2090 1625 2117 Petro
1646 2089 1743 2116 S.R.E.
1761 2090 1937 2123 presbyten:

1295 2134 1443 2161 cardinali
1464 2136 1498 2160 de
1519 2134 1641 2160 Salazar
1660 2137 1843 2167 nuncupato,

1382 2186 1579 2213 Innocentius
1601 2187 1680 2220 Papa
1698 2186 1759 2212 xil.

1199 2234 1313 2262 Dilecto
1332 2234 1376 2261 fili
1395 2237 1510 2266 noster,
1540 2235 1671 2261 salutem
1690 2237 1721 2261 et
1740 2234 1937 2268 apostolicam

1441 2279 1691 2306 benedictionem.

1244 2341 1258 2383 ξ,
1276 2340 1307 2373 sl.
1327 2339 1451 2383 Exponi
1477 2340 1570 2372 nobis
1588 2350 1694 2383 nuper
1718 2340 1866 2373 fecerunt
1890 2340 1937 2373 di-

1201 2393 1276 2426 lecti
1293 2392 1352 2426 filii
1378 2393 1513 2425 vicarius
1539 2393 1700 2435 generalis
1726 2398 1758 2426 et
1781 2393 1936 2427 monachi

1239 2483 1247 2508 1
1274 2481 1343 2508 Edit.
1360 2481 1437 2508 Main.
1454 2481 1519 2513 legit
1534 2482 1628 2508 vincat
1645 2482 1681 2515 (11,
1698 2482 1746 2515 Τ.).

1236 2524 1252 2551 2
1273 2526 1311 2551 De
1332 2525 1549 2552 universitatibus
1576 2525 1689 2552 fratrum
1718 2526 1937 2555 Praedicatorum

1202 2569 1292 2603 agitur
1312 2569 1338 2594 in
1355 2569 1496 2595 Alexandri
1508 2569 1565 2595 thl
1577 2571 1684 2598 constit.
1706 2570 1772 2600 edit.
1788 2577 1882 2607 MDCAC,
1893 2571 1938 2600 di&

428 2598 542 2631 virtute
568 2602 634 2632 sua.
663 2601 849 2644 Clamomus,
868 2607 913 2644 ut,
934 2603 986 2646 qui
1013 2604 1086 2636 facit
1107 2614 1160 2647 pa·
1203 2613 1215 2639 7
1237 2612 1400 2645 n‹>veinl).·is7
1423 2613 1515 2648 pontin
1536 2619 1564 2640 11.

1928 232 1977 259 An.
1993 232 2022 260 C.
2041 234 2107 262 11291

1989 2348 2065 2369 Erech-1
2091 2349 2130 2369 suit

1947 2375 2004 2396 dicta
2027 2375 2130 2396 cathedra

1947 2401 2063 2428 sumptibus
2086 2407 2130 2424 mo·
