2227 3225
1706 214 1770 249 675
1816 223 1864 251 An.
1885 221 1913 249 c.
1932 212 1998 248 160'5

1069 274 1152 314 ciali,
1171 273 1404 313 definitoribus,
1422 272 1595 316 prioribus,
1615 283 1651 305 ac
1669 272 1804 315 reliquis

1070 326 1215 360 ciusdem
1254 326 1438 370 provinciae
1477 325 1706 367 cuiuscumque
1743 326 1806 357 sint

1070 380 1234 423 qualitatis
1260 385 1292 413 et
1316 379 1433 422 gradus
1458 369 1802 421 religionis,salutem.

1125 432 1202 466 Cum
1238 432 1508 466 reverendissimo
1545 438 1634 474 patre
1671 431 1709 463 de
1746 430 1809 462 Yil-
1851 441 1947 461 nonam
1971 441 1999 460 sn-

1070 486 1197 520 lalobos
1228 485 1374 529 generali
1402 490 1513 518 nostro
1545 469 2000 527 vigilantissimo,{1⁰5315180“iffi

1072 550 1108 572 ex
1128 550 1192 583 quo
1219 540 1257 572 ad
1283 549 1470 582 supremum
1493 537 1620 571 Ordinis
1647 522 2002 578 fastigium3.2¹5.T-¹.‘·2*.}:›s¹‘23'2

1759 589 1764 593 .
1789 587 1794 603 ί
1821 576 1830 594 'l
1840 576 1946 596 mittamus.

95 228 144 256 An.
159 227 188 257 C.
210 226 278 255 ¹695
882 225 1092 250 INNOCENTmS
1116 224 1162 250 ΧΠ
1185 226 1234 250 ΡΡ.

333 275 376 308 dci
400 275 437 308 in
459 274 631 318 prot-incid
654 273 858 318 Aquitaniae
891 273 1027 308 Ordinis

334 328 587 362 Carmelitarum
607 328 628 360 ¹.

464 418 663 446 Innocentius
684 418 764 452 Papa
783 419 850 451 XII,

407 465 443 491 ad
462 466 640 498 perpetuam
659 463 704 491 rei
722 463 908 500 memoriam.

121 553 245 576 Exordium.
334 543 508 577 Pastoralis
529 544 624 577 officii
648 544 742 577 nobis
767 544 920 577 divinitus
945 552 1030 576 com·

126 1244 195 1266 Causa
209 1244 284 1266 decro-

100 1274 177 1293 torum.

142 2093 286 2115 commissarii

101 2122 207 2145 generatis
255 2120 285 2142 di·

100 2148 179 2174 plenia.

290 597 380 630 missi
405 597 591 631 sollicitudo
608 608 666 631 nos
687 598 851 638 admonet,
868 602 912 637 ut,
930 601 1031 640 pater-

291 660 367 684 nam
391 649 665 690 christifidelium,
683 650 737 694 qui
759 660 775 683 e
792 649 942 682 fluctibus
961 659 1032 681 sac-

292 704 356 737 culi
381 703 414 737 in
438 709 570 747 portum
601 703 686 737 vitae
719 703 893 746 religiosae
911 702 1033 746 ⁴consu-

292 762 432 802 geiunt,
473 757 660 800 uberesque
700 756 861 790 bonorum
897 766 1032 800 operum

292 810 415 843 fruetus
441 809 473 842 in
498 809 673 843 Ecclesiam
698 809 754 842 Dei
792 809 922 842 assiduo
960 819 1033 852 pro⁶

292 863 377 897 serre
391 868 550 906 satagunt,
568 873 678 896 curam
698 869 861 906 gerentes,
881 873 929 903 ea,
948 873 1032 905 quac

292 927 352 960 pro
374 916 529 950 tollendis
556 916 736 949 animorum
763 916 915 955 dissidiis,
934 915 1034 948 stabi-

292 969 467 1013 liendaque
493 969 577 1002 inter
602 980 658 1003 eos
691 969 834 1003 fraterna
860 969 1034 1002 concordia

292 1023 428 1066 provide
453 1022 628 1056 constituta
654 1032 723 1056 esse
748 1027 939 1061 noscuntur,
970 1032 1033 1065 quo

293 1075 415 1109 firmius
431 1076 560 1118 semper
574 1081 668 1118 atque
683 1075 835 1108 inviolata
850 1075 1033 1118 persistant,

294 1129 464 1172 apostolici
481 1128 669 1162 muniminis
687 1129 791 1163 nostri
807 1128 969 1172 praesidio
986 1139 1035 1161 ro-

295 1183 462 1217 boremus.

339 1236 410 1279 gl.
443 1235 566 1279 Exponi
604 1235 764 1279 siquidem
801 1235 895 1269 nobis
931 1245 1035 1278 nuper

295 1289 443 1323 fecerunt
460 1289 570 1322 dilecti
592 1288 648 1322 filii
670 1289 760 1332 prior
776 1289 986 1332 provincialis
1004 1293 1036 1321 et

295 1343 349 1376 alii
390 1343 575 1385 superiores
614 1342 801 1385 provinciae
842 1341 1035 1385 Aquitaniae

294 1395 424 1428 Ordinis
459 1395 592 1427 fratrum
626 1395 660 1427 Β,
687 1394 802 1427 Mariae
828 1394 966 1437 Virginis
997 1394 1035 1426 de

295 1448 404 1481 Monte
429 1447 586 1492 Carmelo,
606 1448 701 1490 quod,
716 1458 788 1480 cum
813 1448 845 1479 in
871 1446 1036 1490 provincia

293 1501 448 1545 praefata,
467 1511 549 1544 quae
568 1500 670 1532 tribus
691 1500 878 1533 nationibus
897 1505 1034 1539 constat,

292 1555 401 1599 plures
420 1554 567 1597 vigerent
595 1554 855 1593 controversiae,
880 1564 940 1597 pax
969 1558 1036 1585 tan-

293 1608 367 1641 dem
392 1607 532 1640 feliciter
557 1606 686 1646 affulsit,
705 1606 892 1639 alternativa
918 1606 1037 1639 officio-

293 1671 366 1693 rum
381 1660 485 1693 dictae
502 1659 689 1703 provinciae
705 1659 934 1692 distributione
951 1659 1036 1693 inter

294 1713 423 1746 easdem
437 1713 586 1745 nationes
602 1704 793 1745 introducta.
806 1713 914 1750 Porro,
927 1717 959 1744 ut
975 1724 1033 1756 pax

294 1765 483 1799 huiusmodi
508 1764 643 1798 firmiter
668 1771 860 1805 servaretur,
883 1776 945 1798 nec
970 1767 1035 1799 ulla

293 1829 436 1862 unquam
465 1818 595 1851 ratione
621 1818 742 1850 turbari
761 1824 879 1861 posset,
897 1818 1034 1851 dilectus

294 1871 381 1906 filius
399 1872 544 1915 Angelus
559 1883 576 1905 a
591 1872 622 1905 S.
639 1872 781 1911 Teresia,
795 1873 1035 1906 commissarius

297 1931 330 1959 et
350 1925 498 1958 visitator
523 1926 683 1967 generalis
706 1926 809 1958 dictae
834 1925 1034 1968 provinciae,

296 1979 456 2012 nonnulla
481 1978 611 2011 decreta
637 1978 740 2011 edidit
763 1979 883 2011 tenoris
908 1979 962 2021 qui
987 1989 1036 2012 se-

297 2032 416 2075 quitur,
442 2031 593 2064 videlicet
611 2042 618 2063 :

346 2097 360 2116 a
392 2084 503 2117 Frater
527 2084 668 2127 Angelus
693 2096 710 2117 a
735 2084 766 2117 S.
801 2084 954 2125 Teresia,
983 2095 1036 2118 ex-

297 2137 503 2182 provincialis
535 2144 568 2170 et
605 2138 758 2171 definitor
792 2138 1033 2172 Carmelitarum

295 2191 481 2236 provinciae
504 2191 694 2231 Vaseoniae,
722 2201 757 2224 ac
783 2191 1035 2231 commissarius,

295 2245 441 2278 visitator
466 2249 497 2277 et
520 2255 652 2287 praeses
674 2244 805 2287 capituli
827 2245 1034 2287 provincialis

296 2298 329 2331 in
361 2297 525 2341 provincia
550 2297 752 2341 Aquitaniae,
780 2298 906 2330 dilectis
941 2298 1035 2331 nobis

295 2351 330 2384 in
354 2351 484 2385 Christo
509 2351 696 2385 reverendis
723 2351 870 2394 patribus
898 2351 1032 2394 proviw

344 2449 359 2476 1
382 2448 420 2476 De
440 2448 599 2476 alternativa
618 2448 646 2475 in
667 2448 805 2484 provincia
825 2448 955 2475 Castetlae
977 2448 1036 2475 vide

296 2494 405 2522 constit.
421 2494 485 2520 edit,
503 2500 632 2525 Mncxcnt,
649 2493 691 2520 die
706 2494 735 2519 ⁹21
756 2493 879 2526 ianuarii,
897 2497 971 2528 pont.
988 2500 1034 2525 ¹113

295 2538 323 2565 in
344 2542 428 2565 coust.
442 2537 485 2564 ed.
500 2537 543 2564 die
558 2540 583 2564 Η
599 2537 729 2563 februarii
751 2543 879 2564 sinnicii.
897 2537 992 2571 pontit.
1011 2545 1035 2566 r,

297 2582 369 2610 edita
387 2582 462 2609 fuere
478 2582 609 2617 quaedam
627 2581 735 2609 decreta
752 2590 799 2617 pro
816 2581 954 2617 prouincia
971 2582 1036 2608 Pcr-

297 2626 437 2663 tugalliae.

1072 599 1200 627 evectus
1222 599 1280 634 cst,
1300 593 1381 626 nihil
1399 593 1501 635 magis
1527 592 1559 624 in
1584 591 1664 624 rotis
1684 590 1778 622 suern
1803 616 1808 627 ,

1073 657 1166 690 quani
1177 653 1303 680 vestrae
1317 647 1408 680 istius
1421 645 1606 690 provinciae
1620 643 1809 688 Aspiitaniae

1074 702 1345 745 tranquillitatem
1371 711 1559 744 procurare,
1587 705 1618 733 ct
1641 700 1675 732 in
1701 698 1737 732 ca
1761 708 1813 731 cx-

1074 760 1144 788 orta
1169 755 1328 799 quaedam
1355 754 1489 787 dissidia
1521 763 1586 786 non
1613 758 1734 785 tantum
1766 762 1814 784 se-

1075 808 1161 849 dare,
1188 809 1245 841 sed
1272 809 1369 842 etiam
1391 818 1522 841 omnem
1549 817 1659 840 earum
1684 816 1814 840 causam

1075 867 1106 894 et
1131 861 1335 894 occasionem
1361 860 1496 900 aut'crrc,
1525 870 1560 892 ac
1584 859 1713 903 penitus
1739 868 1812 891 era-

1076 915 1183 948 dicare
1197 927 1205 955 ;
1221 924 1359 958 cumque
1378 913 1646 947 animadverterit
1659 922 1696 945 ea
1709 911 1816 944 omnia

1076 969 1220 1009 dissidia,
1246 969 1326 1007 lites,
1354 966 1614 1006 controversiaS,
1649 966 1759 998 turbas
1786 970 1817 997 et

1076 1022 1237 1062 scandala,
1263 1021 1319 1054 ac²
1343 1020 1535 1064 disciplinae
1555 1016 1746 1062 morumque
1772 1029 1818 1051 re-

1076 1075 1283 1115 laxationem,
1301 1084 1393 1117 quae,
1410 1084 1426 1106 a
1447 1073 1556 1106 multis
1581 1072 1644 1105 iam
1670 1071 1764 1104 annis
1784 1071 1815 1103 in

1077 1129 1146 1162 dies
1171 1138 1300 1171 semper
1324 1137 1522 1165 accrescens,
1541 1125 1724 1169 proximum
1744 1135 1817 1167 pro-

1077 1181 1200 1215 vinciae
1213 1187 1337 1214 vestrae
1349 1190 1456 1212 casum
1471 1179 1656 1217 minaretur,
1672 1189 1708 1210 ex
1721 1188 1757 1210 eo
1769 1188 1818 1210 or-

1077 1241 1144 1268 tum
1156 1235 1284 1274 ducere,
1296 1234 1383 1277 quod
1396 1233 1475 1266 baec
1484 1237 1587 1266 vestra
1600 1231 1764 1275 provincia
1780 1241 1817 1263 ex

1079 1288 1180 1320 tribus
1211 1286 1399 1319 nationibus
1425 1290 1456 1318 et
1482 1283 1744 1318 distinctionibus
1763 1294 1818 1326 ge-

1078 1341 1132 1375 nio
1147 1346 1179 1374 et
1196 1340 1341 1373 moribus
1354 1338 1488 1372 omnino
1505 1338 1638 1371 dirersis
1669 1348 1703 1370 ac
1722 1337 1817 1370 etiam

1078 1394 1336 1438 repugnantibus
1374 1397 1522 1431 constet,
1559 1401 1695 1434 quarum
1731 1400 1818 1428 una,

1078 1449 1153 1481 dum
1185 1447 1331 1489 regimen
1356 1444 1543 1489 provinciae
1580 1444 1719 1483 obtinet,
1746 1444 1818 1476 aliis

1078 1500 1202 1533 duabus
1228 1499 1272 1532 ita
1298 1499 1376 1531 dure
1401 1497 1575 1540 imperitat,
1602 1503 1635 1529 ut,
1660 1507 1696 1529 ea
1722 1497 1817 1539 impe-

1078 1553 1178 1586 rantis
1204 1552 1337 1585 durities
1366 1551 1398 1584 in
1435 1540 1506 1584 aliis
1531 1551 1741 1584 ambitionem
1769 1561 1818 1583 ex-

1078 1607 1163 1647 citet,
1178 1607 1330 1649 illaeque,
1344 1605 1441 1638 variis
1456 1615 1491 1637 ac
1506 1604 1625 1637 illicitis
1639 1614 1736 1646 saepe
1754 1613 1819 1636 mo-

1079 1661 1137 1701 dis,
1151 1661 1368 1702 neglectaque
1394 1668 1521 1691 morum
1547 1657 1647 1700 praxi,
1668 1657 1731 1690 lioc
1750 1657 1817 1689 Fere

1079 1724 1177 1746 unum
1204 1718 1300 1755 agant
1319 1718 1349 1744 et
1366 1712 1543 1745 moliantur
1556 1710 1575 1751 ³,
1601 1710 1657 1743 ut*
1684 1710 1817 1743 alterius

1078 1760 1186 1809 ing-um
1207 1771 1366 1803 excutere,
1386 1775 1489 1808 coque
1508 1775 1652 1803 excusso,
1673 1763 1818 1806 singulae

1078 1820 1199 1863 pariter
1234 1819 1395 1861 imperare
1432 1823 1616 1850 conantur:
1656 1817 1732 1849 liinc
1769 1822 1819 1849 est

1079 1873 1164 1916 quod
1190 1865 1283 1904 idem‘
1303 1871 1592 1904 reverendissimus
1609 1870 1738 1903 Ordinis
1764 1880 1819 1912 pa-

1079 1931 1134 1963 ter,
1155 1925 1229 1956 huic
1248 1929 1335 1956 tanto
1354 1924 1439 1956 malo
1466 1923 1628 1956 efficacem
1655 1923 1817 1955 medelam

1079 1977 1192 2009 afferre
1218 1982 1376 2019 satagens,
1409 1976 1518 2009 multis
1555 1987 1612 2009 nos
1651 1975 1817 2007 mensibus

1078 2038 1150 2064 ante
1176 2031 1308 2074 capituli
1330 2030 1427 2063 vestri
1453 2030 1706 2062 celebrationem
1733 2040 1819 2061 com-

1078 2084 1260 2117 missarium
1280 2094 1371 2115 suum
1391 2094 1427 2115 ac
1451 2082 1648 2115 visitatorem
1674 2082 1706 2114 in
1734 2082 1818 2114 lianc

1078 2137 1278 2181 provinciam
1293 2142 1431 2169 vestram
1446 2136 1627 2175 destinavit,
1644 2140 1674 2168 et
1689 2135 1815 2176 deinde,

1078 2201 1242 2235 persuum
1269 2189 1433 2222 decretum
1460 2189 1510 2222 dic
1535 2200 1565 2222 xi
1584 2189 1728 2222 octobris
1755 2189 1818 2221 lto-

1079 2255 1149 2277 mae
1172 2244 1281 2276 datum
1298 2253 1380 2276 anno
1399 2243 1542 2286 proximo
1564 2244 1676 2285 elapso
1703 2253 1818 2275 novem

1079 2298 1301 2340 complectens
1326 2296 1488 2336 articulos,
1516 2306 1604 2328 suam
1630 2296 1722 2328 nobis
1743 2295 1818 2328 arti-

1079 2351 1151 2383 culo
1176 2360 1221 2383 vu
1245 2359 1373 2383 omnem
1399 2349 1431 2381 in
1458 2359 1530 2381 euin
1556 2349 1652 2381 finem
1679 2347 1822 2381 auctori«

1115 2449 1124 2474 1
1150 2447 1222 2474 Edit.
1243 2447 1322 2474 Main.
1343 2446 1408 2481 legit
1426 2446 1536 2480 fuerint
1552 2446 1593 2480 (n.
1609 2445 1659 2480 T.).

1113 2492 1130 2517 2
1149 2491 1220 2518 Edit.
1242 2491 1320 2517 Main.
1338 2491 1403 2525 legit
1421 2491 1459 2515 art
1479 2493 1516 2522 (R.
1535 2490 1584 2516 ΤΛ.

1113 2537 1129 2562 3
1150 2536 1219 2562 Edit.
1241 2536 1318 2562 Main.
1340 2536 1403 2569 legit
1423 2538 1490 2568 0911!
1510 2538 1535 2561 el
1558 2534 1697 2561 moliatur
1713 2538 1748 2561 (n.
1766 2538 1814 2562 Τ.).

1114 2582 1128 2606 4
1152 2580 1275 2606 Partirul.
1299 2583 1327 2606 ul
1344 2579 1476 2610 delenda,
1501 2579 1538 2605 iel
1564 2579 1639 2604 aliter
1667 2578 1815 2605 ordinanda

1078 2625 1204 2660 syntaxis,
1226 2624 1332 2660 legend.
1355 2633 1396 2651 ex.
1418 2632 1443 2659 g.
1466 2627 1603 2651 conentur
1622 2626 1659 2657 (a.
1677 2624 1726 2657 T.).
