2254 3225
206 248 256 276 An.
276 245 305 274 C.
325 245 392 274 1696
437 238 502 271 754
976 247 1154 272 numanum
1179 246 1332 271 110111111οΜ

397 295 476 339 ipsis
500 296 727 339 praesentibus
758 295 935 330 haberetur
968 297 995 329 si
1027 297 1134 330 forent

400 348 564 382 exhibitae
588 351 637 382 vel
663 355 825 383 ostensae.

442 402 555 435 Datum
581 403 711 443 Romae,
739 403 824 446 apud
844 403 876 436 S.
896 404 1028 436 Mariam
1045 403 1135 435 Maio-

399 465 485 496 rem,
525 456 584 487 sub
618 457 740 489 annulo
776 457 965 495 piscatoris,
992 457 1044 489 die
1077 465 1135 489 vin

400 508 482 541 iunii
507 518 659 549 Mncxcvi,
694 507 898 552 pontificatus
935 508 1038 541 nostri
1074 518 1132 540 an-

399 570 443 593 no
468 571 498 594 v.

436 623 494 650 Dat,
516 623 559 650 die
579 624 594 650 8
614 623 680 651 iunii
702 623 780 657 1696,
802 622 898 658 pontif.
919 630 989 650 anno
1005 630 1030 649 v.

696 765 840 799 CXXXII.

407 846 627 887 Confirmatio·
671 845 830 877 decretum
874 842 1140 886 Conqremttiom's

448 899 585 931 Riluum
603 898 639 929 cle.
656 897 746 929 cultu
761 896 1015 929 immemorabili
1032 896 1140 928 Bala-

447 952 517 983 riae
541 951 579 982 de
603 951 695 983 Sacros
722 950 858 983 Ordinis
883 949 992 980 beatae
1015 949 1161 980 Mariae

447 1003 485 1035 de
528 1002 670 1035 Mercede
710 1002 949 1044 Redemptionis
987 1001 1137 1044 Captivo-

449 1056 554 1088 rum'.

590 1134 784 1162 Innocentius
800 1135 880 1168 Papa
898 1134 961 1167 XII,

546 1180 582 1207 ad
603 1181 736 1207 futuram
756 1180 801 1206 rei
822 1179 1005 1206 memoriam.

270 1259 393 1305 ¹,DL-wrfflum
448 1253 462 1295 ἓ
488 1252 518 1285 l.
539 1251 625 1284 Alias
658 1251 817 1284 emanavit
841 1262 858 1283 a
883 1250 1141 1292 Congregatione

210 1291 638 1348 '2125ssssssffl'u‘ni'fflvenerabitium
664 1304 797 1337 fratrum
822 1308 1010 1336 nostrorum
1027 1303 1141 1336 S.R.E.

212 1345 247 1358 ’μ’
406 1358 616 1390 cardinalium
632 1357 730 1389 sacris
748 1357 863 1389 ritibus
876 1356 1142 1399 praepositorum

407 1410 574 1443 decretum
600 1410 724 1441 tenoris
750 1410 804 1452 qui
830 1409 1001 1451 sequitur,
1033 1408 1142 1441 videli-

407 1468 480 1496 cet:
521 1475 534 1494 α
569 1462 857 1495 Bm·clu·n‹mens1's.
886 1462 1141 1494 Canonizationis

406 1515 561 1548 RMariae
579 1515 617 1546 de
631 1514 731 1547 Socos
745 1514 897 1547 monialis
915 1514 1078 1557 professae
1092 1513 1142 1546 Or-

407 1567 491 1601 dinis
516 1568 631 1600 beatae
657 1567 773 1599 Mariae
791 1567 829 1599 de
849 1567 995 1600 Mercede
1022 1567 1143 1599 redem-
1161 1573 1163 1603 J

406 1619 528 1664 ptionis
554 1620 765 1662 captivorum.
800 1620 969 1663 Proposito
994 1620 1026 1652 in
1066 1619 1163 1653 Con-¹

406 1673 596 1716 gregatione
621 1672 785 1705 ordinaria
817 1672 987 1705 Sacrorum
1013 1672 1163 1705 Rituum³

405 1736 465 1769 per
478 1725 773 1758 eminentissimum
789 1730 820 1757 et
834 1725 1142 1758 reverendissimum
1162 1719 1163 1736 ³

1162 1777 1327 1829 ¹censurIs
1355 1782 1387 1809 et
1418 1776 1543 1819 poenis,
1569 1788 1586 1808 a
1607 1775 1675 1808 iure
1707 1776 1756 1808 vel
1788 1776 1827 1808 ab
1858 1775 1919 1808 ho-

407 1778 572 1811 dominum
598 1778 796 1810 cardinalem
821 1777 1006 1810 Casanatam
1026 1778 1142 1810 dubio:

405 1831 457 1864 An
483 1834 600 1863 constet
617 1830 654 1862 de
672 1830 762 1862 cultu
779 1830 1032 1863 immemorabili
1049 1841 1143 1873 prue-

405 1884 480 1917 slito
505 1883 608 1916 dictae
632 1882 740 1916 heatae
765 1883 891 1915 Mariae
921 1883 958 1915 de
982 1883 1090 1924 Socos,
1116 1888 1143 1916 el

406 1947 448 1970 an
472 1937 633 1969 sententia
653 1946 750 1979 super
770 1946 802 1968 eo
829 1936 896 1968 lala
913 1946 932 1968 α
956 1936 1078 1968 vicario
1097 1947 1143 1978 qe-

406 1989 513 2022 nerali
536 1989 809 2028 Barclzz‘nonensi,
830 1988 936 2020 iudice
953 1999 972 2021 α
993 1989 1143 2032 praesctld

405 2044 497 2075 saera
523 2042 775 2084 Conqreyatione
799 2040 953 2083 1201091110,
975 2042 1016 2073 sit
1033 2041 1142 2083 confir-

406 2094 528 2127 manda
551 2095 587 2127 in
613 2104 687 2126 casu
712 2097 740 2126 ec
765 2093 808 2126 ad
832 2093 974 2135 effectum
1008 2094 1045 2127 tle
1080 2105 1142 2137 quo

407 2148 533 2189 arsitur:
571 2147 684 2179 eadem
709 2157 801 2179 saera
831 2146 1057 2189 Congregatio²
1090 2159 1143 2180 au-

409 2201 475 2233 dito
507 2200 779 2233 reverendissime
805 2201 1056 2243 archiepiscopo
1081 2201 1144 2244 My-

406 2253 495 2288 rensi
521 2253 596 2286 fidei
630 2258 818 2296 promotore
834 2279 841 2293 ‚
872 2259 933 2286 tam
959 2254 991 2285 in
1017 2254 1143 2297 scriptis

408 2317 503 2351 quam
528 2306 561 2338 in
585 2316 672 2346 voce,
699 2306 840 2339 instante
863 2305 900 2338 R.
928 2306 961 2338 P.
988 2307 1142 2349 magistro

407 2360 506 2394 fratre
537 2359 672 2392 Μαι-11110
710 2359 874 2393 Salvatore
904 2359 1066 2393 Gilaberte
1102 2361 1143 2392 vi-

444 2459 455 2484 1
478 2457 517 2484 Ab
536 2456 692 2484 Innocentio
712 2455 743 2482 XI
764 2455 871 2482 constit.
893 2456 948 2482 edit
971 2463 1140 2489 mcccxxxvn,

407 2502 451 2530 die
472 2502 503 2528 18
519 2501 619 2536 aprilis,
641 2500 734 2535 pontif.
756 2507 790 2531 xl,
812 2508 956 2527 concessae
975 2501 1082 2527 suerunt
1102 2501 1140 2528 of-

407 2547 497 2573 ficium
518 2550 544 2572 et
564 2546 645 2572 missa
663 2546 693 2571 B.
715 2545 789 2571 Petri
809 2545 968 2579 Armengol3
990 2548 1016 2572 et
1035 2545 1069 2572 ab
1088 2546 1141 2573 1100

406 2591 538 2619 Pontitice
558 2593 644 2617 const.
666 2589 787 2624 sequenti
810 2589 996 2616 conceduntur
1022 2589 1140 2617 officium

408 2640 435 2664 et
453 2637 534 2663 missa
553 2635 706 2671 praedictae
727 2634 754 2660 B.
776 2633 884 2662 Mariae.

1175 296 1261 329 cario
1286 306 1322 328 ac
1345 299 1558 339 procuratore
1583 295 1729 338 generali
1748 292 1905 337 praedicti

1175 349 1303 382 Ordinis
1328 349 1440 382 beatae
1466 349 1582 382 Mariae
1608 349 1647 382 de
1672 348 1833 388 Mercede,
1852 347 1908 380 1111-

1176 401 1312 435 iusmodi
1330 413 1445 435 causae
1461 403 1674 445 postulatore,
1690 401 1818 434 censuit
1837 410 1908 432 con-

1176 461 1260 488 stare
1285 456 1323 488 de
1349 457 1435 488 cultu
1453 454 1715 493 immemorabili,
1734 459 1766 487 et
1781 458 1909 486 senten-

1177 508 1252 539 tiam
1278 508 1436 550 praedicti
1462 507 1570 540 vicarii
1597 506 1760 548 generalis
1784 505 1910 538 Barchi-

1178 559 1335 592 nonensis
1359 570 1428 592 esse
1455 558 1717 597 confirmandam,
1734 558 1759 590 si
1776 557 1911 590 sanetis-

1179 611 1261 644 simo
1285 611 1416 644 domino
1443 617 1555 644 nostro
1596 610 1767 654 placuerit.
1799 610 1855 643 Die
1881 620 1911 643 ix

1180 664 1333 697 februarii
1366 673 1511 697 MDCXCII.
1550 663 1586 696 Et
1616 663 1699 696 sacta
1723 663 1761 696 de
1787 662 1914 706 praedi-

1180 717 1237 749 etis
1262 716 1465 749 sanctissimo
1491 716 1625 749 domino
1650 715 1840 749 Innocentio
1860 715 1915 748 Pa·

1180 780 1221 812 pa
1246 765 1298 802 XII
1334 780 1392 812 per
1428 779 1477 802 me
1503 769 1713 802 secretarium
1738 768 1914 809 relatione,

1180 822 1339 855 Sanctitas
1375 822 1439 854 Sua
1474 822 1587 854 annuit
1612 822 1662 855 die
1687 832 1744 855 xiii
1770 821 1916 854 eiusdem

1180 875 1301 909 mensis
1341 875 1496 908 februarii
1529 880 1561 908 et
1591 875 1667 908 anni
1697 884 1843 908 MDcxcu.
1873 893 1917 898 —-

1182 928 1418 961 A.·cardinalis
1444 928 1541 961 Creo.
1577 928 1657 961 Loco
1682 930 1705 968 †
1729 927 1846 970 sz'yilli.
1874 947 1917 952 —

1182 981 1204 1014 I.
1231 981 1458 1022 hammus,
1485 981 1657 1014 Sacrorum
1683 979 1812 1013 Rittium
1836 980 1918 1013 Con-

1183 1034 1383 1076 gregationis
1407 1033 1601 1066 secretarius
1622 1045 1653 1065 ».

1226 1088 1241 1131 ἓ
1267 1087 1297 1119 Ξ.
1324 1087 1399 1120 Cum
1424 1092 1541 1127 autem,
1568 1087 1649 1119 sicut
1674 1086 1809 1120 dilectus
1833 1084 1918 1119 silius

1162 1129 1367 1173 ³Bernardus
1399 1139 1579 1182 Carignena
1610 1144 1641 1172 et
1672 1139 1798 1182 Spenza
1825 1139 1914 1172 vica-

1162 1194 1250 1226 =rius
1277 1198 1308 1226 et
1332 1198 1525 1236 procurator
1549 1193 1712 1235 generalis
1737 1192 1811 1225 dicti
1832 1192 1919 1225 Ordi-

1184 1246 1233 1280 nis
1257 1247 1351 1280 nobis
1376 1247 1482 1290 nuper
1507 1246 1626 1289 exponi
1651 1246 1736 1286 fecit,
1769 1246 1838 1289 ipse
1864 1246 1919 1279 de-

1184 1306 1307 1334 cretum
1322 1300 1518 1340 huiusmodi,
1535 1311 1598 1343 qno
1613 1300 1735 1332 firmius
1753 1299 1916 1340 subsistat,

1184 1354 1380 1396 apostolieae
1395 1353 1650 1387 confirmationis
1664 1358 1795 1386 nostrae
1809 1357 1919 1395 patro-

1183 1407 1268 1440 cinio
1288 1407 1481 1440 communiri
1502 1417 1711 1449 summopere
1729 1406 1915 1439 desideret:

1183 1470 1262 1499 nos,
1289 1459 1391 1502 ipsius
1424 1458 1583 1491 Bernardi
1607 1459 1717 1490 vicarii
1743 1463 1773 1490 et
1802 1469 1918 1502 procu-

1184 1512 1301 1544 ratoris
1320 1511 1479 1553 generalis
1504 1511 1585 1543 votis
1609 1511 1671 1543 liae
1696 1511 1727 1543 in
1752 1521 1799 1551 re,
1819 1521 1919 1553 quan-

1184 1570 1249 1597 tum
1268 1575 1337 1596 cum
1356 1564 1490 1596 Domino
1506 1574 1683 1606 possumus,
1696 1563 1918 1596 favorabiliter

1184 1629 1327 1651 annuere
1351 1619 1508 1657 volentes,
1546 1628 1685 1660 eumque
1710 1628 1728 1649 a
1753 1617 1918 1660 quibusvis

1185 1670 1540 1710 excommunicationis,
1567 1669 1789 1712 suspensionis
1815 1674 1848 1702 et
1872 1669 1918 1701 in-

1186 1724 1322 1763 terdicti,
1338 1724 1475 1766 aliisque
1490 1722 1717 1755 ecclesiasticis
1732 1721 1917 1761 sententiis,

1183 1830 1280 1870 mine,
1306 1829 1417 1872 quavis
1443 1829 1617 1862 occasione
1642 1829 1692 1861 vel
1714 1831 1809 1861 eausa
1833 1827 1916 1868 latis,

1184 1883 1211 1916 si
1237 1883 1355 1926 quibus
1381 1882 1630 1925 quomodolibet
1655 1881 1830 1914 innodatus
1854 1881 1919 1914 exi-

1184 1936 1251 1976 stit,
1278 1935 1317 1968 ad
1343 1935 1491 1968 effectum
1509 1935 1729 1978 praesentium
1755 1935 1918 1967 dumtaxat

1184 1989 1455 2032 consequendum,
1472 1989 1585 2020 harum
1605 1988 1690 2021 serie
1711 1988 1918 2021 absolventes

1184 2048 1217 2075 et
1240 2043 1425 2075 absolutum
1449 2041 1517 2074 fore
1542 2046 1725 2082 censentes,
1755 2041 1917 2084 supplica-

1185 2095 1327 2128 tionibus
1352 2094 1419 2127 eius
1444 2093 1575 2127 nomine
1610 2094 1703 2126 nobis
1729 2104 1825 2137 super
1856 2094 1918 2127 1100

1184 2148 1352 2181 humiliter
1377 2147 1536 2190 porrectis
1563 2146 1721 2187 inclinati,
1749 2146 1915 2179 decretum

1184 2201 1432 2245 praeinsertum‚
1450 2199 1641 2233 auctoritate
1666 2199 1853 2242 apostolica,
1873 2204 1918 2231 te-

1185 2265 1266 2287 nore
1291 2251 1520 2296 praesentium,
1540 2251 1756 2295 approbamus
1784 2256 1816 2284 et
1839 2262 1916 2284 con-

1185 2307 1358 2347 firmamus,
1380 2305 1493 2348 illique
1509 2303 1704 2337 inviolabilis
1719 2304 1916 2347 apostolicae

1184 2359 1343 2392 firmitatis
1362 2358 1459 2391 robur
1480 2357 1647 2390 adjicimus
1664 2368 1672 2397 ;
1699 2357 1786 2389 salva
1810 2361 1915 2390 tamen

1185 2423 1314 2456 semper
1338 2413 1369 2444 in
1401 2410 1587 2454 praemissis
1622 2410 1817 2442 auctoritate
1850 2420 1917 2443 me-

1182 2472 1326 2499 moratae
1352 2462 1619 2506 Congregationis
1645 2462 1873 2496 cardinalium,

1226 2520 1240 2562 ἓ
1276 2518 1306 2551 3.
1335 2518 1569 2556 Det-eruentes,
1606 2515 1691 2558 ipsas
1729 2521 1917 2558 praesentes

1182 2573 1306 2605 litteras
1331 2579 1460 2612 semper
1485 2568 1604 2608 sirmas,
1630 2567 1752 2601 validas
1787 2573 1818 2601 et
1849 2569 1916 2602 essi-

1183 2629 1273 2659 caee's
1291 2624 1428 2658 existere
1449 2627 1480 2656 et
1497 2621 1576 2663 sore,
1591 2631 1730 2667 suosque
1747 2622 1914 2667 plenarios

1913 244 1963 270 An.
1985 242 2013 270 C.
2031 242 2097 270 1696

1978 1099 2112 1121 eunomiane

1929 1127 1991 1149 relati
2006 1127 2094 1148 decreti.

1954 2521 2074 2544 Clausulas.
