2254 3225
225 185 273 213 An.
291 185 320 212 c.
342 185 401 211 ¹601
452 175 516 210 240

414 235 642 268 cessionaliter
653 235 828 275 deseratur,
844 235 877 268 in
887 235 1008 279 hymno
1021 233 1149 267 Vexilla

412 289 509 331 regis,
536 289 575 321 ad
599 299 712 322 versus
740 288 766 322 Ο
782 299 872 328 crux,
895 289 933 321 ad
954 288 1028 321 illos
1053 287 1147 320 etiam

412 341 492 382 Ave,
518 341 620 374 maris
643 341 760 380 stella;
782 341 868 381 Veni,
895 344 1018 373 creator
1044 340 1148 382 Spiri—

413 398 486 434 lus;
517 395 611 435 Veni,
644 399 751 428 sancte
779 394 942 438 Spiritus‚·
968 394 999 426 in
1021 393 1145 436 psalmo

410 447 586 481 invitatorii
609 447 649 480 ad
673 448 771 481 verba
791 447 830 480 Et
844 446 1055 490 procidamus
1072 449 1146 477 ante

410 499 518 540 Deum,
532 500 566 532 in
583 500 701 543 hymno
723 500 762 533 Te
780 500 884 533 Deum
901 500 939 532 ad
956 508 1084 531 versum
1105 498 1145 530 Te

409 562 482 595 erqo
506 562 712 596 quaesumus,
738 552 770 584 in
796 551 901 584 verbis
919 551 1012 583 etiam
1030 549 1071 582 In
1091 559 1144 580 no-

410 606 496 638 mine
525 606 601 638 Iesu
624 614 716 638 omne
743 614 851 648 yma,
878 610 946 642 eze„
972 602 1035 634 nisi
1061 602 1164 649 haec¹

407 658 472 691 sint
496 658 529 690 in
553 658 689 691 introitu
713 657 840 696 missae,
868 656 907 688 ad
931 655 987 688 illa
1011 654 1162 698 insuper]

408 711 557 744 Christus
580 711 684 753 factus
704 714 747 743 es!
764 719 822 752 pro
846 708 945 747 nobis,
970 712 1026 740 etc.
1054 714 1086 740 et
1108 707 1141 740 in
1160 704 1162 707 ’

407 769 474 797 toto
499 765 622 807 psalmo
639 764 789 796 Miserere
803 767 835 795 et
850 761 993 794 oratione
1010 761 1141 803 Respice

405 827 598 860 quaesumus
633 827 696 860 qna
732 815 934 848 concluditur
969 815 1002 846 in
1033 814 1161 855 triduo!

405 870 532 903 maioris
556 870 797 909 hebdomadae,
822 869 854 901 in
878 860 1160 911 processionibus'

405 923 588 955 litaniarum
617 923 655 956 ab
688 922 778 955 initio
814 932 921 954 earum
954 931 1058 963 usque
1099 921 1138 953 ad

405 977 500 1009 verba
517 975 549 1009 S.
570 975 697 1015 Maria‚·
723 975 748 1007 si
773 979 879 1007 autem
901 984 966 1006 non
993 974 1046 1005 fiat
1066 984 1138 1016 pro-
1156 1002 1160 1015 ,

404 1028 518 1068 cessio,
538 1028 570 1060 in
596 1030 660 1060 tota
685 1027 796 1060 litania
820 1026 1076 1069 genuflectimus,
1103 1032 1138 1058 ut

404 1080 436 1113 in
456 1081 588 1113 sabbato
613 1086 722 1113 sancto
741 1086 772 1112 et
788 1079 893 1122 vigilia
917 1079 1134 1112 PentecosteS.
1156 1094 1157 1115 3

446 1145 475 1165 v.
502 1133 731 1166 Genussexione
756 1132 832 1164 item
858 1131 976 1164 utimur
999 1131 1030 1163 in
1050 1131 1159 1180 psal-3

403 1185 461 1217 mis
491 1185 774 1228 poenitentialibus
811 1190 842 1217 et
874 1184 1023 1227 precibus
1058 1181 1157 1226 gra-¹

404 1237 556 1277 dualium,
574 1237 606 1270 in
631 1237 694 1270 line
711 1237 886 1270 lectionum
901 1238 940 1269 ad
964 1237 1011 1269 Tu
1030 1241 1136 1268 autem

402 1291 548 1331 Domine,
573 1291 605 1323 in
626 1290 812 1333 antiphonis
829 1291 863 1323 B.
884 1290 999 1322 Mariae
1019 1293 1134 1336 quibus

404 1344 483 1376 hora
507 1345 556 1376 vel
581 1343 718 1376 osticium
743 1343 959 1382 concluditur,
984 1344 1043 1375 nisi
1066 1353 1136 1385 pas-

403 1396 487 1429 chali
503 1402 647 1439 tempore
666 1401 696 1429 et
710 1396 824 1428 diebus
842 1395 1019 1434 dominicis,
1038 1395 1068 1427 in
1083 1395 1136 1427 ka·
1154 1423 1158 1432 ,

402 1449 499 1482 lenda
522 1449 698 1482 Nativitatis
722 1449 847 1482 Domini
872 1449 911 1481 ad
932 1459 969 1480 ea
986 1448 1081 1480 verba
1096 1448 1137 1480 In
1155 1446 1157 1454 '

402 1501 589 1534 Bethlehem
606 1502 691 1535 Iuda
707 1507 762 1536 etc.
783 1513 884 1545 usque
901 1502 940 1534 ad
954 1501 1136 1534 Secundum

403 1565 530 1586 carnem
554 1555 720 1588 inclusive.

447 1617 489 1640 v1.
518 1606 593 1640 Cum
618 1618 718 1651 prope
743 1609 843 1641 altare
859 1607 1049 1641 sacramenti
1068 1617 1136 1649 gra-

404 1660 480 1691 dum
504 1659 646 1700 facimus,
665 1660 688 1692 si
706 1662 815 1699 lateat,
834 1671 897 1693 uno
924 1671 1028 1702 gemm
1049 1665 1137 1692 utro-

405 1722 465 1754 que
490 1722 577 1752 vero,
594 1712 618 1744 si
636 1717 754 1755 pateat,
774 1713 938 1745 humiliter
962 1712 1137 1755 genuflexi-

405 1775 481 1797 mus.
507 1764 587 1797 Crux
613 1766 716 1806 etiam,
744 1777 825 1809 quae
850 1777 909 1809 per
933 1766 1056 1798 medios
1079 1766 1158 1810 fra-g

405 1823 488 1850 trum
501 1818 618 1851 choros
637 1819 806 1857 transierit,
826 1819 1050 1861 genuflexione
1065 1818 1137 1851 ado-
1156 1815 1158 1830 ³

404 1876 511 1911 ratur,
542 1871 622 1904 sieut
646 1877 676 1904 et
701 1872 777 1904 seria
809 1871 919 1915 quinta
940 1877 1015 1914 post
1040 1872 1137 1903 inclu-

404 1935 474 1957 sum
509 1925 541 1956 in
575 1924 654 1957 urna
684 1925 925 1957 Sacramentum
958 1935 1063 1967 usque
1097 1924 1136 1956 ad

405 1988 496 2010 mane
513 1977 634 2010 sabbati
652 1977 752 2010 sancti
766 1977 913 2010 eumdem
928 1976 954 2010 ei
970 1976 1136 2009 reddimus
1157 1982 1159 2001 ’-

407 2030 577 2062 honorem.

450 2091 504 2115 v11.
534 2081 780 2115 Genulleetimus
813 2082 947 2125 insuper
981 2082 1020 2115 ad
1055 2082 1160 2132 haec}

408 2135 514 2168 omnia
535 2135 773 2177 evangeliorum
790 2135 898 2168 verbat
916 2135 954 2167 El
969 2135 1138 2178 prociclen-
1158 2138 1160 2141 '

409 2193 452 2220 les
476 2187 694 2219 adoraverunt
720 2197 813 2226 eum;
836 2187 968 2219 Verbum
996 2198 1068 2219 curo
1091 2188 1140 2230 fec-

408 2244 494 2272 clum
519 2244 563 2271 est
575 2251 587 2279 ;
614 2239 653 2272 El
676 2238 844 2282 procidens
868 2239 1017 2272 adorari!
1042 2250 1111 2271 eum
1126 2251 1138 2279 ,-

408 2292 498 2325 Iesus
515 2295 622 2323 aulem
643 2291 838 2330 exclamans,
865 2295 945 2330 elc.,·
969 2291 1057 2323 Iesus
1082 2302 1138 2323 αιι-

411 2349 494 2384 lem,
522 2344 635 2376 emissa
659 2354 740 2383 voce,
768 2348 841 2383 elc.;
867 2343 906 2375 Ei
932 2344 1009 2376 llaec
1033 2344 1141 2376 <licens

409 2397 590 2440 expiravit,·
609 2397 648 2429 Et
666 2396 825 2428 inclinato
845 2396 959 2438 capite,
976 2400 1040 2435 elc.;
1063 2402 1093 2428 et
1110 2397 1140 2428 in
1161 2398 1163 2432 i

410 2449 598 2482 adoratione
619 2448 724 2481 erucis
741 2448 818 2480 seria
840 2450 927 2480 sexta
945 2448 1071 2480 maioris
1089 2448 1142 2480 lie-

411 2502 590 2534 hdomadae
615 2501 653 2533 ad
680 2511 717 2533 ea
740 2500 853 2533 verba:
886 2500 1015 2541 Venite,
1035 2500 1142 2532 adore-

995 185 1171 209 BULLARIUM
1196 183 1350 207 ROMANUM

1193 236 1290 264 natus
1314 237 1378 271 est‚·
1404 230 1443 262 ad
1474 227 1655 262 Flectamus
1682 235 1805 270 9enua,
1831 230 1863 259 et
1887 226 1926 259 ad

1190 294 1317 317 versum
1351 282 1483 317 Adiuro
1511 291 1593 320 nos;
1627 281 1660 313 in
1689 280 1804 319 missa,
1838 279 1924 313 dicto

1189 337 1336 376 Sanctus,
1362 344 1463 378 usque
1489 335 1528 367 ad
1554 335 1713 380 elevatum
1739 338 1771 365 et
1798 332 1925 375 deposi-

1189 395 1254 423 tum
1279 390 1421 429 calicem,
1437 393 1663 432 praeterquam
1683 387 1716 419 in
1741 386 1829 419 feriis
1853 386 1921 419 Ad-

1187 448 1311 482 ventus,
1336 441 1612 485 Quadragesimae,
1631 439 1772 478 Quatuor
1788 439 1922 482 Tempo-

1187 505 1267 535 rum,
1289 494 1414 537 vigiliis,
1441 500 1472 527 et
1497 493 1593 526 missa
1623 493 1862 532 defunctorum,
1888 491 1919 524 in

1163 534 1303 590 ¹quibus
1334 547 1593 590 genuflexionem
1628 545 1784 577 trahimus
1814 554 1919 588 usque

1184 600 1223 632 ad
1251 600 1349 633 verba
1372 600 1447 633 Pax
1463 598 1597 633 Domini
1617 597 1783 638 inclusive,
1809 607 1825 630 a
1849 597 1919 640 qui-

1182 653 1243 685 bus
1267 659 1373 686 tamen
1399 652 1576 696 excipimus
1589 650 1712 694 vigilias
1730 649 1917 690 Nativitatis,

1182 707 1386 740 Ascensiouis
1400 713 1432 740 et
1448 707 1667 745 pentecostes,
1683 709 1713 737 et
1731 703 1825 737 serias
1842 708 1918 737 tem-

1180 769 1297 802 porum
1321 759 1468 792 eiusdem
1493 758 1648 791 Paschae.

1225 823 1293 846 vm.
1320 812 1395 845 Cum
1429 812 1577 844 subditus
1613 809 1734 853 aliquid
1759 807 1875 851 recipit
1898 819 1916 841 a

1180 867 1338 908 praelato,
1355 865 1584 907 genuflectens,
1600 863 1763 896 osculatur
1787 871 1915 895 manum

1180 918 1256 957 eins,
1268 919 1317 952 vel
1329 919 1555 961 scapularinm,
1575 916 1700 949 dicens:
1720 914 1914 948 Benedictus

1178 971 1262 1003 Deus
1281 971 1315 1002 in
1331 970 1424 1002 donis
1448 970 1536 1009 suis;
1562 968 1639 1001 item
1662 968 1792 1011 quando
1815 968 1914 999 bene-

1179 1023 1353 1056 dictionem
1379 1023 1416 1055 ab
1443 1033 1482 1055 eo
1508 1021 1641 1065 suscipit
1665 1021 1705 1053 ad
1729 1020 1791 1052 iter
1815 1030 1913 1062 agen-

1179 1076 1263 1116 dum,
1281 1076 1329 1108 vel
1347 1075 1385 1107 ad
1402 1075 1493 1108 illum
1518 1085 1554 1107 ex
1577 1084 1615 1107 eo
1640 1072 1827 1113 revertiturj
1846 1082 1913 1104 sus-

1178 1128 1299 1171 cipiens
1340 1128 1511 1168 habitum,
1548 1127 1644 1160 etiam
1677 1135 1782 1168 genua
1815 1124 1914 1157 flectit

1178 1191 1286 1213 eoram
1299 1182 1456 1224 praelato,
1474 1186 1541 1213 toto
1552 1185 1697 1223 tempore
1716 1189 1781 1222 quo
1799 1177 1829 1211 ei
1846 1188 1913 1211 ser-

1178 1244 1305 1266 monem
1331 1233 1479 1273 instituit,
1507 1233 1596 1276 quod
1621 1237 1652 1265 et
1675 1236 1782 1264 servat
1798 1231 1838 1264 ad
1859 1230 1913 1262 tri-

1178 1296 1251 1318 nam
1275 1286 1505 1328 repetitionem
1537 1295 1667 1318 versus:
1692 1284 1824 1327 Susez‘pe
1846 1293 1913 1323 me,

1179 1339 1331 1379 Domine,
1359 1343 1427 1378 etc„
1455 1345 1487 1372 et
1511 1339 1549 1371 ad
1582 1338 1755 1371 lectionem
1780 1337 1909 1380 profes-

1177 1391 1294 1432 sionis3
1329 1391 1373 1424 sic
1406 1391 1499 1424 etiam
1525 1391 1663 1431 sistitur,
1699 1388 1913 1423 excommuni-

1178 1443 1287 1476 catus¹
1313 1455 1418 1477 coram
1443 1445 1631 1477 absolvente
1658 1454 1710 1483 se,
1737 1447 1769 1475 et
1799 1441 1853 1485 qui
1879 1441 1911 1473 in

1178 1507 1260 1540 pane
1287 1502 1320 1530 et
1343 1499 1424 1540 aqua
1444 1497 1476 1529 in
1501 1496 1609 1529 medio
1631 1495 1794 1528 refectorii
1820 1494 1913 1527 absti-

1179 1560 1255 1582 nere
1290 1550 1500 1593 praecipitur.
1535 1549 1709 1592 Culparum
1741 1547 1914 1580 consessio-

1179 1612 1251 1635 nem
1278 1602 1307 1634 in
1334 1602 1474 1643 capitulo
1500 1602 1561 1634 hae
1585 1599 1809 1634 humiliatione
1833 1599 1914 1631 initi-

1179 1655 1280 1697 pimus
1296 1654 1458 1687 dicentes:
1477 1654 1586 1694 Pater,
1607 1653 1736 1686 veniam
1751 1656 1835 1695 peto.
1857 1651 1913 1684 Go-

1178 1707 1298 1739 neralis
1321 1712 1429 1739 autem
1455 1712 1486 1739 et
1515 1704 1720 1749 provincialis
1748 1704 1778 1736 in
1804 1704 1912 1747 primo

1179 1771 1306 1793 accessu
1332 1761 1370 1793 ad
1396 1761 1507 1792 domos
1534 1758 1798 1792 benedictionem
1824 1758 1914 1790 itine-

1178 1813 1318 1845 rantium
1333 1813 1376 1845 ita
1390 1813 1512 1856 pariter
1530 1809 1701 1844 humiliati‘z
1718 1810 1911 1854 suscipiunt,

1178 1867 1262 1899 sicut
1285 1872 1316 1899 et
1335 1866 1453 1909 reliqui
1476 1866 1601 1905 fratres,
1620 1864 1666 1897 sic
1684 1863 1779 1896 etiam
1798 1873 1913 1896 cereos

1179 1925 1210 1952 et
1227 1930 1331 1952 ramos
1350 1919 1401 1952 die
1420 1917 1655 1951 Purificationis
1674 1922 1705 1949 et.
1723 1916 1913 1955 palmarum,

1179 1982 1316 2014 eumque
1343 1971 1450 2004 cinere
1477 1969 1698 2014 aspergimur,
1726 1974 1757 2001 et
1785 1969 1915 2001 tandem

1180 2025 1218 2057 ad
1253 2035 1381 2056 versum
1408 2023 1661 2057 Clemenlissime
1685 2022 1770 2055 Deus
1802 2020 1835 2053 in
1859 2031 1912 2053 se.-

1181 2080 1309 2121 pultura
1334 2077 1481 2109 fratrum.

1225 2142 1265 2162 ix.
1292 2130 1425 2162 Demum
1443 2129 1559 2162 fratres
1578 2127 1679 2160 nostri
1698 2132 1915 2171 prostratione

1181 2184 1404 2222 succumbunt,
1428 2193 1500 2215 eum
1527 2181 1650 2225 aliquid
1680 2181 1828 2214 canendo
1863 2186 1918 2214 aut

1180 2236 1360 2279 legendoin
1372 2236 1471 2268 choro
1490 2234 1675 2273 erraverint,
1691 2239 1721 2266 et
1736 2234 1855 2266 tamdiu
1876 2233 1918 2266 ita

1181 2293 1401 2332 permaneant,
1418 2288 1521 2320 donec
1536 2287 1574 2319 ad
1590 2286 1786 2328 surgendum
1799 2297 1814 2318 a
1829 2296 1916 2329 prue-

1183 2342 1246 2374 lalo
1272 2341 1400 2383 signum
1425 2339 1598 2382 accipiant,
1627 2339 1681 2381 qui
1703 2344 1809 2370 tamen
1826 2338 1850 2370 si
1873 2337 1914 2370 eis

1183 2394 1320 2436 aliquam
1346 2392 1566 2425 obedientiam
1588 2397 1642 2423 aut
1659 2391 1799 2424 osticium
1819 2390 1910 2423 iniun

1220 2474 1230 2499 1
1252 2472 1368 2499 Pessime
1385 2471 1450 2498 edit.
1468 2471 1548 2497 Μαίη.
1566 2470 1630 2505 legit
1649 2473 1700 2498 ele.
1718 2470 1905 2498 communica

1162 2529 1164 2551 2
1184 2520 1227 2544 tus·
1244 2524 1291 2550 pro
1308 2515 1576 2542 excommunicatus
1592 2518 1630 2547 (R.
1647 2516 1695 2547 T.).

411 2566 502 2596 mum
528 2554 567 2587 ad
591 2554 647 2588 illa
672 2553 767 2587 etiam
793 2552 928 2596 symboli
960 2553 1000 2586 E!
1033 2553 1140 2585 incar-
1162 2591 1165 2598 Ι

1219 2561 1235 2587 2
1250 2560 1315 2589 Male
1331 2559 1397 2587 edit.
1414 2559 1498 2586 Main.
1517 2557 1598 2586 habet
1617 2558 1780 2587 humilitati
1798 2558 1838 2593 (R.
1854 2561 1902 2593 12).

1937 177 1986 203 An.
2007 176 2035 203 c.
2055 156 2126 204 icor
