2254 3225
231 281 278 307 An.
300 280 329 307 c..
348 279 414 306 1007
463 268 527 302 780

230 342 323 389 m‘iiuiif‘
339 339 413 361 conns·
467 328 481 371 g
505 326 537 359 2.
564 325 640 359 Cum
665 329 783 365 autem,
809 323 891 356 sicut
915 321 1049 356 dilectus
1072 320 1155 365 pari-

251 376 262 388 -1
282 374 293 390 0
319 373 335 388 G.

424 386 473 414 ter
496 379 580 413 iilius
605 378 754 412 Claudius
770 377 941 410 Estiermot
958 375 1061 409 dictae
1076 373 1156 407 Con-

423 432 622 476 gregationis
646 431 747 465 sancti
772 429 872 463 Mauri
898 429 930 462 in
955 428 1046 461 Curia
1063 436 1156 470 prae-

424 486 509 521 dicta
525 490 720 530 procurator
737 482 900 527 generalis
933 480 1026 514 nobIS
1053 488 1157 522 nuper

424 539 542 583 exponi
567 537 664 577 fecit,
699 536 835 570 dilectus
859 533 946 567 filius
980 531 1156 565 modernus

423 592 523 625 abbas
537 589 703 623 memorati
718 586 906 621 monasterii
923 585 960 618 cle
974 585 1005 617 la
1023 584 1157 626 Trappe,

425 645 516 678 nulla
540 643 727 676 earumdem
760 640 940 674 litterarum
972 636 1083 670 habita
1114 645 1158 667 ra-

426 698 537 737 tione,
562 695 717 739 quosdam
754 689 1019 735 Congregationis
1050 687 1160 721 huius-

426 749 513 783 modi
534 749 719 788 monachos
737 745 950 780 renuentibus
964 743 1049 776 illius
1067 750 1161 784 supe-

426 802 625 843 1·ioribu3,in
649 799 845 834 monasterio
865 796 1033 842 praedicto
1051 795 1090 827 ad
1108 803 1161 826 no-

426 855 571 888 vitiatum
597 852 786 893 admiserit,
811 851 898 884 unde
923 848 1030 892 gravia
1055 846 1160 880 eidem

426 906 677 953 congregationi
704 904 811 939 enasci
837 899 1163 947 possuntdetrimen-

427 967 457 996 ta
473 973 480 994 :
506 960 599 995 nobis
617 965 790 1004 propterea
808 957 909 990 dictus
924 953 1073 988 Claudius
1087 962 1161 995 pro-

426 1020 556 1048 curator
595 1010 758 1057 generalis
789 1009 956 1044 humiliter
985 1004 1160 1050 supplicari

425 1068 501 1102 fecit
527 1072 562 1100 ut
586 1067 618 1099 in
651 1063 839 1109 praemissis
874 1066 1058 1106 opportune
1087 1069 1162 1102 pro-

425 1122 534 1155 videre
559 1120 598 1153 de
622 1117 824 1161 benignitate
850 1113 1026 1160 apostolica
1052 1112 1163 1155 digna-

427 1184 546 1207 remur.

283 1238 417 1267 cornnsmano
472 1228 487 1270 ξ
510 1226 542 1259 3.
561 1225 624 1259 Nos
649 1225 757 1268 igitur,
777 1223 884 1267 ipsum
904 1220 1069 1255 Claudium
1088 1228 1162 1262 pro-

236 1266 611 1323 ⁰47.‚1.51112}'i'11{¹11'1'1?curatorem
647 1277 834 1321 generalem
869 1273 1018 1318 specialis
1053 1272 1162 1305 favore

236 1317 551 1374 3:3535'02222}1.⁹²gratiae
591 1329 748 1374 prosequi
788 1328 934 1361 volentes
950 1353 957 1367 ‚
982 1335 1121 1368 eumque
1147 1334 1164 1356 a

430 1383 598 1428 quibusvis
634 1379 995 1419 excommunicationis,
1029 1388 1164 1421 suspen-

431 1437 531 1470 sionis
561 1442 592 1469 et
616 1434 789 1475 interdicti,
810 1432 946 1476 aliisque
971 1429 1165 1464 ecclesiasti-

433 1492 477 1524 cis
515 1488 709 1529 sententiis,
742 1487 886 1520 censuris
918 1491 951 1518 et
985 1485 1122 1528 poenis,
1149 1494 1166 1515 a

434 1545 504 1577 iure
527 1544 576 1576 vel
600 1542 639 1575 ab
672 1540 825 1580 homine,
852 1538 962 1583 quavis
997 1537 1165 1571 occasione

434 1597 483 1629 vel
508 1597 603 1629 causa
626 1593 713 1635 latis,
732 1593 758 1626 si
783 1592 899 1636 quibus
923 1589 1168 1635 quomodolibet

434 1649 608 1683 innodatus
634 1647 750 1687 existit,
776 1646 814 1678 ad
841 1644 991 1678 effectum
1016 1652 1168 1687 praescn-

437 1703 517 1736 tium
552 1701 716 1734 dumtaxat
751 1698 1026 1741 consequendum,
1051 1697 1166 1728 harum

435 1756 520 1789 serie
537 1754 741 1787 absolventes
760 1757 791 1785 et
807 1751 992 1784 absolutum
1011 1750 1079 1782 sore
1099 1760 1169 1782 cen-

436 1812 544 1842 sentes
560 1834 567 1848 ,
592 1805 777 1839 huiusmodi
803 1802 1096 1847 supplicationibus
1122 1803 1169 1834 iu-

436 1861 556 1902 clinati,
574 1859 757 1903 praedictas
776 1857 949 1892 Clementis
966 1862 998 1889 et
1014 1856 1170 1889 Innocen-

436 1913 473 1947 tii
497 1913 789 1957 praedecessorum
814 1910 948 1949 litteras,
975 1919 1047 1942 cum
1073 1909 1170 1941 omni-

436 1967 496 2000 bus
521 1971 554 2000 et
578 1965 715 2009 singulis
730 1964 761 1997 in
779 1964 824 1997 eis
842 1964 1017 2007 respective
1043 1968 1171 1995 conten·

437 2020 477 2054 tis
503 2025 534 2053 et
559 2018 734 2062 expressis,
764 2016 955 2050 auctoritate
979 2016 1169 2059 apostolica,

436 2079 548 2107 tenore
567 2072 797 2116 praesentium,
814 2070 1029 2114 approbamus
1049 2075 1080 2102 et
1096 2080 1172 2102 con-

437 2126 601 2159 firmamus
630 2136 667 2158 ac
693 2125 891 2163 innovamus,
917 2122 1047 2166 illisque
1075 2122 1172 2155 invio-

437 2180 544 2214 labilis
558 2179 754 2222 apostolieae
772 2176 931 2210 firmitatis
948 2177 1046 2209 robur
1063 2175 1173 2209 adiici-

437 2242 520 2265 mus.
538 2232 756 2264 Decernentes
780 2229 914 2273 pariter,
939 2229 1068 2262 easdem
1082 2239 1174 2272 prae-

439 2291 550 2319 sentes
575 2285 698 2317 litteras
722 2293 852 2326 semper
884 2282 1013 2322 firmas,
1052 2282 1173 2315 validas

440 2345 474 2373 et
501 2338 647 2372 efficaces
679 2336 820 2369 existere
852 2341 885 2368 et
914 2336 999 2376 sore,
1032 2346 1174 2379 suosque

438 2391 604 2437 plenarios
628 2396 660 2423 et
683 2390 829 2432 integros
855 2387 988 2422 effectus
1013 2389 1121 2422 sortiri
1145 2395 1177 2422 et

441 2446 603 2486 obtinere,
619 2454 655 2477 ac
673 2444 713 2476 ab
731 2441 881 2476 omnibus
907 2447 938 2474 ct
961 2440 1110 2484 singulis,
1136 2442 1175 2474 ad

442 2509 523 2543 quos
554 2501 678 2541 spectat
709 2501 741 2529 et
770 2505 828 2539 pro
854 2499 1001 2537 tempore
1033 2495 1177 2537 quando-

442 2561 579 2594 cumque
610 2549 789 2593 spectabit,
822 2547 854 2580 in
887 2547 1039 2580 omnibus
1064 2552 1095 2580 et
1119 2558 1177 2590 per

443 2605 552 2639 omnia
583 2601 816 2636 inviolabiliter
852 2600 1039 2640 observari,
1065 2600 1176 2643 sieque

175 843 209 875 '1⁴‘

1002 269 1179 297 mittanimt
1203 269 1357 294 nonaum!

1935 263 1984 290 An.
2004 263 2035 291 C.
2052 262 2118 292 1697

1197 318 1377 353 ordinarios
1398 321 1429 350 et
1446 316 1624 359 delegatos,
1645 315 1740 348 etiam
1758 322 1928 347 causarum

1197 371 1308 415 palatii
1327 370 1498 414 apostolici
1518 369 1684 403 auditores
1697 395 1704 409 ,
1726 378 1762 401 ac
1785 367 1816 400 S.
1836 366 1874 399 R.
1890 365 1926 399 E.

1197 424 1391 464 cardinales,
1411 423 1507 456 etiam
1532 423 1571 456 de
1598 414 1699 455 latere
1724 421 1859 464 legatos,
1884 418 1930 452 iu-

1198 476 1298 509 dicari
1323 481 1354 509 et
1378 474 1504 509 definiri
1531 474 1670 514 debere,
1693 483 1730 506 ac
1752 472 1881 506 irritum
1899 476 1932 504 et

1198 529 1304 569 inane,
1329 528 1356 561 si
1392 538 1482 561 secus
1513 536 1613 570 super
1637 526 1687 559 his
1712 536 1731 558 a
1753 535 1929 569 quoquam,

1199 581 1309 624 quavis
1330 581 1531 620 auctoritate,
1555 579 1700 612 scienter
1719 578 1771 611 vel
1787 577 1935 620 ignoran-

1201 639 1260 673 ter,
1281 633 1455 676 contigerit
1474 631 1641 666 attentari.

1245 687 1260 730 ἓ
1284 686 1315 719 4.
1341 685 1410 719 Non
1434 684 1637 718 obstantibus
1667 683 1872 727 praemissis,
1898 693 1935 716 ac
1971 695 2128 725 contrariorum

1203 739 1486 773 constitutionibus
1519 743 1547 771 et
1576 737 1835 771 ordinationibus
1859 723 2064 780 apo-⁴¹⁸‘⁰⁸³‘¹⁰‘

1203 792 1336 832 stolicis,
1350 802 1479 825 necnon
1495 790 1644 825 omnibus
1662 795 1694 823 et
1709 789 1844 833 singulis
1861 789 1934 831 illis,

1204 856 1286 889 quae
1312 845 1343 878 in
1371 844 1546 889 praedictis
1579 843 1751 877 Clementis
1780 847 1810 876 et
1840 842 1937 876 Inno-

1205 898 1302 932 centii
1326 897 1617 941 praedecessorum
1642 895 1759 929 litteris
1784 905 1937 929 concessa

1205 957 1277 986 sunt
1301 962 1367 985 non
1391 952 1530 992 obstare,
1555 950 1740 994 ceterisque
1767 947 1936 982 contrariis

1205 1006 1478 1050 quibuscumque.

1248 1059 1263 1102 ἓ
1294 1058 1325 1092 5.
1353 1058 1506 1092 Volumus
1539 1061 1647 1090 autem
1679 1061 1715 1089 ut
1749 1054 1938 1088 earumdem

1205 1111 1424 1156 praesentium
1439 1110 1621 1144 litterarum
1638 1108 1869 1152 tramsumptis,
1882 1118 1940 1141 seu

1205 1165 1374 1208 exemplis,
1402 1164 1500 1197 etiam
1524 1162 1705 1206 impressis,
1725 1171 1821 1195 manu
1846 1160 1942 1194 alicu-

1206 1219 1255 1252 ius
1274 1218 1390 1252 notarii
1415 1217 1538 1262 publici
1559 1215 1761 1259 subscriptis,
1779 1219 1812 1248 et
1832 1213 1941 1257 sigillo

1205 1283 1366 1316 personae
1392 1272 1425 1304 in
1450 1269 1670 1304 ecclesiastica
1689 1268 1845 1312 dignitate
1868 1277 1944 1300 con-

1206 1326 1335 1359 stitutae
1365 1324 1519 1365 munitis,
1546 1323 1660 1356 eadem
1695 1331 1830 1366 prorsus
1862 1320 1943 1352 fides

1209 1384 1270 1412 tam
1288 1378 1319 1411 in
1338 1377 1457 1411 iudicio
1484 1387 1580 1421 quam
1602 1380 1692 1408 extra
1715 1374 1796 1408 illud
1821 1373 1942 1416 ubique

1208 1432 1354 1464 locorum
1379 1430 1548 1470 habeatur,
1563 1438 1646 1472 quae
1664 1428 1842 1460 haberetur
1861 1425 1942 1469 ipsis

1209 1483 1438 1528 praesentibus
1463 1482 1488 1515 si
1518 1482 1626 1515 forent
1651 1479 1813 1514 exhibitae
1838 1479 1887 1512 vel
1913 1488 1946 1512 o·

1210 1542 1350 1570 stensae.

1253 1590 1367 1623 Datum
1392 1590 1530 1629 Romae,
1556 1587 1640 1631 apud
1666 1587 1697 1620 S.
1724 1586 1851 1619 Mariam
1876 1585 1946 1618 Ma—

1211 1643 1323 1683 iorem,
1348 1643 1407 1675 sub
1433 1642 1551 1674 annulo
1577 1639 1764 1679 piscatoris,
1789 1638 1841 1671 die
1866 1647 1945 1671 xvui

1212 1695 1318 1728 martii
1343 1704 1507 1733 nncxcvn,
1531 1692 1740 1737 pontificatus
1764 1690 1867 1724 nostri
1893 1699 1947 1722 an-

1212 1759 1253 1781 no
1277 1758 1320 1781 vi.

1248 1810 1307 1837 Dat.
1325 1809 1368 1836 die
1388 1809 1422 1836 18
1441 1808 1533 1836 martii
1554 1808 1632 1843 1697,
1648 1806 1746 1843 pontif.
1763 1813 1836 1834 anno
1853 1812 1888 1833 vt.

2001 1064 2064 1085 Fides
2079 1066 2134 1084 trau-

1948 1093 2086 1118 comptorum.

1520 1924 1645 1959 CXLVI.

1216 1996 1436 2038 Consti-matur
1482 1996 1644 2028 decrelum
1686 1993 1951 2037 Conqreyaliouis

1258 2051 1479 2094 episcoporum
1493 2054 1521 2081 et
1536 2048 1741 2091 reqularium
1759 2047 1846 2079 circa
1860 2046 1952 2078 abro-

1259 2105 1423 2146 qationem
1448 2101 1659 2134 discretorum
1685 2098 1952 2142 Conyreyacionis

1260 2154 1432 2188 Doctrinae
1456 2154 1663 2188 Christianae
1687 2153 1719 2185 in
1746 2150 1892 2186 Gallr'a¹.

1390 2224 1591 2253 Innocentius
1612 2224 1689 2257 Papa
1707 2224 1773 2257 XII,

1358 2272 1393 2297 ad
1413 2270 1547 2297 futuram
1565 2268 1609 2296 rei
1628 2267 1809 2295 memoriam.

1262 2334 1277 2376 ς
1302 2333 1333 2365 1.
1357 2332 1442 2365 Alias
1469 2330 1629 2365 emanavit
1654 2341 1671 2363 a
1695 2329 1953 2372 Congregatione
1989 2335 2147 2358 munierat,-

1218 2385 1451 2420 venerabilium
1470 2385 1601 2417 fratrum
1619 2388 1802 2417 nostrorum
1819 2382 1850 2415 S.
1867 2381 1904 2414 R.
1916 2382 1951 2415 E.
1964 2365 2084 2412 {3223}ssss
2099 2368 2148 2416 pig:

1255 2485 1265 2510 1
1289 2482 1400 2510 Constit.
1421 2481 1485 2509 edit.
1506 2486 1630 2514 maciem,
1650 2479 1694 2507 die
1715 2479 1747 2506 16
1767 2479 1867 2512 martii,
1887 2487 1955 2516 pou-

1219 2529 1336 2555 tificatus
1355 2534 1389 2561 v,
1409 2530 1554 2562 praecepta
1584 2525 1634 2552 suit
1665 2525 1719 2551 vita
1739 2525 1908 2558 communis;
1928 2528 1957 2553 et

1219 2573 1245 2599 in
1264 2572 1371 2599 constit.
1393 2570 1458 2598 edit.
1479 2576 1632 2601 nbcxevni,
1652 2569 1696 2596 die
1715 2570 1730 2596 9
1750 2569 1866 2604 augusti,
1887 2578 1955 2605 pon-

1221 2617 1338 2643 tificatus
1362 2622 1419 2646 viil,
1440 2614 1528 2650 agitur
1548 2613 1580 2641 de
1600 2613 1756 2641 interventu
1775 2613 1955 2641 discretorum

443 2659 475 2693 in
501 2656 687 2702 praemissis
718 2666 777 2699 per
802 2663 1023 2698 quoscumque
1057 2652 1178 2686 iudices
1221 2661 1247 2687 iu
1268 2659 1401 2695 capitulis.
