2227 3225
89 256 140 284 An.
153 256 183 283 C.
206 253 273 283 ¹699

145 528 175 549 Re
178 529 196 548 sn
200 530 272 549 runtur

97 556 258 576 000511101115110

89 585 202 603 0101111530
215 589 272 603 mau-

88 610 141 631 dan.

875 254 1085 278 INNOCENTIUS
1111 255 1154 278 xtt
1178 255 1227 279 1²1³.

328 303 501 336 cessionem
532 304 677 346 fratrum
709 303 958 336 coniunctorum
994 304 1028 335 in

323 355 562 400 prioraeibus⁴.

462 420 659 446 Innocentius
681 420 760 453 Papa
779 420 831 446 XlI
844 441 850 452 ,

425 466 462 492 ad
482 465 618 492 futuram
638 465 683 491 rei
703 465 890 492 memoriam.

326 518 341 562 ξ
362 519 393 551 1.
418 519 540 561 Exponi
556 518 649 551 nobis
667 530 772 562 1111ρο1·
797 519 873 552 fecit
887 519 1026 552 dilectus

283 571 368 605 silius
395 573 608 615 Hieronymus
626 572 1029 654 8011011ος11·1101·0>1[1105-

284 636 318 659 se
343 626 512 669 professus
539 626 725 668 [1101100100
759 626 790 659 S.
820 626 948 659 loannis
975 626 1029 658 Ba·

284 679 404 722 ptistae
432 679 463 711 in
489 689 592 721 reguo
619 679 768 712 Pcruano
787 679 917 711 Ordinis
935 678 1029 710 Prae-

286 732 480 770 dicatorum,
506 732 592 775 quod
631 732 717 773 (cum
755 731 895 764 dilectus
930 731 1027 763 etiam

285 785 372 818 silius
398 786 535 819 Didacus
556 785 692 818 Moratto
710 785 801 828 prior
819 784 1027 827 provincialis

286 838 392 872 dictae
429 838 637 881 provinciae,
672 838 705 870 in
734 838 914 870 novissimo
940 837 1027 870 illius

285 891 429 935 capitulo
439 891 632 934 provinciali
645 891 696 924 die
710 901 782 924 xxiv
793 891 862 924 iulii
874 901 1027 924 iincxcvu

286 945 462 985 celebrato,
478 945 517 978 ad
544 945 685 978 officium
701 945 822 989 prioris
849 944 1028 988 provincia-

286 998 325 1031 lis
352 999 540 1032 huiusmodi
578 998 712 1038 electus,
738 998 874 1041 eiusque
911 1008 1028 1041 procu-

287 1056 378 1085 rator
414 1052 453 1085 ad
487 1052 572 1084 hanc
604 1052 719 1084 almam
747 1051 864 1084 Urbem
890 1051 1025 1091 missus,

287 1105 375 1137 varia
400 1104 537 1138 consilia
562 1110 594 1138 et
619 1111 755 1137 conatus
780 1104 1030 1143 meditarentur,

287 1163 324 1190 ut
348 1158 450 1201 ipsius
475 1158 584 1191 Didaci
611 1158 725 1190 fratres
757 1158 936 1190 secundum
962 1168 1030 1190 car-

288 1221 363 1244 nem
390 1211 466 1244 dicti
492 1211 622 1244 Ordinis
655 1211 860 1254 professores
893 1211 931 1243 ad
958 1220 1029 1243 suc-

289 1264 473 1298 cedendum
500 1265 528 1298 ei
556 1265 588 1297 in
614 1264 701 1297 dicto
726 1263 834 1297 osticio
862 1263 1028 1296 habilitari

289 1319 498 1358 obtinerent;
530 1319 600 1362 ipse
631 1328 708 1351 vero
733 1319 963 1362 Hieronymus,
991 1318 1028 1350 ad

289 1373 438 1406 eamdem
463 1372 593 1413 Urbem,
616 1377 651 1404 ut
670 1372 801 1406 illorum
820 1373 955 1405 consilia
973 1373 1031 1404 hu-

288 1426 429 1460 iusmodi
455 1426 661 1470 praeveniret
677 1427 801 1469 pariter
826 1425 955 1466 missus,
974 1436 1032 1459 no-

288 1481 339 1514 bis
371 1480 608 1524 supplicasset,
634 1485 689 1519 ut,
716 1490 780 1524 quo
814 1480 1032 1513 inordinatio-

288 1533 404 1566 nibus’
428 1544 510 1577 quae
536 1533 568 1566 in
594 1533 742 1576 proximo
768 1538 800 1566 et
824 1534 894 1566 aliis
920 1534 1033 1566 subse-

289 1586 412 1619 cuturis
437 1586 654 1619 electionibus
681 1585 829 1629 priorum
851 1585 1033 1629 provincia-

288 1639 368 1673 lium
393 1639 580 1682 provinciae
619 1639 807 1682 praedictae
838 1639 1032 1682 praesertim

290 1703 328 1726 ex
367 1694 540 1735 praetensa
577 1692 806 1725 habilitatione
845 1693 1032 1725 huiusmodi

291 1745 370 1778 oriri
395 1751 547 1789 poterant
568 1751 808 1785 occurreretur,
829 1746 1034 1779 constitutio-

290 1808 350 1831 nes
362 1798 521 1841 praedicti
539 1798 679 1837 Ordinis,
700 1809 758 1841 per
776 1809 857 1842 quas
879 1809 1032 1842 expresse

290 1852 460 1895 prohiberi
487 1851 604 1884 dicitur
621 1862 662 1884 ne
684 1851 782 1884 frater
807 1852 898 1884 fratri
924 1861 1034 1884 secun-

291 1905 368 1938 dum
392 1915 525 1938 carnem
561 1904 593 1937 in
627 1904 744 1938 eodem
779 1905 1034 1948 provincialatus

291 1963 345 1990 aut
370 1959 536 2001 prioratus
561 1957 669 1991 osticio
700 1957 888 1991 immediate
924 1968 1034 1991 succe-

292 2011 371 2045 dere
406 2012 524 2052 valeat,
552 2012 686 2044 omnino
723 2012 886 2044 observari
914 2012 1033 2044 debere

293 2063 564 2104 decerneremus,
590 2075 717 2107 nosque
738 2065 921 2108 supplicem
940 2065 1034 2098 libel-

291 2117 361 2150 lum
380 2117 475 2150 nobis
497 2128 598 2161 super
616 2118 678 2150 hoc
698 2125 886 2161 porrectum
906 2118 944 2150 ad
957 2118 1034 2151 Con-

293 2171 521 2213 gregationem
566 2171 849 2214 infrascriptorum
887 2171 1034 2204 cardina-

291 2223 372 2256 lium
413 2223 674 2266 remisissemus)
711 2224 781 2267 ipsa
820 2224 1033 2267 Congregatio

293 2277 508 2311 cardinalium
530 2278 651 2310 dilecto
671 2278 768 2311 etiam
785 2277 852 2311 silio
877 2278 1034 2320 magistro

293 2331 439 2373 generali
477 2331 554 2364 dicti
591 2331 721 2364 Ordinis
764 2331 936 2374 rescripsit
976 2341 1035 2374 pro

330 2437 341 2462 1
365 2437 401 2464 De
420 2437 580 2464 reductione
601 2437 791 2472 magistrorum
813 2437 865 2464 vid.
888 2441 974 2464 const.
991 2437 1034 2464 ed.

294 2487 411 2513 uncxcv,
432 2481 476 2509 die
501 2482 535 2508 22
561 2481 738 2516 septembris,
767 2482 863 2517 pontif.
885 2490 918 2514 v;
948 2485 975 2509 et
1001 2482 1035 2508 de

295 2525 472 2552 transtatione
492 2526 655 2552 cadaverum
676 2534 724 2560 pro
745 2526 797 2552 hac
818 2526 956 2561 prouincia
974 2526 1036 2552 vide

295 2569 439 2597 Clementis
458 2569 489 2598 XI
510 2571 616 2598 constit.
645 2571 689 2598 ed.
711 2577 836 2605 unccxvt,
858 2571 902 2598 die
922 2570 937 2597 3
957 2570 1034 2605 iunii,

295 2614 389 2649 pontif.
409 2621 468 2641 xv1.

331 2659 347 2686 2
357 2658 424 2688 Male
439 2660 483 2687 ed.
495 2659 574 2689 main.
585 2661 639 2697 leg.
651 2661 683 2690 in
695 2661 931 2690 ordinationibus
942 2661 1035 2697 (111),

1073 304 1261 336 omnimoda
1286 304 1491 336 observantia
1517 306 1724 338 decretorum
1756 318 1808 340 ca-

1072 357 1248 399 pitulorum
1269 356 1470 398 generalium
1496 363 1558 389 tam
1576 359 1608 390 in
1627 359 1807 391 imminenti

1072 420 1168 451 quani
1204 409 1234 441 iu
1262 409 1333 441 aliis
1365 409 1394 441 in
1432 410 1574 443 futurum
1612 413 1807 454 peragendis

1072 462 1298 495 electionibus.

1115 518 1129 558 ,ξ
1155 515 1174 547 ⁶)
1214 516 1291 548 (lum
1318 522 1436 556 ’101οη1,
1464 516 1547 549 sicut
1572 517 1688 549 eadem
1714 528 1811 560 expo-

1071 569 1144 602 sitio
1171 569 1406 611 501)111119;01)11
1435 575 1469 601 ut
1495 580 1642 603 conserui
1646 570 1736 602 1110111
1763 581 1811 603 re-

1072 622 1192 664 guli-uis
1231 622 1278 654 111
1266 623 1421 665 ciplinic
1458 623 1488 654 in
1526 623 1610 655 ‹tici-*1
1644 624 1811 666 [1101100111

1072 676 1274 719 peramplius
1302 678 1483 709 consultum
1510 678 1562 715 sit,
1595 688 1660 710 non
1687 682 1811 710 tantum

1071 730 1269 772 generaliter
1301 730 1466 763 decretum
1504 731 1723 773 capitulorum
1759 741 1812 773 ge-

1071 783 1227 815 neralium
1256 783 1454 823 huiusmodi,
1480 785 1535 817 sed
1571 785 1704 828 iusuper
1741 795 1814 827 spe-

1071 836 1198 868 cialiter
1223 847 1333 869 earum
1360 837 1629 871 constitutionum
1650 848 1705 869 seu
1726 837 1813 870 ordi-

1070 890 1249 929 nationum,
1278 902 1337 933 per
1361 902 1440 935 quas
1467 892 1656 935 disponitur
1688 897 1723 924 ut
1748 902 1813 924 non

1071 943 1175 975 solum
1202 943 1315 976 fratres
1337 945 1512 977 secundum
1533 955 1674 984 carnem,
1700 954 1814 976 verum

1072 996 1166 1029 etiam
1193 998 1247 1030 alii
1274 997 1469 1041 quicumque
1489 999 1592 1041 primo
1615 1004 1646 1030 et
1671 998 1813 1031 secundo

1071 1051 1367 1092 consanguinitatis
1393 1052 1442 1084 vel
1461 1052 1626 1084 affinitatis
1652 1051 1752 1093 gradu
1771 1052 1814 1083 in-

1072 1109 1123 1136 ter
1147 1113 1181 1136 se
1207 1103 1371 1136 coniuncti
1397 1115 1454 1136 seu
1479 1114 1511 1137 50
1538 1105 1724 1140 attinentes„
1751 1104 1813 1137 sibi

1072 1157 1209 1190 invicem
1249 1157 1281 1190 in
1307 1158 1503 1200 prioratibus
1536 1158 1602 1191 sive
1631 1158 1814 1200 provincia-

1073 1210 1157 1243 libus
1202 1211 1267 1243 sive
1315 1212 1585 1244 conventualibus
1626 1211 1813 1244 immediate

1072 1265 1248 1298 succedere
1285 1271 1463 1308 nequeant,
1501 1266 1741 1298 observantiam
1782 1266 1814 1298 in

1073 1318 1239 1361 provincia
1266 1318 1452 1352 huiusmodi
1470 1319 1659 1352 demandari
1678 1329 1814 1351 necesse

1074 1373 1137 1413 sit,
1174 1377 1296 1405 attento
1333 1372 1527 1415 praesertim
1565 1373 1650 1416 quod
1688 1373 1815 1415 priores

1074 1427 1291 1470 provinciales
1318 1426 1423 1458 dictae
1450 1426 1639 1468 provinciae
1663 1437 1720 1469 pro
1739 1433 1816 1459 tem-

1074 1490 1153 1523 pore
1178 1480 1284 1519 electi,
1310 1490 1345 1512 ex
1373 1479 1545 1522 privilegio
1571 1490 1588 1512 a
1613 1480 1696 1512 Sede
1715 1480 1816 1522 Apos-

1075 1533 1185 1571 tolicai,
1212 1538 1244 1565 ut
1269 1532 1435 1571 asseritur,
1463 1543 1632 1572 concesso,
1660 1538 1734 1564 ante
1758 1532 1816 1565 ob-

1076 1592 1198 1619 tentam
1238 1586 1519 1619 confirmationem
1564 1586 1735 1618 electionis
1776 1586 1816 1619 de

1075 1640 1223 1683 ipsorum
1250 1639 1400 1683 personis
1426 1640 1541 1679 sactae,
1561 1639 1664 1683 ipsam
1686 1640 1818 1682 provin-

1075 1693 1156 1726 ciam
1181 1693 1288 1726 statim
1315 1693 1497 1735 gubernare
1522 1693 1693 1735 incipiant,
1721 1693 1818 1726 adeo-

1076 1757 1150 1789 que,
1168 1757 1240 1779 cum
1258 1747 1386 1779 litterae
1404 1757 1464 1789 pro
1485 1752 1631 1788 tempore
1651 1746 1818 1779 existentis

1076 1799 1224 1842 magistri
1249 1799 1412 1841 generalis
1437 1798 1567 1831 Ordinis
1592 1799 1751 1842 praedicti
1770 1810 1817 1832 su-

1076 1863 1137 1896 per
1172 1852 1422 1885 confirmatione
1459 1852 1648 1885 huiusmodi
1687 1852 1816 1885 nonnisi

1077 1906 1247 1949 postduos
1264 1917 1368 1939 annos
1395 1917 1411 1939 a
1429 1911 1576 1949 tempore
1601 1912 1730 1939 secutae
1752 1907 1818 1939 ele-

1077 1958 1194 1991 ctionis
1220 1959 1374 1992 decursos
1401 1959 1480 1991 illuc
1513 1959 1714 2002 perveniant,
1746 1960 1818 1992 nul-

1077 2014 1143 2045 lum
1168 2012 1262 2045 malis
1278 2039 1285 2052 ,
1311 2023 1393 2055 quae
1420 2012 1482 2044 hoc
1507 2012 1703 2045 intermedio
1739 2018 1818 2046 tem-

1077 2076 1157 2109 pore
1177 2076 1213 2098 ex
1233 2065 1431 2098 immediatis
1453 2066 1586 2098 fratrum
1604 2068 1654 2099 vel
1677 2067 1817 2100 alioruin

1078 2119 1399 2162 consanguineorum
1431 2125 1486 2152 aut
1516 2119 1661 2152 affinium
1691 2131 1818 2154 succes-

1077 2173 1225 2206 sionibus
1250 2173 1438 2205 huiusmodi
1457 2172 1536 2206 oriri
1557 2179 1699 2216 possunt,
1719 2185 1820 2207 reme—

1078 2227 1166 2259 dium
1192 2227 1231 2259 ab
1258 2226 1330 2269 ipso
1356 2226 1513 2269 magistro
1550 2227 1696 2269 generali
1732 2228 1819 2260 adhi-

1077 2280 1145 2313 beri
1167 2280 1286 2322 possit·,
1317 2290 1354 2312 ac
1378 2281 1519 2323 proinde
1541 2281 1677 2314 dilectus
1697 2282 1820 2324 pariter

1078 2333 1162 2366 filius
1208 2333 1385 2365 modernus
1425 2339 1617 2376 procurator
1656 2335 1820 2376 generalis

1079 2386 1154 2419 dicti
1179 2385 1309 2418 Ordinis
1335 2391 1531 2419 memoratas
1566 2387 1819 2420 constitutiones

1078 2449 1135 2472 seu
1168 2438 1404 2479 ordinationes,
1440 2450 1532 2482 quas,
1568 2445 1603 2471 ut
1640 2439 1690 2471 his
1727 2440 1820 2472 malis

1078 2497 1266 2525 occurratur
1298 2497 1330 2525 et
1354 2492 1499 2534 regulari
1525 2492 1719 2534 disciplinae
1745 2503 1821 2535 pro-

1079 2550 1224 2588 spectum
1238 2545 1289 2584 sit,
1306 2545 1339 2578 in
1357 2545 1443 2578 dicta
1459 2545 1627 2588 provincia
1643 2545 1820 2585 observari,

1079 2599 1161 2632 sicut
1186 2599 1418 2643 praemittitur,
1444 2609 1578 2632 necesse
1612 2604 1667 2638 est,
1697 2610 1733 2632 ex
1771 2599 1818 2631 di-

1079 2653 1182 2688 versis
1199 2653 1349 2697 capitulis
1367 2652 1576 2696 generalibus
1590 2651 1718 2686 Ordinis
1731 2662 1820 2695 prae-

1709 247 1773 282 907
1819 258 1868 285 An.
1885 258 1914 285 c.
1936 259 2003 286 1099

1917 538 1966 557 <ap
1958 532 2007 551 ’11111

1824 559 1837 577 11
1852 565 1907 577 -1011
1923 560 2007 578 111“·,1
