2227 3225
158 251 208 278 Αη.
229 251 258 279 C.
277 251 342 279 1697

158 314 257 336 nimuh-ui,
268 319 291 333 ac,
306 319 340 332 su-

158 346 195 364 per
219 346 243 359 ca
268 340 340 359 ιΙι-ιϊιι-

159 369 200 385 lum
223 367 339 388 liturgica-1·

159 395 179 412 ιιι
189 398 221 412 n:-
245 398 281 418 pru
297 397 340 416 pll-

158 424 204 439 uns.

207 1793 342 1814 cnnssrmano

158 1820 220 1841 ulau
234 1821 323 1841 itt-eron.

927 250 1136 274 tNNOCRNTttts
1162 251 1206 275 ΧΠ
1231 251 1279 275 ΡΡ.

351 299 560 332 cardinalium
582 299 723 342 negotiis
742 303 774 332 et
791 298 1083 331 consultationibus

351 351 578 395 episcoporum
605 357 636 384 et
660 351 858 395 regularium
884 351 1081 394 praeposita,

350 404 381 437 in
407 406 502 437 eausa
527 404 743 438 Avenioncnsi
777 404 861 437 inter
889 404 1025 437 dilectos
1049 402 1085 434 si-

349 457 411 490 lios
425 457 600 500 Iosephuin
616 457 755 490 Bellisen
777 463 1018 500 procuratorem
1035 467 1085 499 ge-

349 511 495 543 neralem
520 509 790 553 Congregatioms
808 510 978 543 Doctrinae
997 509 1085 542 Chri-

349 562 472 596 stianae
500 563 531 596 in
557 563 659 596 Gallia
677 591 684 604 ,
710 574 746 596 ex
775 566 838 596 una
855 589 862 603 ,
888 568 920 595 et
958 563 1081 595 discre-

350 621 401 649 tos
437 622 469 650 et
505 617 585 650 alios
625 617 841 660 particulares
876 616 1084 659 presbyteros

350 669 495 703 eiusdem
521 669 800 712 congregationis,
826 679 861 702 ex
887 670 989 701 altera
1014 678 1086 711 par-

350 722 447 762 tibus,
464 728 621 762 vertente,
640 723 806 755 decretum
828 722 949 755 tenoris
966 721 1019 764 qui
1037 731 1086 753 se-

350 775 468 818 quitur,
486 775 657 809 videlicet:
679 788 691 807 α
710 776 741 808 ln
757 777 852 808 causa
869 774 1083 807 Avenionensi

351 833 498 861 vertente
524 828 609 862 inter
640 834 767 872 patrem
793 828 966 871 losephum
992 827 1086 860 Belli—

350 891 420 921 sen,
439 887 685 925 procuratorem
701 882 885 924 generalem
902 880 1085 923 Congrega-

351 934 447 967 tionis
472 934 644 967 Doctrinae
670 934 872 967 Christianae
905 933 938 966 in
963 933 1081 973 Gallia,

349 997 385 1019 ex
411 988 486 1027 una,
504 993 535 1020 et
559 992 666 1030 patres
692 986 848 1020 discretos
867 992 898 1019 et
915 986 995 1019 alios
1012 996 1085 1029 par-

351 1040 501 1073 ticulares
533 1040 740 1084 presbyteros
771 1040 915 1073 eiusdem
945 1039 1086 1082 Congre-

351 1093 501 1135 gationis,
528 1094 675 1137 partibus
701 1103 736 1126 ex
763 1094 882 1133 altera,
900 1103 990 1126 sacra
1007 1092 1086 1125 Con-

352 1147 499 1189 fflgatio
525 1146 854 1180 eminentissimorum
880 1152 912 1179 et
936 1156 1085 1179 reveren-

352 1200 559 1233 dissimorum
589 1200 620 1233 S.
653 1200 689 1232 R.
720 1200 754 1232 E.
787 1200 997 1233 cardinalium
1022 1210 1082 1232 ne-

351 1253 446 1293 gotiis
470 1259 502 1286 et
526 1253 820 1286 consultationibus
856 1252 1085 1296 episcoporum

352 1313 378 1338 ..τ
403 1306 604 1349 regularium
630 1307 827 1350 praeposita,
843 1307 988 1350 partibus
1007 1306 1085 1350 ipsis

351 1359 480 1400 auditis,
505 1360 667 1393 referente
693 1359 953 1392 eminentissimo
978 1359 1086 1401 Carpi-

352 1424 413 1446 neo
428 1412 572 1446 eiusdem
587 1422 696 1446 sacrae
711 1412 980 1455 Congregationis
996 1423 1086 1456 prae-

352 1466 435 1499 fecto
451 1492 458 1506 ‚
484 1465 614 1498 censuit
638 1470 669 1498 et
693 1465 886 1505 declaravit,
920 1465 1085 1498 decretum

350 1518 483 1562 capituli
502 1518 666 1562 generalis
683 1529 781 1562 super
793 1518 1003 1561 abrogatione
1021 1518 1086 1552 dis-

351 1577 514 1605 cretorum
560 1581 625 1604 non
670 1571 837 1604 sustineri.
877 1572 998 1605 Romae
1028 1582 1086 1605 xxv

350 1624 427 1658 maii
464 1634 617 1659 nncxcvl.
642 1643 686 1648 -
710 1624 747 1657 G.
774 1624 950 1658 cardinalis
975 1625 1086 1659 (Ἀκρι-

349 1687 440 1712 NEUS.
467 1677 546 1711 Loco
569 1680 592 1719 †
616 1677 736 1720 siqilli.
764 1678 800 1710 Λ.
824 1677 1086 1722 archiepiscopus

352 1731 552 1764 Athenarum
577 1730 771 1763 secretarius
786 1743 816 1763 n.

395 1784 410 1827 ἓ
433 1783 465 1816 2.
492 1783 569 1816 Cum
595 1789 712 1823 autem,
731 1783 814 1816 sicut
838 1794 897 1827 pro
923 1789 1015 1828 parte
1040 1784 1087 1817 di-

352 1841 479 1869 ctorum
515 1835 726 1869 discretorum
762 1847 796 1868 ac
828 1837 963 1870 aliorum
989 1838 1088 1880 parti-

352 1889 512 1922 cularium
551 1888 817 1932 presbyterorum
854 1890 947 1923 nobis
984 1901 1088 1934 nuper

352 1942 531 1986 expositum
551 1941 617 1981 fuit,
636 1941 697 1985 ipsi
712 1942 878 1976 decretum
894 1943 1086 1983 huiusmodi,

352 2006 417 2039 quo
435 1995 559 2029 firmius
576 1995 739 2035 subsistat,
758 1996 958 2039 apostolicae
975 1998 1088 2030 contir-

351 2049 503 2083 mationis
527 2055 656 2083 nostrae
688 2050 870 2093 patrocinio
894 2052 1086 2084 communiri

350 2102 524 2147 plurimum
542 2102 767 2136 desiderent¹t
795 2113 862 2144 nos,
883 2104 967 2146 ipsos
992 2115 1088 2148 expo-

351 2161 466 2190 nentes
502 2155 700 2199 specialibus
727 2156 888 2189 t'avoribus
921 2163 952 2189 et
976 2158 1087 2200 gratiis

350 2209 506 2253 prosequi
532 2210 694 2249 volentes,
715 2216 746 2242 et
771 2221 885 2243 eorum
906 2211 1087 2253 singulares

350 2272 507 2305 personas
521 2272 538 2295 a
551 2261 718 2305 quibusvis
732 2263 1087 2304 excommunicatiouis,

350 2314 576 2358 suspensionis
605 2320 636 2348 et
661 2315 843 2355 interdicti,
869 2315 1004 2359 aliisque
1031 2327 1085 2349 ec-

350 2367 539 2401 clesiasticis
554 2368 736 2408 sententiis,
755 2368 899 2400 censuris
914 2374 945 2400 et
962 2369 1087 2412 poenis,

351 2431 367 2453 a
393 2420 462 2453 iure
480 2421 529 2454 vel
555 2421 595 2453 ab
619 2420 766 2459 homine,
786 2421 898 2464 quavis
919 2422 1088 2456 occasione

351 2473 401 2505 vel
426 2475 520 2506 causa
543 2472 626 2510 latis,
650 2473 676 2505 si
702 2474 818 2517 quibus
843 2474 1091 2516 quomodolibet

352 2526 524 2559 innodatae
555 2527 719 2568 existunt,
752 2528 791 2560 ad
822 2527 970 2560 efl'eetum
996 2539 1090 2571 prae-

351 2579 489 2612 sentium
504 2579 668 2613 dumtaxat
684 2581 963 2624 conseqiaiuluru,
976 2581 1089 2614 harum

390 2642 400 2667 1
424 2640 493 2667 Edit,
511 2640 578 2667 Μαίη
607 2642 669 2678 legit
690 2643 829 2671 desideret
848 2645 887 2679 (¹¹.
907 2644 955 2679 T).

1753 241 1809 275 781

1126 299 1210 331 serie
1229 298 1436 331 absolventes
1460 303 1492 331 et
1516 299 1678 331 absolutas
1697 299 1764 331 sore
1786 309 1863 331 cen-

1126 356 1256 392 sentes,
1281 350 1575 394 supplicationibus
1594 362 1704 383 eorum
1730 351 1862 384 nomine

1126 404 1220 437 nobis
1237 414 1338 448 super
1362 404 1425 437 hoc
1445 403 1613 436 humiliter
1634 404 1791 446 porrectis
1817 403 1864 435 in-

1127 457 1236 490 clinati
1255 484 1262 498 ,
1288 457 1452 490 decretum
1477 456 1729 500 praeinsertum,
1756 461 1864 488 aucto-

1126 510 1222 544 ritate
1247 510 1435 554 apostolica,
1471 515 1586 544 tenore
1623 510 1864 553 praesentium,

1127 563 1356 597 confirmamus
1381 569 1413 597 et
1437 564 1665 608 approbamus,
1684 563 1798 606 illique
1821 561 1866 594 in-

1127 615 1289 649 violabilis
1328 616 1526 659 apostolicae
1566 615 1728 649 firmitatis
1767 615 1866 648 robur

1128 668 1313 702 adjicimus:
1331 669 1416 702 salva
1438 674 1546 702 tamen
1567 678 1697 712 semper
1713 667 1746 700 in
1771 677 1866 710 prae-

1129 721 1233 754 missis
1251 722 1444 755 auctoritate
1466 727 1663 755 memoratae
1684 721 1864 764 Congrega-

1129 774 1223 807 tionis
1249 775 1473 808 cardinalium.

1171 828 1186 871 ἓ
1210 827 1242 861 3.
1269 827 1504 869 Decernentes,
1523 827 1654 861 easdem
1668 833 1862 871 praesentes

1128 880 1249 914 litteras
1274 891 1401 924 semper
1418 880 1537 921 firmas,
1555 880 1676 914 validas
1703 885 1736 913 et
1759 879 1864 913 effica-

1128 944 1182 967 ces
1208 934 1348 967 existere
1373 939 1405 967 et
1429 933 1511 975 sore,
1531 944 1673 977 suosque
1698 932 1863 977 plenarios

1129 991 1161 1019 et
1184 987 1327 1030 integros
1354 985 1486 1020 etl'ectus
1512 986 1621 1020 sortiri
1647 991 1678 1019 et
1703 986 1862 1026 obtinere,

1128 1051 1165 1074 ac
1182 1041 1259 1080 illis,
1280 1041 1319 1073 ad
1341 1050 1421 1084 quos
1442 1046 1569 1084 spectat
1586 1045 1617 1074 et.
1636 1051 1696 1084 pro
1717 1045 1864 1084 tempore

1129 1095 1402 1138 quandocumque
1450 1094 1609 1138 spectabit
1628 1121 1635 1135 ‚
1675 1094 1866 1138 plenissime

1129 1147 1307 1190 suffragari,
1329 1152 1360 1180 et
1379 1148 1419 1180 ab
1445 1147 1508 1181 illis
1533 1147 1713 1191 respective
1736 1146 1868 1180 inviola-

1129 1200 1238 1233 biliter
1262 1199 1450 1239 observari,
1477 1200 1588 1243 sicque
1622 1199 1653 1232 in
1680 1199 1867 1242 praemissis

1129 1263 1189 1296 per
1213 1263 1436 1296 quoscumque
1469 1253 1592 1286 iudices
1626 1252 1808 1286 ordinarios
1836 1257 1868 1285 et

1129 1308 1306 1350 delegatos,
1335 1307 1429 1340 ctiam
1455 1318 1623 1340 causarum
1649 1307 1759 1350 palatii
1789 1317 1867 1350 apo-

1129 1360 1233 1393 stolici
1260 1360 1435 1400 auditores,
1455 1360 1591 1393 iudicari
1611 1365 1642 1392 et
1660 1359 1790 1392 definiri
1817 1360 1868 1392 de-

1129 1413 1220 1453 bere,
1248 1423 1284 1445 ac
1309 1413 1436 1445 irritum
1455 1418 1488 1446 et
1512 1412 1620 1453 inane,
1648 1413 1673 1445 si
1699 1422 1792 1445 secus
1817 1421 1868 1444 su-

1128 1477 1187 1510 per
1212 1467 1264 1500 his
1284 1478 1301 1500 a
1326 1477 1504 1510 quoquam,
1532 1466 1643 1509 quavis
1661 1466 1866 1505 auctoritate,

1128 1520 1270 1553 scienter
1304 1520 1353 1553 vel
1385 1519 1597 1563 ignoranter,
1621 1518 1798 1561 contigerit
1823 1524 1869 1551 at-

1130 1573 1257 1606 tentari.
1271 1572 1341 1606 Non
1356 1572 1564 1605 [distantibus
1579 1571 1868 1605 constitutionibus

1129 1632 1160 1660 et
1187 1626 1450 1660 ordinationibus
1475 1625 1664 1669 apostolicis
1680 1653 1687 1666 ,
1711 1636 1768 1665 ac,
1792 1635 1870 1668 qua-

1130 1684 1222 1712 tenus
1255 1689 1338 1722 opus
1371 1679 1436 1719 sit,
1462 1678 1566 1712 dictae
1602 1677 1870 1721 Congregationis

1129 1731 1301 1765 Doctrinae
1319 1731 1531 1771 Christianae,
1549 1731 1645 1764 etiam
1671 1730 1869 1770 iuramento,

1129 1784 1376 1818 confirmatione
1402 1785 1591 1828 apostolica,
1613 1785 1664 1817 vel
1683 1784 1796 1827 quavis
1817 1783 1870 1816 fir-

1129 1838 1241 1871 mitate
1258 1839 1320 1871 alia
1341 1838 1516 1877 roboratis,
1537 1837 1666 1870 statutis
1687 1842 1719 1870 et
1735 1847 1871 1870 consue-

1131 1891 1320 1931 tudinibus,
1346 1891 1526 1934 privilegiis
1560 1901 1700 1934 quoque,
1734 1890 1870 1923 indultis

1130 1950 1161 1978 et
1179 1944 1296 1978 litteris
1310 1944 1499 1987 apostolicis
1514 1944 1546 1976 in
1562 1943 1761 1976 contrarium
1781 1954 1871 1986 prae-

1131 1998 1300 2030 missorum
1327 1997 1577 2040 quomodolibet
1604 1996 1778 2035 concessis,
1797 2007 1870 2029 con-

1131 2050 1263 2083 firmatis
1284 2056 1315 2084 et
1336 2050 1515 2090 innovatis;
1535 2050 1653 2094 quihus
1670 2050 1822 2083 omnibus
1840 2056 1869 2082 et

1130 2104 1287 2147 singulis,
1314 2103 1444 2137 illorum
1481 2109 1610 2136 tenores
1646 2103 1870 2146 praesentibus

1131 2168 1189 2200 pro
1220 2158 1316 2200 plene
1350 2162 1381 2189 et
1404 2155 1601 2189 sufficienter
1636 2157 1800 2199 expressis
1833 2168 1870 2189 ac

1130 2211 1168 2243 ad
1195 2210 1327 2243 verbum
1348 2209 1480 2242 insertis
1502 2210 1674 2250 habentes,
1695 2209 1759 2242 illis
1791 2210 1869 2242 alias

1130 2263 1162 2295 in
1187 2273 1246 2296 suo
1270 2264 1391 2296 robore
1427 2263 1672 2306 permansuris,
1703 2263 1741 2294 ad
1776 2273 1870 2305 prac-

1129 2316 1305 2349 missorum
1333 2316 1503 2356 effectum,
1531 2316 1590 2348 hac
1609 2315 1676 2348 vice
1696 2316 1868 2354 dumtaxat,

1130 2369 1317 2412 specialiter
1334 2374 1364 2402 et
1382 2379 1536 2412 expresse
1562 2369 1769 2410 derogamus;
1788 2374 1869 2401 cete-

1130 2422 1238 2465 risque
1257 2422 1429 2455 contrariis
1451 2422 1720 2464 quibuscumque.

1173 2476 1288 2508 Datum
1314 2475 1445 2515 Romae,
1465 2475 1551 2519 apud
1569 2474 1598 2507 S.
1622 2474 1752 2506 Mariam
1773 2474 1868 2507 Maio-

1132 2539 1208 2568 rem,
1223 2529 1282 2561 suh
1296 2529 1419 2561 annulo
1435 2528 1620 2567 piscatoris,
1635 2527 1686 2560 die
1701 2537 1775 2560 xxut
1791 2538 1869 2560 mar-

1132 2582 1165 2614 tii
1184 2591 1347 2622 Mocxcvu,
1366 2581 1575 2625 pontificatus
1594 2580 1697 2614 nostri
1716 2591 1802 2613 anuo
1822 2591 1864 2614 vl.

1167 2644 1222 2671 Dat.
1246 2644 1289 2672 die
1309 2645 1343 2671 22
1365 2644 1451 2671 martii
1478 2644 1553 2675 ἱΓιέΓῖ,
1575 2643 1662 2677 pontif
1687 2652 1756 2669 anuo
1777 2650 1812 2668 Η.

1863 250 1913 277 An.
1934 250 1961 276 C.
1982 250 2046 276 1007

1902 841 2017 860 (Hausulae.
