2227 3225
123 231 171 258 An.
192 230 221 259 C.
239 231 306 260 ¹695

135 398 241 420 Plurimae
253 404 304 418 eau-

121 431 158 446 uac
173 428 305 446 statutorum.

892 229 1101 254 JNNOCENTIPS
1125 229 1143 252 X
1150 229 1171 252 Π
1195 228 1243 252 Pi*-

316 291 390 315 cere
414 291 480 314 non
498 285 635 314 recusat.
655 279 756 318 Quem
774 289 849 311 sane
871 278 953 311 Deus
967 278 1055 311 adiu-

316 339 369 367 vet
393 334 426 367 in
450 337 513 367 tam
539 338 652 366 sancto
678 333 859 376 proposito.

359 399 373 419 »
406 387 442 420 In
475 387 611 430 primis,
645 397 717 419 cum
755 385 850 419 nobis
882 385 1053 429 praecipue

316 439 482 473 incumbat
518 439 673 482 pristinos
709 449 819 472 mores
852 444 883 472 et
907 438 1054 480 antiquas

317 493 418 535 leges,
446 492 562 536 quibus
586 492 672 525 Ordo
690 492 910 525 Glunaciensis
936 491 1055 523 tamdiu

316 545 436 585 floruit,
457 556 626 586 renovare,
647 551 678 578 et
696 545 726 577 in
741 549 895 588 quantum
913 544 945 576 in
963 543 1056 576 nobis

316 598 378 632 erit
411 599 584 632 restituere
602 625 609 638 ,
654 598 880 641 inquisivimus
923 608 1054 637 causas,

316 651 435 696 quibus
461 652 637 696 disciplina
657 651 816 694 regularis
841 657 894 684 aut
914 652 1056 694 collapsa

316 711 373 738 aut
397 706 588 739 labefactata
607 706 674 746 fuit,
687 710 733 745 ut,
748 705 786 738 iis
813 705 1055 748 cognitis‚radi-

315 769 369 792 ces
389 760 559 799 malorum,
582 770 664 802 quae
690 759 812 791 sensim
837 759 1055 801 irrepserunt,

316 819 518 856 amputemus
545 817 577 846 et
602 822 799 845 resecemus.
822 811 905 844 Sane
927 811 1057 853 agnovi-

315 876 387 899 mus
425 866 603 899 faciliorem
630 871 663 899 et
698 865 958 908 frequentiorem
993 870 1057 897 tam

315 919 546 962 religiosorum
576 918 827 952 Mendicantium
853 929 946 961 quam
972 924 1058 951 cete-

316 982 428 1005 rorum
454 972 609 1005 Ordinum
636 972 818 1014 ingressum
841 972 966 1005 alienos
992 982 1059 1004 mo-

317 1036 370 1058 res
384 1026 462 1058 etin
478 1025 597 1059 Ordine
612 1031 725 1058 nostro
744 1025 916 1065 invexisse,
931 1036 1057 1058 necnon

317 1079 481 1113 licentiam
507 1085 540 1112 et
564 1080 758 1119 facultatem,
785 1090 878 1122 quam
905 1078 1057 1123 quidam¹

318 1132 404 1165 inter
421 1133 553 1166 abbates
571 1139 602 1166 et
623 1133 748 1176 priores
766 1134 1059 1166 commendatarios

320 1186 381 1218 sibi
399 1197 551 1229 arrogare
568 1188 751 1226 voluerunt,
771 1187 973 1220 concedendi
992 1188 1059 1221 loca

319 1249 376 1272 seu
393 1240 564 1283 portiones
577 1240 787 1273 monachales
802 1241 950 1283 personis
964 1251 1059 1283 saepe

320 1292 390 1324 sine
407 1292 474 1325 ullo
497 1292 634 1332 delectu,
653 1293 685 1325 in
703 1292 823 1325 Ordine
841 1303 991 1335 maguum
1011 1293 1061 1325 de-

320 1343 419 1377 decus
446 1344 610 1377 intulisse.
633 1345 673 1377 Et
699 1344 772 1377 licet
798 1345 928 1378 Summi
946 1346 1061 1378 Ponti-

318 1396 390 1439 fices
408 1407 575 1440 nimquam
595 1397 779 1437 intendant,
797 1397 873 1430 dum
888 1398 1059 1440 provident

318 1449 486 1481 monachis
510 1450 577 1482 iam
598 1450 751 1492 professis
776 1461 922 1493 expresse
947 1451 978 1482 in
1006 1450 1059 1484 Or-

318 1500 393 1534 dine
416 1502 523 1535 sancti
552 1501 723 1535 Benedicti
746 1502 783 1535 de
807 1503 964 1546 beneficiis
994 1503 1056 1536 Or·

318 1554 407 1587 dinis
426 1555 661 1595 Cluniacensz's,
682 1566 789 1588 eorum
811 1556 1056 1589 translationem

318 1612 377 1641 aut
403 1609 631 1651 7711'97·atc'0nem
655 1610 854 1651 confirmare,
875 1610 942 1641 nisi
964 1611 1059 1654 prius

318 1661 428 1694 idonei
445 1666 473 1694 ec
490 1672 622 1705 capaces
636 1662 767 1705 probati
786 1663 930 1705 suerint:
952 1667 1059 1696 tamen

318 1714 513 1747 consuetudo
546 1715 688 1758 pessima
723 1716 867 1748 invaluit
905 1721 939 1748 uc
979 1716 1059 1749 tales

317 1768 442 1810 provisi
467 1778 485 1799 α
503 1767 635 1800 Summo
655 1768 815 1810 Poutifice
837 1769 886 1801 rel
910 1780 930 1801 α
954 1769 1055 1801 colla-

321 1820 462 1852 tionibus
491 1820 671 1852 ordinariis
697 1832 796 1853 norae
818 1822 1008 1864 probationi
1031 1827 1059 1855 et

317 1873 509 1915 professioni
526 1874 559 1905 in
579 1872 701 1906 Ordine
718 1884 749 1906 se
766 1874 870 1906 nolint
891 1875 1056 1908 subiicere.

320 1925 410 1959 Unde
444 1928 637 1969 plerumque
671 1928 778 1960 evenit
808 1933 843 1960 ut
877 1929 992 1960 laxiori
1030 1935 1060 1962 et

321 1979 481 2012 emissiori
507 1980 632 2013 vivendi
651 1981 748 2013 modo
771 1981 904 2021 addicti,
932 1992 991 2014 nec
1017 1982 1060 2014 ri-

321 2032 404 2065 tibus
415 2032 545 2065 Ordinis
563 2033 721 2073 instructi,
741 2034 858 2067 sensim
875 2040 1057 2068 nostrorum

320 2096 428 2119 mores
449 2093 670 2130 corrumpant.
693 2087 843 2130 Plerique
867 2088 972 2129 etiam,
1000 2090 1058 2121 sub

320 2149 376 2181 spe
408 2144 463 2171 aut
486 2144 657 2182 praetextu
682 2140 827 2173 melioris
863 2140 961 2183 frugis
998 2141 1059 2174 ine<

319 2191 436 2231 undae,
473 2202 490 2224 a
514 2191 596 2225 Sede
622 2192 807 2235 Apostolica
842 2193 902 2225 sibi
942 2193 1060 2227 faciunt

320 2245 485 2288 provideri
510 2245 548 2278 de
566 2245 736 2278 beneficiis
762 2251 815 2279 aut
835 2246 950 2279 officiis
976 2248 1060 2280 clau-

321 2299 473 2332 stralibus
497 2298 625 2332 Ordinis
657 2299 877 2333 Clunaeieusis
909 2310 980 2332 cum
1006 2301 1061 2333 de-

322 2357 410 2385 creto
441 2352 588 2384 habitum
621 2353 803 2394 regularem
836 2353 1058 2396 suscipiendi,

322 2405 460 2445 sed,ubi
485 2406 627 2449 primum
653 2406 708 2438 illa
733 2406 890 2439 beneficia
916 2412 969 2439 aut
994 2406 1061 2440 offi-

323 2458 372 2491 cia
396 2458 618 2500 obtinuerunt,
637 2469 669 2492 se
690 2460 781 2492 nullo
799 2460 937 2492 examini
957 2460 1062 2492 existi-

322 2516 412 2545 mant
437 2511 671 2545 subiiciendos.
707 2512 743 2545 Et
768 2513 793 2546 si
819 2513 985 2556 contingat
1010 2524 1062 2546 eo-

323 2575 393 2598 rum
415 2574 522 2597 mores
548 2570 601 2597 aut
619 2566 819 2599 vocationem
834 2576 899 2598 non
920 2566 1059 2609 probari,

360 2629 371 2654 1
397 2625 464 2654 Male
479 2625 544 2653 edit.
559 2626 639 2654 Main.
656 2627 721 2663 legit
737 2628 941 2663 qiicunqnidem
956 2634 994 2662 tn.
1011 2629 1059 2661 Τ.).

1724 214 1789 248 685

1097 282 1269 309 recurrunt
1294 276 1333 308 ad
1359 275 1438 308 alios
1464 279 1495 308 et
1519 275 1557 306 ad
1585 274 1756 316 episcopos
1789 274 1836 305 lo-

1097 339 1220 369 corum,
1259 329 1291 361 in
1329 329 1446 371 quibus
1483 326 1640 359 beneficia
1666 325 1726 358 sita
1751 329 1836 363 sunt,

1098 382 1152 425 qui
1190 382 1277 425 ipsos
1313 382 1351 413 ad
1389 381 1625 424 professionem
1653 379 1837 421 regularem

1098 435 1221 467 admitti
1248 435 1377 467 iubent:
1399 434 1486 477 quod
1505 433 1637 465 omnino
1659 431 1837 475 professio-

1098 489 1147 521 nis
1174 489 1331 531 1‘egularis
1357 488 1513 520 institutis
1539 487 1736 526 adversatur,
1751 485 1837 528 quia,

1099 547 1131 574 ut
1157 542 1199 574 ait
1224 547 1354 575 sanctus
1379 546 1472 584 pater
1497 540 1715 574 Benedictus:
1742 537 1838 571 Novi-

1101 599 1146 627 [ω’
1168 595 1294 628 veniens
1312 596 1384 639 quis
1401 595 1442 627 ai!
1459 594 1696 627 conversionem
1721 602 1786 626 non
1810 591 1840 623 ei

1098 649 1207 691 facilis
1244 649 1410 681 tribuatur
1434 649 1610 691 {uqi-ossus,
1636 646 1706 685 sed,
1732 649 1767 678 ut
1791 645 1840 677 ait

1098 701 1281 745 Apostolus,
1319 701 1449 744 probate
1481 700 1620 744 spiritus
1654 701 1683 732 si
1714 709 1752 731 (ἀς
1775 699 1840 731 Deo

1099 761 1184 786 sunt.
1214 754 1322 786 Visum
1347 759 1395 787 est
1421 754 1516 786 etiam
1542 753 1636 786 nobis
1662 755 1837 786 consuetu-

1101 807 1209 840 dinem
1232 807 1411 850 peragcndi
1430 807 1617 840 novitiatum
1637 807 1668 839 in
1694 806 1841 850 quolibet

1101 861 1297 893 monasterio
1329 871 1386 892 sua
1418 860 1542 894 habere
1567 861 1782 900 incommoda,
1810 866 1842 894 et

1101 913 1149 945 vix
1175 913 1207 945 in
1226 914 1441 953 monasteriis,
1462 914 1494 946 in
1513 914 1630 957 quibus
1649 925 1713 947 non
1733 918 1842 957 potest

1102 967 1337 999 monachorum
1356 967 1518 999 sufficiens
1536 977 1692 1000 numerus
1715 973 1842 1000 susten-

1103 1019 1175 1058 tari,
1200 1019 1343 1052 divinum
1371 1019 1512 1052 officium
1538 1031 1609 1052 cum
1635 1022 1671 1052 ea
1697 1031 1759 1063 qua
1786 1020 1842 1052 dc-

1102 1078 1151 1105 cet
1176 1073 1359 1105 reverentia
1384 1083 1482 1115 posse
1509 1073 1692 1113 celebrari,
1712 1083 1841 1106 necnon

1103 1125 1134 1158 in
1156 1126 1219 1159 illis
1244 1126 1451 1160 monasteriis
1477 1127 1713 1170 proprietatem
1732 1138 1843 1160 neces-

1104 1180 1189 1212 sario
1208 1179 1321 1219 foveri,
1337 1180 1369 1212 in
1386 1180 1512 1223 quibus,
1529 1180 1669 1213 vestiarii
1688 1181 1769 1221 loco,
1788 1186 1843 1213 aut

1103 1234 1271 1276 pensionis
1295 1234 1498 1267 monachalis
1519 1235 1662 1274 nomine,
1680 1241 1766 1268 certa
1791 1245 1842 1278 pe-

1104 1287 1198 1320 cunia
1233 1287 1403 1320 monachis
1439 1288 1603 1320 annuatim
1632 1289 1841 1331 persolvitur,

1103 1351 1162 1373 nec
1187 1351 1280 1383 posse
1307 1341 1394 1373 lmnc
1412 1342 1548 1373 abusum
1568 1351 1703 1384 prorsus
1728 1352 1745 1374 a
1768 1352 1842 1384 pro-

1104 1393 1210 1435 posito
1236 1393 1377 1435 regulari
1397 1393 1579 1426 deviantem
1595 1394 1675 1433 tolli,
1692 1394 1753 1426 nisi
1779 1395 1842 1427 vita

1103 1446 1282 1478 communis
1296 1446 1326 1478 in
1342 1445 1476 1488 singulis
1490 1447 1696 1479 monasteriis
1722 1452 1842 1479 restau-

1103 1503 1203 1538 retur,
1230 1509 1359 1531 necnon
1378 1499 1494 1542 aliquis
1511 1500 1627 1533 modus
1645 1499 1842 1533 adhibeatur

1102 1551 1135 1584 in
1174 1551 1332 1594 regimine
1369 1562 1424 1585 seu
1461 1551 1739 1586 administratione
1776 1554 1842 1585 fru—

1102 1611 1222 1646 etuum,
1243 1606 1432 1639 reddituum
1451 1611 1482 1638 et
1499 1607 1741 1647 obventionum,
1761 1618 1841 1651 qnae

1103 1659 1238 1693 cuilibet
1253 1659 1414 1692 monacho
1433 1666 1572 1703 possunt
1591 1666 1778 1704 competere
1798 1672 1843 1693 ra-

1104 1713 1192 1746 tione
1219 1714 1314 1746 officii
1340 1714 1520 1746 claustralis
1546 1719 1601 1747 aut
1624 1715 1775 1747 beneficii
1801 1715 1840 1748 dc

1103 1778 1167 1810 quo
1185 1767 1335 1810 provisus
1353 1767 1448 1799 estin
1467 1767 1605 1800 titulum.
1630 1767 1839 1800 Observatum

1103 1826 1152 1853 est
1185 1820 1280 1853 etiam
1306 1831 1324 1853 a
1347 1819 1567 1852 visitatoribus
1588 1820 1841 1863 provinciarum,

1103 1884 1201 1917 saepe
1226 1874 1304 1906 utile
1330 1884 1400 1906 esse
1426 1878 1456 1906 et
1476 1874 1684 1907 commodum
1710 1885 1769 1917 pro
1787 1874 1842 1907 bo-

1103 1938 1144 1960 no
1176 1927 1264 1970 pacis
1301 1931 1331 1959 et
1367 1926 1535 1968 religionis
1572 1927 1768 1959 monachum
1800 1928 1839 1960 de

1103 1990 1168 2012 uno
1205 1979 1401 2012 monasterio
1437 1980 1476 2011 ad
1513 1979 1600 2012 aliud
1637 1980 1777 2022 migrare
1801 1979 1839 2012 ad

1105 2039 1250 2076 tempus,
1277 2039 1308 2065 et
1343 2033 1584 2075 providendum
1620 2043 1692 2066 esse
1717 2043 1757 2065 ne
1783 2034 1840 2065 sub

1103 2093 1268 2130 praetextu
1305 2086 1489 2119 stabilitatis
1520 2087 1672 2119 monachi
1705 2087 1842 2120 inhobe-

1104 2141 1227 2174 dientes
1248 2139 1337 2172 fiant.
1353 2139 1486 2182 Insuper
1500 2150 1536 2172 ex
1558 2140 1771 2183 frequentiori
1789 2151 1842 2173 su-

1103 2194 1266 2237 periorum
1293 2194 1469 2226 mutatione
1495 2203 1531 2225 ex
1557 2196 1620 2225 una
1637 2198 1737 2235 parte,
1756 2198 1840 2227 etex

1104 2246 1291 2280 eorumdem
1305 2246 1522 2289 perpetuitate
1541 2256 1577 2277 cx
1597 2246 1669 2285 alia,
1687 2257 1751 2279 non
1770 2257 1840 2280 mo-

1104 2301 1210 2333 dicum
1242 2301 1411 2342 hucusque
1444 2299 1632 2342 provenisse
1664 2299 1841 2333 incommo-

1104 2354 1180 2387 dum
1206 2353 1464 2386 animadversum
1502 2357 1560 2385 est.
1589 2352 1742 2393 Tandem,
1768 2363 1839 2385 cum

1104 2406 1250 2448 collegia,
1262 2405 1759 2438 monachorumerudiendorum
1771 2415 1841 2438 cau-

1103 2461 1147 2496 sa,
1162 2459 1325 2501 sapienter
1342 2469 1358 2490 a
1376 2458 1552 2491 maioribus
1564 2458 1682 2491 nostris
1695 2458 1840 2491 instituta

1105 2512 1236 2552 fuerint,
1263 2518 1292 2545 et
1317 2512 1396 2545 licet
1421 2511 1599 2554 antiquitus
1617 2511 1649 2544 in
1667 2512 1730 2544 illis
1751 2522 1841 2554 prae-

1104 2564 1154 2598 fici
1176 2565 1336 2598 deberent
1362 2565 1419 2597 viri
1445 2564 1572 2607 providi
1606 2570 1637 2597 et
1661 2565 1839 2597 litterarum

1105 2618 1282 2652 divinarum
1320 2624 1352 2651 et
1386 2618 1599 2651 humanarum
1625 2617 1837 2660 peritissimi,

1836 222 1885 248 An.
1903 220 1933 248 C.
1956 219 2024 247 1095
