2254 3225
247 258 295 285 Αιι.
316 258 344 283 C.
369 256 428 283 tem
478 247 542 280 300
1013 258 1188 282 ΒυιιΑιιιιιιι
1215 258 1368 282 noumut
1949 259 1995 283 An.
2017 259 2046 283 ij..
2072 258 2133 284 um

438 305 677 345 benedictione,
699 305 754 349 qui
779 305 818 337 sit
835 305 1001 339 vobiscum
1027 306 1059 338 in
1084 306 1173 338 itine-
1259 316 1281 338 1.
1320 305 1551 346 Provinciatis,
1585 305 1824 349 quamprimum
1861 316 1950 338 cano·
1986 317 2119 349 emptrix.

438 368 473 390 re
498 364 625 399 vestro,
652 364 683 391 et
711 358 751 391 ad
787 359 900 392 domos
932 364 1054 391 vestras
1079 369 1172 391 sanos
1214 358 1285 391 nice
1311 359 1408 391 suerit
1425 359 1554 398 electus,
1573 359 1799 392 utaturofficio
1816 369 1873 391 suo
1891 360 1949 391 sub
1960 344 2141 399 ροῗέᾆιέιᾞᾞιξῗ

440 411 684 455 incolumesque
716 412 859 444 reducat.
886 410 943 449 Qui
969 411 1043 444 vivit
1067 416 1099 444 et
1122 421 1173 443 re·
1215 411 1307 444 titulo
1332 417 1364 444 et
1388 411 1516 444 nomine
1533 411 1739 455 provincialis
1764 411 1857 445 electi
1875 417 1948 445 ante
1959 398 2141 470 ἑξῖζὲἱῖέ’ᾖρὲἓῗὸἶέἶ

438 469 516 506 gnat
538 464 621 498 Deus
654 475 714 508 per
737 465 847 498 omnia
871 465 1000 497 saecula
1025 464 1173 496 saeculo·
1215 463 1488 497 confirmationem
1513 475 1531 497 a
1554 464 1721 507 magistro,
1739 475 1874 508 eamque
1892 464 2052 497 oli-munere.

439 527 526 549 rum.
553 517 653 550 Amen
679 528 708 549 n.
1215 521 1336 549 tentam
1362 517 1530 550 universae
1555 517 1741 560 provinciae
1759 517 1945 558 denunciet,

483 580 531 602 111.
549 569 635 603 Tunc
653 569 860 613 surgentibus
878 569 1042 609 fratribus,
1059 572 1174 601 cantor
1215 574 1247 602 et
1271 569 1426 613 deinceps
1445 570 1573 603 titulum
1591 570 1709 603 habeat
1733 570 1946 613 provincialis,

440 621 576 666 incipiat
601 624 754 666 hymnum
783 623 823 655 Te
847 623 974 662 Deum,
1001 632 1096 665 quem
1121 621 1173 654 al-
1215 622 1265 654 cui
1290 633 1402 656 omnes
1427 628 1460 655 et
1483 623 1599 665 singuli
1625 623 1737 657 fratres
1754 623 1947 666 provinciae,

441 675 541 708 ternis
566 676 711 708 xersibus
746 680 899 708 canentes
934 675 1111 718 procedant
1140 684 1174 707 o-
1217 680 1276 707 tam
1302 674 1332 707 in
1360 675 1582 718 spiritualibus
1608 687 1703 719 quam
1728 676 1762 709 in
1788 681 1949 719 tempora-

440 738 530 760 mnes
555 728 595 761 ad
618 729 809 769 ecclesiam3
829 727 895 769 ubi,
913 738 951 761 eo
968 727 1070 768 sinito,
1089 727 1174 760 dicat
1215 727 1299 760 libus
1324 727 1456 761 obedire
1482 734 1666 761 teneantur.

440 790 592 823 praeses:
1258 789 1293 813 11.
1319 780 1383 813 Sub
1407 786 1583 824 praecepto
1600 781 1726 814 formali
1743 781 1950 815 obedientiae

481 841 513 881 pv.
537 842 680 872 Confirma
702 842 756 872 hoc
777 842 862 879 Deus,
886 841 963 881 quod
984 845 1122 881 operatus
1143 850 1174 871 es
1215 833 1394 876 poenisque
1420 834 1458 866 {ld
1484 834 1656 867 arbitrium
1681 835 1828 877 magiStl‘i
1853 844 1950 877 gene·

440 890 471 920 in
493 891 588 929 uobis,
1215 886 1292 918 ralis
1317 886 1523 929 imponendis
1548 887 1774 930 praecipimus,
1799 893 1833 920 ut
1856 898 1949 921 nemo

480 941 513 978 13¹.
538 940 559 969 A
583 940 689 979 templo
711 943 810 970 sancto
834 943 881 970 tuo
898 939 973 979 quod
991 944 1034 970 est
1056 939 1085 969 in
1110 939 1175 969 llie-
1215 940 1436 982 provincialis,
1464 941 1608 983 quamvis
1632 940 1674 973 sit
1697 941 1861 984 magister,
1879 952 1950 984 pos-

440 987 577 1017 1‘usfllem-
1216 991 1255 1024 sit
1279 1002 1442 1025 assumere
1467 992 1598 1025 titulum
1623 993 1684 1025 sibi
1709 993 1854 1036 magistri
1879 1004 1951 1036 pro-

482 1035 514 1075 fi·
538 1035 668 1072 nmine,
682 1036 785 1065 exaudi
807 1036 967 1065 0s3t50¹¹em
991 1045 1095 1072 fflfflfflv
1193 1049 1198 1090 1
1217 1044 1375 1085 vinciam,
1393 1055 1453 1077 nec
1472 1044 1530 1078 illo
1549 1045 1596 1077 uti
1609 1045 1642 1078 in
1659 1046 1951 1089 subscriptionibus

481 1085 513 1122 θ’.
538 1084 570 1113 Et
592 1084 700 1113 clamor
723 1093 804 1113 meus
826 1083 861 1113 ad
884 1088 911 1114 te
933 1083 1041 1113 veniat.

481 1132 514 1172 fir.
538 1132 676 1161 Dominus
699 1132 859 1162 vobiscum.

481 1182 514 1220 ιγ.
539 1181 572 1211 Et
593 1190 660 1210 cum
681 1181 788 1220 spiritu
810 1184 870 1211 tuo.

745 1228 870 1259 Oremus.

1215 1096 1395 1129 litterarum
1412 1096 1519 1137 officii,
1541 1098 1594 1130 set]
1610 1097 1642 1130 id
1666 1099 1768 1131 solum
1786 1104 1952 1142 praestare

1215 1151 1319 1182 valcat
1343 1150 1504 1192 generalis
1528 1150 1692 1193 magister.

1261 1213 1309 1236 111.
1337 1202 1547 1237 Provincialis
1565 1203 1598 1236 in
1617 1206 1682 1237 tota
1703 1205 1759 1237 sua
1784 1204 1953 1247 provincia

481 1275 617 1305 Actiones
647 1279 782 1312 nomas,
814 1284 1012 1315 quaesumus,
1035 1275 1174 1315 Domine,
1195 1257 1362 1297 ,eamdem
1386 1261 1583 1300 potestatem
1602 1257 1721 1290 habeat
1744 1268 1777 1290 in
1801 1258 1952 1291 omnibus

441 1324 596 1363 aspirando
612 1324 750 1363 praeveni
762 1328 790 1354 et
801 1324 965 1354 adiuvando
981 1334 1174 1364 prosequere,
1196 1317 1199 1367 Ι
1217 1314 1250 1366 fn
1266 1309 1411 1352 Singuli&
1431 1320 1493 1352 qua
1511 1309 1655 1352 gandent
1671 1311 1952 1344 COfflfflssflddtOl'CS

441 1376 474 1403 ut
485 1377 588 1403 cuncta
603 1376 702 1403 nostra
717 1373 809 1402 oratio
824 1376 852 1402 et
866 1373 996 1412 operatio
1018 1382 1033 1402 a
1056 1377 1083 1403 te
1101 1383 1177 1403 sem-
1195 1386 1197 1417 ὲ
1216 1372 1249 1394 ¹¹¹
1273 1362 1338 1394 SUiS
1362 1363 1593 1403 COUVCHUbUS3
1621 1373 1690 1396 eam
1722 1368 1831 1396 tamen
1862 1374 1949 1397 1²1¹ss-

442 1430 494 1461 per
513 1421 637 1460 incipiat
663 1425 691 1451 et
714 1430 764 1461 per
786 1426 814 1452 te
842 1425 945 1461 coepta
968 1421 1097 1452 finiatur.
1122 1423 1176 1453 Per
1194 1422 1199 1454 1
1217 1424 1313 1457 quam
1339 1414 1379 1447 de
1403 1414 1606 1457 Plfflliffldissfl
1631 1422 1788 1456 CXssl'Ceatr
1814 1427 1874 1449 ΠΕΟ
1897 1417 1952 1450 ad·

442 1470 597 1507 Christum,
620 1474 675 1500 etc.
1194 1460 1197 1524 ⁴
1217 1467 1271 1500 dat
1293 1477 1353 1500 suo
1378 1467 1513 1507 muneri,
1539 1467 1601 1500 nisi
1622 1468 1840 1510 negligentiae
1866 1469 1952 1502 dese·

482 1517 514 1558 γέν.
536 1517 719 1548 Adiutorium
731 1521 862 1549 nostrum
874 1518 903 1549 in
917 1519 1034 1550 nomine
1049 1519 1175 1559 Domini,
1194 1525 1198 1558 t
1217 1525 1352 1563 etusque
1385 1521 1684 1554 commendatorum
1710 1521 1742 1555 id
1767 1523 1952 1565 postulent,

482 1568 514 1607 13)-
536 1566 589 1603 Qui
612 1567 679 1597 fecit
700 1568 812 1597 caelum
835 1571 864 1598 et
885 1571 1004 1598 terram·
1216 1578 1311 1616 atque
1335 1578 1452 1615 urgeat
1477 1582 1571 1605 causa
1594 1573 1752 1616 legitima.

488 1635 529 1659 1v.
557 1625 672 1658 Postea
695 1636 753 1659 suo
777 1625 893 1659 ordine
917 1637 1032 1659 manus
1055 1628 1174 1670 pracsi-
1259 1636 1302 1659 lv.
1328 1625 1362 1658 ln
1392 1625 1534 1659 triennio
1568 1626 1617 1658 sui
1653 1626 1748 1659 officii
1781 1626 1890 1659 omnia
1920 1631 1952 1660 et

444 1677 493 1711 dis
519 1678 727 1718 osculentur,
753 1683 785 1711 et
808 1678 854 1711 sic
887 1679 1066 1712 absolvitur
1090 1681 1175 1723 capi·
1215 1679 1342 1722 singula
1365 1678 1561 1712 monasteria
1579 1689 1657 1711 suae
1678 1679 1874 1721 provinciae,
1890 1690 1951 1723 per

443 1731 559 1770 tulum;
578 1741 682 1774 eoque
699 1730 862 1772 absoluto,
879 1742 1010 1775 praeses
1028 1733 1176 1776 speciali·
1215 1743 1270 1773 se,
1296 1733 1366 1774 vel,
1391 1732 1417 1765 si
1448 1742 1513 1764 non
1545 1731 1705 1775 potuerit,
1731 1743 1789 1775 per
1816 1732 1951 1766 idoneos

444 1788 491 1816 ter
505 1783 716 1826 congregabit
733 1783 952 1817 delinitorium
970 1785 1173 1827 provinciale,
1216 1785 1411 1825 visitatores,
1436 1785 1486 1818 bis
1510 1785 1641 1818 visitare
1668 1790 1834 1827 teneatur,
1861 1791 1892 1819 et
1916 1797 1952 1819 o-

443 1835 476 1868 in
501 1846 566 1878 quo
586 1837 733 1878 legantur
750 1836 876 1869 litterae
894 1836 932 1869 ad
957 1836 1173 1870 definitorium
1215 1839 1345 1871 mnibus
1359 1843 1522 1882 tamquam
1536 1848 1627 1871 verus
1640 1843 1741 1881 pater,
1759 1843 1822 1871 tam
1840 1838 1873 1871 in
1890 1838 1951 1882 spi-

441 1888 491 1922 vel
515 1888 691 1931 capitulum
714 1888 831 1922 missae
860 1888 1018 1933 initioque
1042 1900 1107 1923 non
1127 1901 1176 1923 re·
1217 1891 1387 1923 ritualibus
1413 1900 1509 1933 quam
1533 1891 1781 1934 temporalibus,
1808 1891 1949 1925 discreto

442 1941 576 1981 citatae,
602 1941 719 1985 quibus
754 1941 934 1985 prudenter
963 1946 995 1976 et
1024 1944 1174 1977 consulto
1215 1944 1376 1987 regimine
1408 1942 1597 1986 provideat,
1626 1948 1657 1976 et
1691 1943 1786 1977 simul
1823 1944 1951 1977 studeat

440 1994 672 2038 respondeant.
1216 1997 1380 2038 singulas,
1406 1995 1433 2028 si
1465 1996 1590 2035 valeat,
1616 2005 1691 2029 oves
1724 1996 1786 2029 sibi
1816 1997 1948 2030 traditas

484 2058 515 2081 v.
542 2047 757 2091 Praecipimus
783 2048 923 2089 tandem,
947 2053 1002 2090 ut,
1028 2049 1175 2083 ubieum-
1192 2064 1196 2071 ⁴
1215 2058 1409 2092 agnoscere.

442 2110 506 2143 quc
542 2100 718 2143 capitulum
757 2101 956 2143 provinciale
991 2103 1175 2136 celebretur
1192 2076 1198 2133 ,Ι
1258 2111 1288 2134 v.
1307 2101 1402 2134 Extra
1419 2100 1577 2133 actualem
1594 2099 1812 2134 visitationem
1826 2101 1950 2145 poterit

441 2152 492 2185 cui
517 2152 670 2195 magister
694 2152 821 2186 Ordinis
853 2164 919 2186 non
950 2154 1105 2195 adsuerit,
1132 2160 1175 2188 te·
1216 2155 1328 2187 fratres
1359 2164 1377 2187 a
1407 2153 1503 2187 domo
1528 2153 1561 2185 in
1595 2153 1726 2187 domum
1751 2154 1948 2196 transferre,

439 2211 556 2239 neatur
578 2216 710 2250 praeses
727 2206 824 2247 itlius,
843 2207 882 2239 ab
902 2207 964 2240 isto
989 2208 1036 2241 vel
1061 2209 1174 2241 consti·
1214 2209 1264 2242 vel
1288 2207 1365 2251 ipsis
1388 2206 1552 2240 licentiam
1577 2206 1774 2250 petentibus,
1788 2207 1836 2240 vel
1853 2212 1950 2250 prout

440 2260 563 2293 tutione
587 2261 699 2292 nostra
723 2260 920 2303 designatus,
939 2261 1083 2294 omnium
1105 2262 1174 2295 eius
1214 2261 1391 2295 necessitas
1416 2261 1594 2301 domorum,
1609 2260 1756 2303 ratioque
1781 2260 1948 2302 regiminis

441 2317 580 2353 actuum,
605 2313 695 2345 nullo
720 2318 868 2356 excepto,
894 2312 989 2347 fidele
1014 2320 1174 2348 transum-
1214 2313 1437 2358 postulaverit.
1457 2313 1635 2356 Diligenter
1661 2318 1769 2349 tamen
1794 2313 1948 2354 attendat,

441 2370 531 2408 ptum
563 2365 603 2398 de
636 2365 735 2398 verbo
767 2365 806 2398 ad
831 2366 965 2398 verbum
990 2367 1172 2401 authentice
1214 2373 1249 2400 ut
1271 2377 1401 2410 semper
1424 2366 1457 2399 id
1481 2365 1535 2399 fiat
1556 2366 1680 2409 absque
1704 2366 1782 2399 nota
1804 2366 1949 2399 scandali

441 2417 600 2452 conscribi
623 2417 729 2451 facere
747 2418 780 2450 in
797 2417 898 2451 forma
922 2419 1052 2455 secundi
1078 2420 1174 2462 origi·
1215 2426 1247 2454 et
1262 2419 1485 2462 denigratione
1500 2418 1628 2452 Ordinis
1645 2423 1677 2451 et
1699 2417 1843 2460 fratrum,
1861 2419 1948 2462 quod

441 2471 545 2512 nalis,
571 2470 610 2504 ab
642 2470 821 2514 iisdemque
854 2482 871 2504 a
896 2471 1011 2514 quibus
1036 2472 1172 2515 primum
1214 2474 1381 2518 potissime
1404 2473 1439 2506 in
1463 2472 1542 2516 ipsis
1566 2472 1807 2506 visitationibus
1833 2473 1949 2506 obser-

442 2524 590 2558 similiter
613 2524 842 2567 subscriptum,
861 2525 1026 2558 remittere
1047 2526 1085 2560 ad
1110 2537 1173 2559 ma·
1214 2527 1311 2567 vabit‚
1338 2526 1372 2559 in
1396 2525 1529 2569 quibus,
1555 2524 1616 2558 nisi
1641 2535 1736 2558 causa
1759 2525 1949 2559 mutationis

443 2577 590 2620 gistrum,
612 2583 648 2610 ut
665 2577 704 2610 de
728 2577 814 2610 illius
831 2578 940 2612 valore
965 2588 1001 2611 ac
1024 2578 1088 2611 ritu
1106 2580 1174 2622 ple·
1214 2580 1320 2623 palam
1343 2578 1539 2622 publiceque
1563 2583 1750 2621 perurgeat,
1769 2588 1834 2611 non
1853 2578 1950 2612 debet

443 2631 516 2665 nius
541 2631 693 2665 decernat
717 2635 748 2664 et
772 2630 903 2665 iudicet.
1215 2642 1286 2666 esse
1311 2631 1457 2673 festinus,
1481 2631 1539 2665 sed
1564 2641 1633 2664 eam
1657 2632 1838 2676 prudenter
1862 2631 1948 2669 diffe-
