2227 3225
136 229 186 256 An.
207 227 236 256 C.
253 228 315 256 teet

165 290 233 310 Cirr?
251 289 286 310 Ν.

163 318 184 336 lt.
213 317 317 340 potestate

135 346 153 362 et
185 343 249 362 surina
276 345 317 361 tra-

134 370 197 390 dendi
214 369 316 389 habitum.

314 2616 317 2619 -
366 2600 377 2625 1
399 2599 496 2625 Antius
515 2599 572 2634 tege
587 2600 728 2637 adquam
748 2602 780 2636 [a.
796 2603 844 2635 ¹12).

905 223 1112 248 {N'SOCENTH'S
1136 223 1181 246 ΧΠ
1205 224 1252 247 ΓΡ.

372 286 394 309 1.
421 275 497 308 Cum
523 275 649 307 initiare
675 273 713 306 ad
739 272 890 306 Ordinem
921 278 952 305 et
976 272 1061 304 illius

330 328 475 360 liabitum
500 328 626 360 tradere
652 327 691 359 sit
715 332 806 359 actus
832 325 1062 368 potestativus,

329 381 477 423 proinde,
492 391 531 414 no
543 381 670 413 defectu
684 379 842 412 facultatis
858 378 897 410 sit
917 378 1062 420 aliquau-

329 434 369 465 do
387 433 496 467 irritus
517 435 565 467 vel
588 433 700 471 inanis,
718 431 882 475 praesenti
909 431 1063 463 constitu·

330 493 416 519 tione
442 487 642 520 declaramus
662 487 700 519 ad
725 485 870 518 habitum
894 484 1064 516 conseren-

329 540 404 571 dum
431 540 550 573 habere
569 540 754 572 canonicam
780 542 974 580 potestatem
999 537 1063 578 pri-

329 602 381 624 mo
408 598 440 625 et
470 592 653 625 immediate
685 591 981 625 commendatorem
1008 589 1063 621 do·

329 655 398 677 mus
419 645 458 677 ad
477 646 591 688 quem¹
610 646 791 688 postulator
807 643 941 676 accessit
960 647 992 674 et,
1009 642 1061 673 nbi

329 698 552 740 capitulariter
569 703 616 730 est
641 697 817 735 admissus;
839 695 993 737 magister
1014 705 1062 725 au-

331 755 395 782 tem
421 750 581 792 generalis
601 756 630 783 et
649 749 861 793 provincialis,
883 758 1062 790 eorumque
1081 746 1083 778 ἶ

329 802 511 835 visitatores
546 803 577 835 in
603 803 721 836 actuali
758 802 956 839 visitatione,
987 804 1083 832 tam-l

329 865 423 896 quam
449 861 608 897 potestate
626 855 824 898 superiores,
841 854 937 887 simili
964 854 1064 886 sacul-

329 913 394 940 tate
431 908 599 947 fruuntur,
636 909 767 952 praevia
805 914 912 940 tamen
949 917 1063 951 appro-
1082 934 1083 937 ,

328 960 460 993 batione
485 967 675 994 conventus.
701 961 857 994 Vicarium
882 971 958 993 vcro
977 970 1085 1004 coni-5

330 1014 531 1047 mendatoris
564 1014 603 1046 ab
636 1015 699 1047 lioc
730 1019 802 1047 actu
838 1005 1085 1071 secludimus,{

329 1076 424 1109 quem
450 1067 661 1100 nihilominus
687 1067 949 1110 praesidentibus
967 1067 997 1099 in
1018 1076 1065 1098 ca-

330 1119 395 1160 pite
421 1119 641 1153 concedimus,
668 1120 890 1152 Verumtamen
916 1119 1062 1151 habitum

330 1171 419 1203 laicis
438 1172 488 1204 vel
507 1171 660 1205 tertiariis
685 1172 887 1209 conserendi,
908 1172 957 1204 vel
975 1182 1064 1214 prae·

330 1223 450 1257 sidenti
476 1225 507 1257 in
533 1225 650 1268 capite,
682 1225 746 1258 imo
771 1235 876 1268 neque
900 1235 1065 1258 commen-

330 1276 433 1309 datori
459 1277 507 1309 ius
531 1277 665 1320 aliquod
691 1278 919 1320 permittimus,
938 1277 997 1310 nisi
1025 1277 1063 1310 dc

329 1327 460 1360 licentia
478 1355 485 1368 ,
511 1329 654 1371 magistri
680 1329 841 1371 generalis
861 1331 911 1362 vel
936 1330 1063 1372 provin-

329 1379 418 1413 cialis
444 1380 476 1413 in
502 1381 644 1424 scriptis.

373 1444 408 1467 11.
435 1434 582 1468 Admisso
607 1435 704 1478 igitur
728 1437 928 1479 postulante,
956 1436 1064 1469 admo-

328 1486 455 1520 nendus
486 1492 532 1520 est
557 1498 574 1520 a
598 1488 752 1530 magistro
782 1488 975 1521 novitiorum
993 1515 1000 1529 ‚
1028 1494 1061 1520 ut

328 1539 476 1572 habitum
500 1541 633 1573 omnino
659 1541 832 1580 humilem,
854 1547 886 1574 et
909 1541 1062 1574 interiora

327 1592 519 1626 indumenta
543 1593 673 1636 penitus
699 1594 793 1631 alba,
818 1600 849 1625 et
875 1594 996 1626 tunicas
1021 1595 1064 1627 la-

328 1655 405 1677 neas
429 1645 490 1678 sibi
508 1646 692 1689 praeparari
719 1647 810 1679 faciat
835 1657 906 1679 cum
931 1648 1062 1686 lectulo,

328 1698 466 1741 insuper
490 1699 647 1739 mensula,
668 1699 808 1739 lucerna,
831 1700 966 1743 aliisque
991 1710 1064 1743 pau-

328 1750 373 1782 cis
391 1756 422 1783 et
440 1751 688 1783 modestissimis
713 1751 909 1784 utensilibus
927 1763 985 1795 pro
1001 1753 1064 1785 cel-

328 1802 404 1835 lula.
421 1801 542 1840 Quibus
566 1802 628 1834 iam
653 1804 790 1846 paratis,
817 1809 848 1835 et
873 1805 1063 1847 praestituta

329 1855 392 1894 die,
414 1865 476 1898 qua
500 1855 554 1888 ille
577 1854 761 1889 induendus
785 1862 835 1888 cst
858 1867 941 1890 novo
959 1857 1063 1890 homi-

328 1918 367 1941 ne
400 1914 431 1940 et
450 1909 623 1941 mutandus
649 1910 681 1942 in
703 1909 806 1941 virum
833 1910 978 1950 alterum,
994 1921 1063 1943 sua-

329 1961 454 1994 dendus
471 1967 521 1994 est
537 1962 576 1994 ab
598 1962 710 1995 eodem
735 1963 897 2005 magistro,
917 1968 952 1995 ut
973 1966 1061 1996 sacra

328 2014 536 2047 consessione
563 2020 594 2047 et
618 2016 847 2048 communione
879 2026 911 2049 se
940 2017 1063 2049 muniat

327 2066 367 2099 ad
392 2066 615 2100 remissionem
650 2068 792 2100 omnium
828 2073 1032 2111 peccatorum
1052 2096 1059 2108 ,

328 2129 422 2161 quam
447 2129 506 2162 pro
531 2129 569 2152 eo
587 2119 638 2152 die
664 2120 884 2153 sanctissimus
903 2120 1019 2153 Paulus
1040 2121 1061 2151 V

327 2170 463 2204 indulsit
484 2182 501 2203 a
525 2171 589 2204 Deo
613 2171 860 2214 impetrandam.
879 2173 1062 2206 Accedente

326 2233 403 2256 vero
421 2223 502 2256 hora
518 2224 702 2257 traditionis
720 2224 860 2265 habitus,
876 2225 1060 2268 praedictus

327 2275 480 2318 magister
499 2287 572 2309 eum
589 2277 621 2309 in
641 2277 793 2310 omnibus
816 2277 857 2309 ab
878 2277 948 2320 ipso
969 2288 1061 2321 agen-

328 2328 376 2361 dis
404 2334 436 2361 et
469 2330 614 2372 praelato
649 2330 888 2373 respondendis
922 2331 1059 2364 sollicite

327 2380 477 2422 instruat,
495 2387 596 2415 totum
616 2382 748 2425 insuper
773 2388 804 2416 et
828 2383 989 2426 integrum
1008 2384 1062 2416 ha-

327 2433 430 2466 bitum
450 2444 552 2477 prope
574 2435 805 2478 apponendum
821 2440 922 2468 curet.
941 2435 1061 2473 Quibus

329 2485 380 2518 vel
404 2485 475 2518 aliis
500 2486 595 2519 etiam
619 2497 679 2530 pro
703 2498 760 2520 suo
785 2498 918 2521 munere
942 2489 1062 2520 consti-

330 2537 426 2577 tutis,
453 2543 484 2570 et
507 2545 704 2582 congregato
739 2540 963 2583 capitulariter
986 2551 1061 2573 con-

1105 277 1199 303 ventu
1227 281 1307 304 sono
1332 281 1507 314 campanae
1529 272 1559 303 iu
1585 272 1688 304 clioro
1718 274 1766 304 ivl
1792 283 1839 304 et:-

1082 327 1083 331 ’
1104 324 1214 361 etesia,
1236 334 1289 354 seu
1309 324 1394 362 alibi,
1414 324 1509 356 etiam
1524 325 1656 356 sedente
1679 326 1835 367 praelato,

1106 382 1201 408 intrat
1226 377 1295 419 ipse
1321 377 1475 417 magister
1510 377 1704 409 novitiorum
1731 388 1838 410 seeum

1106 429 1226 461 diu—cns
1241 429 1436 462 induendum
1452 430 1595 462 noudum
1614 440 1728 467 rasum,
1745 441 1838 472 quern

1105 483 1142 513 ad
1169 483 1302 524 praelati
1340 483 1439 524 pedes
1474 484 1675 524 genuflexum
1707 488 1834 515 statmt.

1105 534 1179 567 Cum
1205 541 1310 567 autern
1337 535 1375 567 ab
1393 546 1430 567 eo
1451 535 1667 577 interrogatur
1690 536 1772 579 quid
1786 547 1840 579 pe-

1107 588 1156 623 tis,
1181 588 1285 620 statim
1307 588 1360 620 ille
1386 598 1496 630 parum
1523 589 1680 630 profunde
1706 589 1841 621 inclina-

1106 644 1153 670 tus
1178 641 1391 683 respondeat:
1411 641 1664 673 misericordiam
1682 642 1780 674 Dete!
1798 653 1841 674 re·

1104 696 1217 724 stram.
1247 693 1365 724 Deinde
1390 703 1523 725 manens
1549 696 1749 735 genuflexus,
1775 706 1841 727 ser-

1106 756 1234 777 monem
1259 752 1289 778 ct
1314 746 1412 779 verba
1432 747 1569 790 praelati
1596 748 1700 779 audiat
1728 749 1840 781 devote

1105 803 1134 829 et
1161 803 1292 831 attente.

1149 860 1195 883 ui.
1224 851 1251 882 ls
1277 862 1353 884 vero
1385 852 1546 885 ferventer
1571 858 1603 885 ct
1627 853 1767 895 graviter
1791 864 1842 886 ar-

1106 903 1198 935 duam
1224 904 1310 935 illam
1331 904 1410 936 viani
1429 915 1524 947 quam
1547 905 1728 947 ingreditur
1746 917 1842 949 expo-

1107 961 1168 991 nat,
1187 966 1282 998 quam
1308 956 1347 988 sit
1373 957 1521 997 difficilis,
1548 968 1641 1001 quam
1669 959 1841 998 laboriosa,

1106 1020 1201 1052 quam
1228 1020 1458 1042 aerumnarum
1483 1011 1653 1043 sentibus¹
1683 1017 1713 1043 et
1734 1013 1842 1044 morti-

1106 1062 1289 1095 ticationum
1315 1063 1440 1096 tribolis
1467 1064 1610 1103 consita,
1637 1075 1732 1107 quam
1758 1065 1841 1097 nibil

1106 1115 1257 1157 propriae
1282 1116 1456 1148 voluntatis
1480 1116 1645 1156 includat,
1672 1127 1738 1150 non
1763 1117 1843 1150 deli-

1106 1167 1179 1206 cias,
1200 1178 1264 1200 non
1291 1168 1447 1210 requiem,
1465 1169 1521 1201 sed
1546 1169 1664 1209 famen,
1684 1170 1781 1209 sitim,
1798 1171 1844 1203 vi-

1106 1220 1221 1261 gilias,
1250 1226 1280 1252 et
1304 1231 1496 1264 perpensam
1521 1223 1690 1265 inopiam·,
1718 1234 1841 1263 verum,

1106 1273 1181 1306 licet
1207 1273 1298 1306 initio
1317 1274 1357 1306 sit
1381 1285 1501 1315 amara,
1522 1274 1575 1307 sit³
1595 1282 1701 1309 tamen
1725 1287 1785 1310 usu
1810 1283 1843 1310 et

1106 1327 1337 1360 consuetudine
1367 1338 1402 1360 ac
1429 1328 1537 1361 divino
1559 1329 1702 1362 subsidio
1725 1330 1754 1362 in
1776 1341 1843 1364 me-

1107 1379 1158 1412 dio
1182 1380 1319 1419 suavior,
1349 1386 1381 1413 et
1405 1381 1533 1414 tandem
1562 1382 1592 1414 in
1619 1381 1680 1415 tine
1707 1383 1841 1422 felicior,

1106 1443 1176 1465 cum
1203 1434 1425 1466 laborantibus
1445 1434 1476 1466 in
1496 1437 1532 1467 ea
1548 1434 1718 1468 bravium³
1742 1441 1844 1469 aeter-

1106 1495 1164 1517 nae
1191 1485 1400 1518 beatitudinis
1424 1493 1647 1530 praeparatur.

1150 1547 1192 1569 iv.
1220 1538 1275 1570 His
1300 1543 1332 1570 et
1355 1538 1425 1571 aliis
1451 1549 1468 1571 a
1493 1541 1639 1582 praelato
1666 1541 1839 1584 expositis,

1107 1591 1288 1632 interroget
1308 1591 1525 1631 induendum,
1545 1603 1582 1625 an
1601 1594 1675 1626 velit
1693 1605 1843 1637 perseve-

1107 1654 1177 1676 rare
1203 1644 1235 1677 in
1259 1645 1429 1678 vocatione
1455 1649 1529 1685 sua,
1559 1648 1607 1679 vcl
1638 1648 1711 1690 plus
1733 1659 1841 1681 amare

1105 1697 1281 1737 saeculum,
1304 1707 1399 1740 quam
1420 1696 1575 1730 Ordinem
1601 1699 1747 1741 eligere?
1772 1699 1840 1738 Quo

1105 1750 1339 1792 respondente:
1362 1750 1436 1781 Volo
1454 1751 1607 1793 amplecti
1627 1752 1686 1784 Dm·
1704 1753 1842 1794 firmata-

1107 1807 1185 1841 tum,
1213 1809 1241 1834 et
1266 1803 1479 1836 Beatissimae
1504 1804 1648 1847 l'z'ryim's
1666 1806 1790 1839 Mariae
1805 1807 1842 1849 fi-

1106 1855 1186 1887 lium
1214 1856 1371 1896 institui‘,
1399 1857 1483 1889 dicat
1514 1857 1622 1890 statim
1655 1860 1838 1901 praelatus,

1105 1907 1263 1940 Dominus
1283 1909 1342 1951 qui
1371 1909 1514 1953 incepit,
1534 1910 1602 1952 ipse
1622 1911 1781 1953 perficiat,
1809 1918 1842 1945 et

1105 1966 1281 1993 conventus
1297 1962 1493 2005 repondeat:
1507 1963 1622 1996 Amen.
1640 1964 1760 1997 Deinde
1775 1975 1841 1997 sur-

1105 2013 1151 2055 git
1175 2014 1358 2056 praelatus,
1393 2021 1424 2047 et
1456 2016 1544 2048 exuit
1576 2026 1647 2048 eum
1681 2018 1838 2050 saeculari

1106 2065 1214 2097 habitu
1241 2066 1357 2109 (pallio
1382 2067 1562 2107 videlieet),
1587 2074 1617 2101 et
1643 2069 1766 2102 interea
1791 2070 1838 2102 di-

1104 2119 1146 2151 cit
1168 2119 1276 2151 Exim!
1302 2124 1330 2152 te
1355 2119 1438 2153 Dens
1472 2122 1573 2154 veteri
1602 2122 1730 2155 homine
1764 2133 1835 2155 cum

1104 2172 1253 2204 omnibus
1277 2172 1400 2205 actibus
1430 2173 1499 2206 suis
1516 2201 1524 2213 ,
1560 2180 1735 2208 conventus
1759 2185 1837 2207 vero

1104 2224 1309 2267 respondeat,
1326 2225 1441 2257 Amen.
1459 2225 1579 2259 Deinde
1597 2228 1768 2270 praelatus,
1787 2238 1837 2260 su-

1103 2287 1193 2309 mens
1220 2276 1365 2311 habitum
1391 2277 1558 2319 religionis
1584 2278 1615 2311 in
1641 2289 1764 2319 manus,
1791 2280 1835 2312 di-

1103 2335 1168 2361 cat:
1186 2326 1265 2372 Εζγο,
1281 2330 1473 2363 auctoritate
1491 2330 1627 2363 Domini
1645 2332 1750 2363 nostri
1764 2332 1834 2365 Iesu

1104 2382 1238 2422 Christi,
1264 2387 1293 2415 et
1317 2384 1510 2416 auctoritate
1540 2385 1755 2427 apostotorum
1779 2385 1832 2418 Pe·

1105 2435 1149 2467 tri
1171 2439 1200 2467 et
1223 2435 1347 2475 Pauli,
1373 2439 1402 2468 et
1425 2446 1507 2480 quae
1531 2441 1575 2469 est
1599 2436 1686 2469 mihi
1710 2437 1750 2469 ab
1779 2436 1831 2471 01·-

1140 2516 1149 2541 1
1173 2514 1244 2542 Edit.
1260 2514 1337 2542 Main.
1354 2516 1419 2550 legit
1431 2516 1558 2544 sensibus
1578 2517 1614 2550 (n.
1630 2517 1679 2549 T.).

1138 2559 1154 2586 Ξ
1174 2559 1240 2586 Male
1260 2559 1324 2586 edit⁴
1343 2559 1422 2586 Main.
1440 2560 1503 2596 legit
1518 2561 1555 2588 sit
1571 2569 1618 2596 pro
1634 2562 1665 2595 fit
1682 2564 1718 2595 (n.
1734 2561 1782 2596 τ.).

1137 2603 1155 2630 3
1173 2603 1293 2631 Pessime
1314 2603 1356 2631 ed.
1379 2603 1458 2632 Maia.
1479 2605 1542 2643 legit
1564 2605 1713 2636 brachtum
1734 2610 1769 2639 (a.
1786 2606 1824 2640 τ.)

1733 214 1797 248 ⁶283
1843 224 1892 250 An.
1910 224 1939 250 c.
1963 223 2025 250 iret
