2254 3225
224 254 284 279 An.
305 253 332 279 t).
352 252 412 279 nani
463 244 526 278 388
1009 254 1186 278 erramrm

420 307 485 335 tum
504 306 640 343 maneat,
660 308 692 337 et
708 312 821 337 omnes
838 292 898 337 sul)
913 292 1045 337 meliori
1065 304 1155 346 fruge

418 360 451 389 et
475 357 722 390 conversatione
747 358 923 401 relinquat.

1215 254 1368 278 renasca

1199 303 1354 336 cessarias
1381 307 1412 336 et
1436 313 1595 346 congruas
1622 304 1766 337 modeste
1793 304 1874 337 intra
1901 314 1936 337 se

1199 356 1365 389 continere
1385 357 1502 389 valeat.
1522 357 1619 390 Enixe
1636 368 1712 390 vero
1729 359 1937 399 consulimus,

1947 255 1995 284 An.
2016 254 2044 282 c.
2063 255 2135 290 ieet,

246 419 314 440 ‹tr-m
332 420 405 455 vuu
461 420 483 443 1.
511 410 602 444 Nulla
627 411 742 444 domus
767 411 799 444 in
826 422 887 454 qua
912 411 1029 444 fratres
1056 411 1155 444 nostri
1200 413 1231 441 et
1262 408 1294 440 in
1329 414 1482 451 quantum
1514 409 1609 441 liceat
1640 410 1877 454 praecipimus,
1904 417 1939 445 ut

224 447 559 510 2vlit:2‘1‘1'31'}2¹¹'2¹2'Sdebeant
582 466 797 506 commorari,
824 466 890 498 sive
915 465 956 498 sit
980 470 1157 498 conventus
1200 461 1359 494 urlivssl'SiS
1378 461 1525 493 dOfflibUS
1547 461 1684 502 Ot'dlfflS,
1703 464 1728 495 Si
1746 464 1809 496 1005
1826 465 1939 508 ampli·

223 502 405 577 {=?‘t¹·³c52'11:1i{{'2
416 515 572 550 formatus
588 544 595 558 ,
619 518 684 551 sive
710 517 904 560 hospitium,
930 528 990 560 per
1015 518 1155 560 aliquem
1200 514 1278 546 tudo
1304 513 1498 557 permiserit,
1519 524 1648 557 ΞΘΠἹΡΒΓ
1664 515 1774 559 aliqua
1789 527 1864 560 pars
1887 519 1937 551 vel

223 578 383 600 crearat-nan.
416 568 549 603 fratrem
585 570 687 604 nostri
721 570 848 604 Ordinis
873 575 1079 613 acceptetur,
1108 571 1156 603 vel
1200 577 1277 600 area
1301 572 1469 609 separetur
1493 567 1531 599 ad
1558 577 1638 610 opus
1666 567 1767 609 horti,
1795 574 1830 602 ut
1854 570 1937 604 intra

416 628 579 668 acceptata
605 624 796 664 dimittatur,
814 629 869 656 aut
893 623 958 657 alic>
983 624 1157 656 transfera-

415 681 480 718 tur,
499 687 556 710 seu
577 682 793 710 commutetur
816 676 849 710 in
874 677 1018 716 alteram,
1036 677 1097 709 nisi
1116 677 1155 709 de

415 730 552 764 licentia
587 731 732 773 magistri
768 731 818 763 vel
854 729 1086 774 provincialis:
1124 729 1156 762 in

415 783 508 817 novis
527 783 769 817 fundationibus
789 789 936 817 servetur
953 784 1061 827 praxis
1079 794 1157 816 con-

415 842 518 870 sueta.
544 837 578 870 In
605 837 749 880 qualibet
766 841 873 870 autem
892 847 975 880 quae
1000 836 1040 869 sit
1066 836 1157 870 novi-

416 894 465 923 ter
490 895 676 923 constructa
708 891 758 923 vel
790 890 903 924 Ordini
929 891 1068 930 collata,
1094 890 1156 923 nisi

415 943 514 975 suerit
538 944 651 976 domus
675 943 837 976 rusticana
869 948 924 976 aut
948 944 1130 987 hospitium
1147 970 1155 984 ‚

415 1006 546 1039 semper
571 996 688 1039 aliquis
712 996 810 1029 frater
827 995 881 1029 fiat
898 997 1156 1037 commendator,

416 1049 472 1092 qui
498 1048 539 1081 sit
563 1049 709 1092 prudens
734 1054 766 1081 et
791 1049 894 1082 fidelis
914 1049 1158 1082 administrator

416 1101 517 1134 illius.
537 1101 595 1134 Hic
613 1102 732 1134 habeat
748 1112 858 1135 seeum
876 1102 967 1135 illum
985 1112 1157 1135 numerum

416 1155 561 1193 fratrum,
587 1166 682 1198 quem
709 1160 741 1189 et
760 1156 849 1189 locus
868 1155 976 1198 exigat
993 1161 1024 1189 et.
1041 1156 1157 1189 domus

416 1207 595 1240 substantia
620 1209 777 1250 patiatur,
803 1219 820 1242 a
844 1209 962 1252 quibus
987 1209 1158 1241 adiuvetur

416 1265 448 1293 et
472 1261 641 1293 humiliter
665 1261 836 1294 obediatur
859 1262 892 1294 in
917 1262 1079 1295 omnibus.
1098 1262 1159 1295 De-

415 1313 494 1346 bent
511 1314 606 1346 etiam
627 1313 771 1346 divinum
797 1314 939 1347 osticium
966 1315 1081 1348 devote
1106 1325 1159 1348 ce.-

416 1367 548 1400 lebrare
569 1372 600 1400 et
619 1368 838 1410 eleemosynas
857 1378 914 1410 pro
932 1367 1157 1410 redemptione

417 1420 620 1464 captivorum
645 1420 793 1463 impense
819 1420 987 1463 colligere,
1015 1426 1046 1453 et
1070 1421 1158 1453 laho-

416 1484 489 1506 rare
511 1474 543 1506 in
568 1473 657 1516 ipsis,
684 1484 764 1517 quae
790 1479 864 1506 sunt
888 1474 952 1507 duo
974 1474 1075 1507 nostri
1101 1473 1158 1506 Or-

417 1527 501 1560 dinis
527 1527 684 1567 cardines,
708 1532 738 1560 et
758 1527 906 1560 instituta
922 1527 1009 1560 illius
1028 1527 1059 1559 iu
1079 1537 1158 1570 quo-

416 1581 496 1614 libet
522 1582 679 1613 conventu
705 1580 909 1623 exequenda.

461 1644 496 1667 11.
523 1633 584 1666 Pro
602 1633 640 1666 iis
660 1644 737 1676 ergo
757 1639 787 1666 et
805 1633 875 1666 aliis
895 1632 1155 1676 quibuscumque

415 1687 655 1731 provinciarum
691 1686 848 1726 domibus,
875 1687 972 1720 dehet
1008 1686 1157 1719 delinito-

415 1740 500 1772 rium
525 1739 725 1783 provinciale
750 1739 888 1773 sollicite
908 1739 1095 1783 providere,
1123 1744 1158 1771 ut

416 1793 504 1826 iuxta
532 1793 716 1826 distantiam
742 1804 759 1826 a
784 1803 818 1826 se
842 1792 980 1827 invicem
997 1803 1157 1836 unaquae-

417 1856 480 1889 que
506 1845 553 1888 (si
577 1845 774 1878 territorium
800 1845 963 1889 sufficiat)
991 1856 1084 1878 suum
1110 1845 1157 1878 di-

416 1899 563 1932 strictum
588 1898 709 1932 haheat
732 1908 791 1941 pro
817 1899 1032 1942 eleemosynis
1058 1898 1157 1941 capti-

416 1961 527 1984 vorum
553 1951 776 1994 procurandis,
797 1950 850 1994 qui
875 1952 1059 1984 nullatenus
1085 1961 1154 1983 cum

417 2004 558 2037 termino
599 2004 731 2036 alterius
771 2003 887 2037 domus
929 2003 1155 2043 confundatur,

417 2057 475 2089 sed
498 2056 543 2089 ita
569 2055 634 2089 sint
657 2057 698 2089 ad
723 2055 861 2089 invicem
879 2056 1020 2096 discreti,
1038 2061 1074 2088 ut
1091 2056 1156 2089 eol-

416 2105 521 2145 lector
544 2109 639 2143 unius
665 2109 779 2143 domus
802 2109 883 2143 sines
920 2110 1054 2143 alterius
1090 2119 1156 2142 non

418 2164 567 2206 attingat,
595 2168 626 2196 et
651 2163 787 2206 quisque
808 2167 932 2196 tantum
949 2161 1004 2195 fiat
1022 2162 1060 2196 de
1079 2172 1156 2195 suae

417 2227 522 2250 messe
547 2216 750 2250 caudalibus.

404 2268 407 2274 ”
462 2280 512 2304 111.
546 2269 663 2303 Domus
692 2274 821 2309 autem,
857 2280 938 2313 quae
975 2270 1014 2303 de
1049 2273 1156 2302 cetero

420 2323 589 2366 erigantur
614 2321 647 2355 in
671 2321 802 2363 Ordine,
828 2321 873 2355 ita
897 2328 1073 2365 exsurgant
1093 2333 1157 2355 am-

417 2377 487 2410 bitu
506 2381 537 2409 et
553 2375 639 2408 mole
657 2385 801 2418 capaces,
815 2380 852 2407 ut
868 2380 900 2408 et
917 2377 1037 2418 templa
1054 2375 1156 2408 Deum

419 2435 452 2463 et
475 2429 595 2462 cultum
621 2428 689 2461 eius
715 2428 862 2469 deceant,
899 2433 929 2461 et
953 2428 1156 2471 frequentiae

418 2482 531 2528 populi
567 2481 698 2515 aliunde
731 2481 901 2521 sufficiant,
927 2491 986 2514 nee
1022 2491 1157 2513 numero

419 2537 555 2569 fratrum
581 2535 621 2568 sit
640 2536 732 2568 locus
755 2534 929 2577 aliquando
955 2534 1079 2566 futurus
1104 2544 1159 2566 an-

420 2590 557 2633 gusti0r3
575 2589 623 2629 sit,
642 2589 782 2632 inquam,
810 2588 853 2620 ita
873 2589 964 2625 latus,
991 2593 1025 2619 ut
1047 2597 1158 2619 omnes

419 2642 564 2690 cilicinas
591 2647 622 2675 et
646 2651 788 2676 cameras
813 2641 955 2685 regulari
974 2641 1080 2674 domui
1107 2651 1158 2673 ne·

1199 621 1270 653 illas
1296 620 1438 653 habeant
1463 620 1580 653 fratres
1603 621 1737 664 aliquod
1762 623 1938 657 recreatio-

1199 673 1249 706 nis
1273 674 1433 714 levamen,
1460 684 1521 707 nec
1556 674 1635 707 illud
1669 675 1745 708 soris
1778 686 1935 719 quaerere

1199 726 1377 769 indigeant.

1244 790 1286 813 iv.
1313 780 1435 813 Rursus
1462 780 1600 814 claustra
1618 781 1651 814 in
1672 781 1718 815 eis
1738 782 1936 816 aedificanda

1199 832 1243 866 ita
1267 834 1373 866 clau<a
1391 838 1421 866 et
1439 834 1591 867 obserata
1608 839 1806 877 extruantur,
1824 842 1856 870 et
1873 837 1934 870 iam

1200 890 1347 919 extructa
1365 886 1512 919 similiter
1528 888 1758 930 reformentur,
1777 894 1935 933 quatenus

1199 939 1240 971 sit
1263 939 1429 982 possibile,
1448 940 1535 982 quod
1561 941 1712 974 transitus
1738 942 1776 974 ad
1800 943 1936 976 chorum

1200 992 1327 1034 hyemis
1349 992 1579 1034 asperitatibus
1597 1003 1661 1026 non
1680 999 1798 1036 pateat,
1825 1005 1865 1028 ne
1883 994 1938 1027 fiat

1199 1043 1275 1077 inde
1308 1049 1491 1087 praetextus
1524 1045 1729 1088 dispensandi
1767 1047 1938 1090 aliquoties

1200 1097 1372 1130 matutinas
1399 1097 1505 1129 media
1531 1103 1625 1130 nocte
1651 1098 1815 1132 dicendas,

1244 1159 1274 1182 v.
1304 1149 1528 1193 Qwaseumque
1546 1156 1651 1184 autem
1669 1152 1782 1185 domos
1799 1157 1935 1193 nostras,

1201 1214 1284 1247 quae
1310 1204 1371 1236 iam
1396 1203 1459 1236 sint
1483 1214 1557 1237 vere
1575 1205 1779 1246 coenobium,
1797 1217 1939 1239 conven-

1201 1263 1251 1290 tus
1277 1258 1325 1290 rel
1347 1257 1591 1298 monasterium,
1609 1258 1653 1290 sic
1670 1258 1796 1300 legibus
1815 1260 1940 1292 clausu-

1201 1320 1254 1343 rae
1281 1309 1480 1351 subiicimus,
1506 1316 1541 1343 ut
1565 1311 1643 1344 nulli
1671 1313 1938 1354 commendatori,

1201 1362 1340 1406 praesidi
1365 1364 1414 1396 vel
1439 1362 1568 1403 vicario,
1587 1369 1640 1396 aut
1657 1364 1846 1408 cuicumque
1871 1375 1940 1408 par-

1201 1416 1327 1449 ticulari
1354 1416 1444 1449 fratri
1467 1416 1570 1456 liccat,
1589 1418 1648 1449 sub
1665 1419 1771 1460 poena
1788 1417 1940 1461 privatio-

1201 1468 1251 1501 nis
1278 1468 1373 1502 osticii
1401 1474 1432 1501 et
1457 1468 1625 1512 utriusque
1650 1470 1739 1502 vocis
1764 1470 1797 1502 in
1821 1480 1939 1513 perpe-

1201 1526 1301 1562 tuum,
1328 1522 1360 1554 in
1391 1521 1592 1564 designatam
1626 1523 1805 1555 clausuram
1836 1522 1940 1555 intro-

1202 1574 1318 1608 ducere
1336 1585 1391 1608 seu
1409 1575 1535 1617 ingredi
1555 1573 1764 1617 perniittere¹²
1783 1586 1939 1618 quocum-

1202 1637 1263 1670 que
1289 1628 1397 1660 colore
1432 1627 1482 1659 vel
1508 1629 1624 1665 eausa,
1651 1626 1747 1660 etiam
1778 1627 1939 1661 serviendi

1201 1686 1254 1712 aut
1277 1679 1411 1713 curandi
1443 1685 1603 1722 aegrotos.
1639 1679 1793 1718 Quocirca
1826 1681 1936 1714 decla-

1200 1744 1308 1766 ramus
1328 1734 1509 1766 clausuram
1534 1733 1741 1775 monasterii,
1768 1733 1937 1776 coenobii,

1199 1788 1250 1819 vel
1278 1791 1455 1820 conventus
1480 1796 1552 1819 esse
1577 1796 1613 1818 ea
1638 1786 1746 1819 omnia
1763 1796 1846 1829 quae
1863 1797 1938 1830 per-

1202 1840 1305 1873 tinent
1330 1840 1368 1873 ad
1393 1838 1495 1883 ipsius
1521 1839 1755 1872 habitationem
1781 1850 1816 1872 ac
1841 1840 1938 1873 domi-

1200 1893 1320 1932 cilium,
1346 1893 1488 1936 exceptis
1510 1893 1656 1926 ecclesiis
1674 1898 1705 1926 et
1722 1892 1868 1926 claustris
1893 1893 1940 1926 in-

1200 1945 1381 1985 ferioribus,
1406 1945 1432 1978 si
1458 1946 1599 1989 capellas
1632 1950 1664 1978 et
1695 1945 1813 1978 sacella
1837 1946 1939 1979 eonti-

1199 2004 1307 2031 neant.
1335 1998 1370 2031 ln
1395 2009 1458 2042 quo
1483 2009 1556 2031 casu
1582 1998 1620 2031 ad
1642 1998 1825 2031 huiusmodi
1852 2000 1939 2032 clau-

1199 2057 1263 2084 stra
1292 2051 1424 2084 feminas
1455 2051 1582 2094 ingredi
1615 2051 1833 2094 permittimus
1860 2057 1938 2084 tem-

1199 2115 1277 2147 pori:
1305 2105 1470 2137 dumtaxat
1493 2103 1721 2137 celebrationis
1745 2105 1859 2137 missae
1885 2110 1939 2138 aut

1199 2157 1418 2201 processionis
1443 2156 1592 2190 alicuius.
1627 2157 1749 2190 Poterit
1774 2163 1879 2190 tamen
1904 2158 1938 2190 in

1200 2211 1261 2243 hoc
1287 2210 1441 2253 magister
1465 2211 1515 2243 vel
1540 2210 1749 2253 provincialis
1770 2221 1827 2254 pro
1851 2210 1938 2244 bono

1199 2264 1356 2307 regimine
1383 2264 1550 2297 declarare
1575 2269 1607 2296 et
1630 2263 1836 2307 interpretari
1862 2263 1940 2297 diffi-

1200 2321 1346 2361 cultates,
1372 2329 1455 2362 quae
1486 2318 1519 2351 in
1553 2317 1612 2351 hac
1643 2323 1734 2361 parte
1766 2327 1937 2351 occurrere

1201 2374 1319 2406 solent.
1941 2397 1946 2406 2

1243 2435 1287 2459 vi.
1308 2425 1494 2458 Saeculares
1511 2424 1545 2457 in
1566 2423 1713 2457 domibus
1729 2422 1848 2456 nostris
1866 2432 1939 2456 con·

1199 2479 1304 2512 vivere
1330 2484 1383 2512 aut
1405 2483 1596 2522 pernoctare
1621 2487 1687 2510 non
1706 2476 1934 2520 permittimus.

1200 2532 1433 2575 Delinquentes
1454 2536 1573 2572 autem,
1591 2530 1645 2574 qui
1663 2540 1696 2563 se
1715 2530 1754 2563 ad
1772 2535 1935 2563 monaste-

1201 2585 1247 2618 ria
1278 2585 1461 2628 recipiunt,
1493 2589 1529 2616 ut
1560 2588 1725 2627 capturam
1758 2582 1931 2626 effugiant,

1235 2648 1247 2674 ‘1
1271 2647 1382 2675 Videtur
1401 2647 1494 2675 deesse
1513 2646 1639 2681 feminas
1661 2647 1697 2679 (n.
1713 2645 1763 2681 Τ.).
