2254 3225
204 240 241 275 An
272 238 300 266 c.
321 239 388 266 ¹690
432 230 474 264 56

226 407 320 432 Regibus
333 405 383 426 Por-

201 433 299 459 tugattiaa
314 437 384 452 sorva-

201 463 233 480 tur
252 460 383 484 impeti-ona·

201 489 232 506 tun
248 488 269 507 οι
300 490 383 505 raesen-

200 513 284 533 tandiu.
304 517 383 537 episco-

200 542 271 565 patum
304 541 324 558 et
357 536 383 556 ad

200 566 253 586 aba>
272 565 384 589 dignitates

201 596 220 612 οι
236 590 347 612 benoncia.

233 2200 350 2223 Clausulao.

968 234 1145 259 num—imru

393 294 456 328 tur,
490 288 638 321 similiter
670 290 828 331 perpetuo
865 284 1063 328 applicamus
1099 287 1130 314 et

394 343 627 385 approbamus.

438 395 453 438 ἐ
478 395 509 427 5.
541 394 579 427 Et
611 393 746 437 insuper
772 393 864 425 Petro
898 390 985 432 regi,
1014 393 1046 421 et
1069 398 1129 431 pro

396 453 542 490 tempore
562 446 775 480 existentibus
793 442 1010 485 portugalliae
1028 446 1059 473 et
1079 441 1130 472 Al-

395 502 582 544 garbiorum
609 500 738 542 regibus
755 496 940 541 praedictis,
959 495 1007 527 ius
1025 498 1130 536 patro-

394 560 489 588 natus
511 560 542 587 et
558 550 815 598 praesentandi',
834 550 873 583 ad
890 549 1006 582 dictam
1032 547 1131 580 eccle-

395 609 473 641 siam
508 608 644 640 Nankim
678 604 828 638 videlicet
865 601 961 635 nobis
998 605 1030 632 et
1071 609 1129 642 pro

396 667 542 704 tempore
568 657 718 692 existenti
744 657 887 688 Romano
913 651 1061 686 Pontifici
1086 651 1131 684 in-

395 715 443 747 sra
467 723 587 746 annum
613 711 654 744 ob
679 712 822 743 locorum
855 706 1041 739 distantiam
1068 710 1130 736 tam

396 767 457 799 hac
482 765 585 809 prima
607 764 684 803 vice,
711 772 805 805 quam
830 760 958 804 quoties
995 759 1051 792 illa
1076 758 1130 791 de-

395 821 507 863 inceps
531 818 646 862 quovis
671 817 765 849 modo
790 815 885 848 etiam
905 813 989 856 apud
1014 811 1130 845 Sedem

395 873 612 916 Apostolicam
636 880 747 902 vacare
773 866 959 909 contigerit,
989 876 1048 908 per
1072 875 1130 898 nos

396 932 429 958 et
458 935 516 968 pro
548 929 692 966 tempore
724 921 913 954 existentem
950 919 1129 952 Romanum

395 977 583 1010 Pontiticem
617 973 801 1007 huiusmodi
838 973 870 1004 in
903 971 1047 1004 eiusdem
1080 980 1131 1002 ec-

396 1029 516 1062 clesiae
542 1029 581 1061 de
605 1026 738 1060 Nanltim
758 1025 947 1068 episcopum
969 1028 1001 1056 et
1024 1028 1131 1065 pasto-

395 1094 463 1116 rem
496 1083 534 1115 ad
560 1080 857 1125 praesentationem
890 1077 1074 1110 huiusmodi
1100 1082 1131 1108 et

395 1146 461 1169 non
487 1132 564 1168 alias
590 1130 887 1178 praeficiendum²3
907 1131 947 1164 ad
972 1130 1129 1163 maiorem

394 1199 471 1222 vero
486 1193 559 1232 post
571 1185 800 1230 pontificalem,
817 1196 853 1217 ae
866 1183 1078 1227 principaleS,
1094 1193 1130 1214 ac

395 1241 474 1274 alias
494 1240 676 1282 dignitates,
695 1237 904 1271 canonicatus
921 1241 953 1269 et
973 1235 1131 1279 praeben-

395 1295 461 1333 das,
482 1304 610 1327 necnon
635 1291 792 1325 beneficia
809 1291 978 1333 erigenda,
998 1299 1071 1322 cum
1091 1288 1129 1320 de

394 1347 479 1380 Petri
505 1346 589 1389 regis
615 1351 647 1379 et
667 1355 725 1388 pro
752 1349 898 1386 tempore
924 1341 1129 1376 existentium

395 1411 508 1442 regum
533 1398 721 1432 huiusmodi
747 1397 869 1440 pariter
898 1395 992 1428 bonis
1024 1395 1131 1428 dotata

395 1453 525 1493 suerint,
558 1457 618 1484 tam
651 1452 689 1483 ab
723 1461 837 1483 eorum
871 1448 1035 1492 primaeva
1061 1458 1131 1480 ere-

395 1506 514 1545 ctione,
539 1515 635 1548 quam
661 1515 697 1537 ex
724 1509 798 1536 tunc
824 1503 978 1545 deinceps
1005 1500 1130 1544 quoties

395 1559 451 1592 illa
476 1558 642 1602 quibusvis
666 1557 769 1590 modis
795 1562 826 1589 et
845 1566 881 1588 ex
903 1565 1130 1598 quorumcum-

396 1623 458 1655 que
484 1611 630 1654 personis
663 1610 758 1643 etiam
783 1609 869 1652 apud
894 1608 1012 1641 Sedcm
1047 1617 1132 1639 eam-

397 1665 468 1697 dem
492 1672 605 1695 vacare
619 1661 802 1704 contigerit,
817 1660 974 1704 episcopo
993 1660 1032 1692 de
1050 1659 1132 1691 Nan-

397 1717 461 1751 kim
497 1726 558 1759 pro
591 1721 736 1758 tempore
762 1713 914 1747 existenti
947 1713 1131 1756 praedicto,

396 1771 478 1803 infra
504 1769 676 1802 terminum
694 1779 711 1801 a
730 1768 800 1801 iure
824 1766 1073 1811 praescriptum,
1097 1765 1131 1798 si·

397 1822 519 1856 militer
557 1832 616 1865 per
652 1832 723 1854 eum
760 1821 799 1854 ad
834 1819 1130 1863 praesentationem

397 1875 556 1919 praedicti
589 1874 672 1907 Petri
705 1874 791 1915 regis
829 1878 861 1905 et
891 1882 950 1916 pro
986 1877 1130 1914 tempore

397 1928 603 1962 existentium
622 1925 838 1968 Portugalliae
857 1930 887 1957 et
904 1924 1131 1966 Algarbiorum

398 1991 510 2024 regum
535 1980 568 2012 in
592 1979 670 2022 ipsis
702 1978 927 2021 dignitatibus,
963 1976 1132 2010 canonica-

398 2034 481 2066 tibus
507 2038 539 2066 et
560 2032 764 2076 praebendiS,
791 2042 826 2064 ac
850 2030 1015 2064 beneficiis
1040 2029 1132 2062 insti-

399 2087 536 2119 tuendos
546 2086 564 2126 ³,
591 2086 687 2119 etiam
704 2085 816 2118 endem
833 2083 1027 2116 auctoritate
1048 2082 1130 2125 pari-

399 2145 446 2172 ter
470 2149 667 2172 reservamus
692 2143 724 2171 et
749 2137 968 2171 concedimus.

443 2192 512 2235 56.
539 2192 755 2224 Decerncntes
791 2191 842 2223 ius
874 2192 1065 2232 patronatus
1100 2192 1131 2220 et

398 2245 625 2288 praesentandi
660 2243 848 2276 huiusmodi
881 2243 974 2275 Petro
1008 2246 1040 2274 et
1071 2251 1130 2282 pro

398 2303 543 2341 tempore
569 2297 780 2330 existentibus
806 2296 937 2338 regibus
958 2293 1131 2337 praedictis

400 2361 435 2384 ex
459 2350 556 2383 meris
581 2350 822 2383 fundationibus
854 2354 885 2381 et
913 2346 1131 2381 dotationibus

436 2449 446 2474 t
470 2447 571 2474 Forsan
587 2447 662 2474 deest
675 2454 812 2481 personas
828 2445 944 2471 idoneas
959 2444 996 2476 (a,
1012 2443 1058 2475 T.).

435 2489 1131 2526 2Velpmuficstudam,sibneffigaspmwonam;

398 2537 471 2563 male
487 2536 528 2562 ed.
548 2536 628 2562 Main.
646 2535 708 2569 legit
722 2534 916 2569 praeficiendo
932 2536 971 2561 (a.
989 2534 1036 2559 Τ.).

436 2580 452 2607 3
473 2581 517 2606 Vel
545 2580 734 2606 inslHiuuzdas
762 2579 783 2604 si
813 2577 1013 2612 praeintenigas
1036 2584 1132 2610 ywerso-

401 2632 470 2656 uam
491 2625 560 2650 male
576 2624 618 2650 ed.
636 2624 714 2651 Main.
730 2624 795 2659 legit
810 2622 997 2651 instituendis
1013 2626 1049 2655 (ti.
1068 2627 1115 2654 T.).

1171 231 1324 256 HOMANL'M

1171 285 1374 324 competere,
1407 280 1520 324 illique
1557 281 1652 314 etiam
1690 290 1750 324 per
1789 279 1905 314 Sedem

1172 334 1327 373 eamdem,
1343 333 1438 366 etiam
1459 334 1739 373 consistorialiter,
1759 344 1907 377 quacum-

1172 396 1235 428 que
1267 385 1393 419 ratione
1426 386 1574 429 derogari
1607 397 1671 419 non
1704 397 1810 430 posse,
1847 397 1907 419 nec

1172 439 1362 481 derogatum
1384 439 1517 479 censeri,
1544 439 1603 471 nisi
1630 439 1731 482 ipsius
1763 439 1849 472 Petri
1874 444 1908 472 et

1173 501 1230 533 pro
1256 496 1399 534 tempore
1430 491 1633 525 existentium
1665 502 1780 534 regum
1816 502 1908 535 prae-

1172 544 1332 576 dictorum
1361 545 1399 577 ad
1425 544 1457 577 id
1494 555 1664 588 expressus
1696 544 1830 577 accedat
1859 555 1907 577 as-

1172 608 1299 638 sensus;
1321 602 1363 637 et,
1388 597 1412 630 si
1439 598 1530 630 aliter
1555 597 1667 640 quovis
1691 598 1790 630 modo
1814 598 1909 630 dero-

1172 656 1272 694 getur,
1288 651 1517 692 derogationes
1535 651 1733 690 huiusmodi,
1747 661 1818 683 eum
1833 651 1907 684 inde

1171 704 1299 744 secutis,
1321 704 1442 737 nullius
1460 703 1595 743 roboris,
1616 704 1777 736 efficaciae
1793 709 1826 737 et
1841 715 1908 738 mo-

1173 757 1270 790 menti
1297 756 1390 796 sore3

1215 811 1230 854 ξ
1255 810 1286 843 7.
1312 809 1429 853 Sicque
1454 820 1513 853 per
1537 820 1759 853 quoscumque
1785 808 1906 843 iudices
1940 820 2100 842 cimuiasut-

1172 864 1270 897 etiam
1294 863 1534 897 commissarios
1571 863 1684 906 quavis
1718 847 1965 896 aiictoi=itate‘“'“'

1173 918 1364 959 fungentes.
1392 917 1487 949 etiam
1516 916 1546 949 S.
1575 916 1610 949 R.
1637 916 1672 948 E.
1700 916 1902 957 cardinales,

1172 971 1267 1003 etiam
1305 971 1344 1004 de
1380 971 1479 1003 latere
1505 970 1652 1012 legatos,
1685 969 1903 1012 vicelegatos,

1171 1024 1325 1067 Sedisque
1348 1023 1531 1067 praedictae
1556 1023 1702 1062 nuncios,
1721 1022 1816 1060 etiam
1837 1033 1907 1055 cau-

1171 1088 1277 1110 sarum
1303 1076 1414 1119 palatii
1440 1075 1610 1119 apostolici
1628 1075 1804 1113 auditores,
1830 1075 1907 1107 suh-

1172 1131 1234 1163 lata
1259 1130 1305 1163 eis
1330 1135 1362 1161 et
1383 1140 1496 1162 eorum
1521 1128 1654 1161 cuilibet
1678 1127 1790 1170 quavis
1813 1127 1907 1160 aliter

1173 1182 1333 1215 iudicandi
1358 1188 1390 1215 et
1417 1181 1654 1224 interpretandi
1691 1180 1842 1212 facultate
1875 1184 1907 1212 et

1171 1236 1371 1274 auctoritate,
1397 1234 1534 1268 iudicari
1560 1239 1592 1266 et
1615 1233 1742 1267 definiri
1768 1233 1903 1272 dehere,

1171 1289 1296 1322 irritum
1322 1298 1450 1332 quoque
1475 1292 1507 1320 et
1538 1287 1634 1319 inane
1667 1286 1823 1329 quidquid
1856 1296 1906 1319 se-

1171 1354 1226 1375 cus
1250 1352 1347 1386 super
1371 1341 1421 1374 his
1438 1352 1455 1373 a
1476 1350 1649 1384 quoquam,
1672 1339 1781 1382 quavis
1801 1344 1907 1372 aucto-

1172 1397 1276 1435 ritate,
1294 1396 1435 1428 scienter
1449 1394 1498 1427 vcl
1517 1393 1714 1436 ignoranter,
1733 1391 1908 1434 contigerit

1172 1448 1332 1483 attentari.

1215 1501 1285 1545 §8-
1325 1502 1394 1534 Non
1432 1500 1637 1534 obstantibus
1677 1498 1906 1531 Lateranensis

1172 1555 1304 1589 Concilii
1330 1554 1501 1588 novissime
1526 1552 1679 1586 celebrati
1698 1553 1737 1584 ab
1763 1552 1907 1584 ecclesiis

1173 1610 1316 1642 membra
1340 1607 1493 1650 distingui
1512 1611 1543 1639 et
1567 1605 1664 1638 dividi
1690 1604 1905 1647 prohibentis,

1173 1673 1208 1695 ac
1232 1662 1344 1704 regula
1368 1662 1478 1693 nostra
1503 1659 1541 1691 de
1574 1668 1639 1691 non
1666 1658 1813 1690 tollendo
1838 1657 1907 1690 iure

1173 1715 1317 1758 quaesito
1342 1719 1374 1746 et
1404 1712 1580 1746 unionibus
1606 1711 1847 1744 committendis
1873 1722 1908 1743 ac

1173 1768 1280 1801 valore
1310 1764 1539 1809 exprimendo,
1563 1770 1722 1806 quatenus
1746 1773 1827 1806 opus
1857 1764 1908 1802 sit,

1173 1821 1308 1863 aliisque
1340 1817 1630 1852 constitutionibus
1663 1821 1694 1849 et
1729 1815 1909 1848 ordinatio-

1174 1875 1268 1906 nibus
1300 1871 1503 1916 apostoticis3
1540 1869 1658 1912 quibus
1691 1868 1841 1902 omnibus
1878 1874 1910 1901 et

1173 1926 1327 1970 singulis,
1368 1923 1494 1957 etiamsi
1538 1922 1577 1955 de
1619 1921 1684 1954 illis
1729 1931 1909 1963 eci-umque

1174 1980 1248 2013 totis
1273 1978 1439 2011 tenoribus
1468 1975 1627 2018 specialis,
1661 1973 1822 2016 specifica,
1856 1984 1908 2006 ex-

1174 2042 1283 2075 pressa
1317 2036 1349 2063 et
1380 2028 1562 2066 individua,
1603 2037 1668 2059 non
1705 2030 1812 2058 autem
1848 2035 1908 2068 pei·

1174 2084 1332 2117 clausulas
1369 2081 1538 2124 generales
1562 2079 1647 2111 idem
1673 2078 1903 2121 importantes,

1174 2135 1295 2169 mentio
1328 2144 1383 2167 scu
1413 2132 1545 2176 quaevis
1571 2131 1634 2163 alia
1660 2129 1824 2173 expressio
1850 2130 1907 2162 ha-

1174 2189 1278 2222 benda
1311 2192 1364 2220 aut
1392 2186 1499 2228 aliqua
1532 2185 1593 2218 alia
1618 2183 1773 2226 exquisita
1805 2183 1907 2215 forma

1173 2243 1210 2274 ad
1238 2242 1301 2274 hoc
1326 2239 1481 2273 servanda
1500 2239 1592 2277 soret,
1616 2237 1680 2270 illis
1699 2236 1776 2269 alias
1798 2236 1829 2268 in
1851 2245 1908 2268 suo

1173 2295 1289 2328 robore
1314 2291 1548 2336 permansuris,
1568 2290 1628 2322 liae
1648 2289 1713 2322 vice
1736 2289 1908 2328 dumtaxat,

1174 2348 1288 2380 harum
1305 2345 1387 2378 serie
1405 2343 1592 2387 specialiter
1617 2347 1647 2375 et
1671 2351 1822 2384 expresse
1854 2341 1908 2373 de-

1173 2409 1342 2442 rogamus;
1376 2397 1559 2439 ceterisque
1584 2393 1755 2428 contrariis
1780 2392 1909 2436 quibus-

1173 2462 1322 2495 cumque.

1218 2506 1232 2548 ξ
1265 2505 1295 2537 9.
1335 2503 1419 2536 Nulli
1456 2512 1533 2544 ergo
1571 2499 1702 2534 omnino
1738 2499 2031 2549 h⁰¹¹¹³s¹¹¹fflnafiss⁰¹ff⁰
2050 2505 2101 2528 βοο-

1176 2559 1269 2591 liccat
1310 2558 1392 2588 lianc
1418 2555 1568 2597 paginam
1601 2558 1730 2584 nostrae
1760 2563 1909 2593 segrega-

1177 2611 1284 2649 tioniS,
1310 2606 1483 2646 divisionis,
1503 2604 1729 2649 separationis,
1759 2604 1907 2636 dismem-

1910 230 1959 257 Αη.
1981 229 2011 258 C.
2029 231 2100 258 ¹690

1985 1504 2100 1526 [terentio

1917 1534 2078 1552 contrariorum.
