2254 3225
214 238 252 262 11η
285 233 404 261 01601)
449 224 491 259 30

215 803 240 819 tr,

215 833 237 847 ΓΕ

242 773 342 793 101111ιί1111
353 778 399 793 con-

241 808 247 819 ι
267 800 400 825 perturbato-

241 836 258 847 >-

247 1828 342 1849 firmitas
365 1829 401 1849 311Α

221 1855 271 1876 dn...

406 283 582 323 firmamus,
602 292 778 325 omnesque
796 286 827 314 et
844 281 988 323 singulos
1006 279 1084 311 iuris
1110 284 1141 310 et

408 336 490 377 sacti,
501 347 537 369 ac
551 336 790 369 solemnitatum
805 335 993 368 emissarum
1007 336 1037 366 et
1051 331 1142 365 omit-

407 390 600 430 tendarum,
626 400 755 423 necnon
787 387 1014 422 substantiales
1042 385 1141 418 alios-

407 453 469 485 que
491 444 634 476 desectus
659 452 896 486 quoscumque,
923 440 948 472 si
974 439 1025 483 qni
1045 438 1143 470 inter-

406 496 555 529 venerint
579 502 632 529 3111
657 497 903 529 intervenerunt
935 493 967 525 in
1001 492 1142 529 eisdem,

408 550 533 583 etiamsi
553 551 630 583 tales
651 550 715 582 sint
731 550 780 582 vel
805 547 939 586 suerint,
966 545 1051 588 quod
1070 553 1143 586 spe-

409 603 509 644 cialis,
520 603 668 647 specifica
682 608 713 635 01
727 612 877 645 expressa
889 600 927 633 de
942 599 1006 632 illis
1021 596 1143 630 mentio

409 657 636 700 praesentibus
661 655 810 688 habenda
828 658 922 691 esset,
941 652 1141 694 supplemus.

454 710 468 753 ξ
499 710 551 742 13.
579 708 759 742 Districtins
795 707 980 739 inhibentes
1012 703 1146 746 quibus-

411 772 547 804 cumque
581 759 834 804 archiepiscopis
851 785 858 798 ,
886 757 1066 801 episcopis,
1092 760 1145 787 aut

411 815 483 847 aliis
507 814 715 847 ecelesiarum
741 811 904 856 praelatis,
931 819 1055 842 necnon
1082 808 1142 841 Ca-

410 878 519 900 merae
544 866 728 910 praedictae
753 863 1016 908 praesidentibus
1039 867 1067 893 et
1086 862 1147 894 cle-

411 921 502 959 ricis,
530 931 564 953 ae
589 931 719 959 eorum,
745 928 871 951 necnon
899 916 1036 948 fabricae
1062 915 1146 947 basi-

411 975 492 1007 licae
515 974 672 1017 Principis
696 973 920 1015 Apostolorum
936 970 974 1002 dc
995 969 1091 1009 Urbe,
1110 980 1145 1001 ac

412 1027 572 1059 cruciatae
599 1032 737 1065 sanctae,
763 1031 795 1057 et
819 1024 889 1057 aliis
915 1022 1146 1056 collectoribus

411 1087 442 1112 01.
478 1079 791 1117 subcollectoribus,
825 1077 1003 1120 ceterisque
1041 1075 1147 1107 cuius-

411 1143 546 1175 cumque
583 1132 769 1174 dignitatis,
803 1135 927 1170 status,
967 1129 1085 1171 gradus
1115 1134 1146 1160 et

411 1186 604 1218 conditionis
640 1184 868 1222 existentibus,
902 1183 998 1216 etiam
1035 1182 1145 1226 quavis

411 1238 599 1271 anctoritate
619 1243 649 1270 et.
666 1242 822 1281 potestate
850 1237 1066 1279 fungentibus,
1087 1236 1146 1268 sub

411 1291 754 1324 010011111111111031101115
780 1291 921 1330 111310115,
949 1291 1084 1332 aliisque
1099 1300 1148 1322 ec—

411 1344 602 1377 clesiasticis
629 1344 819 1385 sententiis,
846 1343 993 1376 censuris
1019 1348 1050 1375 et
1073 1353 1148 1386 poe-

411 1396 470 1436 nis,
496 1407 535 1429 ne
560 1397 805 1436 universitates,
831 1396 969 1438 collegia
995 1407 1030 1428 ac
1055 1397 1144 1435 loca,

411 1455 443 1482 et
467 1451 637 1493 legatarios
655 1450 816 1483 haeredes
835 1455 867 1483 et
883 1460 1050 1493 personas,
1074 1459 1147 1481 nec-

411 1512 473 1534 non
501 1508 781 1543 testamentorum,
810 1504 1009 1536 voluntatum
1044 1508 1073 1535 et
1100 1512 1148 1534 or-

412 1555 614 1589 dinationum
639 1556 824 1590 huiusmodi
849 1562 1038 1589 executores
1055 1566 1147 1600 prae-

412 1609 526 1649 dictos,
547 1609 666 1642 directe
682 1610 730 1642 vel
746 1609 914 1650 indirecte,
929 1610 1039 1653 quovis
1055 1620 1146 1653 quae-

410 1662 470 1695 sito
497 1664 604 1695 colore
628 1663 676 1696 vel
710 1663 861 1706 ingenio,
895 1664 1066 1696 molestare
1092 1674 1146 1696 au-

412 1715 507 1748 deant
532 1727 661 1759 quoquo
686 1717 783 1749 modo
809 1718 858 1750 vel
883 1717 1089 1760 perturbare.

456 1770 471 1812 ξ
489 1769 542 1802 Μ.
561 1771 604 1802 Ac
622 1770 834 1803 decernentes
854 1770 1019 1813 praedicta
1040 1770 1145 1803 omnia

413 1827 445 1854 et
470 1822 609 1864 singula,
630 1828 882 1866 praesentesque
901 1823 1036 1862 litteras,
1056 1829 1087 1855 et
1105 1829 1147 1856 te-

413 1880 582 1914 stamenta,
608 1875 808 1916 donationes,
834 1876 948 1917 legata,
976 1875 1147 1909 ordinatio·

413 1938 483 1967 nes,
510 1928 744 1970 derogationes,
771 1928 1010 1972 dispositioncs,
1033 1935 1063 1962 et
1088 1931 1148 1963 alia

414 1992 651 2025 quaecumque,
668 1992 796 2015 necnon
812 1992 893 2025 qnae
912 1982 942 2014 in
964 1984 1149 2025 p1·:1emis<is

414 2034 495 2067 sacta
525 2039 599 2066 sunt
629 2040 684 2067 ant
715 2033 783 2067 lieri
809 2034 982 2077 contigerit
1014 2042 1076 2068 tam
1107 2037 1148 2069 1-1-

414 2096 491 2129 gore
527 2088 707 2130 praesentis
752 2098 846 2130 quam
883 2088 977 2121 etiam
1014 2089 1146 2122 aliarum

415 2140 659 2174 concessionum
685 2141 775 2174 vobis
803 2141 956 2174 factarum
994 2148 1024 2175 et
1061 2144 1148 2175 (10111-

415 2204 488 2237 ceps
504 2194 535 2226 in
554 2205 672 2236 genere
691 2199 722 2227 et
740 2195 770 2226 in
788 2196 898 2238 specie
920 2196 1146 2238 faciendarum,

416 2258 487 2279 cnm
513 2247 587 2280 inde
621 2247 739 2279 secutis
765 2253 794 2280 et
824 2249 995 2289 secuturis,
1024 2250 1147 2283 etiamsi

415 2310 469 2334 vos
487 2300 570 2332 intra
587 2300 717 2340 curiam,
735 2307 790 2333 aut
807 2301 838 2333 in
860 2310 1065 2345 quacumque
1087 2304 1148 2336 alia

416 2353 526 2385 mundi
553 2359 641 2395 parte
660 2358 750 2385 extra
770 2355 922 2386 ecclesias
941 2361 971 2387 et
991 2355 1147 2388 beneficia

416 2407 621 2449 personalem
637 2408 843 2440 residentiam
859 2408 1058 2451 requirentia
1077 2420 1147 2452 qua-

416 2459 628 2502 litercumque
654 2460 832 2502 ‹ptaliiicata
854 2472 912 2504 per
933 2472 987 2494 ros
1013 2472 1097 2494 nnnc
1118 2469 1144 2495 01
1167 2467 1169 2477 ¹

416 2522 476 2555 pro
499 2518 643 2555 tempore
670 2514 813 2554 11111οι113,
842 2515 935 2547 ctiam
961 2526 1019 2557 pro
1045 2519 1147 2548 vecti-a

417 2567 485 2598 5013
501 2567 664 2599 voluntate
682 2573 711 2599 et
732 2569 820 2601 nulla
837 2568 1034 2602 subsistente
1053 2571 1146 2601 031153
1167 2563 1168 2573 ’

417 2629 480 2652 11011
498 2619 668 2662 residendi,
688 2621 726 2653 ab
744 2621 892 2655 humanis
906 2622 1057 2655 recedere
1077 2633 1145 2655 con-

987 227 1164 254 nt'timntttn
1191 227 1297 250 nottstx
1304 223 1345 249 VM

1185 275 1301 318 tigerit,
1318 275 1377 306 sub
1396 272 1510 307 litteris
1531 274 1726 307 recolendae
1744 273 1920 307 memoriae

1184 328 1228 360 Pii
1255 327 1359 370 Papae
1384 326 1420 359 tv
1440 325 1702 370 praedecessoris
1723 327 1827 360 nostri
1845 338 1922 361 con-

1185 386 1232 413 tra
1254 391 1475 424 quoscumque
1497 380 1681 424 episcopos
1702 381 1923 425 archiepisco·

1186 445 1243 477 pos
1265 439 1297 466 et
1314 433 1394 467 alios
1413 435 1586 477 praelatos,
1605 445 1734 469 necnon
1751 436 1924 479 parochia-

1187 487 1265 519 lium
1301 487 1512 520 ecclesiarnm
1537 493 1679 521 rectores
1695 516 1702 529 ,
1729 494 1922 532 ceterosque

1187 540 1383 573 residentiae
1409 541 1571 584 personali
1597 542 1781 585 praedictae
1806 542 1924 575 adstri-

1188 597 1269 632 ctos,
1292 597 1380 625 extra
1399 593 1485 626 illam
1506 595 1811 638 quomodocumque
1832 595 1924 628 dece-

1189 645 1371 685 dentes,vn
1397 646 1550 680 kalendas
1573 647 1768 687 decembris,
1794 647 1924 690 pontifi-

1189 703 1279 731 catus
1303 699 1350 731 sni
1376 711 1461 733 anno
1486 711 1514 740 v,
1538 706 1592 733 3111
1615 701 1679 734 3110
1704 701 1821 734 veriori
1848 706 1925 734 tem-

1189 763 1282 795 pore,
1310 754 1483 793 emanans,
1516 759 1548 787 et
1571 755 1633 787 snb
1665 755 1924 798 quibuscumque

1189 805 1261 837 aliis
1287 807 1599 848 constitutionibus,
1624 814 1679 840 3111
1710 807 1925 841 revocationi-

1189 859 1261 898 bus,
1287 861 1565 902 suspensionibus,
1588 861 1839 900 limitationihus,
1858 871 1926 893 mo-

1189 911 1447 953 dificationibus,
1472 914 1621 955 decretis,
1648 914 1924 947 declarationibus

1189 965 1386 1007 apostolicis,
1414 968 1626 1001 cancellariae
1650 968 1848 1012 apostolicae
1875 978 1925 1000 re-

1189 1018 1283 1059 gulis,
1298 1029 1333 1051 cx
1349 1020 1608 1064 quibuscumque
1624 1021 1738 1062 causis,
1754 1026 1926 1064 qnantum-

1190 1082 1328 1114 eumque
1354 1074 1509 1114 maximis,
1526 1075 1718 1117 urgentibus
1740 1080 1771 1107 et
1795 1074 1926 1108 inexco-

1190 1125 1353 1166 gitalibns,
1367 1127 1463 1159 etiam
1481 1127 1513 1159 in
1529 1127 1667 1160 savorem
1682 1127 1756 1161 fidei
1775 1133 1806 1161 et
1828 1128 1925 1161 divini

1189 1179 1294 1210 cultus
1322 1185 1547 1222 augmentum,
1576 1192 1613 1214 ac
1641 1181 1923 1222 consistorialiter,

1190 1233 1284 1265 etiam
1311 1243 1326 1265 a
1352 1233 1445 1266 nobis
1471 1240 1503 1266 et
1526 1234 1608 1267 Sede
1626 1235 1791 1278 praedicta
1817 1235 1927 1268 hacte—

1190 1296 1248 1317 nus
1270 1287 1318 1319 vel
1345 1297 1432 1320 nunc
1464 1293 1495 1320 et
1526 1298 1585 1330 pro
1607 1294 1751 1331 tempore
1777 1289 1869 1321 sactis
1894 1294 1926 1322 et

1190 1340 1292 1379 editis,
1312 1340 1444 1373 minime
1461 1342 1704 1384 comprehendi,
1725 1342 1779 1375 sed
1798 1353 1926 1386 semper

1190 1394 1229 1425 ab
1250 1393 1314 1426 illis
1335 1399 1476 1438 excepta,
1497 1400 1528 1428 et
1547 1395 1674 1438 quoties
1699 1401 1846 1429 emanata
1865 1396 1926 1429 sne-

1191 1447 1262 1485 rint,
1283 1447 1378 1480 toties
1398 1448 1430 1480 in
1449 1448 1619 1491 pristinum
1638 1455 1669 1482 et
1693 1449 1926 1482 validissimum

1190 1506 1324 1541 statum,
1353 1507 1384 1534 et
1417 1501 1512 1534 etiam
1550 1503 1609 1534 sub
1642 1503 1814 1546 posteriori
1853 1504 1927 1537 data

1190 1554 1285 1587 etiam
1312 1566 1383 1587 eum
1408 1556 1678 1598 derogationibus
1710 1562 1742 1589 et
1770 1557 1927 1591 clausulis

1191 1608 1284 1641 etiam
1312 1609 1591 1651 derogatoriarum
1616 1610 1831 1653 derogatoriis
1856 1611 1927 1643 irri-

1192 1662 1399 1705 tantibusque
1435 1668 1466 1695 et
1497 1663 1568 1696 aliis
1605 1663 1745 1696 decretis
1780 1674 1840 1707 per
1870 1675 1925 1697 vos

1191 1717 1339 1759 eligenda
1365 1716 1568 1760 apponendis
1589 1723 1620 1750 et
1644 1717 1797 1751 latissime
1823 1718 1927 1762 speci-

1191 1770 1337 1810 ficandis,
1363 1770 1525 1813 reposita,
1552 1770 1699 1803 restituta
1724 1776 1755 1803 et
1779 1772 1925 1814 plenarie

1190 1824 1388 1866 reintegrata
1420 1829 1452 1857 et
1481 1824 1521 1856 de
1553 1834 1634 1857 novo
1667 1834 1822 1858 concessa
1851 1826 1928 1859 vali-

1191 1879 1292 1921 daque
1315 1883 1346 1910 et
1370 1877 1511 1910 efficacia
1529 1877 1606 1917 sore,
1624 1888 1752 1911 necnon
1769 1881 1927 1922 perpetua

1191 1931 1340 1964 firmitate
1366 1931 1544 1963 subsistere
1560 1957 1567 1971 ‚
1592 1941 1732 1974 suosque
1760 1932 1925 1975 plenarios

1192 1991 1224 2018 et
1248 1995 1362 2018 omnes
1386 1983 1528 2023 effectus,
1549 1995 1631 2027 quos
1657 1985 1696 2017 de
1722 1985 1803 2025 iure,
1831 1986 1923 2029 stylo,

1192 2038 1438 2076 consuetudine,
1458 2043 1510 2069 aut
1525 2035 1603 2070 alias
1618 2038 1923 2083 quomodocumque

1191 2091 1297 2125 sortiri
1323 2095 1492 2133 poterunt,
1518 2100 1553 2122 ac
1577 2090 1638 2122 vim
1663 2091 1748 2130 veri,
1774 2092 1922 2134 legitimi,

1192 2143 1295 2183 iurati,
1323 2143 1479 2186 stipulati,
1506 2143 1602 2175 validi
1628 2148 1659 2176 et
1684 2143 1824 2178 efficacis
1848 2155 1925 2179 con-

1193 2204 1310 2231 tractus
1335 2197 1420 2230 inter
1445 2208 1500 2230 vos
1527 2208 1562 2230 ex
1583 2199 1646 2230 una
1670 2208 1705 2230 ac
1729 2208 1789 2231 nos
1815 2205 1845 2232 01
1869 2199 1925 2232 Ca-

1191 2261 1312 2283 meram
1348 2249 1614 2293 praedictatncx
1645 2250 1747 2283 altera
1778 2252 1923 2294 partibus

1192 2303 1328 2343 babere,
1355 2314 1390 2335 ac
1417 2302 1511 2335 etiam
1538 2313 1596 2345 per
1620 2304 1858 2346 promotionem
1884 2305 1922 2338 ad

1168 2387 1169 2394 ,
1191 2357 1362 2390 ecclesiam
1388 2356 1617 2395 cathedralem,
1644 2356 1739 2389 etiam
1765 2362 1924 2401 metropo-

1191 2411 1339 2448 litanam,
1369 2414 1421 2441 aut
1456 2409 1714 2449 translationem,
1748 2410 1796 2442 vel
1829 2411 1922 2444 aliam

1190 2469 1292 2496 status
1317 2468 1348 2494 et
1376 2472 1535 2505 personae
1560 2467 1684 2495 vestrae
1710 2463 1922 2497 mutationem

1190 2514 1345 2554 'cessat-e,
1372 2525 1431 2547 nec
1452 2525 1511 2557 per
1531 2515 1651 2547 similes
1676 2516 1726 2548 vel
1752 2516 1924 2550 dissimiles

1189 2569 1307 2611 gratias
1331 2569 1422 2600 vobis
1447 2578 1619 2600 concessas
1644 2573 1675 2600 et
1701 2569 1925 2604 concedendas

1226 2632 1235 2658 1
1259 2630 1372 2658 Videtur
1391 2630 1484 2657 deesse
1506 2639 1560 2656 aon
1583 2631 1618 2666 (a.
1641 2630 1689 2666 T.).

1931 222 1982 251 An.
2002 222 2032 252 C.
2045 219 2117 254 1690
