2254 3225
205 182 252 209 An.
270 181 295 209 C.
320 183 385 210 1697

227 458 384 479 Contrariorum

205 486 320 510 devagata).

434 175 495 207 778

399 231 602 273 auctoritate,
631 233 766 266 iudicari
792 237 822 266 et
847 231 973 266 definiri
999 234 1131 275 debere,

398 295 434 318 ac
450 285 574 318 irritum
592 290 623 319 et
647 285 758 326 inane,
776 285 802 318 si
822 296 915 319 secus
932 296 1030 330 super
1047 285 1098 319 his
1116 296 1133 319 a

399 349 580 383 quoquam,
608 340 720 383 quavis
753 340 966 381 anctoritate,
993 339 1134 373 scienter

397 394 446 426 vel
471 393 670 436 ignoranter,
696 393 868 436 contigerit
893 393 1057 426 attentari.

441 447 455 489 g
480 446 512 480 3.
539 446 608 480 Non
633 446 837 480 obstantibus
862 446 1069 489 apostolicis,
1097 455 1133 478 ac

398 500 430 532 in
440 498 448 515 ¹
460 499 697 532 universalibus
711 498 1029 542 provincialibusque
1044 503 1075 531 et
1085 508 1134 541 sy-

397 552 568 585 nodalibus
582 551 729 585 conciliis
743 551 849 590 editis,
864 550 1068 593 generalibus
1083 551 1132 583 vel

397 605 605 648 specialibus,
632 603 916 637 constitutionibus
941 608 973 636 et
1005 602 1135 635 ordina-

398 658 550 699 tionibus,
580 667 707 690 necnon
733 656 909 700 quibusvis,
931 655 1028 688 etiam
1053 654 1135 688 iura-

397 716 507 744 mento
524 738 531 751 ,
565 710 811 744 confirmatione
848 709 1047 753 apostolica,
1082 712 1135 741 aut

398 765 510 808 quavis
536 764 690 797 firmitate
716 764 779 796 alia
804 763 979 803 roboratis,
1005 762 1133 795 statutis

397 823 429 849 et
452 817 757 856 consuetudinibus,
787 816 965 860 privilegiis
990 825 1132 858 quoque,

396 871 532 903 indultis
550 876 581 903 et
605 869 726 903 litteris
744 869 933 913 apostolicis
958 868 990 901 in
1008 873 1135 901 contra-

396 924 480 956 rium
506 923 761 966 praemissorum
785 921 1033 966 quomodolibet
1057 932 1135 954 con-

396 976 508 1015 cessis,
533 975 732 1009 confirmatis
755 981 785 1009 et
809 975 989 1015 innovatis,
1016 974 1133 1017 quibus

397 1029 545 1062 omnibus
577 1034 608 1061 et
644 1027 800 1070 singulis,
838 1027 968 1060 illorum
1005 1032 1133 1059 tenores

395 1082 622 1126 praesentibus
640 1092 697 1124 pro
715 1082 811 1124 plene
826 1085 857 1113 et
875 1080 1072 1113 sufficienter
1086 1091 1134 1113 ex-

395 1135 520 1178 pressis
539 1145 574 1167 ac
591 1135 629 1167 ad
650 1134 783 1167 verbum
808 1133 936 1166 insertis
961 1133 1133 1173 habentes,

395 1188 460 1221 illis
477 1188 556 1220 alias
573 1188 606 1220 in
624 1198 682 1220 suo
702 1188 821 1220 robore
843 1186 1077 1230 permansuris,
1095 1186 1133 1219 ad

395 1241 648 1284 praemissorum
667 1239 827 1280 eil'ectum,
853 1240 913 1272 hac
930 1239 998 1272 vice
1017 1239 1135 1272 dumta-

395 1298 456 1333 xat,
477 1293 663 1336 specialiter
688 1297 719 1325 et
744 1302 899 1335 expresse
922 1292 1132 1334 derogamus,

396 1346 575 1388 ceterisque
601 1345 772 1378 contrariis
799 1345 1065 1387 quibuscumque.

439 1399 553 1432 Datum
571 1399 701 1437 Romae,
721 1398 806 1441 apud
832 1397 863 1430 S.
884 1397 1011 1430 Mariam
1036 1397 1131 1430 Maio-

398 1463 474 1491 rem,
490 1453 549 1484 snb
565 1453 684 1484 annulo
699 1451 885 1490 piscatoris,
900 1451 950 1483 die
965 1461 995 1483 v1
1011 1451 1135 1483 februa-

396 1506 434 1538 rii
456 1515 620 1542 nncxcvn,
638 1504 846 1548 pontificatus
864 1504 966 1537 nostri
987 1515 1070 1537 anno
1088 1515 1131 1537 vi.

433 1566 492 1594 Dat.
511 1567 556 1593 die
571 1567 587 1593 6
602 1566 734 1593 februarii
753 1566 837 1599 1697,
859 1565 959 1600 pontif.
977 1574 1050 1592 anno
1071 1572 1115 1593 vn.

712 1682 823 1716 CXLV.

399 1755 646 1798 Confirmamur
669 1758 696 1787 el
718 1754 920 1786 innovcmtur
935 1753 1136 1785 constitutio-

439 1819 495 1841 nes
521 1808 692 1842 Clementis
717 1808 747 1840 X
771 1811 799 1838 et
819 1806 1005 1839 Innocenti&
1024 1806 1077 1839 XI
1098 1805 1136 1838 de

443 1862 585 1894 transitu
603 1860 888 1892 Benediclinorum
910 1859 1137 1901 Conqreyalio-

440 1915 493 1946 πίε
516 1914 624 1946 sanem*
647 1913 760 1945 Mauri
783 1913 819 1944 in
848 1911 962 1945 Gallia
986 1911 1028 1943 ad
1052 1911 1135 1945 alios

442 1966 579 2000 Ordines
603 1966 769 2009 requlares
780 1964 801 1997 ⁹.

572 2036 768 2064 Innocentius
789 2036 867 2069 Papa
886 2036 958 2070 XII,

539 2081 575 2108 ad
601 2082 733 2108 futuram
757 2080 800 2108 rei
820 2080 993 2108 memoriam

976 185 1153 209 BULLARIUM
1178 185 1331 210 ROMANUM

1174 234 1298 268 moriae
1324 233 1472 267 Urbanus
1498 235 1581 278 Papa
1599 234 1673 275 t‘ltl,
1693 235 1788 267 etiam
1814 244 1908 277 prac-

1176 287 1325 323 decessor
1340 293 1459 328 noster,
1475 288 1591 322 dictam
1604 288 1907 331 Congregationeiu,

1174 341 1264 385 prius
1289 352 1306 375 a
1331 341 1444 375 similis
1469 342 1648 375 memoriae
1673 340 1831 384 Gregorio
1857 340 1929 389 1³³¹ss

1175 405 1216 437 pa
1240 394 1291 427 XV
1316 394 1568 438 praedecessore
1596 395 1716 438 pariter
1740 399 1851 428 nostro
1876 392 1908 425 in

1175 456 1278 489 regno
1298 447 1420 481 Galliae
1446 452 1588 480 erectam
1604 453 1636 481 et
1655 446 1838 486 stabilitam,
1856 457 1909 489 ap-

1175 499 1367 541 probaverat
1391 505 1422 532 et
1447 499 1705 540 confirmaverat,
1730 499 1844 541 illique
1862 499 1909 531 di-

1175 562 1267 584 versa
1291 552 1468 595 privilegia,
1495 552 1612 595 gratias
1637 557 1669 586 et
1692 552 1817 585 indulta
1835 562 1911 585 con-

1176 610 1339 646 cesserat;
1365 611 1407 646 et,
1430 606 1506 638 licet
1541 605 1580 638 ab
1605 605 1661 638 illo
1688 610 1834 648 tempore
1859 616 1911 638 ea-

1176 658 1249 691 dem
1274 658 1496 701 CongrcgatiQ
1523 658 1633 691 divina
1648 658 1828 702 opitulante
1845 669 1912 701 gra-

1177 710 1281 751 tia,ita
1296 711 1540 754 profecisset,ut
1553 711 1614 744 sibi
1630 711 1769 744 ducenta
1783 710 1912 744 circiter

1176 763 1373 796 monasteria
1398 763 1544 796 eiusdem
1575 761 1732 804 Ονάἰῐιίε,4
1758 762 1913 806 profiten-

1178 816 1257 849 tium
1281 821 1313 849 et
1338 816 1502 850 Altissitno
1527 827 1599 849 cum
1624 818 1747 849 summa
1779 817 1914 859 populo-

1176 879 1246 901 rum
1271 874 1303 902 et
1330 868 1490 912 spirituali
1516 868 1662 902 omnium
1685 869 1912 902 consolatione

1178 921 1399 955 famulantium
1425 932 1579 955 numerus
1598 921 1838 965 reperiebatur.
1859 933 1913 964 ag-

1177 975 1384 1018 gregavisset,
1410 975 1624 1008 nihilominus
1643 975 1791 1008 nonnulli
1809 976 1913 1009 dictae

1177 1028 1445 1071 Congregationis
1465 1027 1627 1067 monachi,
1644 1039 1707 1072 quo
1725 1028 1839 1071 spiritu
1857 1028 1915 1061 du-

1177 1081 1218 1113 cti
1244 1081 1460 1121 nesciebatur,
1485 1085 1654 1124 praetextu
1672 1085 1779 1114 tamen
1798 1080 1915 1114 arctio-

1177 1134 1221 1166 ris
1246 1134 1328 1166 vitae
1347 1134 1526 1173 ducendae,
1540 1134 1579 1167 ad
1594 1133 1827 1167 monasterium
1845 1134 1915 1166 bea-

1179 1192 1227 1220 tae
1245 1187 1360 1219 Mariae
1376 1186 1412 1219 de
1428 1187 1460 1219 la
1478 1187 1611 1230 Trappe,
1627 1186 1849 1220 Cisterciensis
1864 1186 1916 1220 Or-

1177 1240 1270 1280 dinis,
1285 1240 1448 1283 Sagiensis
1471 1239 1645 1279 dioecesis,
1665 1239 1798 1273 minime
1815 1240 1915 1283 petita

1176 1294 1227 1327 vel
1248 1294 1361 1326 saltem
1379 1303 1444 1326 non
1469 1294 1602 1326 obtenta
1622 1303 1752 1326 suorum
1771 1292 1916 1336 superio-

1178 1357 1247 1379 rum
1264 1346 1404 1387 licentia,
1422 1357 1455 1380 se
1475 1347 1651 1379 transferre
1670 1346 1868 1389 satagebant,
1884 1351 1916 1379 et

1177 1410 1250 1432 cum
1270 1398 1386 1432 effectu
1405 1399 1651 1439 transferebant,
1667 1409 1703 1432 ex
1722 1410 1785 1443 quo
1803 1409 1916 1443 quam-

1178 1453 1270 1495 plura
1284 1453 1443 1492 scandala,
1458 1453 1694 1486 monachorum
1708 1451 1914 1492 instabilitas,

1178 1510 1210 1538 et
1238 1504 1392 1538 furtivae⁹
1416 1510 1505 1538 extra
1529 1505 1724 1538 monasteria
1746 1505 1916 1548 divagatio-

1177 1568 1235 1591 nes
1262 1557 1490 1598 succedebant,
1509 1569 1545 1591 ac
1563 1557 1723 1600 regularis
1739 1559 1916 1591 observan-

1179 1612 1221 1644 tia
1239 1615 1414 1655 sauctaque
1433 1611 1619 1644 obedientia
1637 1611 1913 1644 confundebatur:

1179 1664 1262 1697 idem
1287 1664 1435 1698 Clemens
1454 1664 1697 1707 praedecessor,
1712 1664 1916 1707 supplicatio-

1178 1716 1273 1749 nibus
1284 1716 1359 1749 dicti
1379 1716 1599 1759 procuratoris
1614 1716 1775 1758 generalis
1785 1716 1915 1750 nomine

1178 1768 1238 1801 sibi
1264 1779 1363 1811 super
1382 1769 1443 1801 lioc
1461 1768 1630 1801 humiliter
1647 1769 1807 1811 porrectis
1826 1769 1916 1802 ineli-

1178 1826 1283 1861 natus,
1299 1822 1337 1854 de
1354 1827 1427 1854 tnnc
1440 1822 1564 1865 pariter
1581 1821 1784 1854 existentium
1799 1821 1912 1855 S.R.E.

1177 1874 1391 1907 cardinalium
1413 1874 1553 1917 negotiis
1571 1880 1603 1907 et
1619 1874 1915 1908 consultationibus

1178 1926 1406 1970 cpiscoporum
1431 1932 1462 1960 et
1487 1926 1684 1970 regularium
1709 1927 1915 1971 praeposito-

1178 1990 1247 2012 rum
1268 1980 1412 2019 consilio,
1435 1981 1612 2013 monachos
1631 1980 1816 2023 praedictae
1834 1980 1915 2014 Con-

1178 2032 1374 2075 gregationis
1403 2033 1507 2066 sancti
1531 2033 1631 2066 Mauri
1656 2043 1808 2077 expresse
1839 2043 1915 2077 pro-

1178 2088 1277 2120 fessos
1303 2088 1339 2120 ad
1366 2097 1606 2130 quemcumque
1630 2086 1729 2120 alium
1760 2086 1914 2120 Ordinem

1914 184 1962 212 An.
1984 185 2012 211 C.
2033 186 2095 213 test-1

1178 2144 1210 2172 et
1240 2139 1471 2172 monasterium
1504 2149 1559 2171 scu
1595 2138 1695 2171 alium
1729 2140 1913 2182 regularem

1177 2194 1284 2226 locum
1309 2192 1448 2226 cuiusvis
1466 2191 1599 2225 alterius
1613 2191 1743 2225 Ordinis
1759 2202 1816 2225 seu
1836 2192 1913 2226 Con-

1178 2246 1377 2290 gregationis
1414 2246 1509 2278 etiam
1554 2245 1843 2278 Carthusiauorum
1880 2250 1913 2279 et

1178 2299 1370 2343 praesertim
1395 2298 1629 2331 monasterium
1651 2298 1766 2332 beatae
1795 2298 1911 2332 Mariae

1178 2353 1215 2385 de
1241 2353 1273 2385 la
1301 2353 1426 2395 Trappe
1449 2351 1659 2395 praedictum,
1688 2351 1794 2385 animo
1818 2363 1852 2386 se
1877 2363 1912 2386 se

1178 2406 1224 2439 illi
1261 2405 1441 2438 associandi
1477 2415 1533 2438 seu
1563 2404 1815 2448 incorporandi,
1841 2405 1912 2439 sine

202 2157 284 2229 tuti-'iis'
280 2162 324 2203 “2¹5
337 2163 387 2204 Ti'i'
442 2144 505 2188 §L
525 2143 650 2176 Dudum
677 2143 780 2176 felicis
807 2143 1041 2176 recordationis
1066 2142 1134 2176 Cle-

238 2213 278 2229 ιι
293 2210 323 2233 Χ
346 2196 499 2235 ammenti
516 2196 621 2239 Papae
642 2196 667 2229 X
685 2196 931 2239 praedecessmi
946 2202 1057 2229 nostro
1074 2207 1134 2240 plo

204 2217 257 2255 ¹¹:¹⁴
314 2242 1135 2309 '2{.‡',l¹‚fi'pqrtet11neexistentisinRomanaCuriapro-

315 2322 326 2333 ,,
299 2289 387 2361 mo]-
400 2302 559 2335 curatotis
576 2302 735 2344 generalis
753 2301 1021 2344 Congregatiouis
1034 2302 1134 2335 sancti

347 2349 361 2362 ’
399 2356 498 2388 Mami
525 2354 763 2387 monachorum
787 2353 916 2386 Oidinis
950 2354 1051 2387 sancti
1076 2355 1136 2388 Be-

399 2408 521 2442 nedicti
546 2408 715 2452 exposito,
740 2407 827 2450 quod
853 2407 1047 2440 recolendae
1072 2418 1136 2440 me-

1214 2487 1224 2512 1
1249 2485 1348 2512 Deesse
1368 2485 1476 2512 videtur
1494 2485 1527 2513 in
1547 2484 1650 2520 quibus
1668 2484 1788 2520 inqens,
1809 2488 1856 2513 aut
1873 2485 1912 2513 si-

1178 2530 1241 2557 mile
1261 2531 1298 2565 (n.
1314 2532 1363 2563 T.).

1212 2575 1229 2602 ⁹2
1249 2575 1320 2602 Edit.
1342 2574 1424 2602 Main.
1446 2573 1512 2611 legit
1529 2574 1636 2610 furtive
1655 2574 1694 2610 (n.
1712 2573 1761 2610 τ.).

408 2484 419 2496 ⁴
437 2491 448 2516 1
470 2489 622 2524 Praeposit.
640 2488 673 2516 in
689 2495 738 2514 nos
753 2487 877 2514 addimus
890 2488 928 2521 (R.
945 2488 994 2521 ππ).

434 2534 451 2560 2
471 2534 616 2560 Clementis
636 2531 654 2558 X
675 2535 702 2559 et
728 2530 877 2559 Innocentii
900 2529 931 2557 XI
955 2535 1040 2559 const.
1066 2531 1136 2560 infra

400 2579 527 2607 citantur.
