2227 3225
131 211 179 237 An.
196 210 224 237 C.
248 209 316 238 ¹695

325 263 358 292 et
381 256 643 291 ordinationibus
664 254 867 297 apostolicis,
886 265 932 291 ac,
949 260 1057 296 (putte-

324 320 384 342 nus
409 320 489 352 opus
514 309 565 348 sit,
591 306 859 349 Congregationis
885 306 1056 349 Hispaniae

324 361 493 395 etOrdinis
511 359 847 404 praefatoi·um,etian1
866 359 1056 398 iuramento,

323 414 570 448 confirmatione
595 413 784 456 apostolica,
809 413 859 445 vel
877 413 988 455 quavis
1005 411 1059 444 sir-

322 468 433 501 mitate
459 468 520 500 alia
546 467 721 511 roboratis,
739 466 866 499 statutis
883 473 914 499 et
930 476 1060 499 cousue-

323 521 500 560 tudinibus,
519 520 699 564 privilegiis
720 530 861 564 quoque,
879 519 1012 552 indultis
1029 524 1060 552 et

323 574 441 607 litteris
469 573 656 617 apostolicis
687 574 719 605 in
748 573 947 606 contrarium
967 583 1059 616 prae-

324 628 497 661 missorum
524 627 767 671 quomodolibet
783 626 952 666 concessis,
978 636 1056 659 con-

324 679 458 713 firmatis
495 685 526 714 et
556 679 734 720 innovatis;
762 680 878 722 quibus
910 679 1060 712 omnibus

326 739 359 766 et
382 733 530 776 singulis,
558 733 686 766 illorum
713 738 842 765 tenores
873 732 1056 775 praescnti-

325 786 385 819 bus
409 797 468 830 pro
495 787 591 830 plene
620 791 650 818 et
679 786 875 819 sufficienter
899 785 1059 828 expressis

325 850 361 872 ac
387 839 426 872 de
449 840 547 872 verbo
574 839 611 872 ad
632 840 767 872 verbum
793 838 920 871 insertis
938 838 1060 871 liaben-

324 897 381 932 tes‚
409 892 473 925 illis
494 891 574 924 alias
600 891 631 924 in
657 902 713 924 suo
737 891 855 924 robore
873 901 1061 934 permansu-

323 945 378 985 ris,
405 945 443 978 ad
469 945 723 988 praemissorum
742 945 901 985 ellectum,
919 945 978 976 hac
994 944 1060 977 vice

325 999 500 1039 dumtaxat,
527 998 713 1041 specialiter
738 1004 770 1031 et
794 1008 948 1041 expresse
974 998 1060 1030 dero-

325 1062 438 1094 gamus
457 1063 465 1092 ;
502 1051 687 1094 ceterisque
724 1051 895 1085 contrariis
927 1051 1061 1094 quibus-

325 1115 476 1148 cumque.

368 1158 383 1201 ἓ
419 1157 447 1190 5.
480 1158 634 1192 Volumus
669 1163 776 1191 autem
807 1162 842 1190 ut
873 1157 1060 1190 earumdem

323 1211 545 1254 praesentium
563 1211 745 1245 litterarum
762 1211 983 1254 transumptis,
1003 1221 1060 1243 seu

323 1265 490 1308 exemplis,
505 1265 601 1298 etiam
619 1265 801 1308 impressis,
817 1275 912 1297 manu
926 1263 1060 1297 alicuius

322 1318 443 1351 notarii
460 1318 582 1361 publici
600 1318 799 1360 subscriptis,
820 1323 851 1350 et
868 1317 975 1359 sigillo
993 1328 1063 1360 per-

322 1381 422 1404 sonae
440 1371 472 1403 in
494 1371 713 1404 ecclesiastica
739 1370 895 1413 dignitate
913 1370 1062 1403 constitu-

322 1428 373 1456 tae
393 1423 537 1463 munitis,
557 1423 670 1456 eadem
691 1433 825 1466 prorsus
843 1423 922 1455 fides
948 1428 1011 1455 tam
1029 1423 1061 1455 in

321 1476 444 1509 iudicio
462 1487 559 1519 quam
578 1482 668 1509 extra
682 1476 762 1509 illud
777 1476 898 1519 ubique
913 1477 1060 1508 locorum

322 1529 496 1570 habeatur,
517 1539 598 1572 quae
617 1529 795 1562 haberetur
813 1528 893 1571 ipsis
909 1538 1061 1571 praesen-

321 1582 408 1614 tibus
433 1582 461 1615 si
488 1582 594 1615 forent
614 1581 779 1615 exhibitae
798 1582 849 1614 vel
868 1586 1029 1614 ostensae.

365 1635 479 1668 Datum
502 1635 642 1673 Romae,
661 1635 746 1678 apud
764 1634 795 1667 S.
815 1634 945 1666 Mariani
964 1633 1061 1666 Maio-

322 1697 402 1728 rem,
420 1688 476 1721 sub
494 1689 613 1722 annulo
632 1688 811 1727 piscatoris,
828 1687 879 1720 die
896 1698 955 1721 vin
974 1692 1060 1720 octo-

323 1740 389 1772 bris
407 1750 545 1780 mcxcv,
561 1740 767 1784 pontificatus
784 1741 888 1773 nostri
906 1751 992 1773 anno
1009 1750 1040 1774 v.

360 1800 418 1828 Dat.
437 1801 480 1827 die
495 1802 512 1828 8
527 1801 647 1829 octobris
670 1803 747 1836 1095,
769 1802 863 1837 pontif.
882 1810 952 1829 anno
967 1809 993 1828 v.

172 1164 234 1185 Fn't's
257 1167 314 1186 tran-

131 1194 268 1216 sumptorum.

647 1916 737 1950 CXX.

322 1985 522 2020 Extenditur
546 1988 733 2019 constitutio
750 1987 936 2020 Innocente‘i
952 1988 1001 2021 XI
1025 1988 1062 2020 (Ie

370 2041 523 2072 erectione
549 2041 858 2082 confraternilatum
883 2041 1062 2084 Compressa-

368 2094 467 2126 tionis
476 2093 650 2126 Doctrinae
662 2094 870 2128 Christianae
880 2095 915 2126 in
925 2094 1061 2128 Gallia¹.

501 2164 698 2192 Innocentius
719 2166 797 2198 Papa
816 2165 885 2196 ΧΠ,

447 2209 483 2236 ad
502 2212 676 2243 perpetuam
696 2210 739 2236 rei
759 2210 941 2236 memoriam.

155 2276 254 2307 Epilogus
264 2284 313 2299 con-

134 2306 221 2323 Mnm
243 2312 246 2315 ι
368 2270 404 2314 §1
415 2297 420 2303 .
431 2269 555 2313 Exponi
570 2271 663 2303 nobis
674 2281 777 2314 nuper
789 2271 863 2304 feeit
878 2271 1017 2304 dilectus
1032 2271 1062 2304 fi-

135 2311 247 2349 canses?
272 2311 312 2351 ‘iiiii
324 2323 385 2357 lius
394 2323 512 2367 Ioseph
521 2324 717 2363 Bellisensis,
728 2330 921 2367 procurator
932 2336 1061 2367 genera-

135 2355 160 2373 ſtr
170 2356 221 2375 ult-is
236 2357 315 2382 erigen-

135 2382 156 2400 ss·
178 2381 245 2401 drus
268 2376 364 2408 cun-lis
380 2376 650 2419 Congregationis
670 2377 839 2410 Doctrinae
858 2377 1059 2411 Christianae

149 2407 289 2429 fraternitates
299 2425 303 2433 ,

134 2434 315 2459 nmennxressauo
327 2428 359 2460 in
375 2428 484 2469 Gallia,
499 2429 584 2472 quod
599 2430 677 2462 alias
695 2430 796 2463 felicis
823 2431 1060 2464 recordationis

135 2460 207 2480 domos
221 2461 307 2482 haberet

327 2481 532 2514 Innocentius
552 2482 610 2514 PP.
631 2482 669 2515 xt
690 2484 923 2526 praedeeessor
939 2490 1059 2524 noster,
1080 2528 1081 2533 1

366 2553 372 2577 1
397 2551 557 2580 Constitutio
578 2553 730 2581 innocentii
751 2553 782 2580 XI
804 2555 876 2582 edita
895 2554 946 2582 fuit.
965 2554 1008 2583 die
1028 2556 1061 2583 28

327 2596 431 2630 augusti
450 2603 632 2632 mnctxxxvni,
652 2599 747 2634 pontis.
770 2606 814 2626 xu.

905 206 1114 230 INNOCENTIUS
1139 207 1183 229 ΧΠ
1207 207 1254 230 PP.

1731 201 1795 234 7⁶25

1099 265 1156 296 per
1181 255 1334 297 quasdam
1356 265 1430 287 suas
1458 256 1488 287 in
1514 257 1609 288 simili
1636 257 1736 290 forma
1762 260 1832 292 1310-

1099 306 1144 338 vis
1165 307 1285 339 litteras
1300 308 1350 339 die
1371 310 1831 350 111111111110115110001111100

1100 359 1276 401 expe-ditas,
1293 365 1326 392 ut
1351 361 1383 392 in
1408 361 1543 402 siugulis
1561 362 1754 404 civitatibus,
1773 376 1832 407 op-

1100 412 1184 454 pidis
1210 423 1264 444 seu
1298 413 1377 445 locis
1403 413 1546 446 eiusdem
1567 413 1696 455 Galliae,
1714 416 1746 448 in
1765 418 1833 460 qui-

1101 465 1160 497 bus
1182 466 1265 498 dicta
1289 465 1503 508 congregatio
1537 468 1650 501 domos
1677 474 1752 502 tune
1778 470 1835 503 ha-

1102 517 1198 550 bebat
1215 529 1270 551 seu
1296 519 1334 552 de
1359 525 1466 552 cetero
1485 521 1661 561 habuisset,
1680 533 1742 555 una
1762 534 1835 556 con-

1102 571 1285 604 fraternitas
1309 572 1569 607 christifidelium
1590 575 1759 619 utriusque
1785 587 1836 609 se-

1102 634 1158 656 xus
1176 626 1233 658 sub
1252 626 1362 659 eadem
1382 626 1647 661 denominatione
1665 628 1836 663 Doctrinae

1102 677 1301 711 Christianae
1336 679 1376 712 de
1408 678 1652 714 Ordinariorum
1688 682 1837 716 locorum

1103 732 1279 774 respective
1305 731 1435 765 lieentia
1461 734 1553 776 erigi,
1575 745 1612 767 ac
1635 735 1739 778 ipsius
1764 747 1838 770 con-

1103 783 1311 817 fraternitatis
1335 785 1380 818 sic
1405 791 1530 819 erectae
1556 788 1771 822 confratribus
1807 795 1839 822 et.

1103 837 1333 870 consororibus
1358 849 1419 882 pro
1445 844 1591 883 tempore
1613 841 1837 883 existentibus,

1104 891 1188 934 quod
1219 891 1367 924 omnibus
1398 897 1430 925 et
1458 893 1593 936 singulis
1627 895 1836 938 indulgentiis

1105 956 1140 978 ac
1158 950 1363 988 pcccatorum
1381 946 1635 987 remissionibus,
1655 959 1672 980 a
1692 950 1839 982 recolen-

1104 998 1161 1031 dae
1180 998 1354 1031 memoriae
1374 998 1471 1032 Paulo
1489 999 1547 1032 Pr.
1567 1000 1589 1032 V
1608 1000 1731 1044 pariter
1749 1013 1840 1045 prae-

1104 1051 1274 1085 decessore
1324 1058 1436 1085 nostro
1487 1053 1838 1088 areliiconsraternitati

1105 1104 1205 1147 ipsius
1239 1104 1409 1138 Doctrinae
1446 1105 1646 1139 Christianae
1681 1107 1720 1140 de
1755 1108 1839 1142 Urbe

1103 1158 1278 1198 concessis,
1310 1158 1367 1198 uti,
1396 1158 1466 1198 srui,
1493 1159 1590 1202 potiri
1630 1165 1661 1192 et
1696 1162 1839 1203 gaudere

1104 1210 1207 1243 libere
1244 1216 1276 1244 et
1300 1211 1389 1244 licite
1422 1212 1601 1255 respective
1638 1221 1775 1256 possent
1809 1221 1841 1248 et

1104 1264 1259 1303 valerent,
1284 1264 1341 1296 sub
1360 1264 1457 1297 certis
1476 1265 1572 1298 niodo
1591 1271 1622 1298 et
1639 1267 1740 1299 forma
1766 1273 1840 1301 tunc

1104 1316 1278 1359 expressis,
1293 1317 1485 1350 auctoritate
1512 1319 1690 1361 apostolica
1712 1331 1842 1353 conces-

1104 1369 1145 1401 sit
1170 1374 1202 1402 et
1228 1369 1380 1409 indulsit3
1402 1380 1438 1402 ac
1455 1370 1545 1410 alias,
1570 1376 1667 1414 prout
1691 1372 1721 1404 in
1749 1383 1842 1415 prae-

1105 1422 1175 1454 fatis
1200 1421 1381 1455 Innocentii
1415 1423 1677 1465 praedecessoris
1711 1425 1840 1466 litteris,

1104 1485 1238 1518 quarum
1262 1481 1407 1508 tenorem
1426 1477 1650 1518 praesentibus
1667 1489 1726 1521 pro
1744 1478 1842 1521 plene

1104 1534 1135 1561 et
1160 1528 1358 1562 sufficienter
1378 1540 1534 1572 expresso
1556 1541 1590 1563 ac
1613 1531 1651 1563 de
1677 1532 1775 1564 verbo
1802 1533 1841 1565 ad

1103 1580 1236 1613 verbum
1261 1581 1385 1615 inserto
1404 1582 1518 1615 haberi
1536 1584 1691 1625 volumus,
1709 1585 1841 1618 uberius

1103 1634 1221 1667 dicitur
1245 1635 1420 1668 contineri.

1146 1688 1161 1731 ἓ
1185 1687 1216 1720 2.
1244 1687 1321 1721 Cum
1347 1694 1470 1730 autem,
1498 1689 1582 1723 sicut
1607 1690 1718 1724 eadem
1743 1702 1841 1735 expo-

1102 1740 1162 1773 sito
1189 1741 1417 1784 subiungebat,
1441 1743 1657 1776 saluberrima
1683 1743 1840 1778 eiusmodi

1102 1795 1402 1828 confraternitatum
1421 1796 1589 1837 institutio,
1608 1807 1671 1840 qua
1696 1798 1843 1831 christia-

1102 1858 1162 1880 nus
1182 1849 1322 1891 populus
1348 1849 1387 1881 ad
1413 1859 1537 1882 sacram
1563 1850 1760 1883 catechesim
1783 1862 1842 1894 pro

1103 1901 1281 1934 catholicae
1307 1901 1382 1934 fidei
1409 1903 1602 1936 rudimentis
1635 1903 1841 1937 addiscendis

1103 1959 1256 1986 evocatur
1287 1954 1318 1986 in
1344 1954 1383 1987 iis
1408 1956 1487 1988 locis
1513 1966 1570 1988 seu
1597 1956 1772 1999 parochiis,
1807 1957 1841 1990 in

1104 2007 1221 2050 quibus
1265 2007 1492 2041 christifideles
1536 2014 1647 2052 utpote
1691 2010 1840 2043 rudiores

1103 2060 1217 2093 maiori
1243 2061 1390 2103 indigent
1415 2062 1637 2101 instructione,
1656 2072 1748 2095 suum
1773 2073 1843 2095 501-

1105 2113 1157 2145 1111
1183 2119 1324 2156 nequeat
1349 2114 1505 2155 effectum,
1528 2125 1565 2148 eo
1592 2115 1665 2158 quia
1689 2116 1842 2148 nimirum

1104 2166 1136 2199 in
1174 2167 1238 2199 illis
1271 2167 1485 2210 Congregatio
1521 2168 1690 2211 praedicta
1726 2169 1841 2201 domos

1104 2230 1168 2252 non
1194 2220 1319 2253 habet:
1346 2220 1440 2252 nobis
1466 2226 1642 2264 propterca
1667 2221 1770 2253 dictus
1795 2221 1843 2254 lo-

1103 2273 1224 2315 sephus
1256 2280 1451 2316 procurator
1482 2274 1644 2316 generalis
1676 2274 1843 2307 humiliter

1103 2325 1279 2368 supplicari
1306 2326 1382 2359 sceit
1402 2332 1436 2358 ut
1460 2326 1491 2358 in
1513 2327 1696 2369 praemissis
1721 2337 1843 2370 opporb

1104 2383 1178 2411 tune
1204 2379 1377 2422 providere
1414 2384 1445 2412 et
1482 2385 1516 2411 ut
1549 2379 1631 2411 inl'ra
1668 2380 1839 2422 indulgere

1103 2432 1142 2464 de
1160 2432 1361 2474 benignitate
1380 2432 1556 2475 apostoliea
1574 2432 1792 2474 dignaremur.

1146 2485 1161 2527 ἓ
1186 2484 1215 2518 3.
1241 2485 1304 2518 Nos
1331 2486 1437 2528 igitur,
1456 2486 1516 2528 piis
1537 2486 1682 2519 eiusdem
1708 2476 2030 2528 Ioseptii025¹²⁰5ffn⁰affll

1103 2539 1323 2580 procuratoris
1349 2540 1512 2581 generalis
1545 2540 1627 2573 votis
1652 2540 1711 2572 hac
1736 2539 1767 2571 in
1792 2532 2029 2582 re,{HR‘EOHZL-'wffl‘jss

1849 2590 1957 2605 [1115510005
1970 2590 2030 2605 exer·-

1104 2597 1259 2635 quantum
1289 2603 1360 2626 cum
1386 2593 1522 2626 Domino
1548 2603 1727 2637 possumus,
1755 2593 1888 2631 favo-eet.

1842 212 1889 236 An.
1905 211 1932 236 (1.
1957 211 2023 237 tras

1864 1729 1866 1731 μ
1879 1701 1948 1722 Causa
1964 1704 2034 1722 exten-

1852 1733 1925 1749 Stuuts.
