2254 3225
223 249 271 274 Λη.
288 246 316 273 e.
336 246 405 273 1693
450 235 515 270 528

990 240 1168 267 EULLARIUM
1192 239 1345 264 ROMANUM

223 295 491 332 ..nuntiatam-dum
514 293 600 335 vixit,
626 293 802 333 canonico,
827 302 845 326 a
868 290 1085 324 fundamentis
1110 289 1148 323 ad
1191 289 1314 322 validos
1338 292 1370 321 et
1394 286 1474 321 alios
1499 296 1617 330 pueros
1647 285 1791 329 hospitio
1816 284 1925 318 invali-

222 336 306 355 tattuut.

415 347 530 391 Ripam
546 347 679 391 Tyberis
695 346 841 389 Magnam
858 349 1078 388 nuncupatam
1089 343 1149 375 sub

416 401 620 435 invocatione
635 400 666 434 S.
685 398 850 432 Michaelis
871 401 1101 435 constructum,
1120 399 1151 428 et

416 455 456 487 ab
481 464 519 487 eo
545 454 605 486 sub
629 452 830 497 protectione
856 450 965 484 dilecti
981 449 1040 482 filii
1057 447 1150 481 nobi-

415 507 455 542 lis
473 507 532 540 viri
547 506 626 541 Livii
640 504 831 539 Odescalchi
846 503 936 537 ducis
952 503 1061 542 Cerae,
1078 503 1151 534 c'um

415 559 645 594 substitutione
669 564 775 591 tamen
807 557 845 590 ad
869 556 972 589 nostri
997 555 1150 593 savorem,

417 619 578 657 quatenus
604 611 708 644 simile
741 620 822 653 opus
855 609 945 652 pium
975 617 1150 651 puerorum

416 665 542 699 ibidem
560 663 743 697 institutum
759 671 825 695 non
842 660 1099 698 continuaretur,
1119 659 1151 690 in

418 719 487 752 eius
512 716 694 751 testamenti
712 720 744 749 et
760 714 983 748 codicillorum
998 712 1153 746 schedula

419 771 578 811 relictum,
595 775 627 803 et
643 780 678 802 ex
698 770 792 802 causa
808 767 962 801 cessionis
983 765 1101 799 iurium
1121 765 1152 798 in

416 824 479 857 vim
495 824 599 857 dictae
620 822 796 856 schedulae
811 819 1073 864 competentium,
1095 829 1153 852 seu

417 875 644 921 permissionis
662 873 894 918 purificationis
911 872 1070 916 praefatae
1084 871 1154 903 sub·

416 929 606 969 stitutionis,
634 928 673 960 ad
699 937 795 970 quam
817 925 996 959 cessionem
1018 935 1074 957 seu
1096 935 1154 967 pu-

416 981 606 1015 rificationis
640 979 890 1024 permissionem
925 977 1012 1011 idem
1048 977 1152 1010 Livius

418 1035 490 1075 dux,
504 1033 562 1067 suh
581 1032 841 1066 consideratione
860 1031 947 1074 quod
965 1032 1054 1063 locus
1070 1029 1152 1073 pius,

417 1087 472 1120 ubi
508 1087 556 1119 vix
583 1086 714 1129 tri'ginta
749 1084 840 1129 pueri
871 1083 1094 1122 morabantur,
1122 1083 1154 1115 in

419 1140 546 1174 meliori
572 1139 675 1172 torma
699 1137 884 1171 continuari
909 1141 940 1169 et
964 1135 1154 1179 perpetuari

418 1197 541 1237 posset,
566 1198 598 1225 et
622 1191 701 1224 inibi
719 1200 879 1234 pauperes
898 1189 989 1232 pueri
1006 1188 1039 1221 in
1057 1189 1154 1230 longe

417 1245 532 1278 maiori
558 1254 695 1277 numero
728 1244 885 1276 hactenus
918 1242 957 1274 ad
991 1245 1154 1274 trecentos

417 1298 547 1331 circiter
582 1297 797 1336 ascendente,
823 1296 882 1328 sub
914 1294 1074 1337 regimine
1099 1304 1154 1326 seu

417 1349 715 1394 comprehensione
741 1348 773 1380 in
798 1347 941 1391 hospitio
959 1346 1151 1390 apostolico,

418 1411 435 1436 a
458 1402 561 1443 nobis,
587 1407 622 1434 ut
645 1401 840 1445 praefertur,
864 1400 1008 1441 fundato,
1035 1400 1154 1432 donato

419 1461 450 1489 et
473 1455 635 1495 instituto,
654 1453 784 1487 educari
800 1458 832 1487 et
855 1453 896 1486 ali
915 1453 1069 1493 valerent,
1091 1463 1156 1486 me-

418 1509 527 1541 diante
551 1508 682 1551 publico
704 1507 921 1540 instrumento
946 1516 1004 1550 per
1021 1512 1091 1539 acta
1108 1506 1156 1539 di-

418 1561 493 1595 lecti
517 1560 576 1594 filii
600 1561 730 1594 Ioannis
755 1559 839 1594 Petri
865 1560 904 1593 de
922 1559 1044 1593 Carolis
1062 1560 1176 1597 nota-ff

1173 1603 1268 1645 *dem
1293 1622 1472 1655 pauperum
1507 1621 1681 1653 puerorum
1707 1611 1932 1645 Litteratorum

418 1614 456 1648 rii
493 1613 662 1658 capitolini
697 1614 748 1646 die
783 1623 815 1646 x1
854 1612 992 1657 praefati
1033 1612 1154 1645 mensis

418 1668 524 1701 martii
550 1673 675 1710 rogato,
702 1677 773 1700 cum
800 1666 950 1700 omnibus
970 1670 1001 1699 et
1018 1666 1154 1709 singulis

417 1720 522 1762 bonis,
547 1720 683 1758 iuribus,
710 1720 867 1753 membris
897 1725 928 1752 et
951 1719 1155 1762 pertinentiis

418 1773 554 1817 praefati
571 1773 632 1806 loci
649 1773 695 1816 pii
714 1783 731 1805 a
745 1777 923 1805 memorato
938 1772 1052 1805 Carolo
1069 1771 1155 1805 Tho-

420 1837 473 1859 ma
497 1825 672 1859 constructi
692 1830 723 1858 et
748 1825 886 1858 instituti
905 1836 921 1858 a
939 1825 1032 1857 nohis
1051 1824 1156 1868 acqui-

424 1879 533 1919 situm,
551 1878 659 1922 aliqua
677 1888 712 1910 ex
730 1883 821 1921 parte
836 1878 874 1911 ad
895 1878 1080 1910 absolutum
1097 1878 1155 1910 ha-

416 1931 582 1965 bitationis
602 1941 696 1964 usum
717 1931 893 1971 redactum,
916 1936 946 1964 et
963 1931 1154 1971 successive,
1175 1938 1177 1971 ’;

1175 1973 1177 1994 l
1197 1992 1254 2015 seu
1274 1992 1376 2026 penes
1407 1991 1628 2025 quoscumque
1650 1980 1932 2014 administratores

1175 2029 1176 2033 ¹
1197 2041 1227 2069 et
1251 2036 1423 2079 deputatos
1458 2034 1571 2078 quovis
1603 2034 1735 2067 nomine
1772 2039 1803 2067 et
1839 2034 1932 2068 titulo

417 1985 482 2018 Deo
504 1985 614 2024 dante,
633 1984 862 2027 ampliandum,
880 1985 944 2016 una
969 1994 1041 2016 cum
1057 1984 1156 2017 conti-

418 2039 480 2080 gua
503 2037 595 2070 vinea
626 2048 683 2070 seu
710 2037 822 2077 horto,
848 2047 942 2080 quam
969 2047 1025 2070 seu
1059 2047 1153 2081 quem

416 2091 547 2124 interim
564 2101 673 2124 emere
697 2091 889 2130 curavimus,
906 2096 1062 2134 perpetuo
1077 2101 1154 2124 con-

419 2144 577 2184 cedimus,
603 2144 802 2186 assignamus
828 2149 859 2176 et
882 2143 1097 2187 applicamus.

1192 341 1303 374 dorum
1327 345 1478 384 receptos
1513 338 1759 378 connumerari,
1783 337 1924 371 adscribi

1192 398 1223 426 et
1246 393 1391 437 reputari
1415 403 1523 436 posse,
1546 403 1582 425 ac
1604 397 1793 436 propterea,
1815 394 1848 424 ut
1864 392 1924 424 suh

1193 446 1308 479 eodem
1332 456 1513 489 pauperum
1536 445 1751 478 invalidorum
1767 444 1925 487 gubernio

1193 499 1360 541 regimine,
1380 498 1559 532 directione
1576 503 1608 531 et
1624 497 1926 531 admninistratione

1193 551 1403 591 nutrirentur,
1428 555 1617 593 regerentur
1647 555 1679 583 et
1702 550 1926 591 educarentur,

1193 610 1346 648 artesque
1371 604 1578 638 mechanicas
1595 609 1627 637 et
1646 603 1840 647 praesertim
1858 604 1927 648 opi-

1194 658 1299 691 ficium
1325 668 1383 691 seu
1407 663 1507 691 artem
1542 659 1634 692 lanae
1670 667 1751 701 quac
1775 657 1809 690 in
1833 657 1928 691 dictis

1194 722 1374 755 pauperum
1399 711 1629 744 Litteratorum
1667 715 1929 754 nuncupatorum

1195 766 1291 799 domo
1316 775 1374 798 seu
1400 765 1544 808 hospitio
1576 774 1642 797 non
1675 764 1928 804 exercebantur,

1195 818 1227 851 in
1252 819 1399 862 praefato
1424 817 1566 860 hospitio
1593 817 1774 861 apostolico
1807 826 1930 860 paupe-

1197 882 1268 904 rum
1289 871 1503 904 invalidorum
1522 870 1685 903 discerent
1703 874 1734 903 et
1749 869 1931 913 apprehen·

1197 924 1321 965 derent,
1337 928 1590 957 consentaneum
1608 923 1706 956 fuisse
1718 928 1749 955 et
1766 923 1844 956 sore:
1859 933 1931 966 pro·

1196 982 1318 1020 pterea,
1337 981 1438 1015 motu,
1464 976 1608 1016 scientia,
1634 975 1875 1009 deliberatione
1899 981 1931 1008 et

1195 1029 1362 1073 potestatis
1398 1029 1602 1073 plenitudine
1627 1029 1773 1071 paribus,
1800 1029 1931 1062 domum

1196 1093 1251 1116 seu
1283 1082 1462 1125 hospitium
1497 1092 1676 1125 pauperum
1701 1082 1931 1114 Litteratorum

1196 1140 1458 1179 nuncupatorum
1475 1134 1662 1168 huiusmodi
1681 1145 1806 1167 necnon
1824 1145 1934 1178 quam-

1196 1199 1332 1233 cumque
1351 1188 1638 1231 congregationem
1652 1192 1683 1220 et
1697 1188 1932 1230 protectionem

1196 1253 1256 1285 per
1292 1252 1513 1286 quoscumque
1558 1241 1722 1274 Romanos
1761 1240 1933 1274 Pontifices

1195 1295 1467 1339 praedecessores
1484 1299 1611 1327 nostros
1630 1304 1727 1337 super
1745 1293 1857 1327 eadem
1875 1294 1932 1327 do-

1196 1359 1247 1381 mo
1272 1357 1330 1381 seu
1355 1348 1469 1381 eodem
1494 1347 1640 1390 hospitio
1661 1357 1837 1391 puerorum
1854 1357 1935 1391 pau-

1196 1410 1309 1444 perum
1319 1400 1547 1433 Litteratorum
1556 1404 1813 1443 nuncupatorum
1824 1399 1934 1432 huius-

1195 1453 1293 1494 modi,
1313 1453 1465 1497 illiusque
1480 1452 1653 1493 bonorum,
1674 1452 1844 1492 fructuum,
1864 1452 1932 1485 red-

1197 1506 1321 1539 dituum
1341 1517 1378 1540 ac
1395 1512 1613 1550 proventuum
1631 1505 1911 1539 administratione
1924 1532 1932 1546 ,

1196 1565 1250 1592 aut
1274 1560 1377 1603 ipsius
1400 1559 1513 1592 domus
1546 1569 1604 1592 seu
1637 1559 1770 1602 hospitii
1798 1569 1930 1592 eorum-

1196 1665 1385 1697 huiusmodi
1401 1664 1578 1697 directione
1597 1664 1842 1707 quomodolibet
1859 1674 1933 1697 con-

1195 1718 1339 1750 stitutam
1354 1723 1384 1750 et
1398 1717 1593 1760 deputatam,
1609 1727 1735 1750 necnon
1749 1727 1934 1760 quamcum-

1196 1780 1258 1813 que
1292 1769 1632 1803 admninistrationem
1661 1774 1694 1802 et
1718 1769 1933 1803 directionem

1196 1833 1297 1866 penes
1333 1832 1568 1866 quamcumque
1604 1832 1779 1865 personam
1819 1822 1931 1866 quavis

1197 1876 1395 1916 auctoritate,
1422 1875 1579 1917 dignitate
1602 1880 1657 1908 aut
1675 1875 1933 1919 praeeminentia

1197 1939 1232 1961 ac
1257 1929 1352 1961 etiam
1373 1928 1589 1961 cardinalatus
1608 1928 1735 1961 honore
1753 1928 1931 1970 fulgentem

1196 2089 1382 2131 existentes,
1407 2089 1582 2131 apostolica
1605 2088 1796 2121 auctoritate
1812 2098 1932 2132 perpe-

1195 2147 1250 2175 tuo
1275 2142 1513 2185 suppressimus
1531 2146 1560 2174 et
1586 2140 1793 2181 extinximus,
1812 2141 1933 2174 omnia-

1929 236 1980 263 Αη,
1996 236 2024 263 C.
2049 235 2115 263 1693

273 2204 406 2224 Transfertur

1195 2205 1257 2238 que
1281 2199 1313 2227 et
1336 2194 1463 2236 singula
1488 2194 1600 2226 domus
1625 2203 1682 2226 seu
1708 2194 1839 2236 hospitii
1858 2204 1932 2236 pue-

1194 2257 1305 2280 rorum
1323 2257 1504 2290 pauperum
1522 2246 1749 2279 Litteratorum
1769 2256 1931 2289 nuncupa-

1196 2305 1300 2334 torum
1324 2298 1509 2332 huiusmodi
1535 2299 1582 2332 sic
1606 2309 1800 2342 suppressae
1825 2303 1857 2332 et
1881 2308 1931 2331 ex·

223 2229 339 2256 hospumm
357 2237 408 2256 mm.
463 2197 522 2240 57.
542 2196 790 2229 Considerantes
803 2202 981 2240 praeterea,
994 2207 1154 2240 pauperes

224 2257 539 2293 ‹mamedune-pueros
557 2249 727 2282 Litteratos
745 2254 947 2292 nuncupatos
964 2249 1078 2282 domus
1097 2259 1153 2282 seu

225 2289 270 2302 rum
287 2284 313 2302 ad
330 2284 408 2304 dictum

224 2309 338 2334 *mvi-nnn
350 2316 409 2330 nna·
420 2301 553 2345 hospitii
579 2312 596 2334 a
619 2301 788 2334 Leonardo
813 2301 944 2335 Cerusio
958 2303 1053 2344 vulgo
1071 2312 1154 2334 nun-

224 2336 312 2355 ln‘lorum
329 2340 347 2356 et
360 2337 409 2357 huic

225 2390 264 2408 iur-

225 2363 276 2381 um
313 2369 408 2388 amna-
420 2359 537 2398 cupato
555 2354 713 2387 Litterato
731 2354 783 2398 pie
804 2355 940 2400 instituti
961 2355 994 2388 in
1007 2355 1060 2387 via
1075 2355 1153 2388 Cur-

419 2417 473 2440 sus
498 2407 642 2440 eiusdem
668 2406 763 2439 Urbis
787 2417 889 2450 prope
921 2408 1153 2441 monasterium

419 2461 451 2494 S.
470 2460 621 2505 Sylvestri
645 2460 678 2492 in
704 2459 815 2503 Capite
832 2467 1056 2504 nuncupatum
1074 2461 1152 2495 sitae

420 2524 477 2547 seu
501 2513 568 2553 siti,
585 2513 632 2545 uti
645 2523 763 2556 pueros
779 2513 895 2545 victum
915 2513 975 2545 sibi
994 2524 1152 2556 quaerere

421 2577 487 2600 non
511 2567 666 2606 valentes,
692 2565 754 2598 nisi
779 2566 904 2599 ratione
931 2567 1076 2609 corporis
1094 2568 1154 2600 sal-

421 2625 486 2654 tem
510 2619 635 2654 ratione
660 2618 789 2661 aetatis,
811 2619 896 2652 inter
920 2630 1081 2664 pauperes
1106 2620 1154 2654 in-

1197 2353 1314 2387 tinctae
1347 2363 1405 2386 seu
1431 2352 1596 2396 suppressi
1622 2356 1653 2384 et
1682 2351 1833 2392 extincti,
1857 2361 1929 2392 reS,

1195 2409 1302 2449 bona,
1332 2406 1501 2440 ecclesiam
1542 2416 1596 2439 seu
1629 2406 1831 2449 cappellam,
1863 2415 1930 2439 non

1196 2466 1303 2493 tamen
1328 2459 1518 2498 collativam,
1545 2459 1700 2499 membra,
1726 2458 1848 2498 domos,
1874 2459 1930 2492 de-

1195 2513 1400 2558 pendenfias,
1426 2512 1503 2551 iura,
1524 2511 1702 2555 privilegia,
1727 2511 1929 2555 praerogati-

1195 2578 1267 2607 vas,
1294 2567 1436 2599 honores
1469 2571 1500 2598 et
1535 2575 1652 2604 onera,
1678 2575 1807 2598 necnon
1833 2575 1929 2607 quos-

1196 2630 1334 2665 cumque
1370 2618 1516 2652 redditus
1548 2623 1580 2651 et
1603 2623 1787 2661 proventus,
1814 2618 1929 2651 obven-
