<?xml version="1.0" encoding="UTF-8"?>
<!DOCTYPE html PUBLIC "-//W3C//DTD XHTML 1.0 Transitional//EN"
    "http://www.w3.org/TR/xhtml1/DTD/xhtml1-transitional.dtd">
<html xmlns="http://www.w3.org/1999/xhtml" xml:lang="en" lang="en">
 <head>
  <title>
</title>
<meta http-equiv="Content-Type" content="text/html;charset=utf-8" />
  <meta name='ocr-system' content='tesseract 3.04.00' />
  <meta name='ocr-capabilities' content='ocr_page ocr_carea ocr_par ocr_line ocrx_word'/>
</head>
<body>
  <div class='ocr_page' id='page_1' title='image "./bullarumdiplomat20cath_0759.png"; bbox 0 0 2227 3225; ppageno 0'>
   <div class='ocr_carea' id='block_1_1' title="bbox 148 196 334 224">
    <p class='ocr_par' dir='ltr' id='par_1_1' title="bbox 148 196 334 224">
     <span class='ocr_line' id='line_1_1' title="bbox 148 196 334 224; baseline 0 0"><span class='ocrx_word' id='word_1_1' title='bbox 148 197 199 224; x_wconf 81' lang='lat' dir='ltr'>An.</span> <span class='ocrx_word' id='word_1_2' title='bbox 221 196 248 223; x_wconf 91' lang='lat' dir='ltr'>C.</span> <span class='ocrx_word' id='word_1_3' title='bbox 267 196 334 224; x_wconf 66' lang='lat'>1695</span> 
     </span>
    </p>
   </div>
   <div class='ocr_carea' id='block_1_2' title="bbox 148 1053 330 1154">
    <p class='ocr_par' dir='ltr' id='par_1_2' title="bbox 148 1053 330 1154">
     <span class='ocr_line' id='line_1_2' title="bbox 177 1053 330 1074; baseline -0.026 0"><span class='ocrx_word' id='word_1_4' title='bbox 177 1053 205 1074; x_wconf 80' lang='lat' dir='ltr'>nn</span> <span class='ocrx_word' id='word_1_5' title='bbox 221 1054 264 1074; x_wconf 60' lang='lat' dir='ltr'>vita</span> <span class='ocrx_word' id='word_1_6' title='bbox 275 1059 330 1073; x_wconf 66' lang='lat' dir='ltr'>com.</span> 
     </span>
     <span class='ocr_line' id='line_1_3' title="bbox 148 1080 330 1101; baseline -0.011 0"><span class='ocrx_word' id='word_1_7' title='bbox 148 1087 202 1101; x_wconf 73' lang='lat' dir='ltr'>niun·</span> <span class='ocrx_word' id='word_1_8' title='bbox 214 1083 270 1100; x_wconf 70' lang='lat' dir='ltr'>nuxia</span> <span class='ocrx_word' id='word_1_9' title='bbox 279 1080 330 1099; x_wconf 72' lang='lat' dir='ltr'>(Inn-</span> 
     </span>
     <span class='ocr_line' id='line_1_4' title="bbox 148 1107 329 1127; baseline -0.006 -1"><span class='ocrx_word' id='word_1_10' title='bbox 148 1109 190 1126; x_wconf 68' lang='lat' dir='ltr'>cni·</span> <span class='ocrx_word' id='word_1_11' title='bbox 213 1107 329 1127; x_wconf 74' lang='lat' dir='ltr'>Tridentini</span> 
     </span>
     <span class='ocr_line' id='line_1_5' title="bbox 149 1134 244 1154; baseline -0.021 0"><span class='ocrx_word' id='word_1_12' title='bbox 149 1134 244 1154; x_wconf 54' lang='lat' dir='ltr'>‹tucri-ta.</span> 
     </span>
    </p>
   </div>
   <div class='ocr_carea' id='block_1_3' title="bbox 149 1741 331 1820">
    <p class='ocr_par' dir='ltr' id='par_1_3' title="bbox 149 1741 331 1820">
     <span class='ocr_line' id='line_1_6' title="bbox 203 1741 331 1761; baseline -0.008 0"><span class='ocrx_word' id='word_1_13' title='bbox 203 1742 231 1761; x_wconf 67' lang='lat' dir='ltr'>De</span> <span class='ocrx_word' id='word_1_14' title='bbox 252 1741 331 1761; x_wconf 73' lang='lat' dir='ltr'>vicario</span> 
     </span>
     <span class='ocr_line' id='line_1_7' title="bbox 150 1768 331 1792; baseline 0.011 -6"><span class='ocrx_word' id='word_1_15' title='bbox 150 1774 168 1792; x_wconf 69' lang='lat' dir='ltr'>g·</span> <span class='ocrx_word' id='word_1_16' title='bbox 177 1769 243 1788; x_wconf 64' lang='lat' dir='ltr'>nei-ali</span> <span class='ocrx_word' id='word_1_17' title='bbox 294 1768 331 1788; x_wconf 72' lang='lat' dir='ltr'>eti-</span> 
     </span>
     <span class='ocr_line' id='line_1_8' title="bbox 149 1795 226 1820; baseline 0.026 -7"><span class='ocrx_word' id='word_1_18' title='bbox 149 1801 167 1820; x_wconf 58' lang='grc'>51</span> <span class='ocrx_word' id='word_1_19' title='bbox 176 1795 226 1815; x_wconf 76' lang='lat' dir='ltr'>ndu.</span> 
     </span>
    </p>
   </div>
   <div class='ocr_carea' id='block_1_4' title="bbox 151 2378 332 2426">
    <p class='ocr_par' dir='ltr' id='par_1_4' title="bbox 151 2378 332 2426">
     <span class='ocr_line' id='line_1_9' title="bbox 178 2378 332 2399; baseline -0.006 0"><span class='ocrx_word' id='word_1_20' title='bbox 178 2379 207 2399; x_wconf 80' lang='lat' dir='ltr'>De</span> <span class='ocrx_word' id='word_1_21' title='bbox 219 2378 299 2398; x_wconf 77' lang='lat' dir='ltr'>vicario</span> <span class='ocrx_word' id='word_1_22' title='bbox 313 2378 332 2399; x_wconf 91' lang='lat' dir='ltr'>in</span> 
     </span>
     <span class='ocr_line' id='line_1_10' title="bbox 151 2409 297 2426; baseline -0.007 0"><span class='ocrx_word' id='word_1_23' title='bbox 151 2411 201 2426; x_wconf 68' lang='lat' dir='ltr'>casu</span> <span class='ocrx_word' id='word_1_24' title='bbox 217 2409 297 2426; x_wconf 72' lang='lat' dir='ltr'>mortis.</span> 
     </span>
    </p>
   </div>
   <div class='ocr_carea' id='block_1_5' title="bbox 915 189 1260 213">
    <p class='ocr_par' dir='ltr' id='par_1_5' title="bbox 915 189 1260 213">
     <span class='ocr_line' id='line_1_11' title="bbox 915 189 1260 213; baseline 0.003 -1"><span class='ocrx_word' id='word_1_25' title='bbox 915 189 1080 213; x_wconf 64' lang='lat' dir='ltr'>tNNnszt-:N‘rt</span> <span class='ocrx_word' id='word_1_26' title='bbox 1087 189 1121 212; x_wconf 76' lang='lat' dir='ltr'>tts</span> <span class='ocrx_word' id='word_1_27' title='bbox 1146 190 1162 212; x_wconf 74' lang='lat' dir='ltr'>N</span> <span class='ocrx_word' id='word_1_28' title='bbox 1169 191 1189 212; x_wconf 89' lang='lat'>11</span> <span class='ocrx_word' id='word_1_29' title='bbox 1213 191 1260 213; x_wconf 71' lang='grc' dir='ltr'>ΓΡ.</span> 
     </span>
    </p>
   </div>
   <div class='ocr_carea' id='block_1_6' title="bbox 341 237 1076 276">
    <p class='ocr_par' dir='ltr' id='par_1_6' title="bbox 341 237 1076 276">
     <span class='ocr_line' id='line_1_12' title="bbox 341 237 1076 276; baseline -0.014 1"><span class='ocrx_word' id='word_1_30' title='bbox 341 244 516 276; x_wconf 77' lang='lat' dir='ltr'>vinciarum</span> <span class='ocrx_word' id='word_1_31' title='bbox 543 241 687 274; x_wconf 87' lang='lat' dir='ltr'>eiusdem</span> <span class='ocrx_word' id='word_1_32' title='bbox 712 237 840 272; x_wconf 86' lang='lat' dir='ltr'>Ordinis</span> <span class='ocrx_word' id='word_1_33' title='bbox 869 237 969 270; x_wconf 87' lang='lat' dir='ltr'>titulis</span> <span class='ocrx_word' id='word_1_34' title='bbox 995 246 1076 268; x_wconf 90' lang='grc'><strong>111111-</strong></span> 
     </span>
    </p>
   </div>
   <div class='ocr_carea' id='block_1_7' title="bbox 342 285 1090 340">
    <p class='ocr_par' dir='ltr' id='par_1_7' title="bbox 342 285 1090 340">
     <span class='ocr_line' id='line_1_13' title="bbox 342 285 1090 340; baseline -0.012 -10"><span class='ocrx_word' id='word_1_35' title='bbox 342 296 503 340; x_wconf 82' lang='lat' dir='ltr'>cupandas</span> <span class='ocrx_word' id='word_1_36' title='bbox 528 292 820 336; x_wconf 78' lang='lat' dir='ltr'>Congrcgationes,</span> <span class='ocrx_word' id='word_1_37' title='bbox 848 301 930 334; x_wconf 85' lang='lat' dir='ltr'>quae</span> <span class='ocrx_word' id='word_1_38' title='bbox 956 285 1090 322; x_wconf 83' lang='lat' dir='ltr'>dilecto&#39;</span> 
     </span>
    </p>
   </div>
   <div class='ocr_carea' id='block_1_8' title="bbox 341 341 1080 2628">
    <p class='ocr_par' dir='ltr' id='par_1_8' title="bbox 341 341 1079 1030">
     <span class='ocr_line' id='line_1_14' title="bbox 342 341 1076 389; baseline -0.011 -7"><span class='ocrx_word' id='word_1_39' title='bbox 342 349 406 383; x_wconf 82' lang='lat' dir='ltr'>silio</span> <span class='ocrx_word' id='word_1_40' title='bbox 431 347 588 381; x_wconf 88' lang='lat' dir='ltr'>moderno</span> <span class='ocrx_word' id='word_1_41' title='bbox 613 349 644 379; x_wconf 89' lang='lat' dir='ltr'>et</span> <span class='ocrx_word' id='word_1_42' title='bbox 668 356 726 389; x_wconf 91' lang='lat' dir='ltr'>pro</span> <span class='ocrx_word' id='word_1_43' title='bbox 754 350 900 388; x_wconf 84' lang='lat' dir='ltr'>tempore</span> <span class='ocrx_word' id='word_1_44' title='bbox 927 341 1076 375; x_wconf 75' lang='lat' dir='ltr'>existenti</span> 
     </span>
     <span class='ocr_line' id='line_1_15' title="bbox 341 396 1077 444; baseline -0.008 -10"><span class='ocrx_word' id='word_1_45' title='bbox 341 402 496 444; x_wconf 78' lang='lat' dir='ltr'>magistro</span> <span class='ocrx_word' id='word_1_46' title='bbox 523 399 677 443; x_wconf 79' lang='lat' dir='ltr'>generali,</span> <span class='ocrx_word' id='word_1_47' title='bbox 704 398 769 431; x_wconf 87' lang='lat' dir='ltr'>sive</span> <span class='ocrx_word' id='word_1_48' title='bbox 795 397 865 431; x_wconf 86' lang='lat' dir='ltr'>eius</span> <span class='ocrx_word' id='word_1_49' title='bbox 891 396 1077 430; x_wconf 72' lang='grc'><strong>1000111011-</strong></span> 
     </span>
     <span class='ocr_line' id='line_1_16' title="bbox 343 448 1077 495; baseline -0.01 -7"><span class='ocrx_word' id='word_1_50' title='bbox 343 456 415 489; x_wconf 87' lang='lat' dir='ltr'>dem</span> <span class='ocrx_word' id='word_1_51' title='bbox 440 454 582 487; x_wconf 79' lang='lat' dir='ltr'>Romana</span> <span class='ocrx_word' id='word_1_52' title='bbox 615 452 708 486; x_wconf 76' lang='lat' dir='ltr'>Curia</span> <span class='ocrx_word' id='word_1_53' title='bbox 738 462 798 495; x_wconf 92' lang='lat' dir='ltr'>pro</span> <span class='ocrx_word' id='word_1_54' title='bbox 825 457 971 493; x_wconf 87' lang='lat' dir='ltr'>tempore</span> <span class='ocrx_word' id='word_1_55' title='bbox 997 448 1077 482; x_wconf 88' lang='lat' dir='ltr'>resi-</span> 
     </span>
     <span class='ocr_line' id='line_1_17' title="bbox 343 497 1076 549; baseline -0.011 -7"><span class='ocrx_word' id='word_1_56' title='bbox 343 509 432 542; x_wconf 90' lang='lat' dir='ltr'>denti</span> <span class='ocrx_word' id='word_1_57' title='bbox 443 507 562 541; x_wconf 89' lang='lat' dir='ltr'>vicario</span> <span class='ocrx_word' id='word_1_58' title='bbox 578 497 865 549; x_wconf 49' lang='lat' dir='ltr'>generali&#39;Ordinis</span> <span class='ocrx_word' id='word_1_59' title='bbox 880 502 1076 542; x_wconf 85' lang='lat' dir='ltr'>huiusmodi,</span> 
     </span>
     <span class='ocr_line' id='line_1_18' title="bbox 343 555 1078 597; baseline -0.008 -3"><span class='ocrx_word' id='word_1_60' title='bbox 343 560 528 594; x_wconf 82' lang='lat' dir='ltr'>immediate</span> <span class='ocrx_word' id='word_1_61' title='bbox 566 559 732 592; x_wconf 85' lang='lat' dir='ltr'>subiacere</span> <span class='ocrx_word' id='word_1_62' title='bbox 759 558 914 597; x_wconf 83' lang='lat' dir='ltr'>debeant,</span> <span class='ocrx_word' id='word_1_63' title='bbox 941 557 1021 590; x_wconf 87' lang='lat' dir='ltr'>itaut</span> <span class='ocrx_word' id='word_1_64' title='bbox 1045 555 1078 588; x_wconf 89' lang='lat' dir='ltr'>in</span> 
     </span>
     <span class='ocr_line' id='line_1_19' title="bbox 344 609 1079 656; baseline -0.007 -9"><span class='ocrx_word' id='word_1_65' title='bbox 344 615 414 648; x_wconf 89' lang='lat' dir='ltr'>illas</span> <span class='ocrx_word' id='word_1_66' title='bbox 448 613 526 646; x_wconf 89' lang='lat' dir='ltr'>nulli</span> <span class='ocrx_word' id='word_1_67' title='bbox 555 613 609 646; x_wconf 89' lang='lat' dir='ltr'>alii</span> <span class='ocrx_word' id='word_1_68' title='bbox 641 612 743 656; x_wconf 84' lang='lat' dir='ltr'>ipsius</span> <span class='ocrx_word' id='word_1_69' title='bbox 775 610 904 643; x_wconf 82' lang='lat' dir='ltr'>Ordinis</span> <span class='ocrx_word' id='word_1_70' title='bbox 933 609 1079 654; x_wconf 91' lang='lat' dir='ltr'>superio-</span> 
     </span>
     <span class='ocr_line' id='line_1_20' title="bbox 342 663 1079 712; baseline -0.008 -11"><span class='ocrx_word' id='word_1_71' title='bbox 342 679 406 709; x_wconf 87' lang='lat' dir='ltr'>res,</span> <span class='ocrx_word' id='word_1_72' title='bbox 432 673 661 712; x_wconf 74' lang='lat' dir='ltr'>praeterquam</span> <span class='ocrx_word' id='word_1_73' title='bbox 691 676 799 698; x_wconf 90' lang='lat' dir='ltr'>earum</span> <span class='ocrx_word' id='word_1_74' title='bbox 831 664 939 697; x_wconf 87' lang='lat' dir='ltr'>vicarii</span> <span class='ocrx_word' id='word_1_75' title='bbox 969 663 1079 696; x_wconf 81' lang='lat' dir='ltr'>ceteri-</span> 
     </span>
     <span class='ocr_line' id='line_1_21' title="bbox 343 716 1076 765; baseline -0.008 -11"><span class='ocrx_word' id='word_1_76' title='bbox 343 732 404 765; x_wconf 88' lang='lat' dir='ltr'>que</span> <span class='ocrx_word' id='word_1_77' title='bbox 423 721 608 754; x_wconf 89' lang='lat' dir='ltr'>earumdem</span> <span class='ocrx_word' id='word_1_78' title='bbox 627 718 922 761; x_wconf 76' lang='lat' dir='ltr'>Congregationum</span> <span class='ocrx_word' id='word_1_79' title='bbox 941 716 1076 761; x_wconf 84' lang='lat' dir='ltr'>praelati</span> 
     </span>
     <span class='ocr_line' id='line_1_22' title="bbox 341 772 1078 816; baseline -0.007 -9"><span class='ocrx_word' id='word_1_80' title='bbox 341 774 428 807; x_wconf 82' lang='lat' dir='ltr'>iuxta</span> <span class='ocrx_word' id='word_1_81' title='bbox 453 784 576 806; x_wconf 84' lang='lat' dir='ltr'>morem</span> <span class='ocrx_word' id='word_1_82' title='bbox 595 773 742 816; x_wconf 83' lang='lat' dir='ltr'>deputari</span> <span class='ocrx_word' id='word_1_83' title='bbox 769 772 865 812; x_wconf 74' lang='lat' dir='ltr'>soliti,</span> <span class='ocrx_word' id='word_1_84' title='bbox 883 776 1078 815; x_wconf 76' lang='lat' dir='ltr'>potestatem</span> 
     </span>
     <span class='ocr_line' id='line_1_23' title="bbox 342 823 1075 871; baseline -0.005 -12"><span class='ocrx_word' id='word_1_85' title='bbox 342 827 482 871; x_wconf 76' lang='lat' dir='ltr'>aliquam</span> <span class='ocrx_word' id='word_1_86' title='bbox 499 827 626 859; x_wconf 79' lang='lat' dir='ltr'>valeant</span> <span class='ocrx_word' id='word_1_87' title='bbox 644 836 806 865; x_wconf 82' lang='lat' dir='ltr'>exercere,</span> <span class='ocrx_word' id='word_1_88' title='bbox 818 830 914 863; x_wconf 85' lang='lat' dir='ltr'>motu,</span> <span class='ocrx_word' id='word_1_89' title='bbox 929 823 1075 863; x_wconf 75' lang='lat' dir='ltr'>scientia,</span> 
     </span>
     <span class='ocr_line' id='line_1_24' title="bbox 342 877 1077 922; baseline -0.004 -10"><span class='ocrx_word' id='word_1_90' title='bbox 342 879 581 913; x_wconf 70' lang='lat' dir='ltr'>deliberatione</span> <span class='ocrx_word' id='word_1_91' title='bbox 616 884 648 912; x_wconf 87' lang='lat' dir='ltr'>et</span> <span class='ocrx_word' id='word_1_92' title='bbox 672 878 844 922; x_wconf 84' lang='lat' dir='ltr'>potestatis</span> <span class='ocrx_word' id='word_1_93' title='bbox 876 877 1077 920; x_wconf 85' lang='lat' dir='ltr'>plenitudine</span> 
     </span>
     <span class='ocr_line' id='line_1_25' title="bbox 342 929 1079 975; baseline -0.007 -9"><span class='ocrx_word' id='word_1_94' title='bbox 342 944 376 966; x_wconf 86' lang='lat' dir='ltr'>ac</span> <span class='ocrx_word' id='word_1_95' title='bbox 397 938 506 966; x_wconf 88' lang='lat' dir='ltr'>tenore</span> <span class='ocrx_word' id='word_1_96' title='bbox 524 932 687 975; x_wconf 77' lang='lat' dir='ltr'>praefatis,</span> <span class='ocrx_word' id='word_1_97' title='bbox 706 931 829 975; x_wconf 86' lang='lat' dir='ltr'>pariter</span> <span class='ocrx_word' id='word_1_98' title='bbox 847 935 1003 974; x_wconf 87' lang='lat' dir='ltr'>perpetuo</span> <span class='ocrx_word' id='word_1_99' title='bbox 1021 929 1079 962; x_wconf 86' lang='lat' dir='ltr'>eri-</span> 
     </span>
     <span class='ocr_line' id='line_1_26' title="bbox 342 986 734 1030; baseline 0 -12"><span class='ocrx_word' id='word_1_100' title='bbox 342 987 446 1030; x_wconf 79' lang='lat' dir='ltr'>gimus</span> <span class='ocrx_word' id='word_1_101' title='bbox 473 991 503 1019; x_wconf 92' lang='lat' dir='ltr'>et</span> <span class='ocrx_word' id='word_1_102' title='bbox 524 986 734 1019; x_wconf 78' lang='lat' dir='ltr'>instituimus.</span> 
     </span>
    </p>

    <p class='ocr_par' dir='ltr' id='par_1_9' title="bbox 342 1037 1080 1711">
     <span class='ocr_line' id='line_1_27' title="bbox 385 1037 1077 1084; baseline -0.004 -11"><span class='ocrx_word' id='word_1_103' title='bbox 385 1041 400 1084; x_wconf 66' lang='lat' dir='ltr'>g</span> <span class='ocrx_word' id='word_1_104' title='bbox 425 1040 456 1073; x_wconf 82' lang='lat'>3.</span> <span class='ocrx_word' id='word_1_105' title='bbox 477 1039 625 1072; x_wconf 87' lang='lat' dir='ltr'>Ceterum</span> <span class='ocrx_word' id='word_1_106' title='bbox 650 1039 683 1071; x_wconf 91' lang='lat' dir='ltr'>in</span> <span class='ocrx_word' id='word_1_107' title='bbox 702 1038 849 1072; x_wconf 86' lang='lat' dir='ltr'>omnibus</span> <span class='ocrx_word' id='word_1_108' title='bbox 866 1037 1077 1072; x_wconf 75' lang='lat' dir='ltr'>conventibus</span> 
     </span>
     <span class='ocr_line' id='line_1_28' title="bbox 344 1092 1079 1138; baseline -0.004 -11"><span class='ocrx_word' id='word_1_109' title='bbox 344 1095 382 1128; x_wconf 92' lang='lat' dir='ltr'>de</span> <span class='ocrx_word' id='word_1_110' title='bbox 396 1093 560 1138; x_wconf 75' lang='lat' dir='ltr'>praesenti</span> <span class='ocrx_word' id='word_1_111' title='bbox 575 1093 794 1136; x_wconf 76' lang='lat' dir='ltr'>spectantibus</span> <span class='ocrx_word' id='word_1_112' title='bbox 810 1093 909 1136; x_wconf 84' lang='lat' dir='ltr'>etqui</span> <span class='ocrx_word' id='word_1_113' title='bbox 928 1092 1079 1135; x_wconf 76' lang='lat' dir='ltr'>deinceps</span> 
     </span>
     <span class='ocr_line' id='line_1_29' title="bbox 343 1146 1079 1191; baseline -0.003 -11"><span class='ocrx_word' id='word_1_114' title='bbox 343 1147 539 1191; x_wconf 87' lang='lat' dir='ltr'>spectabunt</span> <span class='ocrx_word' id='word_1_115' title='bbox 560 1147 599 1179; x_wconf 87' lang='lat' dir='ltr'>ad</span> <span class='ocrx_word' id='word_1_116' title='bbox 621 1146 721 1180; x_wconf 84' lang='lat' dir='ltr'>dictas</span> <span class='ocrx_word' id='word_1_117' title='bbox 743 1146 1015 1188; x_wconf 73' lang='lat' dir='ltr'>congregationes</span> <span class='ocrx_word' id='word_1_118' title='bbox 1033 1146 1079 1178; x_wconf 87' lang='lat' dir='ltr'>sic</span> 
     </span>
     <span class='ocr_line' id='line_1_30' title="bbox 343 1199 1078 1239; baseline -0.004 -6"><span class='ocrx_word' id='word_1_119' title='bbox 343 1212 361 1233; x_wconf 89' lang='lat' dir='ltr'>a</span> <span class='ocrx_word' id='word_1_120' title='bbox 380 1200 475 1233; x_wconf 91' lang='lat' dir='ltr'>nobis</span> <span class='ocrx_word' id='word_1_121' title='bbox 502 1205 627 1233; x_wconf 89' lang='lat' dir='ltr'>erectas</span> <span class='ocrx_word' id='word_1_122' title='bbox 653 1205 684 1233; x_wconf 89' lang='lat' dir='ltr'>et</span> <span class='ocrx_word' id='word_1_123' title='bbox 708 1199 882 1239; x_wconf 76' lang='lat' dir='ltr'>institutas,</span> <span class='ocrx_word' id='word_1_124' title='bbox 909 1199 1022 1231; x_wconf 81' lang='lat' dir='ltr'>fratres</span> <span class='ocrx_word' id='word_1_125' title='bbox 1051 1210 1078 1231; x_wconf 94' lang='lat' dir='ltr'>o-</span> 
     </span>
     <span class='ocr_line' id='line_1_31' title="bbox 343 1252 1080 1296; baseline -0.004 -10"><span class='ocrx_word' id='word_1_126' title='bbox 343 1263 443 1293; x_wconf 87' lang='lat' dir='ltr'>mnes,</span> <span class='ocrx_word' id='word_1_127' title='bbox 459 1253 497 1286; x_wconf 90' lang='lat' dir='ltr'>ad</span> <span class='ocrx_word' id='word_1_128' title='bbox 523 1254 653 1295; x_wconf 76' lang='lat' dir='ltr'>regulae</span> <span class='ocrx_word' id='word_1_129' title='bbox 678 1263 774 1296; x_wconf 91' lang='lat' dir='ltr'>quam</span> <span class='ocrx_word' id='word_1_130' title='bbox 795 1252 932 1296; x_wconf 75' lang='lat' dir='ltr'>professi</span> <span class='ocrx_word' id='word_1_131' title='bbox 951 1252 1080 1284; x_wconf 83' lang='lat' dir='ltr'>suerunt</span> 
     </span>
     <span class='ocr_line' id='line_1_32' title="bbox 343 1304 1079 1349; baseline -0.003 -10"><span class='ocrx_word' id='word_1_132' title='bbox 343 1306 587 1349; x_wconf 86' lang='lat' dir='ltr'>praescriptum,</span> <span class='ocrx_word' id='word_1_133' title='bbox 604 1310 714 1339; x_wconf 82' lang='lat' dir='ltr'>exacte</span> <span class='ocrx_word' id='word_1_134' title='bbox 739 1305 834 1337; x_wconf 83' lang='lat' dir='ltr'>vitam</span> <span class='ocrx_word' id='word_1_135' title='bbox 853 1304 1022 1338; x_wconf 76' lang='lat' dir='ltr'>instituere</span> <span class='ocrx_word' id='word_1_136' title='bbox 1050 1311 1079 1337; x_wconf 88' lang='lat' dir='ltr'>et</span> 
     </span>
     <span class='ocr_line' id='line_1_33' title="bbox 343 1359 1078 1402; baseline -0.003 -10"><span class='ocrx_word' id='word_1_137' title='bbox 343 1369 552 1402; x_wconf 88' lang='lat' dir='ltr'>componere,</span> <span class='ocrx_word' id='word_1_138' title='bbox 578 1364 674 1401; x_wconf 87' lang='lat' dir='ltr'>atque</span> <span class='ocrx_word' id='word_1_139' title='bbox 694 1359 756 1398; x_wconf 89' lang='lat' dir='ltr'>illa,</span> <span class='ocrx_word' id='word_1_140' title='bbox 773 1369 854 1401; x_wconf 86' lang='lat' dir='ltr'>quae</span> <span class='ocrx_word' id='word_1_141' title='bbox 876 1368 1078 1391; x_wconf 87' lang='lat' dir='ltr'>communem</span> 
     </span>
     <span class='ocr_line' id='line_1_34' title="bbox 343 1411 1077 1451; baseline -0.001 -7"><span class='ocrx_word' id='word_1_142' title='bbox 343 1413 457 1451; x_wconf 88' lang='lat' dir='ltr'>vitam,</span> <span class='ocrx_word' id='word_1_143' title='bbox 487 1411 606 1444; x_wconf 84' lang='lat' dir='ltr'>victum</span> <span class='ocrx_word' id='word_1_144' title='bbox 632 1416 664 1444; x_wconf 85' lang='lat' dir='ltr'>et</span> <span class='ocrx_word' id='word_1_145' title='bbox 687 1411 840 1444; x_wconf 87' lang='lat' dir='ltr'>vestitum</span> <span class='ocrx_word' id='word_1_146' title='bbox 865 1417 1077 1451; x_wconf 78' lang='lat' dir='ltr'>concernunt,</span> 
     </span>
     <span class='ocr_line' id='line_1_35' title="bbox 342 1464 1079 1498; baseline -0.001 0"><span class='ocrx_word' id='word_1_147' title='bbox 342 1465 432 1498; x_wconf 77' lang='lat' dir='ltr'>iuxta</span> <span class='ocrx_word' id='word_1_148' title='bbox 454 1464 590 1498; x_wconf 88' lang='lat' dir='ltr'>Concilii</span> <span class='ocrx_word' id='word_1_149' title='bbox 611 1464 792 1498; x_wconf 84' lang='lat' dir='ltr'>Tridentini</span> <span class='ocrx_word' id='word_1_150' title='bbox 807 1475 842 1497; x_wconf 87' lang='lat' dir='ltr'>ac</span> <span class='ocrx_word' id='word_1_151' title='bbox 857 1464 957 1497; x_wconf 87' lang='lat' dir='ltr'>felicis</span> <span class='ocrx_word' id='word_1_152' title='bbox 975 1475 1079 1497; x_wconf 84' lang='lat' dir='ltr'>reeor-</span> 
     </span>
     <span class='ocr_line' id='line_1_36' title="bbox 342 1516 1080 1560; baseline -0.001 -9"><span class='ocrx_word' id='word_1_153' title='bbox 342 1518 481 1551; x_wconf 86' lang='lat' dir='ltr'>dationis</span> <span class='ocrx_word' id='word_1_154' title='bbox 511 1516 686 1550; x_wconf 86' lang='lat' dir='ltr'>Clementis</span> <span class='ocrx_word' id='word_1_155' title='bbox 717 1517 821 1560; x_wconf 85' lang='lat' dir='ltr'>Papae</span> <span class='ocrx_word' id='word_1_156' title='bbox 846 1517 910 1550; x_wconf 75' lang='lat' dir='ltr'>VIII</span> <span class='ocrx_word' id='word_1_157' title='bbox 944 1517 1080 1560; x_wconf 86' lang='lat' dir='ltr'>praede-</span> 
     </span>
     <span class='ocr_line' id='line_1_37' title="bbox 343 1571 1079 1605; baseline -0.003 0"><span class='ocrx_word' id='word_1_158' title='bbox 343 1571 482 1605; x_wconf 89' lang='lat' dir='ltr'>cessoris</span> <span class='ocrx_word' id='word_1_159' title='bbox 508 1571 612 1604; x_wconf 86' lang='lat' dir='ltr'>nostri</span> <span class='ocrx_word' id='word_1_160' title='bbox 644 1572 848 1604; x_wconf 87' lang='lat' dir='ltr'>decretorum</span> <span class='ocrx_word' id='word_1_161' title='bbox 875 1577 1021 1604; x_wconf 83' lang='lat' dir='ltr'>tenorem</span> <span class='ocrx_word' id='word_1_162' title='bbox 1047 1571 1079 1603; x_wconf 82' lang='lat' dir='ltr'>ti-</span> 
     </span>
     <span class='ocr_line' id='line_1_38' title="bbox 343 1623 1080 1658; baseline -0.001 0"><span class='ocrx_word' id='word_1_163' title='bbox 343 1623 460 1658; x_wconf 89' lang='lat' dir='ltr'>deliter</span> <span class='ocrx_word' id='word_1_164' title='bbox 485 1634 520 1657; x_wconf 85' lang='lat' dir='ltr'>ac</span> <span class='ocrx_word' id='word_1_165' title='bbox 538 1623 770 1657; x_wconf 81' lang='lat' dir='ltr'>inviolabiliter</span> <span class='ocrx_word' id='word_1_166' title='bbox 790 1624 962 1657; x_wconf 88' lang='lat' dir='ltr'>observare</span> <span class='ocrx_word' id='word_1_167' title='bbox 982 1624 1080 1658; x_wconf 91' lang='lat' dir='ltr'>debe-</span> 
     </span>
     <span class='ocr_line' id='line_1_39' title="bbox 343 1676 822 1711; baseline -0.002 -1"><span class='ocrx_word' id='word_1_168' title='bbox 343 1683 399 1711; x_wconf 87' lang='lat' dir='ltr'>ant</span> <span class='ocrx_word' id='word_1_169' title='bbox 423 1684 454 1710; x_wconf 86' lang='lat' dir='ltr'>et</span> <span class='ocrx_word' id='word_1_170' title='bbox 479 1676 612 1710; x_wconf 91' lang='lat' dir='ltr'>omnino</span> <span class='ocrx_word' id='word_1_171' title='bbox 638 1682 822 1710; x_wconf 89' lang='lat' dir='ltr'>teneantur.</span> 
     </span>
    </p>

    <p class='ocr_par' dir='ltr' id='par_1_10' title="bbox 342 1730 1080 2349">
     <span class='ocr_line' id='line_1_40' title="bbox 386 1730 1078 1774; baseline 0.001 -11"><span class='ocrx_word' id='word_1_172' title='bbox 386 1731 456 1774; x_wconf 60' lang='lat'>54,</span> <span class='ocrx_word' id='word_1_173' title='bbox 483 1730 616 1774; x_wconf 80' lang='lat' dir='ltr'>Utrique</span> <span class='ocrx_word' id='word_1_174' title='bbox 650 1741 725 1763; x_wconf 85' lang='lat' dir='ltr'>vero</span> <span class='ocrx_word' id='word_1_175' title='bbox 758 1730 1007 1773; x_wconf 81' lang='lat' dir='ltr'>Congregationi</span> <span class='ocrx_word' id='word_1_176' title='bbox 1041 1731 1078 1764; x_wconf 90' lang='lat' dir='ltr'>de</span> 
     </span>
     <span class='ocr_line' id='line_1_41' title="bbox 343 1783 1080 1825; baseline 0.003 -9"><span class='ocrx_word' id='word_1_177' title='bbox 343 1784 461 1816; x_wconf 88' lang='lat' dir='ltr'>idoneo</span> <span class='ocrx_word' id='word_1_178' title='bbox 486 1783 606 1816; x_wconf 84' lang='lat' dir='ltr'>vicario</span> <span class='ocrx_word' id='word_1_179' title='bbox 631 1783 776 1825; x_wconf 83' lang='lat' dir='ltr'>generali</span> <span class='ocrx_word' id='word_1_180' title='bbox 795 1794 829 1817; x_wconf 81' lang='lat' dir='ltr'>ex</span> <span class='ocrx_word' id='word_1_181' title='bbox 850 1785 1005 1818; x_wconf 81' lang='lat' dir='ltr'>fratribus</span> <span class='ocrx_word' id='word_1_182' title='bbox 1024 1785 1080 1818; x_wconf 87' lang='lat' dir='ltr'>ali·</span> 
     </span>
     <span class='ocr_line' id='line_1_42' title="bbox 343 1837 1079 1880; baseline 0.001 -10"><span class='ocrx_word' id='word_1_183' title='bbox 343 1837 435 1871; x_wconf 90' lang='lat' dir='ltr'>cuius</span> <span class='ocrx_word' id='word_1_184' title='bbox 461 1848 498 1870; x_wconf 85' lang='lat' dir='ltr'>ex</span> <span class='ocrx_word' id='word_1_185' title='bbox 524 1837 736 1870; x_wconf 85' lang='lat' dir='ltr'>conventibus</span> <span class='ocrx_word' id='word_1_186' title='bbox 763 1837 831 1870; x_wconf 90' lang='lat' dir='ltr'>eius</span> <span class='ocrx_word' id='word_1_187' title='bbox 849 1837 1079 1880; x_wconf 77' lang='lat' dir='ltr'>Congregatio-</span> 
     </span>
     <span class='ocr_line' id='line_1_43' title="bbox 343 1888 1078 1934; baseline 0.001 -12"><span class='ocrx_word' id='word_1_188' title='bbox 343 1889 400 1931; x_wconf 88' lang='lat' dir='ltr'>nis,</span> <span class='ocrx_word' id='word_1_189' title='bbox 427 1890 476 1923; x_wconf 90' lang='lat' dir='ltr'>cui</span> <span class='ocrx_word' id='word_1_190' title='bbox 502 1890 528 1923; x_wconf 88' lang='lat' dir='ltr'>is</span> <span class='ocrx_word' id='word_1_191' title='bbox 544 1888 784 1933; x_wconf 76' lang='lat' dir='ltr'>praeficiendus</span> <span class='ocrx_word' id='word_1_192' title='bbox 810 1890 879 1929; x_wconf 90' lang='lat' dir='ltr'>erit,</span> <span class='ocrx_word' id='word_1_193' title='bbox 901 1890 956 1934; x_wconf 89' lang='lat' dir='ltr'>qui</span> <span class='ocrx_word' id='word_1_194' title='bbox 981 1891 1078 1932; x_wconf 88' lang='lat' dir='ltr'>illam,</span> 
     </span>
     <span class='ocr_line' id='line_1_44' title="bbox 345 1942 1078 1986; baseline 0.001 -10"><span class='ocrx_word' id='word_1_195' title='bbox 345 1943 517 1977; x_wconf 88' lang='lat' dir='ltr'>adiuvante</span> <span class='ocrx_word' id='word_1_196' title='bbox 553 1942 712 1983; x_wconf 90' lang='lat' dir='ltr'>Domino,</span> <span class='ocrx_word' id='word_1_197' title='bbox 739 1942 913 1976; x_wconf 84' lang='lat' dir='ltr'>salubriter</span> <span class='ocrx_word' id='word_1_198' title='bbox 937 1943 1078 1986; x_wconf 80' lang='lat' dir='ltr'>dirigere</span> 
     </span>
     <span class='ocr_line' id='line_1_45' title="bbox 342 1996 1078 2040; baseline 0 -9"><span class='ocrx_word' id='word_1_199' title='bbox 342 1998 458 2038; x_wconf 84' lang='lat' dir='ltr'>valeat,</span> <span class='ocrx_word' id='word_1_200' title='bbox 475 1996 596 2040; x_wconf 89' lang='lat' dir='ltr'>quique</span> <span class='ocrx_word' id='word_1_201' title='bbox 617 1996 650 2028; x_wconf 86' lang='lat' dir='ltr'>in</span> <span class='ocrx_word' id='word_1_202' title='bbox 667 1996 878 2029; x_wconf 84' lang='lat' dir='ltr'>conventibus</span> <span class='ocrx_word' id='word_1_203' title='bbox 893 1997 1078 2031; x_wconf 86' lang='lat' dir='ltr'>huiusmodi</span> 
     </span>
     <span class='ocr_line' id='line_1_46' title="bbox 342 2049 1079 2093; baseline -0.001 -9"><span class='ocrx_word' id='word_1_204' title='bbox 342 2052 456 2084; x_wconf 83' lang='lat' dir='ltr'>saltem</span> <span class='ocrx_word' id='word_1_205' title='bbox 482 2060 541 2093; x_wconf 88' lang='lat' dir='ltr'>per</span> <span class='ocrx_word' id='word_1_206' title='bbox 566 2049 774 2093; x_wconf 82' lang='lat' dir='ltr'>septennium</span> <span class='ocrx_word' id='word_1_207' title='bbox 793 2056 902 2083; x_wconf 78' lang='lat' dir='ltr'>exacte</span> <span class='ocrx_word' id='word_1_208' title='bbox 920 2051 1079 2093; x_wconf 74' lang='lat' dir='ltr'>regularis</span> 
     </span>
     <span class='ocr_line' id='line_1_47' title="bbox 342 2102 1080 2147; baseline -0.001 -10"><span class='ocrx_word' id='word_1_209' title='bbox 342 2102 569 2137; x_wconf 83' lang='lat' dir='ltr'>observantiae</span> <span class='ocrx_word' id='word_1_210' title='bbox 587 2102 754 2145; x_wconf 80' lang='lat' dir='ltr'>specimen</span> <span class='ocrx_word' id='word_1_211' title='bbox 774 2103 908 2143; x_wconf 83' lang='lat' dir='ltr'>dederit,</span> <span class='ocrx_word' id='word_1_212' title='bbox 925 2109 967 2144; x_wconf 85' lang='lat' dir='ltr'>et,</span> <span class='ocrx_word' id='word_1_213' title='bbox 985 2114 1080 2147; x_wconf 85' lang='lat' dir='ltr'>quan-</span> 
     </span>
     <span class='ocr_line' id='line_1_48' title="bbox 343 2155 1080 2199; baseline 0 -10"><span class='ocrx_word' id='word_1_214' title='bbox 343 2163 411 2190; x_wconf 87' lang='lat' dir='ltr'>tum</span> <span class='ocrx_word' id='word_1_215' title='bbox 436 2156 503 2189; x_wconf 78' lang='lat' dir='ltr'>sieri</span> <span class='ocrx_word' id='word_1_216' title='bbox 529 2161 659 2199; x_wconf 90' lang='lat' dir='ltr'>potest,</span> <span class='ocrx_word' id='word_1_217' title='bbox 693 2155 789 2188; x_wconf 84' lang='lat' dir='ltr'>alicui</span> <span class='ocrx_word' id='word_1_218' title='bbox 816 2167 853 2189; x_wconf 79' lang='lat' dir='ltr'>ex</span> <span class='ocrx_word' id='word_1_219' title='bbox 878 2155 942 2190; x_wconf 88' lang='lat' dir='ltr'>illis</span> <span class='ocrx_word' id='word_1_220' title='bbox 972 2157 1080 2189; x_wconf 84' lang='lat' dir='ltr'>lauda-</span> 
     </span>
     <span class='ocr_line' id='line_1_49' title="bbox 342 2209 1079 2252; baseline 0 -9"><span class='ocrx_word' id='word_1_221' title='bbox 342 2210 453 2243; x_wconf 89' lang='lat' dir='ltr'>biliter</span> <span class='ocrx_word' id='word_1_222' title='bbox 479 2209 678 2252; x_wconf 81' lang='lat' dir='ltr'>praefuerit,</span> <span class='ocrx_word' id='word_1_223' title='bbox 711 2219 728 2241; x_wconf 88' lang='lat' dir='ltr'>a</span> <span class='ocrx_word' id='word_1_224' title='bbox 756 2209 908 2251; x_wconf 76' lang='lat' dir='ltr'>magistro</span> <span class='ocrx_word' id='word_1_225' title='bbox 934 2210 1079 2252; x_wconf 78' lang='lat' dir='ltr'>generali</span> 
     </span>
     <span class='ocr_line' id='line_1_50' title="bbox 343 2260 1080 2308; baseline 0.001 -12"><span class='ocrx_word' id='word_1_226' title='bbox 343 2262 488 2306; x_wconf 78' lang='lat' dir='ltr'>praefato</span> <span class='ocrx_word' id='word_1_227' title='bbox 515 2260 570 2296; x_wconf 61' lang='lat' dir='ltr'>de*</span> <span class='ocrx_word' id='word_1_228' title='bbox 595 2261 728 2295; x_wconf 88' lang='lat' dir='ltr'>biennio</span> <span class='ocrx_word' id='word_1_229' title='bbox 753 2262 785 2294; x_wconf 89' lang='lat' dir='ltr'>in</span> <span class='ocrx_word' id='word_1_230' title='bbox 811 2262 978 2296; x_wconf 84' lang='lat' dir='ltr'>biennium</span> <span class='ocrx_word' id='word_1_231' title='bbox 1003 2274 1080 2308; x_wconf 90' lang='lat' dir='ltr'>pro-</span> 
     </span>
     <span class='ocr_line' id='line_1_51' title="bbox 343 2316 503 2349; baseline -0.006 0"><span class='ocrx_word' id='word_1_232' title='bbox 343 2316 503 2349; x_wconf 88' lang='lat' dir='ltr'>videatur.</span> 
     </span>
    </p>

    <p class='ocr_par' dir='ltr' id='par_1_11' title="bbox 345 2368 1080 2572">
     <span class='ocr_line' id='line_1_52' title="bbox 388 2368 1080 2413; baseline 0.003 -11"><span class='ocrx_word' id='word_1_233' title='bbox 388 2370 402 2413; x_wconf 63' lang='lat' dir='ltr'>g</span> <span class='ocrx_word' id='word_1_234' title='bbox 426 2369 456 2402; x_wconf 83' lang='lat'>5.</span> <span class='ocrx_word' id='word_1_235' title='bbox 484 2368 571 2407; x_wconf 88' lang='lat' dir='ltr'>Quod</span> <span class='ocrx_word' id='word_1_236' title='bbox 597 2368 621 2401; x_wconf 84' lang='lat' dir='ltr'>si</span> <span class='ocrx_word' id='word_1_237' title='bbox 648 2368 799 2402; x_wconf 80' lang='lat' dir='ltr'>vicarium</span> <span class='ocrx_word' id='word_1_238' title='bbox 829 2369 873 2402; x_wconf 90' lang='lat' dir='ltr'>sic</span> <span class='ocrx_word' id='word_1_239' title='bbox 897 2369 1080 2404; x_wconf 87' lang='lat' dir='ltr'>institutum</span> 
     </span>
     <span class='ocr_line' id='line_1_53' title="bbox 345 2423 1079 2468; baseline 0.001 -13"><span class='ocrx_word' id='word_1_240' title='bbox 345 2428 416 2456; x_wconf 89' lang='lat' dir='ltr'>ante</span> <span class='ocrx_word' id='word_1_241' title='bbox 441 2424 636 2466; x_wconf 84' lang='lat' dir='ltr'>completum</span> <span class='ocrx_word' id='word_1_242' title='bbox 661 2423 709 2455; x_wconf 88' lang='lat' dir='ltr'>sui</span> <span class='ocrx_word' id='word_1_243' title='bbox 745 2423 914 2456; x_wconf 72' lang='lat' dir='ltr'>vicariatus</span> <span class='ocrx_word' id='word_1_244' title='bbox 952 2429 1079 2468; x_wconf 89' lang='lat' dir='ltr'>tempus</span> 
     </span>
     <span class='ocr_line' id='line_1_54' title="bbox 345 2475 1079 2521; baseline 0.004 -13"><span class='ocrx_word' id='word_1_245' title='bbox 345 2475 383 2509; x_wconf 81' lang='lat' dir='ltr'>ab</span> <span class='ocrx_word' id='word_1_246' title='bbox 409 2476 560 2509; x_wconf 89' lang='lat' dir='ltr'>humanis</span> <span class='ocrx_word' id='word_1_247' title='bbox 586 2476 743 2509; x_wconf 84' lang='lat' dir='ltr'>decedere</span> <span class='ocrx_word' id='word_1_248' title='bbox 769 2477 952 2520; x_wconf 81' lang='lat' dir='ltr'>contigerit,</span> <span class='ocrx_word' id='word_1_249' title='bbox 978 2478 1005 2510; x_wconf 91' lang='lat' dir='ltr'>is</span> <span class='ocrx_word' id='word_1_250' title='bbox 1024 2478 1079 2521; x_wconf 85' lang='lat' dir='ltr'>qui</span> 
     </span>
     <span class='ocr_line' id='line_1_55' title="bbox 345 2528 1076 2572; baseline 0.001 -10"><span class='ocrx_word' id='word_1_251' title='bbox 345 2528 454 2563; x_wconf 86' lang='lat' dir='ltr'>vicarii</span> <span class='ocrx_word' id='word_1_252' title='bbox 478 2528 582 2561; x_wconf 82' lang='lat' dir='ltr'>officio</span> <span class='ocrx_word' id='word_1_253' title='bbox 608 2528 781 2561; x_wconf 88' lang='lat' dir='ltr'>novissime</span> <span class='ocrx_word' id='word_1_254' title='bbox 815 2529 940 2562; x_wconf 81' lang='lat' dir='ltr'>functus</span> <span class='ocrx_word' id='word_1_255' title='bbox 967 2530 1076 2572; x_wconf 83' lang='lat' dir='ltr'>suerit,</span> 
     </span>
    </p>

    <p class='ocr_par' dir='ltr' id='par_1_12' title="bbox 380 2590 954 2628">
     <span class='ocr_line' id='line_1_56' title="bbox 380 2590 954 2628; baseline -0.002 -8"><span class='ocrx_word' id='word_1_256' title='bbox 380 2593 392 2620; x_wconf 84' lang='lat'><strong>1</strong></span> <span class='ocrx_word' id='word_1_257' title='bbox 413 2590 566 2626; x_wconf 84' lang='lat' dir='ltr'>Praeposit.</span> <span class='ocrx_word' id='word_1_258' title='bbox 588 2590 621 2618; x_wconf 83' lang='lat' dir='ltr'>de</span> <span class='ocrx_word' id='word_1_259' title='bbox 642 2599 690 2618; x_wconf 88' lang='lat' dir='ltr'>nos</span> <span class='ocrx_word' id='word_1_260' title='bbox 710 2590 834 2618; x_wconf 86' lang='lat' dir='ltr'>addimus</span> <span class='ocrx_word' id='word_1_261' title='bbox 852 2593 954 2628; x_wconf 65' lang='lat' dir='ltr'>(1³.T.).</span> 
     </span>
    </p>
   </div>
   <div class='ocr_carea' id='block_1_9' title="bbox 415 2645 994 2676">
    <p class='ocr_par' dir='ltr' id='par_1_13' title="bbox 415 2645 994 2676">
     <span class='ocr_line' id='line_1_57' title="bbox 415 2645 994 2676; baseline 0.003 -3"><span class='ocrx_word' id='word_1_262' title='bbox 415 2645 495 2673; x_wconf 73' lang='lat' dir='ltr'>Ball.</span> <span class='ocrx_word' id='word_1_263' title='bbox 517 2645 599 2674; x_wconf 79' lang='lat' dir='ltr'>Rom.</span> <span class='ocrx_word' id='word_1_264' title='bbox 619 2661 652 2666; x_wconf 84' lang='lat'>·—</span> <span class='ocrx_word' id='word_1_265' title='bbox 676 2646 736 2676; x_wconf 83' lang='lat' dir='ltr'>Vol.</span> <span class='ocrx_word' id='word_1_266' title='bbox 755 2646 814 2674; x_wconf 86' lang='lat' dir='ltr'>XX.</span> <span class='ocrx_word' id='word_1_267' title='bbox 959 2646 994 2675; x_wconf 88' lang='grc'>86</span> 
     </span>
    </p>
   </div>
   <div class='ocr_carea' id='block_1_10' title="bbox 1098 975 1103 2565">
    <p class='ocr_par' dir='ltr' id='par_1_14' title="bbox 1098 975 1103 2565">
     <span class='ocr_line' id='line_1_58' title="bbox 1098 975 1103 2565; baseline 0 0"><span class='ocrx_word' id='word_1_268' title='bbox 1098 975 1103 2565; x_wconf 95' lang='lat' dir='ltr'> </span> 
     </span>
    </p>
   </div>
   <div class='ocr_carea' id='block_1_11' title="bbox 1119 190 1862 2576">
    <p class='ocr_par' dir='ltr' id='par_1_15' title="bbox 1119 190 1861 1933">
     <span class='ocr_line' id='line_1_59' title="bbox 1755 190 1813 222; baseline 0 0"><span class='ocrx_word' id='word_1_269' title='bbox 1755 190 1813 222; x_wconf 70' lang='grc'>631</span> 
     </span>
     <span class='ocr_line' id='line_1_60' title="bbox 1119 238 1855 290; baseline 0.016 -22"><span class='ocrx_word' id='word_1_270' title='bbox 1119 242 1276 279; x_wconf 82' lang='lat' dir='ltr'>quatenus</span> <span class='ocrx_word' id='word_1_271' title='bbox 1293 238 1383 278; x_wconf 85' lang='lat' dir='ltr'>adsit,</span> <span class='ocrx_word' id='word_1_272' title='bbox 1403 240 1450 272; x_wconf 88' lang='lat' dir='ltr'>sin</span> <span class='ocrx_word' id='word_1_273' title='bbox 1465 241 1581 283; x_wconf 76' lang='lat' dir='ltr'>minus,</span> <span class='ocrx_word' id='word_1_274' title='bbox 1592 244 1682 286; x_wconf 88' lang='lat' dir='ltr'>prior</span> <span class='ocrx_word' id='word_1_275' title='bbox 1695 247 1855 290; x_wconf 82' lang='lat' dir='ltr'>antiquio-</span> 
     </span>
     <span class='ocr_line' id='line_1_61' title="bbox 1119 289 1853 342; baseline 0.016 -21"><span class='ocrx_word' id='word_1_276' title='bbox 1119 289 1163 322; x_wconf 87' lang='lat' dir='ltr'>ris</span> <span class='ocrx_word' id='word_1_277' title='bbox 1189 296 1366 324; x_wconf 81' lang='lat' dir='ltr'>conventus</span> <span class='ocrx_word' id='word_1_278' title='bbox 1385 292 1454 325; x_wconf 84' lang='lat' dir='ltr'>eius</span> <span class='ocrx_word' id='word_1_279' title='bbox 1474 293 1751 339; x_wconf 74' lang='lat' dir='ltr'>Congregationis,</span> <span class='ocrx_word' id='word_1_280' title='bbox 1771 311 1853 342; x_wconf 88' lang='lat' dir='ltr'>quae</span> 
     </span>
     <span class='ocr_line' id='line_1_62' title="bbox 1119 343 1855 390; baseline 0.014 -16"><span class='ocrx_word' id='word_1_281' title='bbox 1119 353 1177 376; x_wconf 90' lang='lat' dir='ltr'>suo</span> <span class='ocrx_word' id='word_1_282' title='bbox 1194 343 1327 385; x_wconf 87' lang='lat' dir='ltr'>vicario,</span> <span class='ocrx_word' id='word_1_283' title='bbox 1349 345 1430 378; x_wconf 89' lang='lat' dir='ltr'>sicut</span> <span class='ocrx_word' id='word_1_284' title='bbox 1456 348 1685 390; x_wconf 87' lang='lat' dir='ltr'>praemittitur,</span> <span class='ocrx_word' id='word_1_285' title='bbox 1705 351 1855 385; x_wconf 83' lang='lat' dir='ltr'>destituta</span> 
     </span>
     <span class='ocr_line' id='line_1_63' title="bbox 1120 396 1856 444; baseline 0.014 -17"><span class='ocrx_word' id='word_1_286' title='bbox 1120 396 1334 437; x_wconf 86' lang='lat' dir='ltr'>remanserit,</span> <span class='ocrx_word' id='word_1_287' title='bbox 1366 398 1397 430; x_wconf 90' lang='lat' dir='ltr'>in</span> <span class='ocrx_word' id='word_1_288' title='bbox 1431 400 1581 432; x_wconf 89' lang='lat' dir='ltr'>omnibus</span> <span class='ocrx_word' id='word_1_289' title='bbox 1606 406 1638 433; x_wconf 85' lang='lat' dir='ltr'>et</span> <span class='ocrx_word' id='word_1_290' title='bbox 1663 413 1722 444; x_wconf 90' lang='lat' dir='ltr'>per</span> <span class='ocrx_word' id='word_1_291' title='bbox 1747 405 1856 437; x_wconf 83' lang='lat' dir='ltr'>onmia</span> 
     </span>
     <span class='ocr_line' id='line_1_64' title="bbox 1121 448 1856 496; baseline 0.012 -16"><span class='ocrx_word' id='word_1_292' title='bbox 1121 448 1300 482; x_wconf 77' lang='lat' dir='ltr'>deficientis</span> <span class='ocrx_word' id='word_1_293' title='bbox 1336 450 1444 484; x_wconf 75' lang='lat' dir='ltr'>vicarii</span> <span class='ocrx_word' id='word_1_294' title='bbox 1486 453 1572 485; x_wconf 77' lang='lat' dir='ltr'>vices</span> <span class='ocrx_word' id='word_1_295' title='bbox 1609 459 1724 496; x_wconf 80' lang='lat' dir='ltr'>gerat,</span> <span class='ocrx_word' id='word_1_296' title='bbox 1752 456 1856 489; x_wconf 87' lang='lat' dir='ltr'>donec</span> 
     </span>
     <span class='ocr_line' id='line_1_65' title="bbox 1121 503 1858 552; baseline 0.011 -18"><span class='ocrx_word' id='word_1_297' title='bbox 1121 503 1203 535; x_wconf 88' lang='lat' dir='ltr'>alter</span> <span class='ocrx_word' id='word_1_298' title='bbox 1222 503 1359 537; x_wconf 84' lang='lat' dir='ltr'>vicarius</span> <span class='ocrx_word' id='word_1_299' title='bbox 1380 516 1396 537; x_wconf 89' lang='lat' dir='ltr'>a</span> <span class='ocrx_word' id='word_1_300' title='bbox 1414 506 1568 548; x_wconf 76' lang='lat' dir='ltr'>magistro</span> <span class='ocrx_word' id='word_1_301' title='bbox 1586 509 1729 549; x_wconf 75' lang='lat' dir='ltr'>generali</span> <span class='ocrx_word' id='word_1_302' title='bbox 1748 520 1858 552; x_wconf 88' lang='lat' dir='ltr'>supra-</span> 
     </span>
     <span class='ocr_line' id='line_1_66' title="bbox 1122 555 1857 605; baseline 0.01 -17"><span class='ocrx_word' id='word_1_303' title='bbox 1122 555 1206 590; x_wconf 90' lang='lat' dir='ltr'>dicto</span> <span class='ocrx_word' id='word_1_304' title='bbox 1233 557 1328 591; x_wconf 84' lang='lat' dir='ltr'>suerit</span> <span class='ocrx_word' id='word_1_305' title='bbox 1354 558 1534 601; x_wconf 77' lang='lat' dir='ltr'>institutus3</span> <span class='ocrx_word' id='word_1_306' title='bbox 1561 565 1777 605; x_wconf 87' lang='lat' dir='ltr'>teneaturque</span> <span class='ocrx_word' id='word_1_307' title='bbox 1803 563 1857 596; x_wconf 83' lang='grc'><strong>1110</strong></span> 
     </span>
     <span class='ocr_line' id='line_1_67' title="bbox 1121 611 1857 657; baseline 0.01 -15"><span class='ocrx_word' id='word_1_308' title='bbox 1121 611 1318 653; x_wconf 86' lang='lat' dir='ltr'>provicarius</span> <span class='ocrx_word' id='word_1_309' title='bbox 1335 612 1441 645; x_wconf 87' lang='lat' dir='ltr'>statim</span> <span class='ocrx_word' id='word_1_310' title='bbox 1459 613 1497 646; x_wconf 90' lang='lat' dir='ltr'>de</span> <span class='ocrx_word' id='word_1_311' title='bbox 1517 615 1653 657; x_wconf 75' lang='lat' dir='ltr'>sequuta</span> <span class='ocrx_word' id='word_1_312' title='bbox 1671 615 1857 649; x_wconf 87' lang='lat' dir='ltr'>huiusmodi</span> 
     </span>
     <span class='ocr_line' id='line_1_68' title="bbox 1121 664 1858 713; baseline 0.009 -18"><span class='ocrx_word' id='word_1_313' title='bbox 1121 664 1215 696; x_wconf 83' lang='lat' dir='ltr'>officii</span> <span class='ocrx_word' id='word_1_314' title='bbox 1237 665 1402 698; x_wconf 85' lang='lat' dir='ltr'>vacatione</span> <span class='ocrx_word' id='word_1_315' title='bbox 1424 667 1573 700; x_wconf 87' lang='lat' dir='ltr'>eumdem</span> <span class='ocrx_word' id='word_1_316' title='bbox 1593 668 1782 711; x_wconf 78' lang='lat' dir='ltr'>magistrum</span> <span class='ocrx_word' id='word_1_317' title='bbox 1802 681 1858 713; x_wconf 82' lang='lat' dir='ltr'>ge-</span> 
     </span>
     <span class='ocr_line' id='line_1_69' title="bbox 1122 718 1859 760; baseline 0.009 -11"><span class='ocrx_word' id='word_1_318' title='bbox 1122 718 1266 750; x_wconf 87' lang='lat' dir='ltr'>neralem</span> <span class='ocrx_word' id='word_1_319' title='bbox 1293 719 1479 760; x_wconf 76' lang='lat' dir='ltr'>admonere,</span> <span class='ocrx_word' id='word_1_320' title='bbox 1499 726 1530 753; x_wconf 90' lang='lat' dir='ltr'>et</span> <span class='ocrx_word' id='word_1_321' title='bbox 1547 722 1586 754; x_wconf 83' lang='lat' dir='ltr'>ab</span> <span class='ocrx_word' id='word_1_322' title='bbox 1611 733 1648 755; x_wconf 90' lang='lat' dir='ltr'>eo</span> <span class='ocrx_word' id='word_1_323' title='bbox 1676 733 1793 756; x_wconf 91' lang='lat' dir='ltr'>novum</span> <span class='ocrx_word' id='word_1_324' title='bbox 1812 724 1859 756; x_wconf 90' lang='lat' dir='ltr'>vi-</span> 
     </span>
     <span class='ocr_line' id='line_1_70' title="bbox 1121 770 1856 820; baseline 0.01 -19"><span class='ocrx_word' id='word_1_325' title='bbox 1121 770 1241 803; x_wconf 82' lang='lat' dir='ltr'>carium</span> <span class='ocrx_word' id='word_1_326' title='bbox 1278 782 1468 814; x_wconf 69' lang='lat' dir='ltr'>exposcere.</span> <span class='ocrx_word' id='word_1_327' title='bbox 1495 773 1596 807; x_wconf 88' lang='lat' dir='ltr'>Porro</span> <span class='ocrx_word' id='word_1_328' title='bbox 1628 775 1763 809; x_wconf 82' lang='lat' dir='ltr'>vicarius</span> <span class='ocrx_word' id='word_1_329' title='bbox 1796 788 1856 820; x_wconf 84' lang='lat' dir='ltr'>pro</span> 
     </span>
     <span class='ocr_line' id='line_1_71' title="bbox 1123 823 1858 871; baseline 0.011 -17"><span class='ocrx_word' id='word_1_330' title='bbox 1123 827 1268 866; x_wconf 86' lang='lat' dir='ltr'>tempore</span> <span class='ocrx_word' id='word_1_331' title='bbox 1300 823 1441 858; x_wconf 81' lang='lat' dir='ltr'>existens</span> <span class='ocrx_word' id='word_1_332' title='bbox 1474 827 1621 860; x_wconf 83' lang='lat' dir='ltr'>eamdem</span> <span class='ocrx_word' id='word_1_333' title='bbox 1654 838 1785 871; x_wconf 87' lang='lat' dir='ltr'>prorsus</span> <span class='ocrx_word' id='word_1_334' title='bbox 1811 830 1858 862; x_wconf 91' lang='grc'><strong>111-</strong></span> 
     </span>
     <span class='ocr_line' id='line_1_72' title="bbox 1122 875 1858 916; baseline 0.012 -9"><span class='ocrx_word' id='word_1_335' title='bbox 1122 875 1343 910; x_wconf 87' lang='lat' dir='ltr'>risdictionem</span> <span class='ocrx_word' id='word_1_336' title='bbox 1369 883 1400 911; x_wconf 90' lang='lat' dir='ltr'>et</span> <span class='ocrx_word' id='word_1_337' title='bbox 1425 880 1651 914; x_wconf 88' lang='lat' dir='ltr'>auctoritatem</span> <span class='ocrx_word' id='word_1_338' title='bbox 1676 882 1797 915; x_wconf 84' lang='lat' dir='ltr'>habeat</span> <span class='ocrx_word' id='word_1_339' title='bbox 1825 883 1858 916; x_wconf 92' lang='lat' dir='ltr'>in</span> 
     </span>
     <span class='ocr_line' id='line_1_73' title="bbox 1122 931 1858 979; baseline 0.011 -18"><span class='ocrx_word' id='word_1_340' title='bbox 1122 935 1300 963; x_wconf 83' lang='lat' dir='ltr'>conventus</span> <span class='ocrx_word' id='word_1_341' title='bbox 1330 935 1360 964; x_wconf 91' lang='lat' dir='ltr'>et</span> <span class='ocrx_word' id='word_1_342' title='bbox 1382 931 1496 965; x_wconf 81' lang='lat' dir='ltr'>fratres</span> <span class='ocrx_word' id='word_1_343' title='bbox 1522 944 1596 966; x_wconf 90' lang='lat' dir='ltr'>suae</span> <span class='ocrx_word' id='word_1_344' title='bbox 1622 934 1858 979; x_wconf 73' lang='lat' dir='ltr'>Congregatio-</span> 
     </span>
     <span class='ocr_line' id='line_1_74' title="bbox 1122 982 1860 1029; baseline 0.012 -15"><span class='ocrx_word' id='word_1_345' title='bbox 1122 982 1181 1023; x_wconf 86' lang='lat' dir='ltr'>nis,</span> <span class='ocrx_word' id='word_1_346' title='bbox 1201 994 1305 1027; x_wconf 85' lang='lat' dir='ltr'>quam,</span> <span class='ocrx_word' id='word_1_347' title='bbox 1324 985 1412 1018; x_wconf 79' lang='lat' dir='ltr'>iuxta</span> <span class='ocrx_word' id='word_1_348' title='bbox 1429 988 1626 1029; x_wconf 86' lang='lat' dir='ltr'>apostolicas</span> <span class='ocrx_word' id='word_1_349' title='bbox 1651 993 1682 1023; x_wconf 87' lang='lat' dir='ltr'>et</span> <span class='ocrx_word' id='word_1_350' title='bbox 1706 990 1781 1022; x_wconf 91' lang='lat' dir='ltr'>dicti</span> <span class='ocrx_word' id='word_1_351' title='bbox 1802 990 1860 1023; x_wconf 90' lang='lat' dir='ltr'>Or-</span> 
     </span>
     <span class='ocr_line' id='line_1_75' title="bbox 1122 1036 1859 1085; baseline 0.012 -18"><span class='ocrx_word' id='word_1_352' title='bbox 1122 1036 1206 1068; x_wconf 89' lang='lat' dir='ltr'>dinis</span> <span class='ocrx_word' id='word_1_353' title='bbox 1224 1038 1486 1080; x_wconf 84' lang='lat' dir='ltr'>constitutiones,</span> <span class='ocrx_word' id='word_1_354' title='bbox 1501 1040 1626 1083; x_wconf 86' lang='lat' dir='ltr'>priores</span> <span class='ocrx_word' id='word_1_355' title='bbox 1641 1043 1859 1085; x_wconf 83' lang='lat' dir='ltr'>provinciales</span> 
     </span>
     <span class='ocr_line' id='line_1_76' title="bbox 1123 1090 1859 1139; baseline 0.012 -18"><span class='ocrx_word' id='word_1_356' title='bbox 1123 1090 1244 1122; x_wconf 80' lang='lat' dir='ltr'>liabent</span> <span class='ocrx_word' id='word_1_357' title='bbox 1261 1091 1293 1123; x_wconf 91' lang='lat' dir='ltr'>in</span> <span class='ocrx_word' id='word_1_358' title='bbox 1314 1092 1379 1124; x_wconf 86' lang='lat' dir='ltr'>suis</span> <span class='ocrx_word' id='word_1_359' title='bbox 1396 1093 1584 1135; x_wconf 82' lang='lat' dir='ltr'>provinciis.</span> <span class='ocrx_word' id='word_1_360' title='bbox 1604 1095 1710 1127; x_wconf 88' lang='lat' dir='ltr'>Possit</span> <span class='ocrx_word' id='word_1_361' title='bbox 1731 1107 1859 1139; x_wconf 84' lang='lat' dir='ltr'>quoque</span> 
     </span>
     <span class='ocr_line' id='line_1_77' title="bbox 1122 1143 1860 1190; baseline 0.009 -15"><span class='ocrx_word' id='word_1_362' title='bbox 1122 1143 1207 1176; x_wconf 88' lang='lat' dir='ltr'>idem</span> <span class='ocrx_word' id='word_1_363' title='bbox 1232 1144 1370 1177; x_wconf 80' lang='lat' dir='ltr'>vicaritis</span> <span class='ocrx_word' id='word_1_364' title='bbox 1403 1156 1625 1190; x_wconf 81' lang='lat' dir='ltr'>quoscumque</span> <span class='ocrx_word' id='word_1_365' title='bbox 1657 1148 1771 1182; x_wconf 77' lang='lat' dir='ltr'>fratres</span> <span class='ocrx_word' id='word_1_366' title='bbox 1803 1149 1860 1182; x_wconf 93' lang='lat' dir='ltr'>Or-</span> 
     </span>
     <span class='ocr_line' id='line_1_78' title="bbox 1122 1197 1857 1244; baseline 0.01 -15"><span class='ocrx_word' id='word_1_367' title='bbox 1122 1197 1206 1229; x_wconf 82' lang='lat' dir='ltr'>dinis</span> <span class='ocrx_word' id='word_1_368' title='bbox 1230 1198 1406 1240; x_wconf 84' lang='lat' dir='ltr'>supradicti</span> <span class='ocrx_word' id='word_1_369' title='bbox 1438 1200 1663 1244; x_wconf 88' lang='lat' dir='ltr'>undecumque</span> <span class='ocrx_word' id='word_1_370' title='bbox 1688 1202 1857 1236; x_wconf 84' lang='lat' dir='ltr'>venientes</span> 
     </span>
     <span class='ocr_line' id='line_1_79' title="bbox 1122 1250 1859 1298; baseline 0.009 -17"><span class='ocrx_word' id='word_1_371' title='bbox 1122 1250 1299 1293; x_wconf 85' lang='lat' dir='ltr'>suscipere,</span> <span class='ocrx_word' id='word_1_372' title='bbox 1319 1257 1350 1284; x_wconf 89' lang='lat' dir='ltr'>et</span> <span class='ocrx_word' id='word_1_373' title='bbox 1366 1251 1470 1285; x_wconf 85' lang='lat' dir='ltr'>eidem</span> <span class='ocrx_word' id='word_1_374' title='bbox 1489 1253 1527 1286; x_wconf 91' lang='lat' dir='ltr'>de</span> <span class='ocrx_word' id='word_1_375' title='bbox 1543 1255 1755 1287; x_wconf 77' lang='lat' dir='ltr'>conventibus</span> <span class='ocrx_word' id='word_1_376' title='bbox 1771 1266 1859 1298; x_wconf 87' lang='lat' dir='ltr'>prae-</span> 
     </span>
     <span class='ocr_line' id='line_1_80' title="bbox 1123 1303 1858 1351; baseline 0.008 -16"><span class='ocrx_word' id='word_1_377' title='bbox 1123 1303 1205 1336; x_wconf 78' lang='lat' dir='ltr'>fatae</span> <span class='ocrx_word' id='word_1_378' title='bbox 1242 1314 1317 1336; x_wconf 87' lang='lat' dir='ltr'>suae</span> <span class='ocrx_word' id='word_1_379' title='bbox 1354 1304 1622 1348; x_wconf 78' lang='lat' dir='ltr'>Congregationis</span> <span class='ocrx_word' id='word_1_380' title='bbox 1657 1319 1715 1351; x_wconf 88' lang='lat' dir='ltr'>per</span> <span class='ocrx_word' id='word_1_381' title='bbox 1756 1309 1858 1351; x_wconf 86' lang='lat' dir='ltr'>depu-</span> 
     </span>
     <span class='ocr_line' id='line_1_81' title="bbox 1125 1357 1855 1404; baseline 0.008 -16"><span class='ocrx_word' id='word_1_382' title='bbox 1125 1357 1279 1389; x_wconf 87' lang='lat' dir='ltr'>tationem</span> <span class='ocrx_word' id='word_1_383' title='bbox 1304 1359 1354 1390; x_wconf 93' lang='lat' dir='ltr'>vel</span> <span class='ocrx_word' id='word_1_384' title='bbox 1385 1358 1640 1401; x_wconf 77' lang='lat' dir='ltr'>assignationem</span> <span class='ocrx_word' id='word_1_385' title='bbox 1667 1362 1855 1404; x_wconf 81' lang='lat' dir='ltr'>providere,</span> 
     </span>
     <span class='ocr_line' id='line_1_82' title="bbox 1123 1408 1859 1452; baseline 0.011 -12"><span class='ocrx_word' id='word_1_386' title='bbox 1123 1408 1225 1452; x_wconf 87' lang='lat' dir='ltr'>(quod</span> <span class='ocrx_word' id='word_1_387' title='bbox 1252 1414 1356 1443; x_wconf 89' lang='lat' dir='ltr'>tamen</span> <span class='ocrx_word' id='word_1_388' title='bbox 1375 1411 1569 1452; x_wconf 83' lang='lat' dir='ltr'>criminosis,</span> <span class='ocrx_word' id='word_1_389' title='bbox 1589 1412 1675 1445; x_wconf 78' lang='lat' dir='ltr'>iuxta</span> <span class='ocrx_word' id='word_1_390' title='bbox 1694 1414 1768 1446; x_wconf 89' lang='lat' dir='ltr'>dicti</span> <span class='ocrx_word' id='word_1_391' title='bbox 1788 1415 1859 1447; x_wconf 83' lang='lat' dir='ltr'>Cle-</span> 
     </span>
     <span class='ocr_line' id='line_1_83' title="bbox 1123 1461 1860 1505; baseline 0.009 -12"><span class='ocrx_word' id='word_1_392' title='bbox 1123 1461 1241 1494; x_wconf 86' lang='lat' dir='ltr'>mentis</span> <span class='ocrx_word' id='word_1_393' title='bbox 1267 1463 1534 1505; x_wconf 84' lang='lat' dir='ltr'>praedecessoris</span> <span class='ocrx_word' id='word_1_394' title='bbox 1561 1465 1703 1505; x_wconf 84' lang='lat' dir='ltr'>decreta,</span> <span class='ocrx_word' id='word_1_395' title='bbox 1727 1467 1860 1500; x_wconf 86' lang='lat' dir='ltr'>nullate-</span> 
     </span>
     <span class='ocr_line' id='line_1_84' title="bbox 1122 1516 1861 1560; baseline 0.009 -13"><span class='ocrx_word' id='word_1_396' title='bbox 1122 1525 1181 1547; x_wconf 91' lang='lat' dir='ltr'>nus</span> <span class='ocrx_word' id='word_1_397' title='bbox 1212 1516 1368 1559; x_wconf 85' lang='lat' dir='ltr'>prodesse</span> <span class='ocrx_word' id='word_1_398' title='bbox 1404 1518 1559 1560; x_wconf 87' lang='lat' dir='ltr'>poterit);</span> <span class='ocrx_word' id='word_1_399' title='bbox 1587 1529 1651 1552; x_wconf 89' lang='lat' dir='ltr'>non</span> <span class='ocrx_word' id='word_1_400' title='bbox 1679 1525 1784 1553; x_wconf 89' lang='lat' dir='ltr'>autem</span> <span class='ocrx_word' id='word_1_401' title='bbox 1814 1521 1861 1553; x_wconf 94' lang='lat' dir='ltr'>in-</span> 
     </span>
     <span class='ocr_line' id='line_1_85' title="bbox 1122 1569 1858 1617; baseline 0.007 -16"><span class='ocrx_word' id='word_1_402' title='bbox 1122 1569 1310 1612; x_wconf 77' lang='lat' dir='ltr'>telligantur</span> <span class='ocrx_word' id='word_1_403' title='bbox 1336 1571 1434 1604; x_wconf 91' lang='lat' dir='ltr'>iidem</span> <span class='ocrx_word' id='word_1_404' title='bbox 1471 1571 1584 1605; x_wconf 84' lang='lat' dir='ltr'>fratres</span> <span class='ocrx_word' id='word_1_405' title='bbox 1609 1572 1858 1617; x_wconf 76' lang='lat' dir='ltr'>Congregationi</span> 
     </span>
     <span class='ocr_line' id='line_1_86' title="bbox 1122 1622 1859 1670; baseline 0.007 -15"><span class='ocrx_word' id='word_1_406' title='bbox 1122 1622 1311 1656; x_wconf 86' lang='lat' dir='ltr'>huiusmodi</span> <span class='ocrx_word' id='word_1_407' title='bbox 1344 1623 1565 1667; x_wconf 82' lang='lat' dir='ltr'>incorporati,</span> <span class='ocrx_word' id='word_1_408' title='bbox 1591 1635 1651 1658; x_wconf 85' lang='lat' dir='ltr'>nec</span> <span class='ocrx_word' id='word_1_409' title='bbox 1676 1626 1707 1658; x_wconf 90' lang='lat' dir='ltr'>in</span> <span class='ocrx_word' id='word_1_410' title='bbox 1732 1627 1859 1670; x_wconf 81' lang='lat' dir='ltr'>priores</span> 
     </span>
     <span class='ocr_line' id='line_1_87' title="bbox 1122 1675 1861 1719; baseline 0.005 -11"><span class='ocrx_word' id='word_1_411' title='bbox 1122 1681 1176 1708; x_wconf 87' lang='lat' dir='ltr'>aut</span> <span class='ocrx_word' id='word_1_412' title='bbox 1206 1675 1380 1719; x_wconf 79' lang='lat' dir='ltr'>magistros</span> <span class='ocrx_word' id='word_1_413' title='bbox 1416 1677 1612 1711; x_wconf 86' lang='lat' dir='ltr'>novitiorum</span> <span class='ocrx_word' id='word_1_414' title='bbox 1650 1678 1773 1712; x_wconf 86' lang='lat' dir='ltr'>institui</span> <span class='ocrx_word' id='word_1_415' title='bbox 1808 1692 1861 1712; x_wconf 89' lang='lat' dir='ltr'>va-</span> 
     </span>
     <span class='ocr_line' id='line_1_88' title="bbox 1122 1729 1859 1777; baseline 0.005 -15"><span class='ocrx_word' id='word_1_416' title='bbox 1122 1730 1228 1770; x_wconf 87' lang='lat' dir='ltr'>leant,</span> <span class='ocrx_word' id='word_1_417' title='bbox 1265 1729 1327 1763; x_wconf 87' lang='lat' dir='ltr'>nisi</span> <span class='ocrx_word' id='word_1_418' title='bbox 1351 1734 1425 1773; x_wconf 84' lang='lat' dir='ltr'>post</span> <span class='ocrx_word' id='word_1_419' title='bbox 1457 1731 1727 1774; x_wconf 69' lang='lat' dir='ltr'>quadriennium,</span> <span class='ocrx_word' id='word_1_420' title='bbox 1755 1743 1859 1777; x_wconf 84' lang='lat' dir='ltr'>eoque</span> 
     </span>
     <span class='ocr_line' id='line_1_89' title="bbox 1123 1783 1860 1830; baseline 0.007 -15"><span class='ocrx_word' id='word_1_421' title='bbox 1123 1783 1269 1823; x_wconf 84' lang='lat' dir='ltr'>durante,</span> <span class='ocrx_word' id='word_1_422' title='bbox 1289 1784 1314 1817; x_wconf 93' lang='lat' dir='ltr'>si</span> <span class='ocrx_word' id='word_1_423' title='bbox 1340 1787 1378 1817; x_wconf 84' lang='lat' dir='ltr'>ad</span> <span class='ocrx_word' id='word_1_424' title='bbox 1405 1795 1481 1818; x_wconf 88' lang='lat' dir='ltr'>suos</span> <span class='ocrx_word' id='word_1_425' title='bbox 1508 1791 1687 1819; x_wconf 89' lang='lat' dir='ltr'>conventus</span> <span class='ocrx_word' id='word_1_426' title='bbox 1713 1788 1762 1820; x_wconf 88' lang='lat' dir='ltr'>vel</span> <span class='ocrx_word' id='word_1_427' title='bbox 1784 1798 1860 1830; x_wconf 83' lang='lat' dir='ltr'>pro-</span> 
     </span>
     <span class='ocr_line' id='line_1_90' title="bbox 1122 1836 1860 1879; baseline 0.008 -11"><span class='ocrx_word' id='word_1_428' title='bbox 1122 1836 1244 1869; x_wconf 89' lang='lat' dir='ltr'>vincias</span> <span class='ocrx_word' id='word_1_429' title='bbox 1282 1837 1391 1870; x_wconf 88' lang='lat' dir='ltr'>redire</span> <span class='ocrx_word' id='word_1_430' title='bbox 1429 1839 1614 1879; x_wconf 87' lang='lat' dir='ltr'>voluerint,</span> <span class='ocrx_word' id='word_1_431' title='bbox 1648 1839 1781 1874; x_wconf 85' lang='lat' dir='ltr'>licentia</span> <span class='ocrx_word' id='word_1_432' title='bbox 1816 1841 1860 1874; x_wconf 86' lang='lat' dir='ltr'>eis</span> 
     </span>
     <span class='ocr_line' id='line_1_91' title="bbox 1122 1890 1621 1933; baseline 0.01 -12"><span class='ocrx_word' id='word_1_433' title='bbox 1122 1890 1393 1933; x_wconf 49' lang='lat' dir='ltr'>abeundistibere</span> <span class='ocrx_word' id='word_1_434' title='bbox 1414 1893 1621 1926; x_wconf 85' lang='lat' dir='ltr'>concedatur.</span> 
     </span>
    </p>

    <p class='ocr_par' dir='ltr' id='par_1_16' title="bbox 1122 1943 1862 2576">
     <span class='ocr_line' id='line_1_92' title="bbox 1165 1943 1859 1987; baseline 0.009 -11"><span class='ocrx_word' id='word_1_435' title='bbox 1165 1944 1180 1987; x_wconf 63' lang='grc' dir='ltr'><strong>ἓ</strong></span> <span class='ocrx_word' id='word_1_436' title='bbox 1197 1943 1227 1977; x_wconf 91' lang='grc'>6.</span> <span class='ocrx_word' id='word_1_437' title='bbox 1245 1944 1417 1978; x_wconf 87' lang='lat' dir='ltr'>Praeterea</span> <span class='ocrx_word' id='word_1_438' title='bbox 1435 1946 1515 1979; x_wconf 91' lang='lat' dir='ltr'>nulli</span> <span class='ocrx_word' id='word_1_439' title='bbox 1531 1957 1566 1979; x_wconf 80' lang='lat' dir='ltr'>ex</span> <span class='ocrx_word' id='word_1_440' title='bbox 1586 1947 1739 1980; x_wconf 79' lang='lat' dir='ltr'>fratribus</span> <span class='ocrx_word' id='word_1_441' title='bbox 1758 1948 1859 1982; x_wconf 86' lang='lat' dir='ltr'>dicta-</span> 
     </span>
     <span class='ocr_line' id='line_1_93' title="bbox 1122 1996 1860 2040; baseline 0.009 -12"><span class='ocrx_word' id='word_1_442' title='bbox 1122 2006 1192 2028; x_wconf 90' lang='lat' dir='ltr'>rum</span> <span class='ocrx_word' id='word_1_443' title='bbox 1213 1996 1517 2040; x_wconf 78' lang='lat' dir='ltr'>Congregationum,</span> <span class='ocrx_word' id='word_1_444' title='bbox 1539 1999 1605 2033; x_wconf 87' lang='lat' dir='ltr'>sive</span> <span class='ocrx_word' id='word_1_445' title='bbox 1630 2000 1714 2034; x_wconf 85' lang='lat' dir='ltr'>intra</span> <span class='ocrx_word' id='word_1_446' title='bbox 1732 2011 1784 2034; x_wconf 87' lang='lat' dir='ltr'>eas</span> <span class='ocrx_word' id='word_1_447' title='bbox 1803 2002 1860 2035; x_wconf 84' lang='lat' dir='ltr'>ha-</span> 
     </span>
     <span class='ocr_line' id='line_1_94' title="bbox 1122 2050 1861 2098; baseline 0.008 -16"><span class='ocrx_word' id='word_1_448' title='bbox 1122 2050 1224 2083; x_wconf 89' lang='lat' dir='ltr'>bitum</span> <span class='ocrx_word' id='word_1_449' title='bbox 1243 2051 1449 2094; x_wconf 59' lang='lat' dir='ltr'>susceperim,</span> <span class='ocrx_word' id='word_1_450' title='bbox 1469 2053 1537 2086; x_wconf 87' lang='lat' dir='ltr'>sive</span> <span class='ocrx_word' id='word_1_451' title='bbox 1559 2054 1688 2087; x_wconf 85' lang='lat' dir='ltr'>aliunde</span> <span class='ocrx_word' id='word_1_452' title='bbox 1705 2065 1765 2098; x_wconf 91' lang='lat' dir='ltr'>per</span> <span class='ocrx_word' id='word_1_453' title='bbox 1785 2066 1861 2098; x_wconf 85' lang='lat' dir='ltr'>qua·</span> 
     </span>
     <span class='ocr_line' id='line_1_95' title="bbox 1123 2103 1859 2151; baseline 0.008 -16"><span class='ocrx_word' id='word_1_454' title='bbox 1123 2103 1318 2144; x_wconf 84' lang='lat' dir='ltr'>drienniurn,</span> <span class='ocrx_word' id='word_1_455' title='bbox 1343 2110 1377 2137; x_wconf 91' lang='lat' dir='ltr'>ut</span> <span class='ocrx_word' id='word_1_456' title='bbox 1401 2105 1598 2148; x_wconf 82' lang='lat' dir='ltr'>praefertur,</span> <span class='ocrx_word' id='word_1_457' title='bbox 1625 2107 1859 2151; x_wconf 87' lang='lat' dir='ltr'>incorporatus</span> 
     </span>
     <span class='ocr_line' id='line_1_96' title="bbox 1123 2157 1861 2200; baseline 0.009 -12"><span class='ocrx_word' id='word_1_458' title='bbox 1123 2157 1228 2198; x_wconf 85' lang='lat' dir='ltr'>suerit,</span> <span class='ocrx_word' id='word_1_459' title='bbox 1247 2157 1452 2200; x_wconf 86' lang='lat' dir='ltr'>permittatur</span> <span class='ocrx_word' id='word_1_460' title='bbox 1469 2159 1608 2193; x_wconf 87' lang='lat' dir='ltr'>transire</span> <span class='ocrx_word' id='word_1_461' title='bbox 1626 2160 1665 2193; x_wconf 88' lang='lat' dir='ltr'>ad</span> <span class='ocrx_word' id='word_1_462' title='bbox 1682 2166 1861 2196; x_wconf 88' lang='lat' dir='ltr'>conventus</span> 
     </span>
     <span class='ocr_line' id='line_1_97' title="bbox 1123 2210 1861 2254; baseline 0.009 -13"><span class='ocrx_word' id='word_1_463' title='bbox 1123 2215 1211 2242; x_wconf 79' lang='lat' dir='ltr'>extra</span> <span class='ocrx_word' id='word_1_464' title='bbox 1236 2221 1325 2243; x_wconf 89' lang='lat' dir='ltr'>suam</span> <span class='ocrx_word' id='word_1_465' title='bbox 1351 2210 1654 2254; x_wconf 83' lang='lat' dir='ltr'>Congregationem,</span> <span class='ocrx_word' id='word_1_466' title='bbox 1675 2212 1737 2246; x_wconf 90' lang='lat' dir='ltr'>nisi</span> <span class='ocrx_word' id='word_1_467' title='bbox 1762 2214 1802 2247; x_wconf 87' lang='lat' dir='ltr'>de</span> <span class='ocrx_word' id='word_1_468' title='bbox 1827 2215 1861 2248; x_wconf 89' lang='lat' dir='ltr'>li-</span> 
     </span>
     <span class='ocr_line' id='line_1_98' title="bbox 1123 2263 1862 2311; baseline 0.009 -16"><span class='ocrx_word' id='word_1_469' title='bbox 1123 2263 1229 2296; x_wconf 67' lang='grc' dir='ltr'><strong>001111ῑί</strong></span> <span class='ocrx_word' id='word_1_470' title='bbox 1246 2263 1352 2296; x_wconf 87' lang='lat' dir='ltr'>vicarii</span> <span class='ocrx_word' id='word_1_471' title='bbox 1374 2265 1438 2296; x_wconf 74' lang='lat' dir='ltr'>una</span> <span class='ocrx_word' id='word_1_472' title='bbox 1464 2275 1537 2298; x_wconf 87' lang='grc'><strong>011111</strong></span> <span class='ocrx_word' id='word_1_473' title='bbox 1554 2265 1690 2300; x_wconf 88' lang='lat' dir='ltr'>consilio</span> <span class='ocrx_word' id='word_1_474' title='bbox 1715 2278 1769 2301; x_wconf 85' lang='lat' dir='ltr'>sex</span> <span class='ocrx_word' id='word_1_475' title='bbox 1795 2279 1862 2311; x_wconf 81' lang='lat' dir='ltr'>gra-</span> 
     </span>
     <span class='ocr_line' id='line_1_99' title="bbox 1122 2316 1858 2364; baseline 0.008 -15"><span class='ocrx_word' id='word_1_476' title='bbox 1122 2316 1245 2350; x_wconf 88' lang='lat' dir='ltr'>viorum</span> <span class='ocrx_word' id='word_1_477' title='bbox 1263 2322 1392 2360; x_wconf 88' lang='lat' dir='ltr'>patrum</span> <span class='ocrx_word' id='word_1_478' title='bbox 1411 2318 1553 2352; x_wconf 89' lang='lat' dir='ltr'>eiusdem</span> <span class='ocrx_word' id='word_1_479' title='bbox 1572 2319 1858 2364; x_wconf 79' lang='lat' dir='ltr'>Congregationis;</span> 
     </span>
     <span class='ocr_line' id='line_1_100' title="bbox 1123 2371 1859 2417; baseline 0.008 -15"><span class='ocrx_word' id='word_1_480' title='bbox 1123 2381 1206 2415; x_wconf 86' lang='lat' dir='ltr'>quae</span> <span class='ocrx_word' id='word_1_481' title='bbox 1231 2376 1339 2403; x_wconf 83' lang='lat' dir='ltr'>tamen</span> <span class='ocrx_word' id='word_1_482' title='bbox 1372 2371 1503 2405; x_wconf 87' lang='lat' dir='ltr'>licentia</span> <span class='ocrx_word' id='word_1_483' title='bbox 1534 2382 1600 2405; x_wconf 88' lang='lat' dir='ltr'>non</span> <span class='ocrx_word' id='word_1_484' title='bbox 1626 2374 1721 2407; x_wconf 82' lang='lat' dir='ltr'>facile</span> <span class='ocrx_word' id='word_1_485' title='bbox 1748 2375 1859 2417; x_wconf 89' lang='lat' dir='ltr'>detur,</span> 
     </span>
     <span class='ocr_line' id='line_1_101' title="bbox 1123 2424 1859 2468; baseline 0.008 -12"><span class='ocrx_word' id='word_1_486' title='bbox 1123 2425 1179 2457; x_wconf 85' lang='lat' dir='ltr'>sed</span> <span class='ocrx_word' id='word_1_487' title='bbox 1210 2424 1397 2457; x_wconf 89' lang='lat' dir='ltr'>omnimoda</span> <span class='ocrx_word' id='word_1_488' title='bbox 1432 2425 1600 2468; x_wconf 84' lang='lat' dir='ltr'>diligentia</span> <span class='ocrx_word' id='word_1_489' title='bbox 1631 2433 1662 2459; x_wconf 91' lang='lat' dir='ltr'>et</span> <span class='ocrx_word' id='word_1_490' title='bbox 1691 2428 1859 2462; x_wconf 83' lang='lat' dir='ltr'>charitatis</span> 
     </span>
     <span class='ocr_line' id='line_1_102' title="bbox 1123 2477 1859 2518; baseline 0.008 -9"><span class='ocrx_word' id='word_1_491' title='bbox 1123 2477 1229 2510; x_wconf 85' lang='lat' dir='ltr'>officia</span> <span class='ocrx_word' id='word_1_492' title='bbox 1246 2478 1472 2518; x_wconf 86' lang='lat' dir='ltr'>adhibeantur,</span> <span class='ocrx_word' id='word_1_493' title='bbox 1490 2485 1525 2511; x_wconf 89' lang='lat' dir='ltr'>ut</span> <span class='ocrx_word' id='word_1_494' title='bbox 1545 2479 1634 2512; x_wconf 88' lang='lat' dir='ltr'>abire</span> <span class='ocrx_word' id='word_1_495' title='bbox 1661 2481 1806 2514; x_wconf 88' lang='lat' dir='ltr'>volentes</span> <span class='ocrx_word' id='word_1_496' title='bbox 1825 2482 1859 2515; x_wconf 90' lang='lat' dir='ltr'>in</span> 
     </span>
     <span class='ocr_line' id='line_1_103' title="bbox 1123 2531 1855 2576; baseline 0.004 -12"><span class='ocrx_word' id='word_1_497' title='bbox 1123 2534 1275 2574; x_wconf 89' lang='lat' dir='ltr'>suscepto</span> <span class='ocrx_word' id='word_1_498' title='bbox 1308 2531 1390 2564; x_wconf 90' lang='lat' dir='ltr'>vitae</span> <span class='ocrx_word' id='word_1_499' title='bbox 1423 2532 1566 2565; x_wconf 88' lang='lat' dir='ltr'>instituto</span> <span class='ocrx_word' id='word_1_500' title='bbox 1599 2533 1855 2576; x_wconf 80' lang='lat' dir='ltr'>contirinentur;</span> 
     </span>
    </p>
   </div>
   <div class='ocr_carea' id='block_1_12' title="bbox 1159 2592 1755 2631">
    <p class='ocr_par' dir='ltr' id='par_1_17' title="bbox 1159 2592 1755 2631">
     <span class='ocr_line' id='line_1_104' title="bbox 1159 2592 1755 2631; baseline 0.007 -11"><span class='ocrx_word' id='word_1_501' title='bbox 1159 2595 1170 2621; x_wconf 80' lang='lat'>1</span> <span class='ocrx_word' id='word_1_502' title='bbox 1193 2592 1262 2620; x_wconf 86' lang='lat' dir='ltr'>Edit.</span> <span class='ocrx_word' id='word_1_503' title='bbox 1284 2593 1364 2622; x_wconf 86' lang='lat' dir='ltr'>Maia.</span> <span class='ocrx_word' id='word_1_504' title='bbox 1381 2594 1446 2631; x_wconf 84' lang='lat' dir='ltr'>legit</span> <span class='ocrx_word' id='word_1_505' title='bbox 1460 2596 1638 2631; x_wconf 73' lang='lat' dir='ltr'>susceperint</span> <span class='ocrx_word' id='word_1_506' title='bbox 1653 2600 1690 2631; x_wconf 70' lang='lat' dir='ltr'>(a.</span> <span class='ocrx_word' id='word_1_507' title='bbox 1706 2598 1755 2631; x_wconf 69' lang='grc'><strong>1.).</strong></span> 
     </span>
    </p>
   </div>
   <div class='ocr_carea' id='block_1_13' title="bbox 1865 199 2049 227">
    <p class='ocr_par' dir='ltr' id='par_1_18' title="bbox 1865 199 2049 227">
     <span class='ocr_line' id='line_1_105' title="bbox 1865 199 2049 227; baseline 0.011 -2"><span class='ocrx_word' id='word_1_508' title='bbox 1865 199 1913 226; x_wconf 76' lang='lat' dir='ltr'>An.</span> <span class='ocrx_word' id='word_1_509' title='bbox 1935 199 1962 226; x_wconf 89' lang='lat' dir='ltr'>C.</span> <span class='ocrx_word' id='word_1_510' title='bbox 1983 199 2049 227; x_wconf 73' lang='lat'>1605</span> 
     </span>
    </p>
   </div>
   <div class='ocr_carea' id='block_1_14' title="bbox 1871 1958 2056 2038">
    <p class='ocr_par' dir='ltr' id='par_1_19' title="bbox 1871 1958 2056 2038">
     <span class='ocr_line' id='line_1_106' title="bbox 1884 1958 2056 1981; baseline 0.012 -2"><span class='ocrx_word' id='word_1_511' title='bbox 1884 1958 1914 1979; x_wconf 77' lang='lat' dir='ltr'>De</span> <span class='ocrx_word' id='word_1_512' title='bbox 1928 1959 2026 1981; x_wconf 59' lang='lat' dir='ltr'>fratribus</span> <span class='ocrx_word' id='word_1_513' title='bbox 2044 1967 2056 1981; x_wconf 78' lang='lat' dir='ltr'>a</span> 
     </span>
     <span class='ocr_line' id='line_1_107' title="bbox 1880 1986 2047 2011; baseline 0.006 -5"><span class='ocrx_word' id='word_1_514' title='bbox 1880 1986 2047 2011; x_wconf 59' lang='lat' dir='ltr'>Congu-nuatione</span> 
     </span>
     <span class='ocr_line' id='line_1_108' title="bbox 1871 2013 2036 2038; baseline 0.012 -6"><span class='ocrx_word' id='word_1_515' title='bbox 1871 2013 2036 2038; x_wconf 68' lang='lat' dir='ltr'>egredientibua.</span> 
     </span>
    </p>
   </div>
  </div>
 </body>
</html>
