2227 3225
99 260 151 286 An.
167 259 194 286 C.
217 259 283 286 1690

127 1682 211 1703 Pei-uo.

875 257 1060 281 ALtz¹:.xantt
1087 257 1141 280 Ylll
1168 257 1214 280 t‘t‘.

1699 250 1756 281 151

289 308 468 349 delegatos,
494 307 590 339 etiam
615 316 787 338 causarum
813 306 923 349 palatii
949 316 1026 347 apo·
1046 306 1048 323 ¹
1067 305 1160 343 Quito
1198 304 1340 336 eiusdem
1372 303 1518 344 Ordinis,
1553 306 1639 338 illius
1676 317 1803 348 posscs-

288 359 395 393 stolici
432 359 619 399 auditores,
657 358 793 391 iudicari
830 363 862 391 et
898 357 1026 390 definiri

289 412 424 452 debere,
453 422 489 444 ac
509 411 637 444 irritum
657 417 688 444 et
705 410 800 443 inane
819 411 845 443 si
863 421 955 443 secus
975 421 1027 441 su-

288 475 348 507 per
373 464 422 496 his
440 475 457 496 a
486 474 662 507 quoquam,
688 463 798 506 quavis
823 462 1025 501 auctoritate,

288 517 432 549 scienter
448 518 496 549 vel
515 513 713 558 ignoranter,
733 514 907 556 eontigerit
928 519 1027 547 atten-

288 570 362 602 tari.
398 569 467 601 Non
498 568 706 601 obstantibus
746 567 956 611 praemissis,
991 578 1027 599 ac

288 621 576 654 constitutionibus
586 626 617 653 et
631 620 892 653 ordinationibus
903 625 1027 662 aposto-

289 675 369 713 licis,
388 685 448 707 nec
478 684 543 706 non
568 675 759 711 conventuS,
785 673 969 716 provinciae
996 678 1027 705 et

288 727 417 760 Ordinis
434 726 703 764 Praedicatorum,
718 725 816 758 etiam
831 726 1025 764 iuramento,

289 780 537 813 confirmatione
555 780 742 821 apostolica,
769 780 818 811 vel
844 779 956 821 quavis
980 778 1026 809 t‘r-

289 833 399 865 mitatc
417 832 480 864 alia
493 832 674 871 roboratis,
696 832 823 864 statutis
842 836 873 864 et
891 841 1027 863 consue-

289 884 469 924 tudinibus,
488 884 666 927 privilegiis
685 894 824 927 quoque,
840 883 974 916 indultis
996 888 1027 915 ct

289 937 408 969 litteris
427 937 620 979 apostolicis
650 937 683 968 in
709 935 911 968 contrarium
937 946 1027 978 prae-

288 989 462 1022 missorum
481 989 730 1031 quomodolibet
753 988 927 1027 concessis,
954 999 1027 1020 con-

289 1042 422 1074 firmatis
448 1046 479 1074 et
503 1041 690 1081 innovatis;
724 1040 844 1084 quibus
877 1040 1027 1073 omnibus

290 1101 321 1127 et
339 1094 487 1136 singulis,
505 1094 635 1126 illorum
654 1099 782 1126 tenores
803 1094 1026 1136 praesentibus

290 1157 349 1189 pro
383 1148 481 1190 plene
516 1152 547 1179 et
572 1145 772 1178 sufficienter
797 1146 959 1188 expressis
991 1156 1027 1177 ac

292 1200 331 1232 de
353 1200 451 1232 verbo
470 1199 509 1231 ad
538 1200 672 1231 verbum
697 1198 828 1231 insertis
855 1199 1024 1236 habentes,

291 1252 355 1285 illis
380 1252 460 1284 alias
497 1251 530 1283 in
553 1261 612 1283 suo
637 1251 756 1283 robore
793 1251 1026 1293 permansuris,

292 1305 330 1336 ad
366 1303 619 1346 praemissorum
656 1302 826 1341 effectum,
864 1303 924 1334 liae
959 1303 1026 1334 vice

291 1357 465 1395 dumtaxat,
494 1355 681 1398 specialiter
708 1359 739 1387 et
760 1365 913 1397 expresse
935 1355 1029 1386 dero-

292 1419 420 1452 gamus,
461 1407 644 1450 ceterisque
682 1407 852 1439 contrariis
889 1407 1024 1450 quibus-

292 1472 443 1505 eumque.

326 1524 421 1551 Datum
436 1525 551 1555 Romae,
567 1521 639 1557 apud
653 1522 678 1549 S.
692 1521 805 1548 Mariam
822 1521 964 1553 Maiorem,
979 1521 1029 1547 sub

291 1569 390 1595 annulo
402 1567 555 1600 Piscatoris,
571 1566 614 1593 die
629 1574 667 1593 xii
682 1566 749 1592 iunii
765 1572 1029 1601 chLxxxv111,pon-

292 1613 408 1639 tificatus
427 1611 513 1638 nostri
532 1618 602 1637 anno
623 1616 658 1636 xtt
673 1620 700 1636 n.

337 1674 352 1716 g
369 1673 399 1706 ⁶2.
419 1673 497 1706 Cum
515 1676 636 1711 autem,
655 1671 738 1704 sicut
758 1671 918 1704 dilectus*
939 1672 1031 1714 lgna-

295 1727 356 1759 tius
388 1726 483 1759 nobis
515 1735 620 1768 nuper
645 1725 764 1768 exponi
790 1725 874 1763 fecit,
900 1725 1030 1767 collegii

294 1790 351 1812 seu
368 1777 586 1811 universitatis
603 1777 794 1809 huiusmodi
813 1777 958 1809 l'undatio
973 1777 1031 1809 sub

296 1832 389 1865 titulo
430 1831 577 1863 eiusdem
613 1830 647 1862 B.
689 1829 886 1862 Ferdiuaudi
927 1841 1031 1873 prope

295 1888 506 1916 memoratum
543 1886 736 1914 conventum
773 1881 804 1914 S.
843 1882 926 1915 Petri
958 1883 1034 1914 Mar-

298 1937 374 1979 tyris
411 1936 514 1968 dictae
551 1934 686 1967 civitatis
712 1934 872 1972 Quitensis
897 1935 1033 1977 praefati

296 1989 425 2021 Ordinis
462 1988 596 2020 fratrum
633 1987 894 2019 Praedicatorum
926 1993 1035 2020 secuta

297 2041 402 2081 suerit,
428 2040 588 2083 certisque
617 2039 697 2072 inibi
730 2041 885 2073 lectorum
917 2040 1035 2083 stipen-

298 2093 359 2126 diis
380 2097 541 2136 perpetuo
558 2092 709 2125 stabilitis
729 2102 764 2124 ac
783 2092 884 2124 tribus
901 2092 1035 2135 insuper

296 2156 462 2178 sacrorum
496 2156 654 2178 canonum
685 2145 849 2178 cathedris
880 2146 1056 2188 praet'atist

297 2198 361 2231 alia
384 2203 553 2242 praeterea
577 2199 700 2238 schola,
725 2198 758 2230 in
784 2208 846 2241 qua
865 2199 1034 2240 religiosus

297 2251 374 2283 dicti
399 2250 528 2283 Ordinis
546 2261 667 2293 pueros
686 2261 906 2293 quoscumque
925 2252 1033 2293 legere

298 2309 329 2336 et
353 2303 496 2336 scribere
520 2313 648 2335 necnon
672 2303 870 2335 christianae
891 2302 964 2336 fidei
983 2314 1035 2335 ru-

298 2355 442 2388 dimenta
465 2355 632 2387 charitatis
657 2354 774 2387 intuitu
801 2355 961 2393 edoceret,
985 2356 1035 2387 ad-

298 2408 382 2440 iecta
407 2407 514 2446 suerit,
542 2407 712 2449 ipsiusque
742 2406 874 2448 collegii
904 2407 1034 2447 fabrica,

299 2470 358 2503 pro
384 2470 446 2502 qua
462 2459 578 2501 ingens
596 2459 806 2501 pecuniarum
824 2469 948 2491 summa
966 2469 1035 2491 ero-

301 2517 374 2553 gata
404 2512 474 2551 suit,
507 2511 669 2551 absoluta;
696 2510 805 2543 dilecti
829 2511 886 2544 filii
920 2510 1035 2544 fratres

301 2563 487 2606 praedictae
511 2562 694 2606 provinciae
723 2563 754 2596 S.
781 2562 974 2596 Catltarinae
997 2564 1035 2596 de

339 2624 350 2651 1
373 2622 464 2650 Potius
483 2623 541 2658 lege
556 2623 648 2652 dictus
664 2624 703 2658 (a.
719 2623 769 2660 T.).

1069 358 1195 390 sionem
1220 368 1292 389 cum
1317 358 1455 390 maxima
1471 358 1650 390 incolarum
1675 358 1802 391 illarum

1069 409 1207 452 partium
1228 411 1443 452 gratulatione
1470 417 1501 444 et
1524 412 1657 451 laetitia,
1676 422 1802 445 necnon

1068 473 1141 494 cum
1181 463 1376 495 venerabilis
1413 464 1520 496 fratris
1560 465 1707 497 moderni
1748 476 1801 497 seu

1071 521 1146 547 tunc
1166 515 1333 549 existentis
1353 516 1497 559 episcopi
1519 517 1689 557 Onitensis,
1713 528 1803 559 rega-

1069 569 1108 600 lis
1134 568 1330 606 audientiae,
1353 569 1514 612 totiusque
1541 575 1602 602 tam
1628 571 1803 603 saecularis

1069 632 1165 664 quam
1188 622 1344 663 regularis
1369 622 1445 654 cleri
1471 623 1573 655 dictae
1598 623 1732 655 civitatis
1758 623 1805 655 in-

1070 679 1215 706 terventu
1249 675 1437 707 solemniter
1461 676 1641 718 coeptu-inu
1668 686 1704 708 ea
1728 687 1803 708 vero

1070 726 1210 758 firmiora
1228 726 1302 766 sint,
1321 727 1438 770 quibus
1456 727 1568 760 iterata
1586 729 1805 771 acce‹.lit;lpo-

1069 779 1202 811 stolicae
1227 779 1317 811 Sedis
1343 780 1533 812 auctoritas:
1557 781 1649 813 nobis
1676 787 1805 823 propte-

1070 831 1142 863 rea¹
1168 832 1254 864 idem
1273 832 1415 874 ignatius
1438 833 1610 865 liumibiter
1630 834 1804 876 supplicari

1071 883 1145 915 fecit
1169 888 1204 916 ut
1228 883 1259 915 in
1284 884 1471 927 praemissis
1490 891 1675 927 opportune
1702 886 1806 928 provi-

1070 937 1145 969 dere
1161 942 1191 969 et
1206 942 1239 969 ut
1257 937 1340 970 infra
1358 937 1528 981 indulgere
1547 939 1585 971 de
1603 939 1805 981 benignitate

1070 989 1247 1031 apostoliea
1273 990 1494 1031 dignaremur.

1113 1042 1127 1083 ξ
1151 1041 1183 1074 3.
1210 1041 1271 1074 Nos
1294 1042 1401 1084 igitur,
1423 1042 1529 1085 ipsum
1554 1043 1712 1085 ignatium
1733 1055 1805 1087 spe-

1069 1093 1204 1126 cialibus
1241 1094 1404 1127 t'avoribns
1441 1100 1472 1127 et
1507 1097 1618 1138 gratiis
1653 1099 1802 1140 prosequi

1070 1147 1223 1186 volentes,
1243 1153 1273 1179 et
1291 1158 1306 1179 a
1323 1147 1486 1189 quibusvis
1508 1151 1807 1183 excmnmuuicatio-

1070 1198 1129 1237 nis,
1157 1199 1385 1241 suspensionis
1415 1206 1446 1232 et
1474 1200 1648 1240 interdicti,
1670 1203 1806 1245 aliisque

1070 1251 1297 1283 ecclesiasticis
1320 1253 1501 1291 sententiis,
1520 1255 1663 1286 censuris
1681 1261 1712 1287 et
1732 1266 1807 1298 poe-

1070 1303 1128 1340 nis,
1150 1313 1166 1334 a
1194 1303 1265 1335 iure
1291 1305 1338 1336 vel
1364 1305 1403 1336 ab
1421 1305 1564 1343 homine,
1590 1307 1700 1348 quavis
1718 1318 1807 1339 ocea-

1070 1355 1163 1386 sione
1186 1356 1236 1387 vel
1262 1357 1355 1387 causa
1383 1356 1464 1395 latis,
1484 1358 1510 1389 si
1535 1358 1653 1400 quibus
1676 1368 1808 1400 quomo-

1070 1407 1193 1439 dolibet
1223 1408 1399 1440 innodatus
1431 1409 1554 1450 existit,
1587 1411 1624 1443 ad
1657 1415 1805 1447 effectum

1070 1460 1290 1502 praesentium
1323 1461 1488 1494 dumtaxat
1523 1452 1804 1507 consequendum,

1072 1512 1185 1544 harum
1217 1513 1303 1546 serie
1339 1514 1545 1548 absolventes
1570 1521 1602 1548 et
1625 1516 1806 1548 absolutum

1071 1565 1138 1597 sore
1170 1571 1352 1608 censentes,
1379 1567 1565 1600 huiusmodi
1593 1568 1797 1611 supplicatio-

1071 1617 1165 1649 nibus
1189 1618 1347 1657 inclinati,
1375 1619 1482 1652 omnia
1507 1626 1538 1653 et
1562 1618 1688 1663 singula
1713 1623 1808 1664 privi-

1072 1670 1171 1712 legia,
1209 1670 1295 1710 iura,
1332 1672 1517 1713 facultates,
1554 1674 1809 1716 praerogativas,

1073 1723 1190 1764 gratias
1215 1730 1246 1755 et
1270 1724 1406 1764 indulta,
1444 1736 1570 1758 necnon
1603 1727 1807 1766 donationes,

1072 1775 1311 1815 concessiones,
1347 1777 1593 1820 assignationes,
1627 1779 1755 1812 decreta
1780 1784 1810 1812 et

1074 1827 1134 1860 alia
1160 1838 1396 1871 quaecumque,
1415 1830 1454 1862 ad
1474 1831 1613 1863 savorem
1639 1832 1808 1864 memorati

1075 1881 1203 1922 collegii
1230 1891 1286 1913 seu
1313 1881 1528 1914 universitatis
1552 1884 1586 1915 Β.
1613 1883 1808 1916 Ferdinandi

1076 1933 1160 1974 regis
1182 1934 1344 1973 catholici,
1367 1935 1504 1967 civitatis
1525 1934 1698 1975 QuitensiS,
1716 1947 1733 1968 a
1750 1947 1810 1969 me-

1076 1991 1201 2018 morato
1238 1987 1427 2020 Innocentio
1463 1989 1718 2031 praedecessore
1754 1999 1811 2032 per

1076 2049 1148 2070 suas
1182 2038 1305 2071 litteras
1337 2039 1557 2082 praeinsertas
1591 2051 1746 2074 concessa
1780 2047 1811 2074 ct

1075 2091 1264 2123 confirmata
1288 2092 1477 2134 respective,
1503 2093 1654 2136 ipsasque
1687 2095 1810 2127 litteras

1076 2154 1146 2175 cum
1172 2144 1321 2176 omnibus
1347 2150 1378 2177 et
1402 2144 1537 2187 singulis
1562 2145 1594 2177 in
1613 2146 1659 2178 eis
1680 2153 1811 2179 conten-

1076 2195 1126 2234 tis,
1154 2196 1346 2228 auctoritate
1371 2197 1558 2239 apostolica,
1588 2203 1700 2231 tenore
1717 2209 1812 2241 prae-

1054 2249 1232 2289 sentium,
1269 2248 1493 2281 confirmamus
1530 2255 1561 2282 et
1593 2251 1811 2294 approbamus

1075 2312 1110 2333 ac
1136 2301 1337 2340 innovamus,
1353 2301 1482 2344 illisque
1500 2301 1694 2335 inviolabilis
1719 2314 1754 2335 ac
1774 2303 1814 2335 ir-

1077 2353 1279 2395 refragabilis
1304 2354 1502 2396 apostolicae
1527 2354 1683 2388 firmitatis
1711 2356 1813 2388 robur

1076 2412 1108 2439 ct
1133 2405 1306 2438 efficaciam
1332 2406 1547 2448 adiungimus.

1119 2458 1133 2501 ἓ
1157 2457 1189 2490 4.
1216 2458 1432 2491 Decernentes
1458 2460 1578 2501 pariter
1602 2459 1687 2502 ipsas
1719 2471 1812 2503 prae-

1077 2517 1185 2544 sentes
1202 2510 1324 2544 litteras
1348 2521 1476 2554 semper
1501 2511 1617 2551 tirmas,
1635 2513 1755 2545 validas
1780 2519 1812 2546 et

1077 2564 1220 2596 efficaces
1246 2564 1383 2596 existere
1408 2568 1440 2596 et
1464 2564 1550 2603 fore,
1579 2574 1719 2607 suosque
1742 2567 1811 2608 ple-

1115 2626 1124 2651 t
1147 2623 1218 2651 Edit.
1235 2623 1313 2651 Main.
1331 2623 1395 2658 legit
1407 2627 1560 2658 praeterea
1577 2625 1612 2659 (a.
1628 2625 1678 2659 r.).

1809 260 1861 286 An.
1882 259 1909 286 C.
1930 259 1994 286 1600

1829 1055 1962 1075 Confirmatio
1979 1061 1997 1077 ot

1815 1082 1922 1103 innovatio
1940 1092 1999 1110 pm„-

1815 1109 1918 1130 dictarum
1938 1115 1998 1133 titum

1817 1142 1998 1160 constitutionum.

1849 2469 1966 2489 Clausulas.
