2227 3225
125 241 176 270 An.
192 240 223 269 c.
245 240 314 269 5695
760 253 762 255 -
895 236 1105 264 maocnxruis
1130 238 1175 264 xu
1198 238 1247 263 ιη’.
1727 228 1789 261 707
1835 238 1885 263 An,
1903 236 1930 264 C.
1956 236 2022 263 trufis

318 289 419 323 derne
436 294 470 324 et
485 298 545 333 pro
563 293 709 332 tempore
727 288 877 322 existenti
896 294 1006 322 nostro
1021 293 1053 322 et
1073 290 1074 314 ἒ
1095 287 1322 331 praesentibus
1346 297 1406 331 pro
1435 287 1532 331 plene
1569 291 1595 318 ot
1634 286 1831 318 sumendum·

317 343 522 386 Apostolicae
539 343 631 376 Sedis
647 343 680 376 in
696 342 806 385 regnis
823 342 1052 386 Hispaniarum
1096 341 1258 384 expressis
1283 351 1318 374 ac
1343 340 1381 373 de
1407 341 1503 373 verbo
1521 340 1559 372 ad
1577 339 1710 372 verbum
1729 339 1831 371 inscr-

316 395 503 429 huiusmodi
527 395 656 435 nuncio,
672 405 731 438 per
754 401 942 439 praesentes
966 405 1074 428 com-,
1097 394 1136 427 tis
1168 394 1337 435 babentes,
1364 393 1428 427 illis
1454 393 1532 426 alifis
1561 392 1593 424 in
1623 402 1679 424 suo
1715 393 1830 424 robore

316 448 473 481 mittimus
509 453 540 482 et
563 449 767 488 mandamus,
791 454 950 492 quatenus
976 449 1054 492 ipse,
1074 466 1075 471 =
1096 448 1328 491 permansuris,
1347 448 1385 480 ad
1403 447 1656 491 praemissorum
1673 445 1830 485 etinctum,

317 512 376 545 per
399 512 444 543 se,
468 503 519 536 vel
545 503 654 543 alium,
668 513 723 536 seu
749 502 838 542 alios,
852 503 936 546 ipsas
962 512 1055 546 prae-
1097 502 1158 534 hac
1174 502 1241 534 vice
1261 501 1437 541 dumtaxat,
1455 500 1637 544 specialiter
1654 505 1683 532 et
1701 509 1831 542 expres-

316 560 425 589 sentes
449 556 573 590 litteras
598 562 630 590 et
653 556 685 589 in
710 556 756 590 eis
780 561 933 590 contenta
958 567 1055 600 quae-
1098 565 1132 587 se
1173 554 1364 597 derogamus
1388 565 1395 594 ;
1438 553 1620 598 ceterisque
1663 551 1833 586 contrariis

317 619 465 654 cumque,
490 609 545 643 ubi
578 615 609 643 et
633 610 762 654 quando
787 620 868 654 opus
894 610 999 651 fuerit,
1024 615 1056 643 et
1098 607 1368 650 quibuscumque.

317 663 448 707 quoties
465 673 524 707 pro
544 669 635 707 parte
660 663 819 697 interesse
844 663 877 696 in
902 664 1056 707 praernis-
1141 661 1155 704 ἓ
1191 661 1222 693 6.
1257 661 1409 693 Volumus
1443 664 1548 694 autem
1580 665 1616 692 ut
1647 658 1834 692 earumdem
1886 673 1948 693 rin<
1972 675 2029 693 ιω,-

317 717 362 750 sis
388 717 581 750 habentium
618 727 676 750 sen
701 717 834 750 alieuius
859 727 971 750 eorum
1001 717 1056 750 de·
1097 713 1319 757 praesentium
1335 713 1515 746 litterarum
1540 713 1760 755 transumptis,
1779 704 1984 743 seu³¹¹¹¹'¹'¹‘'¹¹¹¹¹¹'

318 780 417 814 super
446 770 543 804 suerit
567 771 755 814 requisitus,
789 771 977 804 solemniter
1000 772 1057 814 pu·
1098 766 1376 810 exemplis‚etiam
1392 766 1571 809 impressis,
1587 776 1683 798 manu
1702 765 1835 798 alicuius

317 823 473 864 blicans',
493 823 623 867 illisque
649 823 682 856 in
707 823 893 867 praemissis
919 823 1056 857 efficacis
1099 819 1216 852 notarii
1253 819 1375 863 publici
1413 819 1619 862 subscriptis,
1659 824 1691 852 et
1727 818 1837 861 sigillo

319 876 520 910 detensionis
553 876 715 920 praesidio
751 877 923 918 assistens,
963 877 1057 910 saciat
1076 886 1078 895 ι
1098 883 1258 917 personae
1284 873 1315 905 in
1337 873 1559 906 ecclesiastica
1585 873 1742 915 dignitate
1761 883 1839 905 con-

318 929 509 962 auctoritate
527 931 637 963 nostra
663 930 737 963 illos
763 934 795 963 et
820 940 931 964 eorum
949 941 1059 974 quem·
1099 927 1229 961 stitutae
1255 926 1397 966 munitis,
1415 927 1527 959 eadem
1546 937 1678 970 prorsus
1705 925 1784 958 sides
1809 936 1840 956 u-

318 981 400 1015 libet
422 983 642 1026 praesentium
667 982 848 1016 litterarum
884 988 915 1015 et
945 982 978 1016 in
1010 983 1055 1016 eis
1100 980 1199 1024 bique
1219 982 1365 1013 locorum
1391 980 1550 1012 habeatur
1575 985 1637 1012 tam
1665 979 1695 1011 in
1718 979 1838 1012 iudicio

318 1040 547 1069 contentorum
583 1036 774 1069 eorumdem
814 1035 986 1069 commodo
1026 1042 1058 1069 et
1101 1045 1194 1078 quam
1220 1039 1308 1067 extra
1332 1034 1421 1073 illud,
1448 1044 1529 1076 quae
1562 1033 1736 1066 haberetur
1762 1033 1838 1075 ipsis

320 1086 437 1120 effectu
472 1087 608 1132 pacifice
645 1088 707 1121 srui
740 1094 771 1121 ot
807 1089 957 1132 gaudere,
991 1099 1057 1122 non
1101 1086 1325 1130 praesentibus
1351 1087 1376 1119 si
1403 1086 1510 1120 forent
1531 1085 1692 1118 exhibitae
1719 1086 1768 1118 rel
1789 1096 1839 1118 os-

318 1141 512 1184 permittens
547 1141 620 1174 illos
661 1141 804 1186 desuper
838 1153 855 1175 a
895 1153 1057 1185 quoquam
1101 1146 1226 1173 tensae.

320 1194 432 1237 quavis
464 1194 654 1227 auctoritate
684 1195 933 1238 quomodolibet
965 1195 1057 1228 inde·
1145 1193 1258 1226 Datum
1283 1193 1417 1232 Romae,
1437 1192 1519 1235 apud
1540 1192 1570 1224 S.
1587 1191 1716 1224 Mariam
1744 1191 1840 1223 Maio-

319 1246 386 1279 bite
404 1247 581 1287 molestari,
600 1248 785 1290 perturbari
803 1247 852 1281 vel
870 1247 1056 1291 inquietari,
1078 1288 1079 1294 ¹
1101 1257 1183 1285 reni,
1207 1247 1266 1280 sub
1289 1247 1410 1278 annulo
1435 1245 1618 1285 piscatoris,
1645 1245 1695 1278 die
1720 1255 1770 1278 xixv
1789 1256 1841 1276 au-

319 1299 578 1333 contradictores
596 1300 759 1343 quoslibet
780 1305 812 1333 et
833 1301 974 1334 rebelles
999 1311 1058 1343 per
1101 1300 1185 1342 gusti
1212 1308 1349 1337 mcxcv,
1365 1298 1570 1342 pontificatus
1589 1298 1691 1330 nostri
1712 1309 1795 1330 anno
1810 1308 1837 1330 v.

319 1352 506 1392 sententias,
523 1362 678 1385 censuras
703 1357 734 1385 ei.
759 1363 880 1396 poenas
907 1353 1058 1386 ecclesia·
1138 1362 1183 1387 llat
1214 1362 1258 1388 die
1279 1362 1307 1387 rt
1327 1360 1432 1396 augusti
1454 1361 1533 1394 1605,
1554 1361 1651 1395 pontis.
1674 1368 1745 1386 anno
1763 1367 1786 1386 v.

318 1404 424 1444 sticas,
460 1404 590 1447 aliaque
611 1410 799 1448 opportuna
823 1406 903 1438 iuris
929 1411 960 1439 et
983 1406 1059 1439 sacti

317 1457 475 1497 remedia,
501 1457 721 1500 appellatione
754 1458 945 1502 postposita,
973 1469 1059 1492 com-

316 1511 490 1554 pescendo,
507 1521 554 1551 ac,
571 1511 724 1554 legitimis
745 1521 842 1555 super
859 1512 909 1545 his
935 1512 1059 1545 baben·
1415 1501 1518 1535 CXIII·

317 1564 366 1598 dis
405 1564 540 1597 servatis
576 1565 800 1608 processibus,
838 1576 991 1599 censuras
1028 1571 1060 1598 et

316 1627 440 1661 poenas
464 1617 550 1660 ipsas
584 1617 677 1650 etiam
709 1617 834 1651 iteratis
859 1618 981 1651 vicibus
1007 1629 1060 1660 ag-

318 1670 494 1713 gravando,
507 1670 653 1703 invocato
673 1670 766 1703 etiam
785 1671 823 1703 ad
842 1671 916 1711 hoc,
934 1671 959 1704 si
978 1681 1058 1715 opus

319 1724 425 1763 suerit,
452 1723 569 1756 auxilio
591 1723 717 1756 brachii
743 1724 929 1757 saecularis.

151 1787 307 1811 contrariorum
363 1777 378 1820 ξ
403 1776 434 1810 5.
462 1776 530 1809 Non
557 1777 760 1810 obstantibus
786 1778 996 1820 praemissis,
1023 1789 1059 1811 ac

125 1816 244 1840 ⁴⁰¹¹'⁸³¹¹⁰'
319 1829 421 1863 felicis
444 1829 678 1862 recordationis
699 1830 852 1863 Bonisaeii
872 1831 978 1874 Papae
995 1831 1058 1864 vlit
1276 1821 1474 1848 1⁰n⁰⁰e¹¹ti¹¹⁵
1497 1821 1576 1870 Pf'Pss
1597 1821 1660 1870 XHJ

318 1883 582 1927 praedecessoris
607 1883 709 1915 nostri
736 1883 774 1916 de
794 1886 866 1924 una,
882 1890 912 1916 ct
929 1885 1057 1917 concilii
1219 1865 1255 1892 ad
1277 1869 1454 1899 perpetuam
1473 1873 1517 1893 rm
1538 1873 1720 1892 memonam.

319 1937 481 1980 generalis
519 1937 557 1970 de
594 1936 716 1970 duabus
749 1937 856 1977 dietis,
881 1938 1058 1971 dummodo
1143 1936 1340 1969 Commissae
1376 1936 1470 1969 nobis
1506 1947 1523 1969 a
1554 1936 1691 1969 Domino
1725 1942 1838 1969 nostro
1877 1948 1996 1969 Exortum.

317 1991 402 2022 ultra
427 1995 492 2023 tres
517 1989 620 2022 dictas
639 1989 756 2033 aliquis
772 1990 885 2032 vigore
911 2001 1059 2033 praesen·
1099 1989 1168 2023 Iesu
1194 1989 1320 2022 Christo
1340 1989 1595 2032 dispensationis
1620 1989 1700 2022 ratio
1728 1989 1837 2031 exigit,

320 2043 399 2076 tium
423 2043 457 2075 in
481 2042 636 2075 iudicium
658 2053 723 2076 non
742 2043 898 2082 trahatur,
918 2043 1057 2087 aliisque
1078 2059 1079 2068 κ
1100 2048 1134 2075 ut
1157 2043 1347 2075 caelestium
1383 2053 1554 2074 munerum
1593 2042 1766 2075 thesauros
1800 2042 1838 2074 ad

318 2095 606 2130 constitutionibus
638 2102 671 2129 et
693 2096 956 2129 ordinationibus
982 2107 1058 2140 apo·
1100 2096 1280 2139 augendam
1305 2095 1338 2127 in
1362 2095 1459 2128 terris
1476 2095 1670 2128 Sanctorum
1689 2095 1720 2127 in
1739 2095 1838 2128 caelis

317 2149 452 2189 stolicis,
476 2159 616 2189 necnon,
631 2155 789 2192 quatenus
807 2160 889 2193 opus
908 2150 957 2189 sit,
975 2160 1054 2193 pro·
1099 2149 1306 2191 regnantium
1329 2148 1583 2188 venerationem,
1604 2149 1839 2191 soremlamipie

318 2203 497 2236 vinciarum
523 2208 554 2235 et
578 2202 707 2236 Ordinis
738 2203 936 2243 huiusmodi,
961 2204 1056 2236 etiam
1099 2208 1130 2235 et
1154 2202 1353 2234 invitandam
1377 2212 1455 2244 erga
1476 2202 1549 2235 illos
1574 2202 1718 2235 fidelium
1745 2203 1840 2234 dero-

318 2255 509 2294 iuramento,
529 2255 777 2289 confirmatione
803 2256 992 2300 apostolica,
1008 2259 1057 2291 vel
1099 2256 1234 2295 tionem,
1254 2255 1341 2287 fideli
1360 2255 1545 2298 prudentia,
1568 2261 1725 2298 quantum
1745 2256 1838 2287 nobis

320 2309 430 2352 quavis
454 2309 516 2342 alia
540 2309 690 2342 firmitate
723 2309 905 2349 roboratis,
930 2311 1059 2343 statutis
1101 2320 1136 2342 ex
1164 2310 1228 2342 alto
1255 2309 1454 2349 conceditur,
1475 2319 1610 2351 erogare
1636 2309 1837 2341 studeamus.

319 2366 352 2394 et
374 2361 686 2402 consuetudinibus,
711 2362 890 2406 privilegiis
917 2373 1057 2406 quoque,
1144 2363 1158 2406 ξ
1178 2362 1208 2394 1.
1228 2362 1347 2405 ltaque,
1363 2362 1479 2394 eximia
1490 2363 1659 2405 omnisque
1676 2363 1837 2394 humanae
1857 2370 1989 2416 1,¹1⁷?³'¹³“'³‘.¹''
2004 2377 2032 2390 m-

319 2414 453 2448 indultis
480 2420 510 2449 et
535 2416 650 2449 litteris
675 2416 862 2459 apostolicis
880 2416 912 2448 in
930 2422 1059 2449 contra·
1100 2415 1203 2449 laudis
1239 2415 1452 2459 praeconium
1492 2416 1590 2459 longe
1628 2399 1979 2459 supergressaw-entuu-

319 2467 404 2500 rium
429 2469 680 2511 praemissorum
708 2469 953 2512 quomodolibet
983 2480 1058 2502 con-

321 2521 432 2561 cessis,
458 2521 655 2555 contirmatis
680 2529 712 2556 et
737 2523 911 2564 innovatis3
939 2523 1056 2566 quibus

321 2574 472 2607 omnibus
498 2581 530 2608 et
564 2576 718 2619 singulis,
756 2576 888 2611 illorum
928 2582 1057 2609 tenores

1102 1581 1294 1616 Conceditur
1319 1581 1528 1624 imlulqenlia
1548 1581 1705 1625 plenaria
1731 1593 1842 1625 perpu-

1145 1639 1201 1667 tna
1218 1635 1427 1667 visitantibus
1440 1634 1601 1666 ecclesium
1621 1636 1727 1666 ,mni-[s
1740 1635 1842 1668 Fran-

1143 1687 1220 1720 cisci
1235 1688 1373 1730 fratrum
1389 1687 1553 1719 ,uiuorum
1571 1688 1838 1721 Conventualium

1143 1741 1288 1774 civitatis
1311 1741 1507 1775 Assz‘siensis
1525 1740 1546 1774 ¹.

1136 2506 1144 2532 1
1170 2505 1198 2531 In
1214 2505 1359 2531 Alexandri
1374 2504 1434 2531 vtlt
1450 2508 1536 2531 const.
1553 2503 1596 2530 ed.
1619 2510 1718 2535 atricae,
1744 2503 1787 2529 (lie
1804 2504 1838 2530 ⁹20

1100 2549 1224 2582 ianuarii,
1249 2548 1343 2584 pontif.
1360 2555 1378 2581 1,
1401 2553 1473 2575 extat
1495 2548 1546 2575 alia
1574 2548 1759 2581 indulgentia3
1777 2548 1837 2574 visa„-

1100 2594 1179 2620 etiam
1199 2594 1344 2620 Clementis
1359 2593 1388 2619 Xl
1406 2594 1514 2621 constit.
1527 2593 1589 2619 edit,
1607 2599 1728 2625 nocem,
1745 2592 1788 2618 die
1803 2593 1836 2618 20

358 2638 369 2663 1
393 2635 465 2663 Edit.
482 2636 559 2663 Main.
581 2638 644 2672 legit
660 2639 787 2672 publicis
806 2640 845 2674 (a.
864 2639 913 2674 τ.).
1100 2638 1167 2673 iulii,
1185 2638 1279 2673 pontif.
1301 2644 1354 2664 κη.
