2227 3225
131 261 183 288 Aa.
204 255 234 287 C,
251 256 319 285 ¹690

165 527 314 549 Ordinaitonu

128 560 166 581 pro
175 554 247 575 tutiuri
254 553 318 574 liuto·

128 587 173 603 nun
189 580 294 601 custodiit.

913 253 1098 278 ALExANDER
1122 253 1178 276 vul
1202 253 1249 277 1³1³.

324 310 499 348 propterea
539 303 614 336 dieti
655 306 854 346 exponentes
895 302 1062 335 humiliter
1083 303 1085 324 l
1105 301 1237 343 signari,
1256 301 1367 334 eadem
1385 302 1589 342 auctoritate,
1608 303 1722 336 barum
1741 305 1837 345 serie,

324 357 498 401 supplicari
518 357 664 390 fecerunt
682 362 716 389 ut
741 357 773 389 in
800 356 986 399 praemissis
1005 366 1062 398 op-

323 416 463 455 portune
488 411 657 454 providere
683 416 714 443 et
731 416 765 442 ut
787 410 870 442 iufra
892 409 1061 451 indulgere

325 464 364 496 de
389 463 590 505 benignitate
617 462 796 507 apostolica
822 462 1038 504 dignaremur.

369 517 383 560 ἓ
407 517 438 550 3.
458 517 519 550 Nos
542 517 647 559 igitur,
672 511 817 560 capellae
838 515 1000 558 praefatae
1020 515 1064 546 in-

326 569 510 610 demnitati,
533 576 687 612 quantum
715 569 807 602 nobis
832 579 867 601 ex
894 569 958 601 alto
984 578 1062 600 con·

326 622 471 662 ceditur,
507 622 640 656 uberius
666 622 877 665 prospicere,
909 621 1062 664 ipsosque

325 682 524 718 exponentes
549 674 697 717 specialis
724 675 831 706 favore
850 673 969 716 gratiae
990 684 1063 715 pro-

324 728 415 771 sequi
454 728 616 767 volentes,
660 733 692 760 et
730 737 843 760 eorum
883 726 1063 768 singulares

324 791 483 823 personas
497 791 513 812 a
531 780 696 823 quibusvis
711 778 1061 816 excommunicationis,

323 833 545 876 suspensionis
578 838 610 866 et
634 833 817 873 interdicti,
849 832 986 875 aliisque
1013 841 1064 863 ec-

324 886 513 919 clesiasticis
528 886 705 926 senteutiiS,
724 885 873 919 censuris
890 890 922 918 et
939 884 1061 928 poenis,

325 950 342 971 a
367 939 435 972 iure
461 940 510 972 vel
531 939 569 972 ab
589 939 732 979 bomine,
757 938 868 981 quavis
892 937 1063 971 occasione

326 992 375 1025 vel
401 994 496 1025 eausa
522 992 608 1032 latis,
635 992 661 1024 si
679 992 795 1034 quibus
814 990 1064 1035 quomodolibet

328 1045 503 1078 innodatae
539 1045 692 1085 existunt,
719 1045 756 1078 ad
794 1044 939 1077 effectum
973 1054 1065 1086 prae-

327 1098 468 1131 sentium
486 1098 650 1131 dumtaxat
665 1097 939 1140 consequendum,
949 1096 1063 1129 harum

328 1151 412 1184 serie
436 1151 645 1184 absolventes
665 1156 697 1183 et
716 1151 883 1183 absolutas
903 1150 970 1182 sore
991 1160 1066 1182 cen-

328 1210 447 1244 sentes,
485 1203 670 1236 huiusmodi
697 1202 990 1246 supplicationibus
1020 1202 1066 1234 in-

328 1257 450 1297 clinati,
477 1262 511 1288 ut
536 1262 641 1289 custos
662 1256 819 1288 librorum
839 1266 896 1298 pro
918 1261 1065 1298 tempore

327 1309 467 1341 existens
494 1309 637 1351 capellae
664 1309 827 1350 praelatae
854 1308 1005 1340 idoneam
1032 1307 1065 1339 si-

327 1360 546 1393 deiussionem
573 1361 611 1393 de
638 1360 729 1393 libris
751 1360 934 1392 huiusmodi
954 1361 1065 1393 aliisve

328 1414 467 1447 cuiusvis
496 1413 623 1456 generis
648 1413 818 1456 scripturis
851 1413 889 1446 ad
916 1413 1065 1446 camdem

327 1467 487 1511 capellam
522 1467 748 1510 spectantibus
785 1466 927 1499 fideliter
962 1472 1066 1500 custo-

328 1520 463 1560 diendis,
489 1520 593 1562 iisque
619 1520 798 1553 successori
820 1531 879 1553 suo
905 1520 936 1552 in
959 1520 1065 1553 officio

329 1574 396 1606 sive
413 1574 473 1617 ipsi
496 1574 637 1616 collegio
657 1579 827 1607 cantorum
846 1574 1065 1613 restituendis,

328 1626 416 1659 iuxta
440 1636 562 1659 morem
586 1627 732 1669 capellae
758 1627 955 1669 praedictae,
974 1638 1067 1670 prae-

328 1684 437 1720 stare,
464 1689 594 1712 necnon
620 1679 836 1712 iuramentum
869 1685 932 1713 tarn
959 1680 997 1713 de
1022 1681 1067 1713 os-

328 1732 402 1766 sicio
442 1743 501 1766 suo
540 1733 625 1765 iuxta
661 1733 855 1776 apostolicas
893 1739 923 1766 et
962 1734 1065 1766 dictae

329 1787 474 1830 capellae
513 1786 760 1819 constitutiones
785 1786 960 1828 diligenter
995 1798 1068 1820 eve-

329 1839 472 1883 quendo‚
493 1850 589 1882 quam
608 1840 646 1872 de
668 1840 868 1882 primodietis
888 1840 1066 1873 iunocentii

329 1891 593 1935 praedecessoris
618 1892 734 1924 litteris
762 1892 989 1925 iuriolabiliter
1013 1893 1068 1925 ob-

331 1944 497 1977 servandis
524 1944 671 1977 similiter
695 1944 841 1977 emittere
868 1945 994 1984 debeat,
1019 1957 1069 1978 au-

331 1997 481 2030 ctoritate
497 1997 684 2040 apostolica,
704 2002 815 2030 tenore
834 1998 1066 2040 praesentium,

331 2049 500 2082 statuimus
526 2055 556 2082 et
580 2050 778 2082 ordinamus.
808 2050 979 2082 Praeterea
1004 2061 1069 2082 ma-

332 2102 467 2145 gistrum
499 2108 691 2144 ceterosque
729 2102 858 2145 collegii
895 2102 1068 2145 supradicti

333 2156 488 2189 officiales
514 2155 650 2198 singulis
676 2156 767 2188 annis
786 2167 845 2198 per
863 2161 990 2188 secreta
1007 2156 1072 2188 sus-

334 2208 437 2250 sragia
462 2209 501 2241 de
533 2218 622 2240 more
656 2208 824 2250 eligendos
849 2208 963 2241 eodem
989 2208 1071 2241 iure-

333 2261 470 2294 iurando
495 2260 580 2302 adigi
606 2261 765 2293 volumus.
793 2261 865 2303 Ipso
891 2266 996 2293 autem
1016 2272 1072 2304 po-

334 2314 488 2346 tissimum
502 2314 689 2346 eorumdem
705 2313 889 2347 officialium
904 2314 1072 2347 electionis

334 2372 492 2410 tempore,
515 2366 615 2399 libros
634 2371 665 2399 et
682 2366 860 2410 scripturas
885 2367 1071 2400 huiusmodi

336 2429 407 2453 cum
431 2419 496 2452 suis
516 2419 693 2462 respective
715 2419 902 2452 inventariis
923 2420 1071 2459 conteni,

335 2473 483 2514 factaque
519 2471 676 2504 eiusmodi
713 2472 901 2510 collatione,
939 2472 1072 2514 siquae

338 2524 487 2557 addenda
518 2524 654 2564 fuerint,
681 2524 773 2564 addi,
800 2524 934 2567 ipsaque
965 2524 1075 2557 iuven-

339 2577 419 2610 taria
455 2587 513 2619 per
549 2588 603 2610 eos
641 2578 679 2610 ad
717 2587 797 2620 quos
835 2582 961 2619 spectat
1001 2578 1075 2609 sub-

339 2629 460 2672 scribi,
486 2630 590 2674 iisque
619 2630 795 2674 respective
825 2630 907 2663 tradi
939 2635 971 2663 et
1003 2641 1075 2664 con-

1104 354 1320 397 praccipimus
1357 360 1389 387 et
1412 355 1610 388 mandamus.
1639 357 1769 388 Demum
1795 368 1841 389 ar-

1105 406 1200 438 chivii
1227 418 1282 439 seu
1309 408 1472 440 custodiae
1498 407 1601 441 dictae
1620 410 1762 451 capellae
1798 412 1841 443 al-

1107 466 1207 493 teram
1242 461 1361 493 clavem
1388 471 1448 503 per
1472 461 1637 493 custodem
1675 461 1839 502 librorum,

1105 514 1238 545 alteram
1257 524 1316 556 per
1329 513 1528 555 magistrum,
1549 513 1673 546 tertiam
1689 524 1746 557 per
1763 526 1843 557 puu-

1105 571 1258 598 ctatorem
1284 577 1342 608 pro
1367 571 1512 609 tempore
1538 567 1715 599 existentes
1740 569 1842 609 capel-

1105 620 1153 652 lae
1172 619 1376 661 supradictae
1394 619 1531 652 fideliter
1548 619 1738 652 retinendas
1760 630 1840 659 esse,

1105 672 1223 704 adeout
1240 671 1318 704 nulli
1339 682 1508 714 personae,
1528 672 1763 715 cuiuscumque
1784 678 1842 704 sta-

1106 731 1165 764 tus,
1191 725 1320 767 gradus,
1344 723 1482 764 ordinis,
1509 724 1715 765 conditionis,
1748 736 1841 768 prae-

1105 777 1299 810 eminentiae
1325 788 1360 810 ac
1385 777 1551 819 dignitatis
1578 778 1703 817 existat,
1730 779 1768 810 ab
1795 778 1840 811 eis

1105 831 1211 862 claves
1235 830 1323 873 ipsae
1341 829 1494 862 committi
1511 831 1647 870 valeant,
1665 830 1750 863 dicta
1770 841 1843 864 auc-

1107 884 1244 923 toritate,
1266 884 1453 916 carumdem
1475 890 1584 917 tenore
1609 884 1840 927 praesentium,

1107 936 1310 969 decernimus
1335 942 1366 969 et
1389 937 1589 970 ordinamus.

1150 990 1164 1033 g
1184 988 1215 1021 4.
1235 989 1452 1022 Decernentes
1469 989 1590 1032 pariter
1606 990 1736 1023 easdem
1755 1001 1843 1033 prae-

1106 1048 1215 1076 sentes
1240 1043 1361 1076 litteras
1387 1053 1517 1086 semper
1537 1043 1656 1084 firmas,
1674 1043 1794 1077 validas
1813 1050 1844 1077 et

1107 1096 1252 1128 efficaces
1278 1096 1418 1129 existere
1445 1102 1475 1129 et
1500 1096 1577 1136 sore,
1603 1105 1744 1140 suosque
1777 1098 1844 1140 ple-

1107 1148 1214 1181 narios
1251 1154 1282 1181 et.
1318 1149 1464 1190 integros
1501 1147 1632 1182 effectus
1671 1149 1779 1182 sortiri
1813 1155 1843 1182 et

1107 1201 1267 1240 obtinere,
1285 1211 1321 1233 ac
1339 1201 1416 1240 illis,
1437 1201 1475 1233 ad
1495 1212 1574 1244 quos
1595 1207 1720 1245 spectat
1737 1208 1766 1235 et
1784 1213 1843 1246 pro

1108 1259 1252 1296 tempore
1292 1254 1563 1297 quandocumque
1599 1255 1773 1298 spectabit,
1811 1256 1842 1287 in

1107 1307 1259 1339 omnibus
1285 1312 1317 1339 ct
1342 1317 1400 1349 per
1424 1307 1533 1339 omnia
1558 1307 1746 1350 plenissime
1779 1309 1845 1341 sul'-

1107 1359 1238 1402 sragari,
1265 1365 1297 1392 et
1329 1360 1368 1392 ab
1395 1361 1440 1393 eis
1471 1361 1650 1403 respective
1677 1362 1844 1395 inviolabi-

1108 1413 1182 1445 liter
1206 1413 1383 1454 observari,
1410 1414 1518 1456 sicque
1545 1419 1575 1447 et
1601 1425 1662 1448 non
1695 1415 1787 1448 aliter
1812 1416 1845 1448 in

1108 1466 1294 1508 praemissis
1318 1477 1377 1510 per
1402 1477 1624 1510 quoscumque
1651 1468 1772 1501 iudices
1796 1479 1847 1502 or-

1108 1519 1250 1552 dinarios
1289 1524 1320 1552 et
1345 1519 1518 1562 delegatos,
1546 1521 1641 1553 etiam
1676 1531 1845 1554 causarum

1735 247 1799 280 155
1844 256 1896 283 An.
1918 256 1946 284 C.
1965 257 2033 283 1690

1879 1001 2000 1025 ctausutae.

1108 1572 1216 1615 palatii
1243 1572 1411 1615 apostolici
1437 1573 1611 1612 auditores,
1631 1584 1665 1605 ac
1685 1573 1716 1606 S.
1745 1575 1782 1607 R.
1810 1575 1843 1607 E.
1866 1567 1872 1573 ”

1109 1625 1300 1665 cardinales,
1314 1632 1345 1659 et
1365 1626 1444 1659 alios
1462 1627 1625 1669 quoslibet
1642 1638 1845 1671 quacumque

1108 1679 1363 1722 praeeminentia
1401 1685 1431 1712 et
1470 1685 1630 1722 potestate
1672 1680 1845 1723 fungentes

1109 1737 1141 1763 et
1162 1732 1338 1772 suncturos,
1366 1733 1490 1766 sublata
1516 1733 1562 1765 eis
1589 1738 1621 1765 et
1646 1744 1756 1766 eorum
1782 1735 1848 1767 cui-

1109 1785 1190 1817 libet
1225 1784 1336 1828 quavis
1371 1785 1466 1817 aliter
1490 1785 1655 1818 iudicandi
1693 1792 1721 1818 et
1749 1787 1847 1819 inter-

1109 1837 1258 1879 pretandi
1296 1837 1446 1870 facultate
1471 1844 1502 1870 et
1530 1838 1730 1877 auctoritate,
1759 1839 1844 1871 iudi-

1110 1889 1174 1921 cari
1201 1894 1232 1921 et
1257 1888 1384 1922 definiri
1421 1889 1557 1929 debere,
1598 1901 1634 1923 ac
1665 1891 1789 1924 irritum
1816 1898 1848 1924 et

1110 1941 1206 1974 inane
1243 1942 1267 1974 si
1305 1953 1398 1975 secus
1424 1953 1522 1986 super
1559 1943 1608 1975 his
1633 1955 1649 1976 a
1675 1956 1845 1987 quoquam,

1111 1995 1221 2037 quavis
1256 1995 1459 2035 auctoritate,
1497 1996 1636 2029 scienter
1673 1999 1720 2030 rel
1758 1999 1848 2041 iguo—

1111 2052 1232 2088 ranter,
1253 2048 1426 2090 contigerit
1451 2049 1615 2082 attentari.

1156 2101 1170 2143 ἓ
1195 2101 1226 2133 5.
1254 2100 1321 2133 Non
1340 2101 1542 2134 obstantibus
1564 2103 1847 2138 constitutionibus

1113 2159 1144 2186 et
1168 2153 1426 2186 ordinationibus
1452 2155 1647 2198 apostolicis,
1670 2166 1714 2195 ac,
1737 2163 1848 2199 quate-

1113 2217 1172 2239 nus
1197 2217 1280 2250 opus
1301 2207 1349 2246 sit,
1369 2207 1472 2240 dictae
1499 2208 1656 2250 capellae,
1685 2209 1778 2242 etiam
1805 2211 1850 2243 iu-

1113 2265 1269 2299 ramento,
1302 2259 1543 2293 confirmatione
1570 2263 1765 2304 apostolica,
1800 2265 1848 2296 vel

1115 2313 1226 2356 quavis
1253 2312 1401 2345 firmitate
1427 2313 1487 2346 alia
1512 2314 1688 2355 roboratis,
1722 2316 1850 2349 statutis

1115 2370 1147 2398 ct
1172 2366 1477 2406 consuctudinibus,
1502 2367 1681 2410 privilegiis
1707 2380 1848 2412 quospic,

1115 2418 1250 2451 indultis
1290 2423 1321 2451 et
1358 2419 1476 2452 litteris
1514 2420 1712 2463 apostoliCIs,
1753 2422 1850 2454 etiam

1116 2471 1331 2504 cardinalibus
1356 2473 1593 2514 protectoribus
1619 2480 1650 2506 et
1668 2474 1851 2506 cantoribus

1117 2524 1222 2556 dictae
1247 2525 1401 2566 capellae,
1428 2535 1464 2557 ac
1489 2525 1653 2568 quibusvis
1679 2526 1766 2565 aliis,
1793 2529 1851 2559 sub

1117 2577 1372 2620 quibuscumque
1408 2578 1579 2610 verborum
1616 2579 1784 2611 tenoribus
1820 2585 1852 2612 et

1119 2630 1241 2671 formis,
1267 2640 1302 2663 ac
1327 2640 1398 2663 cum
1439 2631 1606 2674 quibusvis
1641 2631 1737 2664 ctiam
1763 2631 1854 2667 dero-

1883 2112 2042 2133 Contrariorum

1860 2140 1976 2165 ‹tei-uzano.
