2254 3225
200 227 245 253 11117
268 225 295 254 C,
318 225 382 252 2002

224 608 253 628 Qu

259 605 276 624 ul
304 605 332 623 121<
354 606 380 623 <u

199 638 217 650 111
229 637 278 650 mist!
298 636 380 657 *nupt-10

200 665 230 679 L'tll
239 665 263 679 ull

428 216 444 248 ll
455 215 491 247 '202
967 212 1145 248 numanum
1170 211 1323 236 nomnen

390 284 455 307 non
481 272 546 305 sint
572 275 605 303 ut
630 280 665 303 ex
691 268 764 312 lege
789 266 933 301 iustitiae
964 274 1034 299 eam
1059 263 1120 296 exi—

391 330 466 369 gant
506 323 815 362 remunerationem,
848 319 950 352 aliove
977 316 1125 361 quolibet

391 379 501 411 colore
526 388 582 410 seu
608 379 795 419 praetexui,
817 373 883 406 sive
905 370 1002 404 etiam
1027 378 1125 411 supra

392 441 498 464 reram
524 430 671 474 ipsorum
696 426 903 460 servitiorum
933 428 965 456 et
995 421 1126 455 merito-

391 496 461 517 rum
488 484 659 523 rationem,
683 481 749 514 ullo
776 479 871 512 modo
903 477 935 510 in
958 481 1124 520 posterum

392 538 592 581 disponatur.

435 592 450 634 g
475 591 505 623 02.
532 589 621 628 Quod
647 588 672 621 si
699 587 822 625 fratres,
856 586 1004 626 nepotes,
1041 590 1122 614 con-

392 643 573 687 sanguinei,
592 643 640 675 vel
666 640 788 679 aflines,
815 648 871 670 seu
897 637 1028 669 illorum
1054 635 1128 667 loeo

393 696 510 730 adlecti
536 696 602 728 sive
627 693 740 727 adsciti
770 690 915 734 praefati,
950 688 1061 731 inopia
1085 688 1129 720 la-

394 749 589 788 boraverint,
628 746 749 790 poterit
781 745 946 777 Romanus
980 740 1126 775 Pontifex

392 815 453 848 pro
480 808 626 845 tempore
653 800 802 839 existens,
823 807 884 841 pro
905 796 1054 829 timorata
1071 796 1129 827 sua

393 855 601 895 conscientia,
619 854 749 887 illorum
769 854 994 895 paupertatem
1014 848 1128 881 eodem

393 910 525 943 omnino
551 908 647 941 modo
669 907 848 945 sublevare,
870 914 933 947 quo
951 911 1128 945 pauperum

394 968 623 995 extraneorum
648 959 777 1004 inopiae
803 956 976 991 subvenire
1003 955 1047 987 sas
1066 958 1127 986 est.

440 1016 453 1058 ᾗ
478 1015 509 1048 3.
537 1014 580 1047 Ne
606 1018 723 1050 autem,
754 1010 841 1054 quod
873 1009 994 1042 directe
1019 1006 1131 1050 prohi-

318 1086 374 1102 ιιιιιι,
395 1069 502 1106 betur,
526 1067 684 1100 indirecte
705 1063 924 1108 permittatur,
937 1069 1129 1102 magnorum

311 1112 630 1164 {iiffi'ssstipendiorum
671 1128 729 1151 seu
768 1115 1018 1149 honorariorum
1049 1122 1131 1145 non-

299 1167 305 1178 ¹
340 1165 491 1206 ΠΙ’11111115
516 1172 608 1206 Sedis
633 1170 817 1215 praedictae
843 1167 956 1201 ostieiis
983 1177 1038 1198 seu
1066 1176 1130 1197 mu-

396 1226 529 1259 neribus
554 1225 649 1268 (quae
676 1220 928 1265 consanguineis
954 1220 1004 1252 vel
1035 1217 1132 1251 affini-

394 1280 455 1311 bus
479 1289 533 1311 seu
564 1276 698 1310 adlectis
731 1276 779 1309 vel
816 1272 946 1306 adscitis
977 1270 1131 1314 praefatis

395 1331 527 1365 concedi
553 1335 589 1362 ut
613 1329 789 1373 plurimum
807 1324 1066 1365 consueverunt)
1087 1333 1131 1355 as-

395 1386 593 1428 signatarum
612 1382 764 1420 ratione¹,
784 1378 955 1423 stipendia,
973 1375 1131 1420 provisio-

396 1449 464 1477 nes,
489 1437 554 1469 sive
580 1435 698 1468 salaria
724 1439 755 1466 et
778 1431 970 1471 honoraria,
996 1434 1028 1463 et
1052 1428 1130 1461 alias

397 1490 645 1535 quonuulolibet
670 1486 849 1530 nuncupari
883 1484 978 1518 solita
1009 1482 1132 1515 emolu-

397 1550 505 1577 menta
531 1551 776 1586 quaecumque,
803 1549 885 1582 quae
912 1537 1051 1570 antehac
1071 1545 1131 1578 per

396 1598 559 1631 Cameram
578 1594 776 1637 praedictam
797 1592 829 1624 in
850 1591 978 1623 civitate
996 1588 1132 1622 Arenio-

397 1650 487 1683 neusi
514 1654 543 1682 et
571 1647 723 1681 comitatu
744 1644 943 1688 Vcnayssino
961 1641 1081 1675 nostris
1098 1641 1130 1673 in

396 1703 619 1747 spiritualibus
641 1707 672 1733 et
693 1698 927 1742 temporalibus
944 1696 1064 1729 vicario
1081 1705 1132 1738 ge-

397 1756 498 1789 nerali
531 1766 567 1787 ac
602 1755 634 1786 in
666 1753 730 1786 illis
768 1757 799 1784 et
834 1750 949 1783 vicinis
985 1749 1131 1792 quinque

396 1808 568 1853 provinciis
595 1807 741 1840 eiusdem
766 1804 858 1838 Sedis
891 1804 929 1836 de
960 1803 1062 1835 latere
1087 1802 1132 1834 le-

396 1868 469 1905 gato
495 1860 650 1904 praestari
673 1864 704 1891 et
721 1858 799 1891 solvi
818 1858 1010 1900 plerumque
1036 1855 1131 1888 solita

397 1921 427 1948 et
458 1918 615 1947 consueta
645 1912 793 1950 suerunt,
829 1908 1131 1953 superintendentis

396 1979 470 2002 vero
503 1965 665 2009 generalis
697 1963 904 2007 negotiorum
929 1961 1020 1995 Sedis
1046 1962 1132 2005 Apo-

397 2021 553 2058 stolicae,
595 2028 727 2052 necnon
763 2016 862 2050 totius
897 2014 1031 2048 militiae
1066 2020 1131 2047 tam

397 2073 556 2117 equestris
582 2082 678 2114 quam
704 2068 864 2114 pedestris
889 2068 996 2101 Status
1028 2068 1130 2101 nostri

396 2125 613 2160 Ecclesiastici
648 2123 873 2167 gubernatoris
905 2127 937 2155 et
968 2121 1130 2165 capitanei

396 2179 571 2223 generalis,
588 2178 765 2220 itidemque
779 2176 889 2210 classis
906 2180 937 2208 et
951 2175 1129 2208 triremium

398 2233 635 2277 pontificiarum
660 2230 827 2274 praefecti,
859 2229 1011 2272 illiusque
1036 2234 1067 2262 et
1092 2230 1130 2262 il-

397 2290 500 2321 larum
525 2284 738 2318 commissarii
756 2288 788 2316 et
807 2282 1058 2316 locumtenentis
1079 2293 1130 2325 ge-

398 2340 529 2379 neralis,
549 2338 739 2379 arciumque
769 2342 800 2368 et
817 2335 955 2368 turrium
977 2336 1016 2368 ad
1042 2335 1130 2368 litto-

398 2405 432 2427 ra
460 2392 557 2425 maris
582 2396 646 2423 tam
671 2389 823 2422 Adriatici
848 2399 944 2431 quam
969 2388 1127 2431 Thyrreni

398 2445 601 2480 existentium
628 2441 928 2486 superintendentis
953 2441 1126 2483 generalis,

396 2498 551 2544 praefecti
595 2506 724 2540 quoque
764 2493 924 2537 generalis
961 2493 1127 2537 utriusque

434 2573 444 2597 1
464 2570 553 2596 Potius
567 2569 627 2603 lege
643 2567 855 2600 assignatorum
873 2564 1011 2598 raciones,
1027 2563 1070 2592 vel
1083 2572 1127 2592 as-

396 2614 572 2650 signationes
591 2612 632 2649 (n.
651 2610 700 2646 Τ.).

1165 260 1332 294 custodiae
1369 258 1517 303 corporis
1553 258 1688 291 Romani
1724 256 1899 297 Pontificis,

1166 314 1301 357 eiusque
1327 312 1579 346 locumtenentis
1611 311 1788 354 generalis,
1824 311 1901 344 item

1167 366 1336 399 castellani
1361 365 1450 399 Arcis
1474 365 1504 398 S.
1529 364 1644 407 Angeli
1669 365 1708 398 de
1733 364 1819 398 Urbe
1845 374 1901 407 gu-

1167 419 1364 460 bernatoris,
1387 423 1422 451 ut
1442 417 1521 452 ali‘as
1540 418 1770 461 deputabatur,
1795 419 1903 452 civita-

1168 472 1208 505 tis
1233 472 1481 505 Beneventanae
1509 470 1613 513 (cuius
1646 476 1755 504 tamen
1786 473 1902 514 guber-

1167 525 1258 557 nium
1283 525 1322 557 ad
1347 524 1450 557 instar
1469 523 1606 556 aliorum
1622 524 1780 567 praedicti
1800 526 1901 558 nostri

1169 577 1290 617 Status,
1307 581 1406 620 prout
1429 576 1732 619 impraesentiarum
1750 583 1903 620 servatur,

1170 630 1349 673 remaneat)
1374 635 1405 662 et
1429 629 1512 663 arcis
1536 630 1785 664 Beneventanae
1810 642 1904 674 prae-

1171 684 1263 725 fecti,
1296 683 1373 716 item
1405 682 1632 725 gubernatoris
1665 683 1776 726 oppidi
1801 685 1905 717 nostri

1171 737 1461 776 Civitatisvetulae,
1487 747 1524 768 ac
1555 736 1684 769 deinum
1711 737 1904 778 Perusinae,

1173 791 1394 824 Anconitanae
1419 794 1451 823 et
1474 799 1576 822 novae
1597 789 1778 823 Asculanae
1802 801 1908 834 respe-

1172 844 1254 876 ctive
1288 843 1410 876 arcium
1447 842 1602 886 praefecti
1644 853 1701 876 seu
1737 844 1906 876 castellani

1172 896 1277 930 officia
1301 901 1333 929 et
1356 906 1490 929 munera
1516 896 1595 939 ipsa,
1616 906 1688 929 cum
1706 896 1858 929 omnibus
1877 902 1908 929 et

1172 949 1310 992 singulis
1349 949 1478 982 illorum
1516 953 1547 982 et
1579 948 1756 982 cuiuslibet
1791 959 1907 982 eorum

1173 1002 1317 1043 iuribus,
1342 1001 1585 1046 praerogativis,
1609 1002 1803 1046 stipendiis,
1827 1004 1910 1036 sala-

1172 1056 1228 1089 riis
1248 1061 1280 1089 et
1299 1054 1530 1089 emolumentis
1547 1055 1817 1099 quibuscumque,
1835 1067 1909 1100 per-

1172 1114 1270 1152 petuo
1301 1108 1537 1152 supprimimus
1569 1113 1601 1141 et
1624 1109 1805 1150 abolemus,
1839 1110 1910 1143 illa-

1174 1173 1235 1205 que
1253 1161 1407 1205 deinceps
1425 1161 1733 1205 quomodocumque
1758 1167 1790 1195 et
1810 1173 1910 1206 quan-

1174 1216 1356 1258 documque
1387 1214 1534 1249 renovari
1572 1214 1807 1257 prohibemus,
1849 1227 1911 1249 nec

1173 1268 1324 1311 cuiquam
1342 1268 1381 1300 de
1399 1272 1506 1300 cetero
1522 1267 1682 1309 assignari
1701 1272 1732 1300 et
1750 1269 1910 1311 praestari

1173 1332 1229 1354 seu
1253 1320 1389 1354 concedi
1414 1325 1446 1353 et
1470 1320 1611 1353 conferri
1643 1321 1823 1364 respective
1855 1333 1911 1355 vo-

1174 1375 1280 1407 lumus
1315 1379 1411 1417 atque
1438 1373 1655 1406 decernimus.
1683 1373 1773 1413 Quod
1799 1375 1825 1407 si
1851 1386 1909 1418 pro

1172 1438 1281 1460 rerum
1306 1427 1475 1471 qualitate,
1509 1431 1758 1471 temporumque
1783 1429 1909 1461 contin-

1174 1481 1290 1524 gentia,
1324 1481 1495 1514 manifesta
1520 1491 1705 1524 urgensque
1731 1482 1909 1515 necessitas

1173 1544 1310 1566 munera
1333 1543 1391 1566 seu
1425 1533 1531 1566 officia
1551 1533 1703 1566 militaria
1722 1534 1910 1567 huiusmodi

1173 1588 1223 1621 vel
1248 1587 1356 1631 aliqua
1380 1597 1415 1620 ex
1442 1586 1488 1618 eis
1514 1586 1552 1619 de
1576 1596 1657 1620 novo
1685 1586 1811 1619 institui
1838 1598 1910 1620 exe-

1175 1640 1277 1684 gerit,
1304 1639 1389 1673 viros
1419 1640 1456 1672 ad
1487 1640 1543 1672 illa
1566 1639 1684 1672 assumi
1708 1641 1856 1673 volumus
1880 1645 1911 1673 et

1175 1693 1365 1726 mandamus
1391 1697 1543 1725 strenuos
1575 1696 1608 1725 et
1631 1691 1767 1733 fideles,
1793 1692 1910 1725 eximia

1174 1747 1291 1780 virtute
1315 1751 1529 1789 praestantes,
1551 1745 1663 1788 reique
1684 1745 1832 1778 militaris
1859 1757 1909 1789 ap-

1174 1800 1278 1842 prime
1302 1799 1447 1843 peritos,
1474 1803 1507 1830 et
1539 1798 1571 1830 in
1603 1798 1657 1830 illa
1693 1798 1846 1831 diuturno
1873 1810 1909 1832 ac

1174 1854 1312 1896 probato
1346 1862 1407 1884 usu
1444 1851 1658 1892 exercitatos,
1697 1851 1814 1894 quibus
1853 1852 1909 1885 Ro—

1174 1915 1287 1938 manus
1322 1904 1468 1937 Pontifex
1493 1914 1553 1947 pro
1580 1908 1726 1947 tempore
1752 1904 1906 1946 existens,

1175 1958 1356 1992 secundum
1377 1957 1482 1990 datam
1506 1956 1568 1990 sibi
1587 1967 1604 1989 a
1622 1956 1761 1990 Domino
1786 1958 1909 2001 sapien-

1175 2012 1252 2045 tiam
1267 2039 1275 2053 ,
1301 2021 1362 2055 pro
1386 2010 1512 2043 ratione
1538 2010 1683 2050 laboris,
1708 2009 1885 2044 industriae
1900 2038 1907 2052 ,

1174 2071 1270 2109 atque
1287 2063 1432 2109 periculi,
1447 2063 1664 2106 competentia
1681 2068 1713 2096 et
1730 2074 1907 2106 congruen-

1174 2120 1217 2153 tia
1241 2118 1406 2162 stipendia
1423 2115 1614 2158 assignabit.
1637 2116 1739 2149 Porro
1759 2116 1785 2148 si
1802 2117 1906 2149 nostri

1172 2181 1463 2214 successorumque
1484 2174 1670 2202 nostrorum
1687 2169 1906 2203 Romanorum

1172 2225 1359 2259 Pontificum
1377 2234 1438 2267 pro
1457 2228 1605 2265 tempore
1623 2221 1829 2255 existentium
1846 2223 1906 2256 sra-

1172 2285 1246 2319 tres,
1273 2283 1409 2321 nepotes
1425 2275 1525 2309 etalii
1550 2275 1747 2318 quicumque
1772 2285 1906 2308 consan-

1171 2332 1289 2375 guinei,
1316 2341 1372 2364 seu
1394 2330 1515 2369 affines,
1547 2328 1614 2361 sive
1645 2329 1723 2368 veri,
1758 2328 1833 2369 sive,
1869 2335 1906 2362 ut

1171 2386 1363 2429 praefertur,
1389 2383 1506 2416 adlecti
1531 2387 1561 2415 et
1586 2381 1711 2422 adsciti,
1726 2380 1824 2415 vitam
1849 2392 1902 2416 ec-

1170 2438 1383 2473 clesiasticam
1415 2436 1583 2479 elegerint,
1620 2445 1657 2468 ac
1689 2435 1903 2469 ecclesiarum

1171 2498 1203 2526 et
1227 2490 1505 2529 monasteriorum,
1542 2488 1744 2532 aliorumque
1779 2489 1905 2522 benefi-

1171 2546 1295 2578 ciorum
1324 2549 1355 2577 et
1384 2542 1564 2576 officiorum
1598 2541 1901 2583 ecclesiasticorum,

1170 2609 1206 2632 ac
1230 2606 1408 2631 annuarum
1433 2594 1625 2639 pensionum
1656 2604 1755 2637 super
1788 2605 1901 2634 eorum

1908 209 1955 235 An.
1979 210 2006 238 C.
2028 212 2091 238 ¹692
