2227 3225
96 274 149 303 An.
170 273 199 302 C.
218 272 285 301 1693

291 322 387 355 etiam
412 320 566 359 enormis,
596 319 844 353 enormissimac
871 326 901 353 ct
924 320 1031 353 totalis

289 374 452 414 laesionis,
475 374 564 407 nullo
579 384 720 417 unquam
739 378 883 417 tempore
899 373 938 406 de
957 372 1032 404 sub-

289 428 448 471 reptionis
474 428 524 460 vel
546 427 749 470 obreptionis
783 430 837 460 aut
872 426 1031 460 nullitatis

287 481 377 521 vitio,
408 491 464 514 seu
489 480 680 513 intentionis
712 487 842 515 nostrae
869 486 922 512 ant
947 480 1031 512 inte-

288 545 377 568 resse
402 535 593 568 habentium
615 536 805 575 consensus,
832 534 936 568 aliove
954 546 1031 578 quo-

288 588 368 622 libet
393 589 491 622 etiam
517 589 725 632 quantumvis
755 600 873 631 magno
906 600 942 621 ae
969 589 1032 621 t'or-

288 643 365 675 mali
391 648 422 676 et
452 642 658 676 substantiali
686 642 956 686 individuannpie
982 652 1033 675 ex-

288 697 494 740 pressionem
519 696 707 740 requirente
734 697 876 736 desectn,
902 695 1029 735 notari,

288 749 483 793 impugnari,
514 750 670 792 infringi,
696 749 893 789 moditieari,
932 754 1032 782 retra-

289 804 389 844 ctari,
424 804 456 836 in
488 804 741 837 controversiam
775 803 935 842 revocari,
973 813 1031 835 seu

288 858 326 890 ad
353 857 510 890 terminos
535 857 613 890 iuris
645 857 768 897 reduci,
797 862 850 889 aut
875 857 1031 889 adversus

288 911 359 952 illas
383 911 574 955 aperitionis
590 911 666 951 oris,
681 911 899 944 restitutionis
913 910 944 942 in
957 909 1032 942 inte-

288 975 392 1007 grum,
421 965 550 998 aliudve
582 965 812 1008 quodcumque
838 964 928 1002 iuris,
959 962 1030 995 sacti

287 1017 335 1051 vel
361 1017 484 1060 gratiae
510 1018 692 1051 remedium
718 1017 873 1050 intentari
906 1017 956 1050 vel
979 1016 1032 1048 im-

287 1071 419 1114 petrari,
441 1081 497 1103 seu
516 1071 699 1114 impetrato,
727 1076 782 1104 aut
809 1070 905 1104 etiam
928 1075 1029 1108 motu,

287 1124 424 1156 scientia
458 1129 489 1157 et
514 1124 686 1167 potestatis
716 1123 921 1167 plenitudine
948 1122 1032 1155 simi-

287 1177 372 1210 libus
401 1188 561 1211 concesso
592 1179 639 1211 rel
663 1182 827 1217 emanato,
845 1176 1030 1220 qnempiam

287 1230 320 1263 in
342 1231 461 1264 iudicio
486 1233 536 1264 vel
555 1236 644 1264 extra
670 1231 750 1264 illud
776 1231 821 1263 uti
847 1241 902 1263 seu
924 1241 958 1263 se
985 1230 1032 1261 iu-

286 1294 359 1317 vare
377 1295 486 1328 posse,
507 1285 564 1318 sed
584 1285 671 1329 ipsas
689 1289 879 1328 praesentes
906 1284 1031 1317 litteras

287 1348 419 1382 semper
444 1337 563 1378 sirmas,
590 1338 710 1372 validas
738 1344 769 1371 et
795 1338 940 1371 efficaces
967 1337 1032 1370 exi-

287 1397 373 1425 stere
393 1398 423 1425 et
449 1392 528 1431 sore,
555 1402 698 1435 suosque
724 1391 889 1435 plenarios
905 1397 937 1424 et
955 1391 1033 1423 intc—

286 1456 361 1488 gros
386 1444 520 1478 effectus
541 1445 651 1478 sortiri
674 1451 705 1478 et
723 1445 882 1485 obtinere,
900 1455 936 1476 ac
953 1443 1029 1483 illis,

286 1498 324 1530 ad
343 1508 426 1541 quos
453 1503 580 1541 spectat
598 1503 627 1531 et
645 1508 706 1541 pro
734 1503 879 1540 tempore
905 1502 1032 1540 specta-

284 1551 353 1592 bit,
387 1552 419 1584 in
446 1552 597 1585 omnibus
629 1557 659 1585 et
687 1562 745 1595 per
770 1551 879 1584 omnia
911 1551 1032 1594 plenis-

285 1606 365 1640 sime
402 1612 432 1639 et
457 1613 617 1651 perpetuo
652 1605 829 1649 suffragari,
864 1611 895 1638 et
920 1605 959 1638 ab
986 1605 1031 1637 eis

286 1659 468 1704 respective
498 1660 732 1693 inviolabiliter
769 1665 801 1692 et
836 1659 1031 1692 inconcusse

286 1712 468 1753 observari,
498 1713 610 1756 sieque
637 1719 668 1746 et
686 1723 752 1746 non
770 1712 864 1745 aliter
882 1712 914 1744 in
940 1722 1032 1755 prae-

286 1765 393 1799 missis
417 1776 478 1809 per
502 1776 722 1809 quoscumque
751 1766 875 1798 iudices
901 1765 1032 1798 ordina-

286 1820 352 1853 rios
366 1825 397 1852 et
416 1820 596 1862 delegatos,
614 1819 711 1852 etiam
730 1829 900 1852 causarum
919 1818 1030 1862 palatii

287 1873 458 1917 apostolici
484 1873 662 1913 auditores,
684 1883 720 1906 ae
740 1872 771 1906 S.
790 1873 826 1905 R.
846 1872 879 1905 E.
905 1872 1032 1916 praedi-

286 1933 356 1961 ctae
382 1927 574 1967 cardinales,
600 1927 695 1960 etiam
714 1927 754 1960 de
772 1928 874 1961 latere
892 1928 1028 1969 legatos,

287 1987 320 2015 et
344 1981 426 2015 alios
451 1981 618 2025 quoslibet
647 1991 849 2024 quacumque
871 1981 1032 2024 praeemi-

286 2035 396 2070 nentia
422 2041 454 2069 et
478 2040 640 2079 potestate
659 2035 831 2078 fungentes
851 2041 882 2068 et
907 2035 1031 2068 sunctu-

285 2100 350 2131 ros,
369 2090 497 2123 sublata
514 2089 561 2122 eis
583 2094 614 2122 et
632 2100 745 2122 eornm
767 2089 902 2122 cuilibet
920 2088 1030 2132 quai-is

286 2143 380 2176 aliter
397 2142 563 2176 iudicandi
582 2148 615 2175 et
631 2142 869 2186 interpretandi
881 2143 1030 2175 facultate

286 2201 318 2229 et
338 2195 541 2236 auctoritate,
559 2196 695 2229 iudicari
721 2201 753 2229 et
778 2194 905 2229 definiri
933 2195 1033 2228 debc-

286 2261 339 2291 re,
365 2260 402 2283 ae
427 2249 555 2283 irritum
581 2256 612 2283 et
633 2250 730 2283 inane
756 2249 916 2294 quidquid
935 2260 1030 2283 secus

287 2313 386 2347 super
418 2303 469 2336 his
496 2314 513 2336 a
539 2314 715 2346 quoquam,
749 2303 860 2346 quavis
893 2303 1033 2336 auctori-

287 2361 362 2396 tate,
382 2356 525 2389 scienter
542 2356 592 2389 vel
621 2356 824 2399 ignoranter,
855 2355 1033 2399 contigerit

288 2409 534 2442 attentari.Non
553 2410 758 2443 obstantibus
774 2409 976 2453 praemissis,
995 2421 1032 2443 ac

286 2464 399 2494 nostra
423 2469 454 2495 et
478 2462 700 2496 Caneellariae
737 2462 944 2506 Apostolicae
982 2474 1032 2496 re-

286 2514 360 2557 gula
384 2515 423 2548 de
448 2516 515 2549 iure
542 2516 692 2561 quaesito
717 2527 783 2550 non
811 2517 972 2556 tollendo,
1000 2528 1032 2549 a·

284 2567 405 2611 liisque
436 2570 635 2612 apostolicis,
662 2581 700 2604 ac
726 2570 759 2603 in
789 2570 1032 2604 universalibus

285 2621 611 2667 provincialibusque
638 2629 669 2657 et
686 2624 899 2668 synodalibus
925 2623 1033 2656 conci-

285 2674 336 2709 liis
363 2676 467 2718 editis,
495 2678 707 2720 generalibus
744 2679 793 2713 vel
820 2677 1030 2722 specialibus,

884 271 1092 295 INNOCENTIUS
1118 271 1160 294 xn
1184 271 1231 294 1³1³.

1074 319 1360 352 constitutionibus
1387 323 1417 350 ct
1444 318 1718 358 ordinationibus,
1743 330 1820 352 nec-

1075 383 1139 405 non
1177 371 1364 415 quorumvis
1390 370 1557 412 Ordmum,
1594 372 1820 414 congregatio-

1075 436 1161 465 num,
1187 426 1378 459 societatum
1400 431 1430 457 ct
1449 425 1681 464 institutorum,
1708 425 1819 458 aliisve

1075 479 1253 522 quibusvis,
1288 479 1384 511 etiam
1406 478 1591 511 iuramento
1608 506 1615 518 ,
1647 478 1820 511 conanna-

1076 533 1163 565 tione
1201 533 1405 576 aptttstolica‚
1444 533 1493 565 vel
1525 531 1638 575 quavis
1668 531 1819 563 firmitate

1074 586 1135 619 alia
1162 586 1346 626 roboratis,
1374 585 1502 619 statutis
1527 591 1558 619 et
1580 584 1822 618 consuetudini-

1074 640 1150 679 bus,
1181 639 1363 683 privilegiis
1386 649 1528 682 quoqne,
1555 639 1690 671 indultis
1715 642 1746 670 et
1774 637 1822 670 lit-

1075 694 1152 726 teris
1178 694 1381 737 apostolieis,
1402 694 1525 726 eisdem
1545 693 1729 731 Ordinibus,
1747 702 1821 724 con—

1074 747 1332 790 gregationibus,
1361 747 1571 780 societatibus
1598 752 1630 779 et
1648 745 1818 785 institutis,

1074 800 1269 844 illorumque
1295 800 1521 844 superioribus
1548 805 1579 833 et
1605 799 1763 843 personis,
1784 810 1820 832 ac.

1075 855 1145 888 aliis
1171 855 1353 898 quilmsvis,
1378 847 1436 887 sub
1462 855 1723 898 (ptilmseumque
1748 863 1821 886 ver-

1074 909 1188 942 borum
1216 908 1387 941 tenoribus
1409 914 1440 941 et
1459 908 1578 947 soi-mis,
1597 919 1632 940 ac
1659 917 1729 939 eum
1749 906 1821 950 qni-

1074 963 1147 995 bust
1157 962 1181 996 is
1193 962 1288 996 etiam
1301 961 1582 1004 derogatoriarum
1594 959 1819 1003 derogatoriis,

1074 1016 1209 1059 aliisque
1237 1015 1482 1055 efficacioribus,
1520 1013 1751 1048 efficacissimis
1788 1019 1821 1045 et

1076 1070 1217 1102 insolitis
1236 1069 1399 1108 clausulis,
1419 1068 1689 1111 irritantibusque
1705 1073 1733 1100 et
1749 1067 1820 1100 aliis

1074 1124 1227 1163 decretis,
1254 1124 1285 1156 in
1311 1134 1433 1166 genere
1471 1124 1520 1156 vel
1547 1123 1578 1155 in
1604 1122 1713 1165 specie
1731 1149 1738 1162 ,
1770 1123 1819 1154 vel

1074 1178 1153 1210 alias
1181 1177 1427 1220 quomodolibet
1444 1176 1476 1208 in
1501 1175 1698 1208 contrarium
1726 1185 1821 1217 prae-

1075 1231 1247 1263 missorum
1275 1230 1452 1269 concessis,
1479 1228 1679 1262 confirmatis
1706 1234 1738 1260 et
1772 1228 1820 1260 in-

1075 1285 1221 1324 novatis·,
1241 1284 1360 1327 quibus
1385 1282 1536 1316 omnibus
1554 1287 1585 1315 et
1602 1281 1754 1324 singulis,
1772 1287 1818 1313 et-

1075 1337 1165 1369 iamsi
1185 1347 1244 1380 pro
1268 1337 1397 1369 illorum
1416 1335 1590 1368 sufficienti
1606 1334 1818 1377 derogatione

1075 1392 1112 1423 de
1145 1390 1208 1423 illis
1234 1399 1412 1433 eorumque
1451 1390 1525 1422 totis
1553 1388 1721 1421 tenoribus
1745 1398 1820 1431 spe-

1075 1444 1185 1484 cialis,
1224 1443 1375 1487 specifica
1414 1448 1446 1476 et
1481 1442 1664 1482 individua,
1706 1452 1743 1475 ae
1779 1441 1818 1474 de

1074 1498 1173 1531 verbo
1205 1498 1243 1531 ad
1269 1498 1414 1537 verbum,
1441 1507 1505 1530 non
1525 1501 1632 1529 autem
1659 1507 1717 1540 per
1736 1497 1820 1529 clau-

1075 1553 1161 1585 sulas
1181 1552 1354 1594 generales
1380 1551 1467 1584 idem
1486 1550 1710 1594 iinportantes,
1730 1560 1820 1583 men-

1076 1606 1119 1639 tio
1146 1616 1201 1639 seu
1228 1604 1360 1648 quaevis
1386 1604 1449 1638 alia
1470 1604 1640 1647 expressio
1667 1603 1820 1637 habenda

1075 1664 1129 1692 aut
1155 1659 1264 1702 aliqua
1289 1657 1352 1691 alia
1378 1657 1539 1701 exquisita
1565 1657 1667 1690 forma
1692 1656 1731 1690 ad
1758 1657 1820 1690 hoc

1074 1712 1234 1746 servanda
1255 1712 1347 1752 foret,
1371 1717 1501 1745 tenores
1521 1710 1719 1751 huiusmodi,
1736 1720 1772 1743 ac
1793 1710 1819 1743 si

1076 1767 1114 1800 de
1140 1767 1239 1800 verbo
1257 1767 1295 1799 ad
1314 1766 1448 1799 verbum
1470 1765 1708 1805 insererentur,
1727 1775 1821 1808 prac-

1075 1820 1222 1853 sentibus
1257 1831 1316 1863 pro
1353 1821 1451 1863 plene
1479 1825 1510 1852 et
1535 1818 1735 1852 sufficienter
1770 1829 1822 1851 ex-

1076 1874 1198 1917 pressis
1224 1879 1256 1907 et
1280 1873 1412 1907 insertis
1438 1873 1618 1913 habentes,
1647 1871 1712 1905 illis
1738 1871 1818 1905 alias

1075 1928 1107 1960 in
1132 1938 1191 1961 suo
1227 1928 1349 1960 robore
1382 1925 1622 1970 permansuris,
1651 1925 1690 1958 ad
1726 1935 1820 1968 prae-

1074 1981 1253 2014 missorum
1278 1979 1441 2020 effectum,
1463 1980 1524 2013 hac
1550 1979 1617 2012 viee
1643 1978 1819 2018 dumtaxat,

1074 2035 1264 2078 specialiter
1289 2040 1319 2067 et
1344 2044 1497 2077 expresse
1523 2034 1736 2076 derogamus3
1769 2043 1821 2066 ee-

1076 2088 1220 2131 terisque
1247 2087 1419 2121 contrariis
1443 2086 1718 2130 quibuscumque.

1119 2141 1190 2185 gli.
1224 2141 1382 2174 Volumus
1418 2146 1525 2173 autem
1559 2145 1594 2172 ut
1629 2139 1819 2173 earumdem

1075 2195 1296 2239 praesentium
1315 2194 1497 2228 litterarum
1513 2193 1742 2237 transumptis,
1762 2203 1819 2226 sen

1076 2249 1246 2292 exemplis,
1273 2248 1370 2281 etiam
1396 2248 1574 2292 impressis,
1600 2258 1695 2280 manu
1717 2247 1820 2280 alicu-

1076 2304 1125 2336 ius
1152 2303 1272 2336 notarii
1291 2302 1413 2346 publici
1439 2301 1644 2345 subscriptis,
1664 2306 1696 2334 et
1713 2300 1818 2344 sigillo

1076 2367 1237 2401 personae
1258 2356 1291 2389 in
1312 2355 1551 2389 eccelesiastica
1569 2355 1726 2398 dignitate
1746 2365 1820 2387 con-

1076 2410 1209 2444 stitutae
1246 2409 1401 2450 munitis,
1430 2409 1545 2443 eadem
1579 2409 1700 2452 ubique
1737 2407 1817 2441 fides

1076 2465 1108 2497 in
1123 2463 1245 2497 iudicio
1255 2469 1286 2496 et
1298 2469 1389 2496 extra
1407 2463 1613 2502 adhibeatur,
1629 2472 1712 2506 quae
1726 2471 1819 2504 prae-

1075 2517 1221 2549 sentibus
1240 2516 1454 2550 adhiberetur
1472 2516 1496 2549 si
1521 2515 1628 2548 forent
1652 2514 1818 2547 exhibitae

1075 2571 1125 2604 vel
1148 2576 1313 2604 ostensae.

1120 2623 1235 2656 Datum
1262 2624 1391 2665 Romae,
1419 2624 1506 2667 apud
1538 2622 1569 2656 S.
1598 2621 1728 2655 Mariam
1753 2621 1818 2655 Ma-

1077 2677 1200 2719 iorem,
1224 2678 1286 2711 sub
1312 2678 1435 2712 annulo
1473 2676 1668 2718 piscatoris,
1697 2675 1748 2709 die
1787 2684 1816 2709 lt·

1707 261 1771 295 8⁵27
1817 270 1870 297 An.
1892 269 1920 298 C.
1939 269 2008 298 1698

1870 2149 1933 2171 Fides
1957 2152 2016 2172 tran·

1830 2180 1968 2204 sumptorum.
