2254 3225
198 188 246 212 An.
262 187 290 213 e.
310 187 374 213 teas
419 179 483 212 476

431 236 546 268 Datum
573 236 705 277 Romae,
731 237 816 280 apud
845 237 876 271 S.
902 237 1033 271 Mariam
1061 238 1122 271 Ma-

389 288 504 329 iorem,
544 300 628 322 anno
668 289 902 323 lucarnationis
940 291 1121 324 dominicae

386 351 530 383 MDCXCII,
558 353 575 375 x
602 343 757 376 kalendas
783 344 988 385 novembris,
1014 345 1121 388 ponti-

386 394 499 427 ficatus
524 395 627 428 nostri
649 406 734 428 anno
760 407 795 429 11.

420 455 479 484 Dat.
500 457 544 484 die
558 456 592 484 23
611 457 730 484 octobris
749 457 827 492 1692,
845 457 939 492 pontif.
960 465 1033 486 anno
1051 463 1078 484 11.

603 598 724 631 XXXVI
744 598 804 640 (al.
830 598 900 641 37).

383 676 575 710 Declaratur
589 681 749 709 statutum
767 676 903 710 Ordinis
917 676 1123 711 Carthasim-

426 731 470 762 sis
484 730 591 773 priori
604 729 798 764 Cartltusz‘ae
809 730 932 772 suctum
952 739 1016 762 non
1034 740 1121 772 effre-

426 782 537 816 diendz'
561 793 582 816 a
603 784 752 816 terminis
776 793 853 816 suae
877 782 1002 816 ewmi‘.

568 863 767 891 Innocentius
787 864 866 896 Papa
884 863 936 890 xu

501 910 538 936 ad
557 911 739 942 perpetuam
757 907 803 935 rei
822 908 1006 935 memoriam⁵

216 983 336 1004 Exordium·
427 978 469 1010 Ex
494 978 641 1011 iniuncto
667 978 762 1010 nobis
792 977 924 1010 caelitus
949 977 1121 1020 pastoralis

383 1030 613 1064 sollicitudinis
649 1040 781 1063 munere
815 1031 852 1062 ad
879 1041 915 1063 ca
939 1031 1119 1072 peculiares

383 1083 568 1126 vigilantiae
594 1088 722 1116 nostrae
754 1092 847 1115 curas
879 1083 1021 1115 libenter
1044 1094 1121 1115 con-

382 1136 545 1176 vertimus,
574 1146 654 1178 quae
669 1146 829 1179 prospero
851 1135 1119 1173 christifidelium,

383 1189 437 1232 qui
461 1200 478 1222 e
503 1189 653 1221 ssuetibus
679 1188 798 1221 saeculi
824 1188 856 1220 in
881 1193 1011 1231 portum
1037 1189 1120 1221 vitae

381 1241 554 1283 religiosae
581 1242 815 1283 confugerunt,
841 1241 1000 1282 gubernio
1025 1252 1061 1273 ac
1083 1241 1121 1273 il-

382 1294 490 1327 lornm
515 1294 610 1327 statui
636 1299 669 1326 et
692 1294 791 1337 quieti
815 1294 1033 1326 conducibilia
1050 1294 1119 1327 sore

382 1346 415 1379 in
440 1346 577 1380 Domino
603 1347 810 1379 arbitramur.

189 1403 372 1455 pt'fflifimisssstffiftff}
429 1400 444 1442 ἓ
469 1399 500 1431 Ἰ.
527 1399 652 1442 Exponi
671 1399 829 1442 siquidem
847 1399 941 1432 nobis
958 1410 1063 1442 nuper
1079 1400 1121 1432 se-

189 1447 301 1504 sttmtjffiris
324 1452 427 1485 car-cit
451 1452 587 1485 dilectus
621 1452 706 1484 silius
742 1457 935 1494 procurator
957 1453 1119 1494 generalis

275 1499 280 1504 ⁸
383 1504 513 1537 Ordinis
526 1503 777 1542 Cartbusiensis,
791 1504 888 1546 quod,
904 1505 1027 1536 tametsi
1042 1506 1120 1538 alias

383 1557 560 1600 capitulum
578 1557 730 1599 gencrale
750 1555 878 1589 Ordinis
892 1559 1049 1590 nonnulla
1064 1562 1121 1590 sta-

383 1615 528 1643 tutorum
553 1610 655 1653 ipsius
681 1609 810 1642 Ordinis
835 1611 1025 1644 auctoritate
1046 1622 1121 1655 apo-

383 1662 494 1695 stolica
520 1673 624 1706 nuper
641 1661 908 1695 confirmatorum
921 1664 1031 1703 verba,
1051 1664 1120 1706 qui-

382 1717 441 1749 bus
479 1716 668 1759 exprimitur
700 1715 785 1758 quod
817 1716 908 1759 prior
932 1716 1119 1749 Cartliusiae

383 1779 547 1811 nunquam
567 1768 720 1800 terminos
738 1768 837 1800 eremi
853 1779 929 1801 suae
943 1769 1117 1811 egreditur,

382 1821 426 1854 ita
452 1820 674 1860 declaraverit,
687 1826 722 1853 ut
738 1821 797 1853 sub
815 1820 879 1853 illis
895 1828 1047 1864 urgentes
1064 1832 1120 1855 ne-

382 1873 549 1907 cessitates
570 1883 635 1905 non
656 1873 988 1916 comprehendantur,
1004 1875 1120 1908 nibilo-

382 1927 508 1967 minus,
540 1927 615 1970 quia
651 1927 826 1969 aliquando
860 1937 896 1959 ae
924 1929 1118 1970 praesertim

382 1980 433 2012 liis
462 1979 657 2013 calamitosis
695 1979 897 2022 temporibus
929 1981 1119 2023 contingere

381 2037 502 2076 potest,
528 2038 563 2064 ut
589 2032 687 2074 ipsius
712 2032 903 2064 Cartlmsiac
929 2037 959 2065 et
984 2034 1065 2066 aliae
1090 2034 1118 2066 ei

380 2085 503 2118 vicinae
530 2085 645 2117 domus
672 2085 748 2117 dicti
774 2084 912 2122 Ordinis,
937 2085 1023 2118 inter
1040 2096 1118 2128 quas

382 2138 443 2170 tria
467 2137 662 2170 monasteria
680 2137 870 2170 monialium
896 2144 1117 2178 numerantur,

381 2195 447 2223 tam
468 2190 618 2233 grauibus
644 2190 799 2233 periculis
825 2197 856 2224 et
877 2191 1002 2224 damnis
1021 2192 1120 2225 obno—

418 2263 429 2287 1
453 2261 492 2288 Ab
512 2261 668 2288 Innocentio
688 2261 722 2287 Xl
744 2261 904 2288 confirmata
918 2261 966 2288 suit
980 2270 1048 2288 nova
1062 2262 1119 2289 col-

382 2305 462 2333 lectio
482 2308 646 2332 statutorum
667 2305 693 2331 in
715 2309 801 2331 const.
819 2305 861 2331 ed.
879 2312 1059 2339 ithLxxxvtn,
1076 2305 1119 2332 die

381 2350 415 2378 27
436 2350 534 2383 martii,
551 2349 646 2384 pontif.
663 2355 714 2381 ,της
731 2350 757 2375 in
774 2349 854 2375 buius
873 2350 1013 2376 Pontiticis
1033 2354 1118 2377 const.

382 2394 426 2421 ed.
447 2399 566 2424 mucxcn,
587 2393 630 2419 die
652 2394 678 2419 11
703 2393 805 2428 aprilis,
826 2394 921 2428 pontif.
942 2402 960 2425 1,
982 2398 1053 2420 extat
1072 2394 1119 2421 de-

383 2442 488 2466 cretum
513 2437 734 2472 Congregationis
753 2437 922 2472 particularis
950 2447 1030 2473 super
1054 2447 1120 2473 qua-

382 2484 444 2510 dam
464 2484 560 2516 caus-33
581 2486 608 2509 et
627 2482 653 2508 in
674 2482 782 2509 constit.
800 2482 842 2508 ed.
864 2483 1067 2517 mocxev111,die
1087 2484 1120 2510 ⁹25

381 2527 449 2562 iulii,
465 2526 562 2562 pontif.
578 2533 632 2558 vul,
648 2526 824 2554 confirmatur
839 2527 996 2554 constitutio
1015 2526 1076 2553 Iulii
1096 2527 1118 2553 ΙΙ

383 2580 431 2608 pro
451 2580 518 2609 pace
538 2571 681 2599 servanda.

956 190 1135 214 BULLARIUM
1160 191 1314 215 ROMANUM

1164 240 1233 272 riae
1266 239 1511 283 reperiantur¹‚
1542 245 1577 273 ut
1608 241 1673 275 illis
1704 250 1768 274 non
1801 241 1896 274 aliter

1163 303 1256 335 quam
1274 304 1332 336 per
1349 304 1516 336 egressum
1538 295 1613 327 dicti
1633 294 1752 338 prioris
1772 295 1811 328 ab
1828 305 1896 329 ere-

1163 356 1215 377 mo
1233 346 1396 388 praedicta
1414 347 1550 389 eiusque
1571 348 1776 390 personalem
1802 348 1896 381 assis-

1163 398 1312 430 stentiam
1338 399 1462 431 occurri
1487 400 1600 442 possit,
1622 400 1690 443 ipse
1707 406 1897 444 procurator

1163 451 1335 492 generalis,
1360 456 1396 483 ut
1421 452 1554 494 quaevis
1579 452 1618 485 de
1643 458 1752 487 cetero
1776 454 1838 487 hae
1862 455 1895 488 in

1163 512 1197 535 re
1221 503 1511 536 controversiarum
1540 508 1572 537 et
1597 505 1822 547 quaestionum
1842 516 1897 540 oc-

1162 555 1248 588 casio
1266 556 1394 598 penitus
1408 557 1622 600 praecidatur,
1637 559 1794 601 peculiari
1805 559 1897 592 desu-

1162 619 1221 651 per
1251 614 1403 651 paternae
1440 611 1608 644 charitatis
1643 622 1680 644 ac
1701 613 1896 656 prudentiae

1163 666 1289 694 nostrae
1314 662 1512 705 praesidium
1537 664 1695 697 accedere
1720 665 1897 708 plurimum

1162 713 1334 747 desiderat.
1353 714 1450 748 Nobis
1467 721 1652 758 propterea,
1673 717 1782 750 dilecti
1801 718 1896 750 etiam

1162 765 1218 799 filii
1243 767 1392 800 moderni
1423 768 1543 811 prioris
1572 768 1760 803 Carthusiae
1784 770 1895 803 huius-

1162 820 1247 853 modi
1273 820 1415 860 nomine,
1436 821 1602 855 humiliter
1625 823 1798 866 supplicari
1823 823 1897 857 fecit

1162 878 1196 905 ut
1226 873 1258 905 in
1293 874 1479 917 praemissis
1509 880 1693 918 opportune
1724 877 1895 920 providere

1162 926 1200 958 de
1220 926 1419 968 benignitate
1444 927 1621 970 apostolica
1645 928 1861 971 dignaremur.

1205 978 1219 1020 ξ
1240 977 1271 1010 ⁶2.
1298 977 1360 1010 Nos
1385 978 1492 1020 igitur,
1514 979 1658 1021 priorem
1689 985 1720 1013 et
1743 991 1897 1023 procura·

1163 1034 1262 1061 torem
1288 1032 1473 1071 generalem
1492 1031 1677 1074 praedictos
1700 1033 1894 1075 specialibus

1162 1083 1323 1116 favoribus
1342 1089 1373 1117 et
1389 1085 1499 1126 gratiis
1517 1086 1671 1128 prosequi
1692 1087 1846 1126 volentes,
1865 1093 1897 1120 et

1162 1147 1272 1168 eorum
1299 1137 1480 1179 singulares
1505 1148 1661 1180 personas
1686 1150 1703 1171 a
1728 1140 1894 1182 quibusvis

1162 1190 1517 1230 excomnnmicationis,
1543 1191 1770 1234 suspensionis
1792 1197 1824 1225 et
1847 1193 1896 1225 in-

1163 1242 1304 1282 terdicti,
1323 1242 1458 1285 aliisque
1477 1243 1700 1277 ecclesiasticis
1714 1245 1896 1286 sententiis,

1162 1295 1307 1327 censuris
1321 1300 1352 1327 et
1371 1295 1496 1338 poeniS,
1514 1307 1531 1328 a
1550 1296 1617 1329 iure
1632 1297 1682 1329 vel
1697 1297 1736 1329 ab
1751 1297 1896 1338 bomine,

1162 1347 1273 1391 quavis
1299 1348 1470 1380 occasione
1495 1349 1545 1381 vel
1566 1351 1662 1381 causa
1682 1350 1764 1390 latis,
1782 1351 1806 1383 si
1828 1350 1897 1394 qui-

1160 1400 1218 1432 bus
1235 1400 1477 1443 quomodolibet
1497 1400 1669 1434 innodatae
1688 1402 1838 1441 existunt,
1857 1403 1895 1436 ad

1161 1452 1309 1486 effectum
1336 1454 1556 1496 praesentium
1586 1455 1752 1487 dumtaxat
1780 1465 1898 1488 conse-

1161 1506 1336 1549 quendum,
1363 1506 1477 1538 harum
1504 1507 1601 1546 serie,
1631 1507 1837 1540 absolventes
1864 1513 1897 1540 et

1161 1559 1343 1592 absolutum
1380 1560 1448 1592 sore
1486 1566 1676 1601 censentes,
1709 1561 1896 1595 huiusmodi

1161 1613 1450 1655 supplicationibus
1476 1613 1631 1653 inclinati,
1658 1614 1696 1647 de
1721 1615 1897 1648 nonnullo-

1161 1677 1231 1698 rum
1266 1666 1497 1699 vcncrabilium
1537 1666 1670 1699 fratrum
1705 1673 1894 1700 nostrorum

1161 1718 1191 1751 S.
1219 1719 1255 1750 R.
1283 1719 1315 1751 E.
1334 1718 1544 1751 cardinalium
1564 1729 1662 1761 super
1678 1719 1740 1752 hoc
1759 1719 1895 1762 negocio

1161 1771 1284 1803 anobis
1302 1771 1485 1813 specialiter
1501 1771 1727 1814 deputatorum
1748 1773 1894 1812 consilio,

1161 1824 1362 1856 imminentia
1387 1824 1529 1866 pericula
1552 1825 1713 1857 bellorum
1728 1851 1736 1865 ‚
1763 1825 1896 1859 seditio-

1162 1887 1246 1917 num,
1272 1877 1466 1909 tumultuum
1490 1877 1695 1920 popularium
1713 1883 1746 1911 et
1764 1879 1896 1912 morbo-

1162 1940 1230 1961 rum
1248 1929 1485 1972 pestiferorum,
1504 1940 1630 1962 necnon
1649 1930 1810 1971 incendia,
1830 1931 1896 1963 rui—

1161 1993 1218 2014 nas
1245 1981 1472 2017 aedificiorum,
1487 1982 1633 2025 aliosque
1659 1993 1771 2024 graves
1796 1988 1828 2016 et
1847 1983 1895 2015 in-

1161 2035 1274 2067 solitos
1300 2044 1400 2073 casus,
1427 2034 1492 2066 sive
1518 2035 1550 2066 in
1576 2034 1679 2077 ipsius
1704 2035 1895 2069 Carthusiae

1161 2088 1269 2127 domo,
1294 2087 1359 2119 sive
1385 2087 1417 2119 in
1443 2087 1510 2119 eius
1528 2088 1672 2130 grangiis
1693 2099 1708 2120 a
1726 2089 1894 2131 praedicta

1161 2142 1254 2174 domo
1278 2141 1362 2173 ultra
1387 2141 1464 2173 duas
1488 2141 1591 2173 dietas
1617 2151 1680 2174 non
1702 2142 1894 2174 distantibus

1160 2194 1432 2237 quandocumque
1466 2198 1658 2233 eventuros,
1685 2194 1802 2237 quibus
1826 2204 1892 2227 non

1160 2247 1254 2279 aliter
1277 2257 1372 2289 quam
1397 2257 1455 2289 per
1479 2246 1579 2289 ipsius
1602 2247 1749 2279 moderni
1775 2257 1811 2279 ac
1835 2258 1894 2290 pro

1161 2306 1306 2343 tempore
1345 2299 1511 2332 existentis
1550 2298 1669 2341 prioris
1705 2299 1893 2333 Cartbusiae

1161 2352 1346 2385 huiusmodi
1369 2352 1587 2395 praesentiam
1605 2351 1766 2394 provideri
1780 2353 1893 2393 valeat,

1160 2405 1217 2437 sub
1238 2404 1459 2447 prohibitione
1477 2404 1629 2445 egressus
1644 2404 1682 2436 ab
1701 2404 1800 2436 eremi
1818 2414 1894 2437 suae

1163 2457 1307 2490 terminis
1333 2457 1436 2490 eidem
1455 2456 1553 2499 priori
1571 2466 1632 2499 per
1649 2462 1765 2490 statuta
1783 2467 1895 2500 supra-

1199 2572 1207 2597 1
1228 2570 1297 2598 Edit.
1315 2570 1398 2598 Maia.
1415 2570 1479 2606 legit
1498 2570 1716 2606 reperiebantur
1734 2572 1771 2607 (a.
1788 2571 1836 2606 ¹r.).

1901 195 1955 221 An.
1972 195 2000 221 C.
2017 195 2086 223 1692

1967 989 2088 1010 nee-tarano

1907 1016 2013 1042 pontificia
2034 1017 2089 1035 exci-

1906 1048 1965 1067 piens
2024 1048 2089 1062 novos

1907 1070 1959 1088 auos
1975 1074 2035 1088 cam<
2050 1068 2088 1088 nub

1907 1097 1970 1114 certis
1985 1094 2090 1114 conditio-

1871 1140 1876 1146 ,
1907 1121 1975 1141 nibus.
