2254 3225
249 245 298 270 Αη.
313 244 343 270 C.
362 243 427 270 1693

255 674 367 700 ὓοπομιίο
376 682 424 698 con-

240 704 360 725 uariorum.

275 1783 337 1804 Finit-s
361 1786 419 1805 tran-

234 1814 372 1836 sumptorum.

472 235 535 268 548
990 232 1188 268 ‘batumum
1213 242 1366 267 Romanum

439 302 578 335 cumque
603 292 786 333 existentes,
803 291 930 326 sublata
947 292 992 325 eis
1011 298 1038 325 ct
1059 302 1171 325 eorum

1955 239 2009 267 An.
2025 240 2054 268 c.
2069 240 2146 281 1693„

1527 289 1630 323 LXIII.
1662 302 1666 305 ·

439 346 572 378 cumbet
589 357 698 389 quam
716 347 810 379 ames
833 346 996 379 i¹¹d¹⁰3¹¹d¹
1022 351 1054 378 et
1076 350 1173 377 mm*
1213 361 1408 394 Etctmntilur
1430 361 1595 393 indultum
1625 360 1795 394 Clementis
1818 360 1848 393 X
1867 369 1944 392 can-

437 399 587 441 pretandi
618 400 767 433 facultate
800 405 831 432 et
859 399 1066 438 auctoritate,
1092 397 1172 431 iudi-

437 452 505 485 cari
530 459 562 486 et
588 453 715 485 definiri
748 454 886 493 debere,
918 463 955 485 ac
986 451 1114 484 irritum
1140 456 1172 482 et

436 505 533 538 inane
565 506 590 538 si
623 516 715 538 secus
740 516 840 548 super
863 506 915 538 his
944 516 962 537 a
985 514 1168 548 quoquam,

437 559 549 601 quavis
576 559 790 598 auctoritate,
815 558 960 591 scienter
986 557 1037 590 vel
1068 556 1166 598 igno-

435 616 565 652 ranter,
592 611 769 653 contigerit
792 610 958 644 attentari.

478 665 493 708 ἓ
517 664 547 697 4.
576 664 645 697 Non
671 664 885 704 obstantibus,
904 668 1064 707 quatenus
1088 673 1168 706 opus

434 717 483 758 sit,
508 718 623 750 nostra
647 722 679 750 et
709 717 924 750 Cancellariae
960 716 1167 760 Apostolicae

433 771 543 812 regula
568 771 608 803 de
632 770 702 803 iure
727 771 875 814 quaesito
909 781 974 803 non
999 770 1167 808 tollendo,

433 824 569 867 aliisque
595 824 879 857 constitutionibus
904 829 934 857 et
959 823 1169 856 ordinationi-

431 876 491 909 bus
515 877 702 920 apostolicis
719 903 726 917 ‚
761 887 889 910 necnon
922 876 1025 909 dictae
1049 875 1144 908 Urbis
1159 901 1166 915 ‚

432 930 546 963 aliisve
567 929 746 974 quibusvis,
765 929 862 963 etiam
880 929 1073 967 iuramento,
1091 938 1167 960 con-

430 982 611 1016 firmatIOne
636 983 826 1026 apostolica,
849 993 905 1015 seu
931 981 1041 1025 quavis
1061 981 1164 1012 tirmi-

430 1040 495 1068 tate
515 1035 577 1069 alia
601 1036 783 1076 roboratis,
817 1035 967 1074 statutis,
989 1044 1166 1077 eorumque

429 1088 714 1122 reformationibus
740 1094 771 1121 et
800 1088 888 1121 novis
926 1087 1166 1124 additionibus,

430 1140 531 1184 stylis,
549 1141 661 1174 usibus
680 1146 711 1174 et
735 1140 1043 1179 consuetudinibus,
1070 1139 1166 1182 privi—

429 1194 523 1236 legiis
548 1204 697 1237 quoque,
731 1194 864 1226 indultis
887 1197 920 1226 et
951 1192 1066 1225 litteris
1091 1202 1168 1234 apo-

429 1247 553 1280 stolicis
598 1247 629 1279 in
671 1246 870 1280 contrarium
910 1245 1166 1289 praemissorum

429 1300 676 1343 quomodolibet
700 1299 886 1339 concessis,
914 1298 1111 1331 confirmatis
1136 1302 1167 1329 ct

429 1353 612 1394 innovatis3
640 1353 758 1396 quibus
783 1352 933 1386 omnibus
958 1356 990 1384 ct
1014 1350 1164 1392 singulis,

428 1404 561 1438 illorum
588 1411 715 1439 tenores
739 1405 966 1449 praesentibus
984 1414 1043 1447 pro
1067 1404 1165 1446 plene

429 1462 461 1490 et
486 1458 684 1491 sufficienter
709 1458 869 1501 expressis
896 1463 927 1490 et
951 1457 1083 1490 insertis
1110 1457 1166 1488 ha-

427 1512 560 1552 bentes,
574 1512 638 1545 illis
656 1512 734 1544 alias
752 1512 784 1544 in
802 1522 859 1544 suo
878 1511 996 1544 robore
1015 1521 1167 1553 perman-

428 1565 529 1604 suris,
559 1565 598 1597 ad
624 1565 879 1608 praemissorum
909 1564 1078 1603 effectum,
1107 1563 1166 1595 hac

427 1616 495 1650 vice
528 1617 710 1657 dumtaxat,
731 1617 917 1660 specialiter
951 1621 982 1649 ct
1013 1626 1166 1659 expresse

430 1669 641 1713 derogamus3
675 1670 860 1714 ceterisque
897 1669 1069 1703 contrariis
1093 1669 1165 1713 qui-

429 1723 640 1766 buscumque.

474 1777 488 1819 g
520 1776 551 1809 5.
579 1776 735 1809 Volumus
771 1781 881 1810 autem
910 1780 948 1809 ut
979 1776 1166 1810 earumdem

429 1829 649 1872 praesentium
666 1830 847 1862 litterarum
866 1830 1088 1872 transumptis,
1111 1840 1167 1861 scu

429 1883 610 1927 exemplis,
635 1884 731 1916 etiam
759 1883 948 1927 impressis,
981 1894 1078 1916 manu
1111 1883 1169 1916 ali-

429 1935 520 1969 cuius
547 1937 668 1969 notarii
692 1937 814 1980 publici
835 1937 1049 1980 subscriptis,
1072 1942 1104 1969 et
1127 1936 1169 1968 si-

430 1988 509 2031 gillo
530 2000 692 2032 personae
717 1990 750 2022 in
771 1989 992 2023 ecclesiastica
1009 1989 1167 2032 dignitate

430 2042 625 2075 constitutae
643 2043 786 2083 munitis,
802 2043 916 2076 cadem
934 2053 1067 2086 prorsus
1088 2043 1168 2075 sides

431 2100 496 2127 tam
520 2096 554 2127 in
578 2095 700 2129 iudicio
715 2107 811 2140 quam
836 2101 924 2128 extra
939 2096 1021 2129 illud
1048 2096 1170 2128 habea-

430 2152 494 2189 tur,
522 2159 603 2191 quae
627 2149 706 2192 ipsis
738 2149 963 2192 praesentibus
990 2149 1168 2182 haberetur

431 2201 457 2234 si
482 2202 591 2234 forent
618 2202 781 2235 exhibitae
808 2203 857 2236 vel
882 2208 1044 2235 ostensae.

475 2254 589 2287 Datum
610 2255 743 2295 Romae,
764 2256 851 2298 apud
867 2255 898 2288 S.
918 2255 1050 2288 Mariam
1072 2256 1169 2289 Maio-

431 2317 513 2347 rem,
540 2308 601 2340 sub
625 2309 747 2340 annulo
770 2308 960 2349 piscatoris,
988 2309 1041 2342 die
1072 2319 1167 2342 xxviii

432 2361 556 2404 augusti
604 2371 751 2395 Mucxcin
770 2389 777 2403 ,
816 2361 1022 2405 pontificatus
1066 2362 1168 2395 nostri

432 2424 519 2447 anno
544 2424 593 2447 111.

468 2474 529 2504 Dat.
545 2475 590 2504 die
603 2475 637 2503 28
652 2477 758 2512 augusti
776 2476 854 2511 1693,
874 2477 972 2513 pontif.
988 2485 1058 2506 anno
1074 2483 1115 2504 ni.

1256 415 1382 457 serendi
1405 414 1581 447 nonnullos
1604 414 1725 456 aradus
1750 415 1784 446 in
1802 414 1947 456 colleyiis

1256 467 1423 501 Societatis
1446 467 1519 500 [esa
1544 467 1714 499 civitatum
1739 467 1771 499 S.
1803 466 1899 499 Fidei
1918 470 1947 499 et

1258 519 1423 558 taitensis
1447 520 1481 551 in
1499 519 1607 552 Inde'is
1628 519 1888 553 occidentalibus
1904 519 1947 553 ad

1254 572 1338 605 alios
1360 572 1494 616 qraclus,
1522 573 1608 606 evin
1630 576 1821 617 perpetuum
1834 572 1863 616 ¹„
1907 582 1910 584 ·

1386 654 1582 682 Innocentius
1601 654 1681 688 Papa
1695 653 1749 681 ΧΠ
1762 675 1769 688 ,
1784 686 1787 690 ,

1349 698 1387 726 ad
1406 699 1540 726 futuram
1563 699 1608 726 rei
1627 698 1807 726 memoriam.

1255 769 1269 811 ξ,
1293 768 1324 802 ’1.
1358 769 1444 802 Alias
1476 770 1579 803 felicis
1608 770 1845 804 recordationis
1869 769 1943 804 Cle·
1988 777 2087 799 Refertur
2107 778 2138 799 tn-

1955 804 2034 825 dultuni
2044 805 2137 826 Clemen-

1212 822 1310 854 menti
1330 821 1412 865 Papa
1429 822 1455 854 X
1480 823 1723 865 praedecessori
1748 828 1869 864 nostro,
1884 832 1981 867 protis
1996 832 2013 851 x
2031 838 2069 857 vro
2092 838 2138 857 sra-

1211 881 1302 917 partc
1321 880 1396 908 tunc
1414 875 1446 907 in
1465 876 1616 908 humanis
1633 877 1758 919 agentis
1784 877 1942 919 Alphonsi
1955 858 2018 921 ssiiissg
2034 857 2138 931 elziltigti:

1212 928 1250 959 de
1273 928 1399 961 Alarios
1419 929 1597 972 presbyteri
1623 929 1782 971 regularis
1806 912 2058 963 Societa·¹c⁰ei·'1ii'i¹r=1a
2088 916 2138 957 ⁰033

1954 969 2043 984 cci-um.

1213 981 1250 1012 tis
1280 980 1350 1013 lesu
1383 991 1419 1013 ac
1448 982 1670 1024 procuratoris
1704 982 1943 1024 provinciarum

1210 1034 1384 1076 Hispaniae
1423 1039 1455 1067 et
1490 1034 1652 1067 indiarum
1692 1035 1944 1069 Occidentalium

1211 1087 1315 1120 dictae
1341 1087 1524 1127 Societatis‚
1552 1088 1712 1131 exposito,
1737 1089 1841 1132 qnod,
1870 1100 1942 1121 cum

1210 1141 1478 1183 metropolitanae
1506 1141 1536 1174 S.
1568 1141 1657 1174 Fidei
1689 1147 1720 1174 et
1747 1142 1942 1174 cathedralis

1210 1192 1373 1230 Quitensis
1395 1193 1562 1233 ecclesiae,
1598 1193 1629 1225 in
1663 1193 1808 1236 partibus
1839 1193 1945 1227 India-

1212 1255 1280 1277 rum
1311 1245 1535 1285 consistentes,
1569 1245 1631 1278 duo
1663 1246 1834 1279 seminaria
1859 1246 1944 1278 iuxta

1210 1297 1345 1330 sormam
1382 1303 1414 1330 et
1452 1298 1701 1341 dispositionem
1738 1298 1940 1332 decretorum

1210 1350 1343 1383 Concilii
1369 1350 1548 1383 Tridentini
1574 1351 1605 1383 in
1631 1351 1814 1384 civitatibus
1839 1351 1869 1384 S.
1892 1351 1943 1384 Fi-

1210 1403 1261 1436 dei
1294 1408 1326 1436 et
1356 1402 1499 1441 Quitensi
1533 1404 1712 1447 respective
1745 1404 1940 1445 erexissent,

1210 1456 1241 1488 in
1257 1456 1372 1498 quibus
1390 1457 1615 1499 quamplurimi
1635 1458 1868 1498 adolescentes,
1883 1459 1942 1490 sub

1210 1511 1285 1541 cura
1304 1514 1335 1542 et
1352 1510 1509 1551 gubernio
1535 1510 1726 1543 clericorum
1745 1511 1942 1553 regularium

1209 1563 1376 1596 Societatis
1392 1564 1554 1606 praefatae
1569 1565 1800 1605 educabantur,
1823 1575 1859 1597 ac
1882 1565 1944 1598 lin-

1210 1627 1292 1659 guae
1325 1616 1467 1656 latinae,
1504 1617 1736 1660 philosophiae
1767 1622 1799 1650 et
1834 1628 1941 1651 sacrae

1209 1670 1394 1711 theologiae
1412 1670 1526 1702 studiis
1552 1670 1584 1702 in
1609 1670 1756 1713 collegiis
1774 1670 1942 1704 Societatis

1210 1728 1241 1754 et
1270 1722 1432 1755 civitatum
1464 1723 1647 1755 huiusmodi
1680 1734 1814 1766 operam
1847 1734 1945 1757 nava-

1209 1774 1295 1813 bant,
1323 1786 1442 1818 eosque
1464 1776 1495 1808 in
1519 1775 1634 1808 virtute
1655 1780 1686 1808 et
1706 1776 1850 1809 doctrina
1871 1787 1944 1820 pro—

1210 1838 1338 1871 gressus
1373 1828 1535 1861 faciebant
1565 1828 1619 1861 [ης
1643 1829 1820 1862 animarum
1847 1830 1943 1862 saluti

1210 1888 1241 1914 et
1257 1881 1458 1915 conversioni
1476 1882 1646 1924 gentilium
1661 1883 1812 1925 (quorum
1829 1882 1860 1915 in
1879 1883 1943 1916 illis

1209 1935 1395 1977 regionibus
1422 1935 1535 1967 messis
1558 1936 1675 1975 multa,
1699 1936 1841 1979 operarii
1865 1946 1942 1969 vero

1210 1988 1329 2032 pauci)
1362 1988 1524 2021 fructuose
1560 1988 1747 2022 incumbere
1778 1990 1941 2030 valeren13

1210 2041 1427 2085 propinquior
1444 2052 1531 2082 vero,
1549 2052 1666 2085 nempe
1687 2042 1826 2082 Limana,
1847 2042 1943 2075 studii

1209 2095 1370 2137 generalis
1401 2095 1594 2129 universitas
1627 2106 1644 2128 a
1674 2095 1705 2128 S.
1732 2095 1821 2128 Fidei
1853 2096 1941 2129 mille

1209 2149 1405 2192 quingentis,
1416 2154 1446 2181 ct
1460 2160 1476 2181 a
1489 2148 1645 2187 Quitensi,
1657 2149 1835 2181 civitatibus
1852 2159 1943 2192 prae-

1211 2201 1292 2241 fatis,
1317 2201 1531 2244 nonagentis³
1551 2201 1742 2234 milliaribus
1764 2202 1942 2244 respective

1210 2254 1943 2297 distabat,acproindealumniseminariorum

1210 2308 1426 2351 praefatorum
1452 2308 1491 2340 ad
1520 2308 1666 2340 camdem
1704 2308 1944 2341 universitatem

1210 2362 1391 2402 Limanam,
1425 2366 1558 2404 propter
1582 2362 1726 2393 locorum
1759 2361 1943 2394 distantiam

1249 2459 1258 2485 1
1282 2458 1320 2485 Cf.
1341 2457 1486 2484 Clementis
1506 2457 1529 2483 X
1548 2457 1654 2484 constit.
1679 2457 1751 2484 infra
1777 2458 1896 2492 citatam,
1917 2463 1944 2486 et

1211 2503 1291 2530 huius
1311 2502 1446 2530 Pontificis
1471 2501 1577 2529 constit.
1605 2501 1669 2529 edit.
1694 2508 1831 2538 mncxeilt,
1848 2503 1892 2532 die
1910 2503 1944 2532 28

1211 2547 1382 2583 septembris,
1399 2546 1491 2582 pontif.
1509 2553 1547 2573 111.

1246 2593 1262 2618 2
1282 2591 1351 2618 Edit.
1372 2590 1452 2618 Maia.
1475 2591 1538 2624 logii
1559 2594 1583 2618 et
1602 2599 1650 2626 pro
1669 2594 1700 2619 ut
1723 2591 1761 2627 (a.
1781 2592 1830 2628 τ.).

1247 2637 1262 2663 3
1282 2636 1322 2662 Sic
1343 2636 1407 2671 legit
1423 2635 1487 2662 cdii.
1503 2635 1581 2662 Main.
1600 2638 1636 2671 (a.
1653 2637 1690 2671 T.)
