2254 3225
199 205 248 230 Λη.
271 202 299 229 e.
319 203 385 230 1633
432 194 495 227 772

968 205 1147 230 BULLARiUM

391 252 534 295 graphis,
561 252 716 287 librorum
741 254 993 298 impressoribus
1019 261 1050 288 et
1079 255 1127 287 bi-

391 305 543 349 bliopolis
569 308 708 341 ubilibet
738 308 961 349 existentibus,
993 309 1051 342 sub
1077 319 1128 342 ex-

393 360 695 394 communicationis
734 362 816 394 latae
864 362 1068 402 sententiae,
1094 361 1126 394 in

394 415 505 446 nostra
529 424 604 447 vero
631 415 800 457 temporali
827 415 949 448 ditione
986 425 1128 447 eommo—

394 467 550 507 rantibus,
577 467 672 500 etiam
698 468 756 500 sub
786 468 1039 510 quingentorum
1073 468 1128 500 du-

395 525 539 552 catorum
564 520 631 553 auri
657 521 695 554 de
721 520 861 559 Camerti,
882 531 917 552 ae
941 519 1126 552 amissionis

395 577 543 616 typorum
569 579 600 606 et
623 574 780 606 libroruin
805 573 951 605 omnium
976 572 1127 605 Gamerae

393 631 524 658 nostrae
550 626 754 670 Apostolicae
779 625 1049 658 irremissibiliter
1074 635 1128 667 ap-

393 678 634 721 plicandorum¹
649 679 763 722 poenis
780 689 839 722 per
856 677 1127 712 contrafacientes

393 741 432 763 eo
443 731 513 775 ipso
528 731 648 776 absque
662 733 723 766 alia
734 731 952 765 declaratione
963 731 1129 764 incurren-

393 783 450 824 dis,
477 786 654 828 apostolica
677 785 881 825 auctoritate,
907 790 1021 817 tenore
1038 794 1127 827 prae-

392 838 543 880 sentium,
565 839 788 872 interdicimus
805 844 836 873 et
853 839 1066 883 prohibemus
1086 848 1125 870 ne

390 891 585 926 breviarium
600 893 792 936 praestitum,
810 893 849 926 ad
869 903 959 925 usum
984 892 1126 925 omnium

392 950 423 977 et
447 945 648 989 singularum
672 946 840 989 utriusque
858 956 950 979 sexus
974 956 1127 988 persona-

391 1007 459 1030 rum
485 1000 671 1042 praedictae
703 999 910 1032 obedientiae
947 1010 1003 1032 sen
1041 999 1126 1032 dire-

391 1052 490 1085 ctioni
516 1052 731 1085 subiectarum
759 1052 954 1096 ubicumque
980 1053 1126 1086 locorum

391 1105 589 1147 degentium,
615 1105 699 1138 sicut
715 1105 943 1148 praemittitur,
971 1105 1127 1149 approba-

390 1162 465 1197 tum,
480 1157 615 1199 posthac
636 1158 667 1189 in
689 1164 891 1201 perpetuum,
909 1158 1031 1200 absque
1053 1168 1127 1201 spe-

390 1210 463 1243 ciali
489 1210 636 1244 eiusdem
656 1212 901 1244 Bonaventurae
919 1216 951 1244 et
967 1222 1026 1255 pro
1049 1217 1127 1244 tern-

390 1274 470 1306 pore
507 1263 672 1297 existentis
709 1264 786 1298 dicti
822 1264 949 1297 Ordinis
987 1265 1125 1298 ministri

390 1317 550 1359 generalis
576 1323 631 1350 aut
655 1318 694 1350 ab
719 1328 755 1351 eo
779 1329 909 1351 causam
934 1318 1126 1351 habentium

389 1369 522 1402 lieentia
545 1370 578 1402 in
604 1370 730 1413 scriptis
767 1371 912 1413 qualibet
940 1370 1008 1404 viee
1044 1371 1147 1404 obn-³

390 1424 507 1464 nenda,
522 1429 554 1456 et
578 1424 610 1459 in
631 1425 703 1467 ipso
721 1425 884 1457 breviario
909 1424 1037 1467 integre
1063 1427 1127 1458 una

392 1487 465 1509 eum
497 1476 619 1509 eisdem
649 1477 877 1520 praesentibus
897 1477 1125 1521 imprimenda,

393 1530 474 1574 typis
499 1529 687 1573 imprimere
713 1536 766 1563 aut
791 1530 830 1563 ab
856 1531 925 1564 aliis
950 1531 983 1564 in
1019 1539 1127 1575 poste-

390 1593 464 1616 rum
496 1583 636 1616 vendere
671 1594 727 1616 scu
764 1585 877 1617 venale
918 1585 1041 1619 habere
1079 1588 1127 1620 vel

391 1646 579 1680 proponere
620 1637 853 1680 quoquomodo
892 1638 1031 1671 audeant
1071 1650 1128 1672 seu

391 1695 613 1733 praesumant.
649 1690 683 1723 Et
719 1691 931 1724 nihilominus
966 1703 1127 1735 personae

391 1743 467 1776 illae
499 1753 536 1776 ex
561 1743 769 1786 supradictis,
795 1744 913 1787 quibus
935 1745 967 1777 in
985 1746 1047 1778 vim
1074 1747 1128 1779 de-

392 1796 471 1829 creti
497 1807 553 1829 sen
579 1796 786 1829 decretorum
822 1803 1017 1831 memoratae
1048 1799 1129 1832 Con-

393 1850 592 1892 gregationis
628 1850 841 1883 cardinalium
866 1851 931 1884 alio
968 1851 1129 1886 breviario

391 1901 438 1934 uti
463 1902 595 1935 minime
622 1903 667 1935 sas
686 1908 743 1944 est,
761 1903 930 1936 breviariis
949 1904 1017 1937 sine
1038 1916 1131 1948 prae-

393 1954 478 1988 dicta
501 1955 630 1988 licentia
651 1955 819 1999 impressis
840 1961 894 1988 aut
911 1958 1066 2000 evulgatis
1084 1958 1130 1990 nti

393 2013 566 2052 nequeant,
585 2009 644 2041 sub
661 2009 778 2052 poenis
800 2010 962 2042 contentis
987 2011 1019 2042 in
1041 2011 1131 2045 Ordi-

393 2060 442 2093 nis
474 2061 632 2104 praedicti
664 2062 966 2104 constitutionibus,
993 2064 1130 2108 aliisque

393 2124 453 2157 per
478 2114 597 2147 dictum
623 2114 882 2149 Bonaventuram
909 2121 942 2149 et
965 2127 1024 2160 pro
1050 2124 1131 2151 tem-

393 2177 473 2209 pore
499 2168 692 2201 existentem
726 2169 909 2202 ministrum
945 2172 1130 2212 generalem

394 2230 492 2263 super
516 2220 580 2253 hoc
611 2221 807 2263 infligendis.
846 2223 1033 2257 Mandantes
1057 2236 1131 2268 pro-

393 2277 509 2316 pterea
534 2274 776 2307 venerabilibus
812 2276 964 2309 fratribus
1000 2278 1152 2322 patriar-1

395 2325 490 2366 chis,
516 2326 776 2370 archiepiscopis
810 2333 841 2360 et
877 2329 1040 2373 episeopis
1060 2358 1067 2371 ,
1095 2342 1131 2364 ac

395 2379 656 2423 quibuscumque
681 2381 829 2414 locorum
849 2381 1036 2424 Ordinariis,
1058 2394 1131 2416 nee·
1151 2385 1153 2419 i

394 2442 462 2465 non
486 2433 519 2465 in
544 2432 633 2466 Statu
658 2438 770 2466 nostro
795 2433 1021 2468 Ecclesiastico
1051 2437 1131 2470 dile-

395 2485 454 2519 ctis
477 2485 552 2518 filiis
569 2485 688 2519 nostris
713 2492 745 2519 et
762 2487 966 2530 Apostolicae
985 2489 1075 2522 Sedis
1092 2490 1131 2522 dc
1173 2490 1369 2523 Declaratur
1378 2491 1414 2523 in
1426 2491 1654 2524 constitutione
1666 2491 1914 2525 InnocentiiXI

430 2557 442 2583 1
464 2556 535 2584 Edit.
557 2556 641 2585 Maia.
662 2557 727 2593 legit
746 2558 927 2593 applicatum
957 2568 1004 2595 pro
1032 2561 1130 2596 appli-

394 2601 552 2631 candorum
572 2602 610 2637 (tt.
632 2603 682 2637 Τ.).

1170 205 1324 230 ROMANUM

1168 256 1270 287 latere
1295 254 1411 298 legatis
1429 264 1485 287 seu
1505 264 1615 287 eorum
1631 252 1828 296 vicelegatis,
1849 257 1904 284 aut

1169 308 1451 351 praesidentibus,
1487 307 1775 351 gubernatoribus,
1810 316 1904 350 prae-

1170 361 1300 402 toribus,
1327 360 1462 404 aliisque
1487 361 1627 394 iustitiae
1652 359 1806 393 ministris
1831 369 1904 402 pro-

1170 414 1356 454 vinciarum,
1384 414 1558 454 civitatum,
1586 420 1746 447 terrarum
1771 418 1803 446 et
1822 413 1904 445 loeo-

1168 477 1238 499 rum
1270 467 1374 500 Status
1405 468 1584 511 praedicti,
1611 473 1771 511 quatenus
1796 466 1904 499 eidem

1169 520 1415 554 Bonaventurae
1442 527 1474 554 et
1493 532 1553 564 pro
1580 526 1728 564 tempore
1753 520 1903 554 existenti

1169 572 1319 605 ministro
1357 573 1502 615 generali
1539 584 1596 606 seu
1627 573 1665 606 ab
1705 583 1742 606 eo
1775 583 1905 605 eausam

1169 624 1365 658 habentibus
1389 626 1564 669 praed1ctis
1590 626 1623 659 in
1643 625 1831 669 praemissis
1862 625 1905 657 es-

1168 676 1273 710 fieacis
1300 679 1501 712 defensionis
1519 679 1684 722 praesidio
1702 679 1902 718 assistentes,

1169 732 1439 775 quandocumque
1465 732 1503 764 ab
1528 732 1600 775 ipso
1625 732 1852 765 Bonaventura
1871 735 1904 764 et

1168 795 1227 827 pro
1243 790 1387 828 tempore
1405 785 1554 818 existenti
1571 785 1699 819 Ordinis
1717 783 1904 818 huiusmodi

1167 838 1313 871 ministro
1339 839 1483 881 generali
1507 839 1656 883 requisiti
1675 839 1806 880 suerint,
1828 849 1906 883 poe-

1168 902 1224 924 nas
1248 892 1432 934 praedictas
1458 898 1570 925 contra
1595 903 1819 936 quoscumque
1837 891 1905 925 ino-

1167 944 1338 977 bedientes
1364 945 1634 978 irremissibiliter
1659 950 1875 988 exequantur.

1212 997 1226 1040 ἓ
1251 997 1283 1030 3.
1305 996 1375 1030 Non
1393 998 1599 1031 obstantibus
1616 997 1904 1031 constitutionibus

1168 1056 1199 1084 et
1234 1050 1496 1084 ordinationibus
1533 1051 1739 1095 apostolicis,
1776 1062 1811 1083 ae
1837 1051 1906 1094 qui-

1167 1103 1289 1145 busvis,
1318 1103 1414 1136 etiam
1438 1104 1633 1145 iuramento,
1661 1103 1905 1137 confirmatione

1168 1156 1358 1199 apostoliea,
1384 1157 1433 1189 vel
1460 1156 1572 1199 quavis
1597 1155 1746 1189 firmitate
1772 1156 1832 1189 alia
1857 1165 1908 1188 ro-

1167 1209 1302 1249 boratis,
1329 1209 1453 1241 statutis
1476 1214 1507 1242 et
1525 1209 1825 1249 consuetudinibus,
1841 1209 1907 1252 pri-

1167 1261 1293 1303 vilegiis
1325 1272 1478 1304 quoque,
1515 1261 1648 1294 indultis
1672 1266 1703 1294 et
1734 1261 1850 1294 litteris
1877 1272 1906 1293 a-

1167 1314 1337 1358 postolicis
1370 1314 1403 1346 in
1428 1314 1626 1347 eontrarium
1654 1313 1908 1358 praemissorum

1169 1367 1417 1411 quomodolibet
1441 1367 1616 1408 concessis,
1642 1366 1839 1400 confirmatis
1876 1372 1908 1399 et

1168 1421 1349 1461 innovatis;
1377 1421 1560 1464 ceterisque
1582 1421 1753 1454 contrariis
1778 1420 1909 1464 quibus-

1169 1484 1319 1517 cumque.
1336 1474 1492 1507 Volumus
1508 1479 1614 1506 autem
1635 1479 1668 1506 ut
1686 1473 1907 1517 praesentium

1170 1527 1394 1570 transumptis,
1433 1538 1488 1560 seu
1528 1527 1697 1570 exemplis,
1737 1527 1834 1560 etiam
1872 1525 1905 1558 in

1170 1580 1283 1614 eodem
1308 1580 1472 1613 breviario
1490 1580 1663 1623 impressis,
1687 1590 1782 1613 manu
1808 1579 1908 1613 alicu-

1170 1634 1216 1666 ius
1242 1633 1359 1666 notarii
1385 1633 1506 1676 publici
1533 1633 1734 1676 subseripds,
1749 1637 1780 1666 et
1800 1632 1908 1675 sigillo

1170 1685 1304 1718 alicuius
1329 1696 1488 1729 personae
1509 1686 1541 1718 in
1559 1685 1780 1718 ecclesiastica
1805 1685 1910 1728 digni-

1170 1744 1234 1771 tate
1261 1739 1454 1771 constitutae
1491 1738 1643 1778 munitis,
1681 1738 1793 1771 eadem
1828 1737 1908 1771 fides

1169 1791 1291 1834 ubique
1328 1793 1474 1824 locorum
1501 1791 1659 1824 habeatur
1677 1818 1684 1832 ,
1710 1801 1791 1834 quae
1829 1791 1909 1835 ipsis

1170 1845 1398 1888 praesentibus
1425 1844 1604 1877 haberetur
1635 1844 1660 1877 si
1694 1844 1801 1877 forent
1820 1843 1910 1877 exhi-

1171 1897 1256 1930 bitae
1284 1898 1331 1930 vel
1357 1903 1521 1930 ostensae.

1215 1950 1328 1983 Datum
1354 1950 1495 1991 Romae,
1520 1951 1606 1994 apud
1632 1950 1663 1983 S.
1692 1950 1821 1983 Mariam
1847 1949 1910 1983 Ma-

1172 2003 1293 2042 iorem,
1320 2003 1378 2035 sub
1410 2004 1531 2035 annulo
1558 2003 1731 2036 Piscatoris
1748 2030 1756 2044 ,
1783 2003 1834 2036 die
1859 2013 1910 2036 xm

1172 2056 1358 2089 novembris
1394 2065 1543 2095 innexum,
1570 2055 1775 2098 pontificatus
1807 2056 1910 2089 nostri

1172 2119 1258 2142 anno
1284 2118 1328 2141 vr
1611 2118 1615 2120 ·

1208 2170 1267 2198 Dat.
1284 2170 1327 2198 die
1342 2170 1372 2197 ⁰21
1392 2170 1548 2200 novembris
1562 2170 1643 2205 1696,
1659 2171 1752 2206 pontit.
1769 2179 1838 2199 anuo
1855 2178 1890 2198 ri.

1481 2384 1595 2418 CXLII.

1218 2545 1303 2576 circa
1325 2544 1501 2587 priw'leqfa
1520 2548 1547 2575 et
1565 2543 1789 2586 indalgyenlsas
1817 2544 1911 2577 Ordi-

1217 2598 1268 2630 nis
1295 2598 1459 2631 illinorum
1485 2597 1514 2630 S.
1540 2597 1712 2630 huam-[sci
1736 2598 1773 2630 dc
1799 2598 1911 2632 Obser-

1911 203 1960 235 Λῃ.
1977 203 2005 230 C.
2029 203 2095 232 1096

1944 1008 2063 1030 clausulae,
