2254 3225
225 267 275 295 An.
291 267 321 296 c.
343 268 411 296 1699
457 258 521 294 908

230 1918 362 1939 Confirmatio
369 1917 413 1947 lau·

229 1946 326 1966 datarum
337 1947 412 1965 eonsu-

230 1974 340 1993 tutionum.

417 317 495 351 dicti
512 318 692 361 collegerit,
708 319 788 353 etin
806 320 966 353 relatione
984 323 1043 353 sua
1063 320 1157 354 dictis

417 370 639 405 cardinalibus
665 382 765 415 super
788 373 978 416 praemissis
1013 374 1094 406 sacta
1126 385 1158 407 e-

418 425 621 458 nunciaverit
646 437 682 458 ac
702 427 913 465 recensuerit,
937 438 1070 470 nempe:
1094 428 1157 461 «in

418 479 560 521 capitulo
586 479 815 512 vallisoletano
842 491 927 512 anno
952 491 1040 514 nncv
1077 482 1158 514 cele-

417 532 519 570 brato,
546 533 751 565 ordinatione
784 543 855 572 XLV,
883 535 1071 566 mandatum
1107 545 1159 566 re-

418 585 518 628 periri
551 591 586 617 ut
611 586 644 618 in
675 586 856 628 provinciis
889 586 1051 619 indiarum
1082 587 1158 619 dicti

418 638 546 670 Ordinis
578 638 643 670 duo
669 639 846 670 secundum
877 648 1010 670 earnem
1040 638 1157 670 fratres

418 690 478 722 sibi
504 690 640 724 invicem
666 690 696 722 in
722 690 923 733 prioratibus
945 694 1007 724 tam
1029 691 1160 733 provin-

419 742 553 775 cialibus
562 753 658 785 quam
673 743 945 776 conventualibus
961 745 1051 777 nullo
1064 748 1158 786 pacto

418 796 605 836 succedant,
630 806 812 839 eorumque
838 796 1018 829 electiones
1044 801 1159 829 contra

419 849 643 883 ordinationes
677 849 862 883 huiusmodi
898 850 1033 883 sormam
1059 850 1158 882 factas

419 914 457 936 eo
482 904 553 947 ipso
590 903 698 936 irritas
730 909 761 937 et
794 905 899 937 nullas
934 904 1095 938 declarari
1128 910 1159 936 et

420 956 570 996 decerni,
598 967 634 989 ac
670 957 700 990 id
734 957 843 1000 ipsum
875 956 972 990 etiam
1006 962 1100 989 antea
1126 956 1159 989 in

420 1010 565 1053 capitulo
602 1010 759 1049 Romano,
788 1011 995 1043 ordinatione
1019 1021 1070 1049 xx,
1098 1021 1159 1053 pro

420 1062 589 1104 provincia
614 1062 828 1096 Lombardiae
848 1063 978 1097 Ordinis
1003 1063 1159 1106 praedicti

420 1120 576 1148 statutum
613 1116 727 1156 fuisse,
763 1117 911 1159 quinimo
951 1117 984 1149 in
1017 1116 1159 1159 capitulo

421 1167 563 1208 Veneto,
593 1179 679 1202 anno
710 1179 823 1203 mnxon
856 1170 992 1211 habito,
1024 1169 1158 1202 ordina-

422 1221 509 1253 tione
530 1231 611 1261 xxxi,
626 1232 687 1264 pro
701 1223 868 1264 provincia
885 1223 916 1255 S.
940 1222 1082 1255 Thomae
1104 1232 1160 1254 seu

421 1274 557 1317 Apuliae
589 1274 718 1308 Ordinis
755 1276 942 1309 huiusmodi
968 1276 1100 1319 disponi
1127 1281 1162 1307 ut

420 1328 527 1370 primo
553 1332 586 1361 et
610 1329 754 1362 secundo
789 1329 1086 1372 consanguinitatis
1110 1329 1160 1361 vel

421 1381 585 1414 affinitatis
611 1382 711 1425 gradu
736 1382 823 1415 inter
848 1393 881 1415 se
909 1382 1074 1416 coniuncti
1105 1393 1161 1415 seu

421 1445 456 1467 se
481 1435 658 1468 attinentes
684 1436 743 1468 sibi
770 1436 802 1468 in
829 1436 942 1468 officiis
964 1436 1163 1476 provinciali-

421 1488 480 1520 bus
500 1489 550 1521 vel
569 1487 747 1531 prioratus¹
765 1500 832 1522 non
853 1490 1045 1530 succedant;
1064 1490 1161 1532 idque

422 1540 545 1583 pariter
558 1541 590 1573 in
604 1542 927 1584 capituloValentino
942 1553 1028 1575 anno
1043 1552 1161 1575 Mnxcx‘i

423 1599 621 1636 congregato
646 1605 706 1637 pro
735 1595 903 1637 provincia
928 1595 1110 1628 Fainacliae
1137 1606 1162 1627 e-

423 1646 548 1680 iusdem
565 1647 694 1681 Ordinis
712 1648 933 1681 demandari»
950 1659 956 1680 ;
976 1648 1069 1680 nobis
1086 1659 1164 1691 pro-

423 1704 538 1743 pterea
582 1700 688 1733 dictus
736 1701 950 1743 Hieronymus
998 1701 1164 1733 humiliter

423 1753 600 1796 supplicari
627 1753 704 1786 fecit
740 1758 775 1785 ut
812 1755 843 1785 in
880 1754 1069 1797 praemissis
1106 1765 1164 1796 op-

423 1811 565 1849 portune
590 1806 763 1849 providere
785 1811 816 1838 et
833 1811 866 1838 ut
883 1807 968 1839 int'ra
992 1807 1163 1849 indulgere

424 1858 463 1892 de
488 1858 689 1901 benignitate
716 1859 893 1902 apostolica
918 1860 1138 1902 dignaremur.

468 1911 482 1954 ἓ
507 1910 539 1944 3.
566 1911 629 1944 Nos
664 1911 772 1954 igitur,
802 1912 950 1945 eiusdem
976 1913 1162 1956 Hieronymi

423 1963 503 1996 votis
529 1964 590 1996 hac
615 1963 645 1995 in
672 1974 719 2005 re,
747 1969 903 2007 quantum
930 1975 1002 1997 cum
1026 1965 1163 1998 Domino

424 2027 606 2061 possumus,
622 2017 997 2052 favorabiliterannuere
1007 2020 1163 2058 volentes,

424 2080 562 2114 eumque
585 2081 602 2103 a
628 2071 791 2114 quibusvis
812 2072 1163 2112 excommunicationis,

424 2124 650 2167 suspensionis
666 2124 887 2165 etinterdicti,
910 2125 1046 2168 aliisque
1064 2127 1166 2159 eccle-

426 2176 563 2209 siasticis
587 2177 777 2217 sententiis,
813 2177 959 2210 censuris
984 2183 1017 2210 et
1040 2178 1164 2220 poenis,

427 2240 444 2262 a
460 2230 529 2262 iure
547 2231 598 2263 vel
624 2230 663 2263 ab
689 2230 832 2270 homine,
859 2231 971 2274 quavis
997 2232 1166 2264 occasione

425 2284 474 2316 vel
500 2286 594 2315 causa
619 2283 706 2324 latis,
733 2284 895 2327 siquibus
922 2285 1168 2328 quomodolibet

426 2335 597 2369 innodatus
626 2337 744 2377 existit,
774 2338 813 2370 ad
838 2338 989 2371 effectum
1013 2349 1168 2382 praesen-

427 2389 503 2421 tium
541 2391 706 2423 dumtaxat
741 2392 1023 2434 consequendum,
1052 2394 1167 2425 harum

425 2442 508 2475 serie
529 2443 736 2476 absolventes
755 2450 787 2476 et
806 2445 990 2478 absolutum
1009 2446 1078 2478 sore
1097 2456 1169 2478 cen-

426 2501 542 2536 sentes,
559 2497 1058 2540 huiusmodisupplicationibus
1076 2499 1168 2532 incli-

426 2549 502 2590 nati,
529 2551 568 2583 de
594 2551 831 2584 venerabilium
868 2552 1003 2585 fratrum
1039 2558 1168 2586 nostro—

428 2612 499 2635 rum
524 2602 556 2636 S.
580 2603 617 2636 R.
639 2603 674 2637 E.
709 2604 924 2637 cardinalium
957 2606 1098 2648 negotiis
1136 2610 1168 2638 et

464 2666 476 2692 1
498 2665 600 2694 Forsan
616 2667 784 2701 pior-atibus
800 2668 838 2703 (R.
854 2668 903 2702 Τ.).

987 270 1168 296 BULLARIUM
1192 271 1349 297 ROMANUM

1201 322 1493 355 consultationibus
1524 322 1754 366 episcoporum
1784 327 1817 356 et
1845 333 1940 367 regu-

1201 375 1317 407 larium
1343 376 1616 418 praepositorum,
1639 376 1694 419 qui
1720 376 1840 410 dictum
1865 387 1941 420 pro-

1202 433 1386 461 curatorem
1412 429 1601 471 generalem
1626 440 1725 472 super
1755 430 1940 472 praemissis

1202 481 1406 519 audiverunt,
1434 482 1583 521 consilio,
1609 483 1799 515 enunciatas
1824 484 1943 516 consti-

1203 534 1346 566 tutiones
1361 534 1578 577 capitulorum
1595 537 1794 576 generalium
1812 536 1942 569 Ordinis

1203 586 1380 629 supradicti
1396 587 1426 619 in
1446 589 1624 620 memorata
1633 588 1802 630 provincia
1811 589 1842 621 S.
1857 589 1945 622 Ioan-

1203 640 1252 672 nis
1280 640 1443 683 Baptistae
1473 641 1504 673 in
1529 651 1631 683 regno
1661 642 1830 682 Peruano,
1863 642 1945 675 itaut

1204 693 1319 726 fratres
1351 693 1439 726 illius
1478 699 1539 726 tam
1578 694 1609 726 in
1642 694 1748 737 primo
1781 705 1877 737 quam
1910 695 1944 728 in

1203 747 1346 780 secundo
1372 748 1472 790 gradu
1491 747 1656 780 coniuncti
1674 747 1704 779 in
1727 747 1840 781 officiis
1858 748 1946 792 prio-

1203 810 1272 832 rum
1299 805 1360 832 tam
1395 800 1643 843 provincialium
1677 811 1774 844 quam
1805 811 1946 834 conven-

1203 853 1341 886 tualium
1367 853 1554 886 immediate
1572 854 1750 887 succedere
1768 859 1945 897 nequeant,

1203 907 1378 946 observari,
1404 907 1595 940 auctoritate
1614 907 1803 950 apostolica,
1831 913 1944 940 tenore

1204 961 1425 1002 praesentium
1443 987 1450 1000 ‚
1477 961 1686 1001 mandamus;
1714 961 1802 993 salva
1839 966 1944 993 tamen

1204 1023 1335 1054 semper
1360 1013 1391 1044 in
1417 1012 1604 1055 praemissis
1630 1013 1824 1045 auctoritate
1852 1023 1947 1055 prae-

1205 1065 1308 1097 dictae
1334 1065 1602 1107 Congregationis
1626 1065 1855 1098 cardinalium.

1249 1119 1263 1160 ξ
1295 1117 1327 1150 4.
1362 1118 1603 1157 Decernentes,
1629 1119 1761 1151 easdem
1797 1128 1949 1162 praesen·

1207 1176 1253 1202 tes
1285 1171 1410 1203 litteras
1439 1181 1570 1214 semper
1602 1171 1711 1203 sirmas
1729 1197 1736 1211 ,
1766 1170 1890 1203 validas
1916 1175 1949 1203 et

1206 1223 1352 1257 efficaces
1376 1224 1518 1256 existere
1542 1229 1574 1257 et
1598 1224 1691 1268 soregg
1719 1235 1858 1267 suosque
1883 1225 1949 1267 ple-

1205 1276 1314 1309 narios
1332 1282 1363 1309 et
1386 1276 1533 1319 integros
1559 1276 1692 1323 effectus
1712 1277 1822 1310 sortiri
1845 1282 1878 1309 et
1893 1277 1950 1310 ob-

1206 1329 1324 1370 tinere,
1346 1340 1382 1362 ac
1406 1331 1445 1363 ab
1471 1330 1556 1371 illis,
1584 1331 1623 1364 ad
1645 1332 1730 1374 ‚Quos
1756 1336 1881 1373 spectat
1918 1336 1951 1364 et

1206 1394 1265 1426 pro
1292 1389 1440 1427 tempore
1473 1372 1744 1428 quandociirnque
1780 1383 1948 1427 spectabit,

1206 1437 1237 1469 in
1264 1437 1414 1469 omnibus
1439 1443 1471 1469 et
1495 1448 1555 1480 per
1580 1437 1689 1470 omnia
1716 1437 1951 1470 inviolabiliter

1206 1490 1394 1530 observari,
1435 1490 1545 1532 sicque
1583 1491 1616 1522 in
1661 1490 1849 1533 praemissis
1891 1500 1951 1533 per

1207 1554 1430 1586 quoscumque
1455 1544 1580 1576 iudices
1618 1544 1804 1577 ordinarios
1838 1549 1869 1577 et
1895 1544 1952 1576 de-

1207 1597 1354 1638 legatos,
1383 1597 1480 1629 etiam
1518 1607 1687 1629 causarum
1724 1596 1836 1639 palatii
1875 1606 1951 1639 apo-

1207 1649 1311 1681 stolici
1331 1650 1507 1689 auditores,
1527 1649 1663 1682 iudicari
1691 1655 1723 1682 et
1748 1649 1877 1681 deliniri
1897 1649 1951 1681 de-

1207 1700 1303 1740 bere,
1331 1712 1367 1733 ac
1393 1701 1520 1733 irritum
1546 1706 1578 1733 et
1602 1701 1710 1739 inane,
1732 1701 1757 1732 si
1783 1710 1876 1733 secus
1899 1710 1951 1732 su-

1207 1765 1265 1797 per
1290 1753 1340 1786 his
1365 1765 1381 1786 a
1406 1764 1585 1797 quoquam,
1613 1754 1724 1796 quavis
1745 1753 1949 1793 auctoritate,

1206 1808 1348 1840 scienter
1372 1809 1422 1840 vel
1446 1808 1646 1850 ignoranter,
1665 1807 1952 1849 contigeritatten—

1208 1860 1282 1892 tari.
1317 1859 1387 1892 Non
1423 1860 1628 1892 obstantibus
1665 1859 1951 1892 constitutionibus

1208 1920 1239 1947 et
1262 1914 1526 1947 ordinationibus
1546 1914 1745 1957 apostolicis,
1774 1925 1819 1953 ac,
1841 1917 1954 1956 quate-

1208 1977 1269 2000 nus
1287 1978 1370 2010 opus
1397 1967 1457 2006 sit,
1484 1966 1672 2010 provinciae
1693 1967 1725 2000 S.
1745 1966 1873 1999 loannis
1895 1965 1953 1999 Ba-

1209 2020 1327 2063 ptistae
1354 2031 1390 2052 ac
1414 2020 1543 2053 Ordinis
1570 2020 1825 2063 praedictorum,
1852 2019 1949 2052 etiam

1208 2073 1404 2112 iuramento,
1424 2073 1673 2106 confirmatione
1692 2073 1880 2116 apostolica,
1898 2073 1951 2105 vel

1210 2127 1320 2170 quavis
1346 2126 1501 2159 firmitate
1527 2126 1589 2159 alia
1619 2125 1790 2165 roboratis,
1824 2125 1951 2158 statutis

1210 2186 1242 2213 et
1265 2179 1578 2220 consuetudinibus,
1606 2179 1784 2222 privilegiis
1810 2189 1951 2221 quoque,

1210 2232 1344 2266 indultis
1367 2237 1398 2265 et
1422 2232 1538 2265 litteris
1563 2232 1753 2275 apostolicis
1770 2231 1803 2264 in
1824 2236 1953 2264 contra-

1210 2287 1294 2319 rium
1319 2286 1572 2329 praemissorum
1598 2284 1849 2328 quomodolibet
1873 2293 1952 2316 con-

1210 2340 1322 2379 cessis,
1347 2339 1544 2372 confirmatis
1571 2344 1602 2371 et
1627 2338 1806 2377 innovatis,
1833 2336 1952 2380 quibus

1210 2394 1361 2426 omnibus
1394 2399 1425 2426 et
1456 2393 1604 2435 singulis,
1645 2392 1778 2425 illorum
1818 2396 1950 2423 tenores

1210 2447 1440 2490 praesentibus
1471 2456 1531 2488 pro
1566 2447 1662 2488 plene
1693 2451 1725 2478 et
1749 2444 1954 2477 sufficienter

1211 2500 1373 2544 expressis
1398 2510 1434 2533 ac
1460 2500 1498 2533 ad
1516 2499 1646 2532 verbum
1668 2498 1802 2531 insertis
1829 2499 1953 2532 haben-

1211 2559 1270 2594 tes,
1281 2553 1346 2586 illis
1364 2553 1443 2586 alias
1458 2552 1490 2584 in
1508 2562 1567 2584 suo
1582 2551 1701 2584 robore
1716 2551 1952 2594 permansuris,

1209 2607 1248 2639 ad
1287 2606 1542 2649 praemissorum
1583 2604 1754 2645 ellectum,
1787 2605 1850 2638 hac
1880 2605 1952 2638 vice

1210 2660 1400 2701 dumtaxat,
1427 2657 1616 2703 specialiter
1635 2663 1667 2692 et
1680 2668 1835 2702 expresse
1853 2658 1950 2693 dero-

1944 273 1996 302 An.
2016 273 2046 302 C.
2063 273 2134 302 1699

1986 1126 2110 1150 clausulae.
