2227 3225
878 253 975 279 INDEX
1001 252 1202 278 RUBRICARUM

276 308 377 343 XLIII.
403 307 614 343 Confirmatur
630 306 791 340 decretum
818 306 948 349 capituli
970 306 1014 338 in-

366 361 508 395 termedii
524 359 752 393 monachorum
763 359 1016 393 Cisterciensium

367 413 626 457 Congregationis
660 413 868 456 portugalliae
893 412 931 445 de
956 422 1018 444 non

368 468 555 512 recipiendis
592 467 762 510 illegitimis
802 472 831 499 et
861 477 878 498 a
909 466 1018 510 quavis

365 521 426 554 alia
452 521 605 564 religione
631 520 778 564 expulsis,
804 519 877 552 496.

278 574 378 608 Xle.
412 574 633 609 Conceduntur
665 573 876 607 cardinalibus
908 573 1016 606 visita-

368 628 461 661 tionis
503 628 693 672 apostolicae
731 627 821 660 Urbis
858 627 1020 660 facultates

367 692 476 715 omnes
500 681 706 723 necessariae,
731 681 838 724 eisque
870 680 1021 713 nonnulla

368 736 585 779 iniunguntur,
611 734 684 768 497.

279 789 365 823 XLV.
390 789 578 823 Conceditur
602 787 815 822 cardinalibus
837 788 1022 820 visitationis

369 842 559 887 apostolicae
585 842 677 875 Urbis
702 842 831 874 facultas
856 842 1022 875 exercendi

369 896 561 940 pontificalia
605 896 635 928 in
675 895 821 930 omnibus
859 895 1022 937 ecclesiis,

372 949 446 983 5021.

285 1002 384 1037 XLVI.
410 1003 598 1037 Conceditur
628 1003 841 1037 cardinalibus
859 996 1024 1036 ‘visitatio-

372 1057 421 1090 nis
444 1057 635 1101 apostolicae
653 1057 746 1090 Urbis
764 1057 892 1089 facultas
919 1056 1024 1090 termi-

371 1110 466 1143 nandi
491 1120 709 1154 quascumque
726 1121 836 1143 causas
862 1115 923 1142 tam
950 1109 1024 1143 civi-

372 1163 418 1196 les
442 1174 538 1207 quam
562 1163 752 1204 criminales,
777 1163 850 1196 502.

284 1217 399 1251 XLVII.
424 1217 612 1251 Conceditur
637 1217 850 1250 cardinalibus
875 1216 1024 1249 visitatio-

373 1271 420 1304 nis
446 1271 637 1315 apostolicac
663 1271 754 1303 Urbis
779 1270 908 1303 facultas
933 1270 970 1302 ad
992 1280 1024 1303 sc

374 1326 524 1359 avocandi
546 1336 654 1358 causas
675 1325 855 1369 pendentes,
877 1331 906 1358 et
924 1329 1024 1358 trans-

373 1379 494 1412 ferendi
520 1378 632 1412 missas
657 1379 696 1411 ab
720 1378 882 1418 altaribus,
907 1378 979 1411 503.

286 1433 414 1467 XLVIII.
440 1433 593 1467 Statuitur
613 1438 645 1466 ut
668 1433 770 1466 officia
795 1439 823 1466 ct
848 1434 916 1466 loca
936 1442 1026 1466 mon-

375 1487 451 1520 tium
479 1486 630 1520 vacabilia
651 1486 812 1519 Ilomanae
837 1486 947 1520 Curiae
964 1496 1027 1519 non

377 1546 486 1574 vacent
509 1551 566 1584 per
590 1540 840 1584 assumptionem
865 1540 903 1572 ad
928 1539 1028 1573 cardi-

374 1594 524 1634 nalatum,
551 1592 624 1626 504.

287 1647 389 1680 XLIX.
414 1647 587 1691 Deputatur
612 1646 705 1680 iudex
723 1657 888 1680 causarum
915 1652 944 1679 et
961 1657 1028 1679 exe-

377 1705 493 1743 quutor
517 1699 717 1733 decretorum
747 1700 931 1734 visitationis
956 1710 1028 1743 apo-

375 1754 514 1795 stolicae,
539 1754 592 1797 qui
618 1754 792 1798 dependeat
821 1765 838 1787 a
864 1760 935 1788 roto
960 1754 1029 1787 risi-

379 1812 526 1849 tatorum‚
553 1807 626 1840 507.

288 1859 321 1893 L.
346 1859 533 1893 Conceditur
556 1861 771 1894 visitatoribus
802 1867 830 1894 et
857 1861 951 1894 iudici
978 1863 1025 1894 ri-

374 1914 528 1947 sitationis
561 1915 751 1958 apostolicae
784 1914 874 1947 Urbis
898 1915 1029 1947 facultas

375 1968 544 2001 adhibendi
568 1968 662 2001 fidem
687 1968 821 2012 simplici
848 1968 1028 2002 indicationi

375 2021 617 2064 scripturarum,
634 2032 670 2055 ac
694 2021 777 2055 dicto
802 2022 896 2055 iudici
922 2032 1027 2066 proce·

375 2073 468 2107 dendi
494 2078 573 2108 voto'
591 2075 797 2116 visitatorum,
823 2075 896 2109 509.

286 2127 333 2161 LI.
358 2127 569 2162 Confirmatur
594 2129 764 2163 concordia
788 2140 882 2174 super
910 2130 1029 2163 exerci-

377 2182 420 2215 tio
444 2182 696 2216 iurisdietionum
715 2184 745 2216 in
765 2184 952 2227 quibusdam
972 2190 1030 2216 ter-

376 2235 438 2276 ris,
462 2247 534 2269 cum
567 2237 764 2280 separatione
796 2238 1029 2271 territoriorum

377 2289 459 2323 inter
502 2290 685 2333 episcopum
722 2291 965 2334 Aquilanensem
1002 2299 1031 2325 ct

378 2343 551 2376 monachos
576 2343 778 2385 Caelestinos,
804 2345 878 2378 510.

289 2394 348 2429 LII.
362 2395 547 2429 Extenditur
564 2397 692 2430 facultas
710 2398 917 2431 confirmandi
935 2410 1030 2442 guar-

378 2449 487 2483 dianos
511 2454 542 2483 et
561 2450 769 2494 promovendi
794 2451 975 2485 definitores
992 2452 1031 2485 ad

379 2503 620 2545 guardianatum
651 2516 709 2548 pro
741 2506 903 2548 provincia
927 2506 1029 2538 Fran-

379 2555 444 2589 ciae
467 2557 507 2590 ad
529 2558 723 2601 provinciam
746 2559 776 2591 S.
798 2559 1031 2593 Bonarenturae

380 2609 513 2643 fratrum
538 2611 567 2644 S.
593 2612 750 2647 Fraucisci
783 2612 820 2646 dc
850 2612 1024 2647 Observan-

383 2662 435 2706 tia,
461 2662 534 2700 512.

1699 240 1762 275 987

1071 310 1145 345 LIII.
1174 308 1376 349 Abrogantur
1399 304 1666 346 discretiblocales
1684 314 1742 347 pro
1761 311 1809 333 ca-

1158 361 1264 406 pitulis
1290 360 1420 393 fratrum
1454 357 1702 401 Capuccinorum
1735 368 1809 400 pro-

1160 415 1336 449 vinciarum
1363 411 1526 454 utriusque
1552 410 1711 450 Castellac,
1737 410 1809 443 514.

1167 469 1377 503 Conlirmatur
1401 465 1561 498 decretum
1589 464 1811 507 Congregatio

1160 523 1208 555 nis
1246 518 1589 562 Ilitttumu‘approbans
1627 517 1812 549 sententiam

1161 575 1317 610 Ordinarii
1337 574 1374 606 de
1389 573 1473 606 cultu
1489 570 1730 604 immemorabili
1747 570 1814 603 bea-

1164 636 1211 662 tae
1244 629 1399 670 Ioannae,
1431 632 1555 659 x‘oeatae
1588 625 1813 669 principissae,

1162 683 1287 717 Ordinis
1312 682 1409 715 sancti
1435 680 1600 720 Dominici,
1627 679 1700 713 515.

1074 738 1131 771 LV.
1158 737 1368 771 Confirmatur
1399 735 1559 767 decretum
1585 733 1814 776 Congregatio-

1164 790 1212 822 nis
1236 788 1436 833 particularis
1466 797 1562 831 super
1594 786 1815 819 reformatione

1163 844 1362 876 indultorum
1382 841 1540 876 canonicis
1552 876 1555 877 ⁷
1566 846 1595 873 ct
1625 840 1816 873 beneficiatis

1164 897 1256 930 Urbis
1281 906 1515 934 concessorum,
1541 894 1614 928 2317,

1172 951 1383 984 Confirmatur
1407 949 1524 982 erectio
1549 948 1729 992 proxinciae
1758 947 1814 979 lli-

1165 1005 1290 1048 spaniae
1311 1004 1500 1037 clericorum
1522 1002 1715 1045 regularium
1736 1001 1819 1034 Mini-

1164 1057 1330 1091 strantium
1355 1057 1500 1097 lusimus,
1526 1066 1597 1088 cuin
1623 1055 1815 1097 redintegra-

1165 1111 1249 1144 tione
1266 1111 1447 1155 provineiae
1463 1109 1667 1142 Bononiensis
1688 1119 1724 1142 ac
1741 1118 1817 1141 non-

1164 1165 1257 1196 nullis
1282 1163 1542 1203 ordinationibus,
1567 1162 1640 1195 518.

1076 1218 1161 1251 [ΧΠ.
1183 1217 1346 1250 Mandatur
1363 1217 1510 1250 omnibus
1528 1216 1644 1259 ubique
1662 1221 1817 1247 terrarum

1166 1273 1308 1306 recitatio
1333 1272 1428 1305 oflicii
1454 1277 1484 1304 et
1502 1271 1614 1303 missae
1639 1270 1819 1312 Conceptio-

1166 1326 1214 1358 nis
1239 1326 1270 1358 B.
1295 1326 1331 1358 M.
1361 1326 1391 1358 V.
1418 1336 1489 1358 cum
1516 1326 1635 1363 octava,
1662 1322 1737 1357 522.

1078 1379 1176 1412 Lt'lll.
1202 1379 1390 1413 Conceditur
1422 1378 1529 1412 Ordiui
1561 1379 1590 1411 S.
1617 1376 1819 1419 loannisssDei

1167 1433 1324 1476 exemptio
1356 1433 1394 1465 ab
1429 1432 1587 1475 omnibus
1608 1430 1819 1474 processioni-

1167 1487 1235 1527 bus,
1257 1486 1330 1520 5023.

1168 1540 1380 1573 Confirmatur
1397 1544 1427 1571 et
1445 1539 1612 1571 innovatur
1629 1538 1747 1571 erectio
1764 1538 1820 1571 lion

1168 1594 1252 1638 spitii
1277 1593 1441 1638 apostolici
1466 1603 1642 1637 pauperum
1668 1593 1821 1625 invalido-

1169 1658 1238 1680 rum
1263 1647 1301 1680 de
1328 1647 1409 1681 Urbe
1426 1658 1496 1680 eum
1518 1646 1677 1679 nonnullis
1701 1646 1823 1679 ordina-

1170 1701 1306 1734 tionibus
1331 1707 1361 1734 et
1384 1701 1578 1744 indulgentia
1593 1701 1733 1744 plenaria
1752 1711 1823 1744 per-

1168 1756 1273 1798 petua,
1299 1754 1372 1788 5⁶24.

1176 1808 1396 1842 Conceduntur
1435 1808 1543 1842 Ordini
1583 1808 1632 1841 SS.
1665 1809 1823 1840 Trinitatis

1170 1861 1400 1905 redemptionis
1420 1862 1615 1905 captivorum
1634 1861 1740 1894 ‹tminia
1758 1862 1822 1904 pri-

1173 1916 1284 1959 vilegia
1308 1922 1338 1949 et
1363 1916 1575 1959 indulgentiae
1599 1916 1734 1949 aliorum
1770 1915 1824 1948 Or-

1169 1969 1278 2002 dinum
1305 1975 1334 2002 et
1359 1970 1558 2012 religionum,
1585 1970 1658 2003 539.

1181 2022 1394 2057 Confirmatur
1417 2024 1578 2057 decretum
1604 2024 1825 2067 Cougi‘egatio-

1170 2076 1217 2109 nis
1242 2077 1464 2121 episcoporum
1490 2084 1519 2110 et
1544 2078 1738 2120 regularium
1764 2088 1821 2121 ap-

1170 2131 1308 2174 probans
1333 2131 1485 2174 quaedam
1512 2137 1625 2164 statuta
1644 2142 1701 2175 pro
1724 2131 1824 2164 tribus

1170 2184 1331 2218 coenobiis
1366 2185 1606 2218 Recollectiouis
1642 2185 1823 2229 provinciae

1170 2238 1199 2271 S.
1225 2238 1384 2272 Michaelis
1409 2240 1438 2271 in
1465 2240 1587 2273 Baetica
1612 2240 1707 2273 Tertii
1733 2240 1822 2273 Ordi-

1170 2291 1218 2323 nis
1242 2293 1340 2325 sancti
1366 2293 1534 2333 Francisci,
1561 2292 1633 2325 543.

1084 2344 1169 2377 LXII.
1196 2345 1380 2378 Extenditur
1409 2346 1565 2379 indultum
1590 2346 1735 2389 Gregorii
1762 2346 1821 2386 ΧΥ,

1171 2398 1316 2442 hospitali
1350 2399 1378 2432 S.
1405 2399 1481 2432 Sixti
1513 2399 1551 2432 de
1582 2399 1663 2432 Urbe
1688 2410 1820 2432 conces-

1171 2462 1251 2492 sum,
1276 2453 1314 2485 ad
1339 2453 1512 2497 hospitium
1538 2463 1715 2497 pauperum
1742 2453 1821 2485 inia-

1172 2504 1309 2538 lidorum
1333 2505 1371 2538 de
1394 2506 1506 2538 eadem
1531 2506 1623 2545 Urbe,
1650 2505 1724 2539 546.

1083 2559 1185 2591 LXIII.
1211 2559 1395 2592 Extenditur
1428 2559 1581 2592 indultum
1606 2559 1775 2593 Clementis
1800 2559 1822 2592 X

1173 2612 1353 2646 conserendi
1378 2613 1546 2646 nonnullos
1571 2613 1686 2656 gradus
1706 2614 1736 2645 in
1757 2614 1823 2646 col-

1055 2680 1063 2712 1
1173 2667 1262 2711 legiis
1283 2666 1443 2703 Societatis
1463 2667 1533 2703 Iesu
1549 2667 1707 2703 civitatum
1726 2667 1755 2702 S.
1777 2666 1824 2702 Fi-

1071 471 1142 504 LIV.

1076 951 1147 984 LVI.

1078 1539 1150 1572 LIX.

1081 1808 1141 1841 LX.

1081 2023 1154 2056 LXI.
