<?xml version="1.0" encoding="UTF-8"?>
<!DOCTYPE html PUBLIC "-//W3C//DTD XHTML 1.0 Transitional//EN"
    "http://www.w3.org/TR/xhtml1/DTD/xhtml1-transitional.dtd">
<html xmlns="http://www.w3.org/1999/xhtml" xml:lang="en" lang="en">
 <head>
  <title>
</title>
<meta http-equiv="Content-Type" content="text/html;charset=utf-8" />
  <meta name='ocr-system' content='tesseract 3.04.00' />
  <meta name='ocr-capabilities' content='ocr_page ocr_carea ocr_par ocr_line ocrx_word'/>
</head>
<body>
  <div class='ocr_page' id='page_1' title='image "./bullarumdiplomat20cath_0819.png"; bbox 0 0 2227 3225; ppageno 0'>
   <div class='ocr_carea' id='block_1_1' title="bbox 104 239 288 268">
    <p class='ocr_par' dir='ltr' id='par_1_1' title="bbox 104 239 288 268">
     <span class='ocr_line' id='line_1_1' title="bbox 104 239 288 268; baseline 0.005 -1"><span class='ocrx_word' id='word_1_1' title='bbox 104 241 152 267; x_wconf 82' lang='lat' dir='ltr'>An.</span> <span class='ocrx_word' id='word_1_2' title='bbox 169 239 198 268; x_wconf 89' lang='lat' dir='ltr'>C.</span> <span class='ocrx_word' id='word_1_3' title='bbox 220 239 288 268; x_wconf 74' lang='lat'><strong>¹696</strong></span> 
     </span>
    </p>
   </div>
   <div class='ocr_carea' id='block_1_2' title="bbox 108 832 292 912">
    <p class='ocr_par' dir='ltr' id='par_1_2' title="bbox 108 832 292 912">
     <span class='ocr_line' id='line_1_2' title="bbox 132 832 292 858; baseline 0.006 -7"><span class='ocrx_word' id='word_1_4' title='bbox 132 832 160 853; x_wconf 60' lang='lat' dir='ltr'>lle</span> <span class='ocrx_word' id='word_1_5' title='bbox 171 832 292 858; x_wconf 59' lang='lat' dir='ltr'>receptione</span> 
     </span>
     <span class='ocr_line' id='line_1_3' title="bbox 109 859 292 879; baseline -0.011 0"><span class='ocrx_word' id='word_1_6' title='bbox 109 859 134 879; x_wconf 78' lang='lat' dir='ltr'>ad</span> <span class='ocrx_word' id='word_1_7' title='bbox 158 859 252 879; x_wconf 65' lang='lat' dir='ltr'>habitum</span> <span class='ocrx_word' id='word_1_8' title='bbox 272 860 292 878; x_wconf 80' lang='lat' dir='ltr'>et</span> 
     </span>
     <span class='ocr_line' id='line_1_4' title="bbox 108 887 270 912; baseline -0.012 -6"><span class='ocrx_word' id='word_1_9' title='bbox 108 887 270 912; x_wconf 53' lang='lat' dir='ltr'>professionem.</span> 
     </span>
    </p>
   </div>
   <div class='ocr_carea' id='block_1_3' title="bbox 113 1268 296 1343">
    <p class='ocr_par' dir='ltr' id='par_1_3' title="bbox 113 1268 296 1343">
     <span class='ocr_line' id='line_1_5' title="bbox 139 1268 296 1298; baseline 0 -9"><span class='ocrx_word' id='word_1_10' title='bbox 139 1268 169 1289; x_wconf 59' lang='lat' dir='ltr'>lle</span> <span class='ocrx_word' id='word_1_11' title='bbox 183 1268 296 1298; x_wconf 63' lang='lat' dir='ltr'>novitiatu.</span> 
     </span>
     <span class='ocr_line' id='line_1_6' title="bbox 113 1298 295 1322; baseline 0 -7"><span class='ocrx_word' id='word_1_12' title='bbox 113 1299 199 1315; x_wconf 43' lang='lat' dir='ltr'>novitiis</span> <span class='ocrx_word' id='word_1_13' title='bbox 215 1298 235 1316; x_wconf 70' lang='lat' dir='ltr'>ct</span> <span class='ocrx_word' id='word_1_14' title='bbox 248 1301 295 1322; x_wconf 73' lang='lat' dir='ltr'>pri)-</span> 
     </span>
     <span class='ocr_line' id='line_1_7' title="bbox 113 1322 182 1343; baseline 0.014 -1"><span class='ocrx_word' id='word_1_15' title='bbox 113 1322 182 1343; x_wconf 42' lang='lat' dir='ltr'>fassis.</span> 
     </span>
    </p>
   </div>
   <div class='ocr_carea' id='block_1_4' title="bbox 872 234 1220 261">
    <p class='ocr_par' dir='ltr' id='par_1_4' title="bbox 872 234 1220 261">
     <span class='ocr_line' id='line_1_8' title="bbox 872 234 1220 261; baseline -0.006 0"><span class='ocrx_word' id='word_1_16' title='bbox 872 234 1080 261; x_wconf 65' lang='lat' dir='ltr'>muocnurtus</span> <span class='ocrx_word' id='word_1_17' title='bbox 1104 234 1149 259; x_wconf 74' lang='grc' dir='ltr'>ΧΠ</span> <span class='ocrx_word' id='word_1_18' title='bbox 1171 235 1220 260; x_wconf 73' lang='grc' dir='ltr'>ΡΡ.</span> 
     </span>
    </p>
   </div>
   <div class='ocr_carea' id='block_1_5' title="bbox 298 284 1039 748">
    <p class='ocr_par' dir='ltr' id='par_1_5' title="bbox 298 284 1039 748">
     <span class='ocr_line' id='line_1_9' title="bbox 299 284 1033 332; baseline -0.007 -10"><span class='ocrx_word' id='word_1_19' title='bbox 299 293 484 332; x_wconf 90' lang='lat' dir='ltr'>opportuno</span> <span class='ocrx_word' id='word_1_20' title='bbox 516 295 672 320; x_wconf 85' lang='lat' dir='ltr'>novarum</span> <span class='ocrx_word' id='word_1_21' title='bbox 705 284 948 319; x_wconf 77' lang='lat' dir='ltr'>ordinationum</span> <span class='ocrx_word' id='word_1_22' title='bbox 982 295 1033 318; x_wconf 89' lang='lat' dir='ltr'>re-</span> 
     </span>
     <span class='ocr_line' id='line_1_10' title="bbox 298 338 1034 383; baseline -0.005 -8"><span class='ocrx_word' id='word_1_23' title='bbox 298 342 425 381; x_wconf 89' lang='lat' dir='ltr'>medio;</span> <span class='ocrx_word' id='word_1_24' title='bbox 451 341 527 374; x_wconf 90' lang='lat' dir='ltr'>hinc</span> <span class='ocrx_word' id='word_1_25' title='bbox 554 340 588 374; x_wconf 94' lang='lat' dir='ltr'>in</span> <span class='ocrx_word' id='word_1_26' title='bbox 618 339 872 383; x_wconf 75' lang='lat' dir='ltr'>congregatione</span> <span class='ocrx_word' id='word_1_27' title='bbox 903 338 1034 382; x_wconf 87' lang='lat' dir='ltr'>provin·</span> 
     </span>
     <span class='ocr_line' id='line_1_11' title="bbox 299 393 1034 435; baseline -0.005 -8"><span class='ocrx_word' id='word_1_28' title='bbox 299 395 366 428; x_wconf 88' lang='lat' dir='ltr'>ciae</span> <span class='ocrx_word' id='word_1_29' title='bbox 390 399 519 428; x_wconf 86' lang='lat' dir='ltr'>nostrae</span> <span class='ocrx_word' id='word_1_30' title='bbox 544 393 740 433; x_wconf 82' lang='lat' dir='ltr'>Lusitaniae,</span> <span class='ocrx_word' id='word_1_31' title='bbox 765 403 782 426; x_wconf 88' lang='lat' dir='ltr'>a</span> <span class='ocrx_word' id='word_1_32' title='bbox 813 393 865 426; x_wconf 88' lang='lat' dir='ltr'>die</span> <span class='ocrx_word' id='word_1_33' title='bbox 892 402 909 424; x_wconf 89' lang='lat' dir='ltr'>v</span> <span class='ocrx_word' id='word_1_34' title='bbox 930 401 1034 435; x_wconf 88' lang='lat' dir='ltr'>usque</span> 
     </span>
     <span class='ocr_line' id='line_1_12' title="bbox 299 445 1034 489; baseline -0.007 -8"><span class='ocrx_word' id='word_1_35' title='bbox 299 448 338 480; x_wconf 86' lang='lat' dir='ltr'>ad</span> <span class='ocrx_word' id='word_1_36' title='bbox 363 447 448 481; x_wconf 84' lang='lat' dir='ltr'>diern</span> <span class='ocrx_word' id='word_1_37' title='bbox 471 457 502 481; x_wconf 79' lang='lat' dir='ltr'>ix</span> <span class='ocrx_word' id='word_1_38' title='bbox 526 447 617 486; x_wconf 91' lang='lat' dir='ltr'>iunii,</span> <span class='ocrx_word' id='word_1_39' title='bbox 647 446 741 480; x_wconf 91' lang='lat' dir='ltr'>nobis</span> <span class='ocrx_word' id='word_1_40' title='bbox 766 445 1034 489; x_wconf 76' lang='lat' dir='ltr'>praesidentibus,</span> 
     </span>
     <span class='ocr_line' id='line_1_13' title="bbox 300 497 1036 539; baseline -0.007 -5"><span class='ocrx_word' id='word_1_41' title='bbox 300 501 364 534; x_wconf 86' lang='lat' dir='ltr'>hoc</span> <span class='ocrx_word' id='word_1_42' title='bbox 388 511 474 534; x_wconf 92' lang='lat' dir='ltr'>anno</span> <span class='ocrx_word' id='word_1_43' title='bbox 499 509 639 534; x_wconf 73' lang='lat' dir='ltr'>nncxcw</span> <span class='ocrx_word' id='word_1_44' title='bbox 666 499 844 539; x_wconf 78' lang='lat' dir='ltr'>celebrata,</span> <span class='ocrx_word' id='word_1_45' title='bbox 871 497 1036 531; x_wconf 88' lang='lat' dir='ltr'>communi</span> 
     </span>
     <span class='ocr_line' id='line_1_14' title="bbox 300 554 1038 594; baseline -0.005 -7"><span class='ocrx_word' id='word_1_46' title='bbox 300 554 443 588; x_wconf 90' lang='lat' dir='ltr'>omnium</span> <span class='ocrx_word' id='word_1_47' title='bbox 469 554 700 593; x_wconf 85' lang='lat' dir='ltr'>sollicitudine,</span> <span class='ocrx_word' id='word_1_48' title='bbox 724 554 793 586; x_wconf 83' lang='lat' dir='ltr'>zelo</span> <span class='ocrx_word' id='word_1_49' title='bbox 819 562 855 585; x_wconf 87' lang='lat' dir='ltr'>ac</span> <span class='ocrx_word' id='word_1_50' title='bbox 879 557 954 585; x_wconf 76' lang='lat' dir='ltr'>voto</span> <span class='ocrx_word' id='word_1_51' title='bbox 979 561 1038 594; x_wconf 89' lang='lat' dir='ltr'>pro</span> 
     </span>
     <span class='ocr_line' id='line_1_15' title="bbox 300 604 1038 651; baseline -0.005 -11"><span class='ocrx_word' id='word_1_52' title='bbox 300 607 388 640; x_wconf 88' lang='lat' dir='ltr'>bono</span> <span class='ocrx_word' id='word_1_53' title='bbox 424 607 584 651; x_wconf 82' lang='lat' dir='ltr'>spirituali</span> <span class='ocrx_word' id='word_1_54' title='bbox 609 617 645 640; x_wconf 86' lang='lat' dir='ltr'>ac</span> <span class='ocrx_word' id='word_1_55' title='bbox 669 605 839 649; x_wconf 89' lang='lat' dir='ltr'>temporali</span> <span class='ocrx_word' id='word_1_56' title='bbox 874 604 1038 649; x_wconf 86' lang='lat' dir='ltr'>praefatae</span> 
     </span>
     <span class='ocr_line' id='line_1_16' title="bbox 300 657 1039 705; baseline -0.005 -11"><span class='ocrx_word' id='word_1_57' title='bbox 300 661 486 705; x_wconf 88' lang='lat' dir='ltr'>provinciae</span> <span class='ocrx_word' id='word_1_58' title='bbox 525 660 655 694; x_wconf 87' lang='lat' dir='ltr'>decreta</span> <span class='ocrx_word' id='word_1_59' title='bbox 697 659 868 703; x_wconf 82' lang='lat' dir='ltr'>sequentia</span> <span class='ocrx_word' id='word_1_60' title='bbox 909 657 1039 692; x_wconf 90' lang='lat' dir='ltr'>condita</span> 
     </span>
     <span class='ocr_line' id='line_1_17' title="bbox 303 714 451 748; baseline 0.007 -2"><span class='ocrx_word' id='word_1_61' title='bbox 303 714 431 748; x_wconf 88' lang='lat' dir='ltr'>fuerunt</span> <span class='ocrx_word' id='word_1_62' title='bbox 444 724 451 744; x_wconf 73' lang='grc' dir='ltr'><em>τ</em></span> 
     </span>
    </p>
   </div>
   <div class='ocr_carea' id='block_1_6' title="bbox 303 815 1051 2027">
    <p class='ocr_par' dir='ltr' id='par_1_6' title="bbox 303 815 1044 1239">
     <span class='ocr_line' id='line_1_18' title="bbox 342 815 1038 850; baseline -0.007 0"><span class='ocrx_word' id='word_1_63' title='bbox 342 829 362 850; x_wconf 87' lang='lat'>1.</span> <span class='ocrx_word' id='word_1_64' title='bbox 386 819 490 850; x_wconf 91' lang='lat' dir='ltr'>Nullus</span> <span class='ocrx_word' id='word_1_65' title='bbox 511 819 547 850; x_wconf 91' lang='lat' dir='ltr'>ad</span> <span class='ocrx_word' id='word_1_66' title='bbox 569 828 684 849; x_wconf 86' lang='lat' dir='ltr'>sacrum</span> <span class='ocrx_word' id='word_1_67' title='bbox 706 818 799 849; x_wconf 79' lang='lat' dir='ltr'>nostri</span> <span class='ocrx_word' id='word_1_68' title='bbox 815 817 942 848; x_wconf 88' lang='lat' dir='ltr'>instituti</span> <span class='ocrx_word' id='word_1_69' title='bbox 957 815 1038 846; x_wconf 90' lang='lat' dir='ltr'>habi-</span> 
     </span>
     <span class='ocr_line' id='line_1_19' title="bbox 304 865 1039 908; baseline -0.007 -9"><span class='ocrx_word' id='word_1_70' title='bbox 304 873 378 907; x_wconf 88' lang='lat' dir='ltr'>tum,</span> <span class='ocrx_word' id='word_1_71' title='bbox 411 868 562 908; x_wconf 88' lang='lat' dir='ltr'>multoque</span> <span class='ocrx_word' id='word_1_72' title='bbox 594 868 691 898; x_wconf 91' lang='lat' dir='ltr'>minus</span> <span class='ocrx_word' id='word_1_73' title='bbox 713 867 748 897; x_wconf 90' lang='lat' dir='ltr'>ad</span> <span class='ocrx_word' id='word_1_74' title='bbox 770 867 980 906; x_wconf 72' lang='lat' dir='ltr'>professionem</span> <span class='ocrx_word' id='word_1_75' title='bbox 1010 865 1039 894; x_wconf 92' lang='lat' dir='ltr'>in</span> 
     </span>
     <span class='ocr_line' id='line_1_20' title="bbox 303 914 1040 955; baseline -0.004 -9"><span class='ocrx_word' id='word_1_76' title='bbox 303 918 423 948; x_wconf 78' lang='lat' dir='ltr'>vicariis</span> <span class='ocrx_word' id='word_1_77' title='bbox 457 917 626 947; x_wconf 87' lang='lat' dir='ltr'>Brasiliensi</span> <span class='ocrx_word' id='word_1_78' title='bbox 641 941 648 955; x_wconf 88' lang='lat'>,</span> <span class='ocrx_word' id='word_1_79' title='bbox 676 916 876 955; x_wconf 72' lang='lat' dir='ltr'>Maragoncnsi</span> <span class='ocrx_word' id='word_1_80' title='bbox 898 919 926 945; x_wconf 88' lang='lat' dir='ltr'>et</span> <span class='ocrx_word' id='word_1_81' title='bbox 948 914 1040 944; x_wconf 84' lang='lat' dir='ltr'>Fluvii</span> 
     </span>
     <span class='ocr_line' id='line_1_21' title="bbox 303 963 1041 1005; baseline -0.005 -9"><span class='ocrx_word' id='word_1_82' title='bbox 303 966 432 996; x_wconf 79' lang='lat' dir='ltr'>Ianuarii</span> <span class='ocrx_word' id='word_1_83' title='bbox 464 966 582 996; x_wconf 89' lang='lat' dir='ltr'>nomine</span> <span class='ocrx_word' id='word_1_84' title='bbox 606 966 716 995; x_wconf 84' lang='lat' dir='ltr'>Rivus¹</span> <span class='ocrx_word' id='word_1_85' title='bbox 738 965 906 1005; x_wconf 66' lang='lat' dir='ltr'>provinciae</span> <span class='ocrx_word' id='word_1_86' title='bbox 928 963 1041 993; x_wconf 80' lang='lat' dir='ltr'>admitti</span> 
     </span>
     <span class='ocr_line' id='line_1_22' title="bbox 305 1012 1043 1054; baseline -0.004 -10"><span class='ocrx_word' id='word_1_87' title='bbox 305 1015 407 1054; x_wconf 84' lang='lat' dir='ltr'>possit,</span> <span class='ocrx_word' id='word_1_88' title='bbox 424 1015 481 1044; x_wconf 90' lang='lat' dir='ltr'>nisi</span> <span class='ocrx_word' id='word_1_89' title='bbox 498 1015 615 1054; x_wconf 73' lang='lat' dir='ltr'>praevio</span> <span class='ocrx_word' id='word_1_90' title='bbox 637 1016 781 1044; x_wconf 78' lang='lat' dir='ltr'>consensu</span> <span class='ocrx_word' id='word_1_91' title='bbox 805 1012 993 1052; x_wconf 84' lang='lat' dir='ltr'>provincialis</span> <span class='ocrx_word' id='word_1_92' title='bbox 1015 1016 1043 1041; x_wconf 90' lang='lat' dir='ltr'>et</span> 
     </span>
     <span class='ocr_line' id='line_1_23' title="bbox 305 1061 1043 1102; baseline -0.005 -9"><span class='ocrx_word' id='word_1_93' title='bbox 305 1064 392 1094; x_wconf 88' lang='lat' dir='ltr'>totius</span> <span class='ocrx_word' id='word_1_94' title='bbox 414 1063 573 1093; x_wconf 82' lang='lat' dir='ltr'>definitorii</span> <span class='ocrx_word' id='word_1_95' title='bbox 596 1063 728 1093; x_wconf 87' lang='lat' dir='ltr'>eiusdem</span> <span class='ocrx_word' id='word_1_96' title='bbox 751 1062 942 1102; x_wconf 65' lang='lat' dir='ltr'>provinciae,</span> <span class='ocrx_word' id='word_1_97' title='bbox 973 1061 1043 1090; x_wconf 75' lang='lat' dir='ltr'>alias</span> 
     </span>
     <span class='ocr_line' id='line_1_24' title="bbox 306 1109 1044 1151; baseline -0.004 -10"><span class='ocrx_word' id='word_1_98' title='bbox 306 1121 455 1151; x_wconf 87' lang='lat' dir='ltr'>nunquam</span> <span class='ocrx_word' id='word_1_99' title='bbox 478 1111 608 1141; x_wconf 86' lang='lat' dir='ltr'>eiusdem</span> <span class='ocrx_word' id='word_1_100' title='bbox 627 1111 808 1151; x_wconf 84' lang='lat' dir='ltr'>provinciae,</span> <span class='ocrx_word' id='word_1_101' title='bbox 833 1110 883 1140; x_wconf 80' lang='lat' dir='ltr'>sed</span> <span class='ocrx_word' id='word_1_102' title='bbox 902 1110 981 1140; x_wconf 86' lang='lat' dir='ltr'>illius</span> <span class='ocrx_word' id='word_1_103' title='bbox 1004 1109 1044 1138; x_wconf 81' lang='lat' dir='ltr'>vi-</span> 
     </span>
     <span class='ocr_line' id='line_1_25' title="bbox 306 1159 1044 1198; baseline -0.003 -8"><span class='ocrx_word' id='word_1_104' title='bbox 306 1161 400 1190; x_wconf 78' lang='lat' dir='ltr'>cariae</span> <span class='ocrx_word' id='word_1_105' title='bbox 422 1160 558 1190; x_wconf 81' lang='lat' dir='ltr'>alumnus</span> <span class='ocrx_word' id='word_1_106' title='bbox 580 1160 696 1190; x_wconf 88' lang='lat' dir='ltr'>dicatur</span> <span class='ocrx_word' id='word_1_107' title='bbox 725 1164 751 1190; x_wconf 86' lang='lat' dir='ltr'>et</span> <span class='ocrx_word' id='word_1_108' title='bbox 779 1159 816 1190; x_wconf 86' lang='lat' dir='ltr'>sit</span> <span class='ocrx_word' id='word_1_109' title='bbox 848 1159 877 1189; x_wconf 91' lang='lat' dir='ltr'>in</span> <span class='ocrx_word' id='word_1_110' title='bbox 900 1169 956 1198; x_wconf 92' lang='lat' dir='ltr'>qua</span> <span class='ocrx_word' id='word_1_111' title='bbox 979 1167 1044 1197; x_wconf 87' lang='lat' dir='ltr'>pro-</span> 
     </span>
     <span class='ocr_line' id='line_1_26' title="bbox 307 1209 618 1239; baseline -0.006 0"><span class='ocrx_word' id='word_1_112' title='bbox 307 1209 461 1239; x_wconf 82' lang='lat' dir='ltr'>fessionem</span> <span class='ocrx_word' id='word_1_113' title='bbox 477 1209 618 1239; x_wconf 80' lang='lat' dir='ltr'>emiserit.</span> 
     </span>
    </p>

    <p class='ocr_par' dir='ltr' id='par_1_7' title="bbox 307 1256 1051 2027">
     <span class='ocr_line' id='line_1_27' title="bbox 346 1256 1045 1296; baseline -0.004 -8"><span class='ocrx_word' id='word_1_114' title='bbox 346 1267 376 1288; x_wconf 92' lang='grc' dir='ltr'>ιι.</span> <span class='ocrx_word' id='word_1_115' title='bbox 400 1257 529 1293; x_wconf 85' lang='lat' dir='ltr'>Quatuor</span> <span class='ocrx_word' id='word_1_116' title='bbox 561 1262 673 1287; x_wconf 85' lang='lat' dir='ltr'>tantum</span> <span class='ocrx_word' id='word_1_117' title='bbox 704 1257 806 1287; x_wconf 67' lang='lat' dir='ltr'>novitii</span> <span class='ocrx_word' id='word_1_118' title='bbox 840 1266 891 1296; x_wconf 91' lang='lat' dir='ltr'>pro</span> <span class='ocrx_word' id='word_1_119' title='bbox 914 1256 1045 1295; x_wconf 87' lang='lat' dir='ltr'>quolibet</span> 
     </span>
     <span class='ocr_line' id='line_1_28' title="bbox 307 1306 1043 1346; baseline -0.003 -10"><span class='ocrx_word' id='word_1_120' title='bbox 307 1315 384 1336; x_wconf 87' lang='lat' dir='ltr'>anno</span> <span class='ocrx_word' id='word_1_121' title='bbox 411 1311 437 1336; x_wconf 88' lang='lat' dir='ltr'>et</span> <span class='ocrx_word' id='word_1_122' title='bbox 471 1315 523 1346; x_wconf 88' lang='lat' dir='ltr'>pro</span> <span class='ocrx_word' id='word_1_123' title='bbox 557 1307 617 1336; x_wconf 71' lang='lat' dir='ltr'>tota</span> <span class='ocrx_word' id='word_1_124' title='bbox 650 1306 802 1344; x_wconf 67' lang='lat' dir='ltr'>provincia</span> <span class='ocrx_word' id='word_1_125' title='bbox 834 1306 863 1335; x_wconf 92' lang='lat' dir='ltr'>in</span> <span class='ocrx_word' id='word_1_126' title='bbox 897 1310 1043 1345; x_wconf 83' lang='lat' dir='ltr'>posterum</span> 
     </span>
     <span class='ocr_line' id='line_1_29' title="bbox 307 1353 1046 1392; baseline -0.003 -8"><span class='ocrx_word' id='word_1_127' title='bbox 307 1354 499 1384; x_wconf 83' lang='lat' dir='ltr'>admittantur</span> <span class='ocrx_word' id='word_1_128' title='bbox 521 1354 708 1392; x_wconf 81' lang='lat' dir='ltr'>regulariter,</span> <span class='ocrx_word' id='word_1_129' title='bbox 742 1363 775 1383; x_wconf 88' lang='lat' dir='ltr'>ac</span> <span class='ocrx_word' id='word_1_130' title='bbox 808 1353 929 1392; x_wconf 89' lang='lat' dir='ltr'>insuper</span> <span class='ocrx_word' id='word_1_131' title='bbox 951 1357 1046 1383; x_wconf 82' lang='lat' dir='ltr'>extra-</span> 
     </span>
     <span class='ocr_line' id='line_1_30' title="bbox 307 1401 1044 1441; baseline -0.003 -9"><span class='ocrx_word' id='word_1_132' title='bbox 307 1403 454 1432; x_wconf 85' lang='lat' dir='ltr'>ordinarie</span> <span class='ocrx_word' id='word_1_133' title='bbox 475 1412 552 1432; x_wconf 89' lang='lat' dir='ltr'>unus</span> <span class='ocrx_word' id='word_1_134' title='bbox 574 1402 661 1431; x_wconf 89' lang='lat' dir='ltr'>etiam</span> <span class='ocrx_word' id='word_1_135' title='bbox 691 1411 743 1441; x_wconf 89' lang='lat' dir='ltr'>pro</span> <span class='ocrx_word' id='word_1_136' title='bbox 776 1401 907 1440; x_wconf 88' lang='lat' dir='ltr'>quolibet</span> <span class='ocrx_word' id='word_1_137' title='bbox 929 1401 1044 1431; x_wconf 83' lang='lat' dir='ltr'>senario</span> 
     </span>
     <span class='ocr_line' id='line_1_31' title="bbox 307 1450 1044 1488; baseline -0.003 -7"><span class='ocrx_word' id='word_1_138' title='bbox 307 1460 430 1481; x_wconf 90' lang='lat' dir='ltr'>numero</span> <span class='ocrx_word' id='word_1_139' title='bbox 452 1451 658 1488; x_wconf 78' lang='lat' dir='ltr'>religiosorum</span> <span class='ocrx_word' id='word_1_140' title='bbox 680 1451 711 1480; x_wconf 89' lang='lat' dir='ltr'>in</span> <span class='ocrx_word' id='word_1_141' title='bbox 733 1450 811 1480; x_wconf 86' lang='lat' dir='ltr'>dicto</span> <span class='ocrx_word' id='word_1_142' title='bbox 837 1459 913 1480; x_wconf 85' lang='lat' dir='ltr'>anno</span> <span class='ocrx_word' id='word_1_143' title='bbox 936 1459 969 1480; x_wconf 85' lang='lat' dir='ltr'>ex</span> <span class='ocrx_word' id='word_1_144' title='bbox 992 1450 1044 1479; x_wconf 83' lang='lat' dir='ltr'>bac</span> 
     </span>
     <span class='ocr_line' id='line_1_32' title="bbox 307 1498 1047 1538; baseline -0.001 -9"><span class='ocrx_word' id='word_1_145' title='bbox 307 1499 367 1529; x_wconf 69' lang='lat' dir='ltr'>vita</span> <span class='ocrx_word' id='word_1_146' title='bbox 389 1499 613 1529; x_wconf 83' lang='lat' dir='ltr'>decedentium:</span> <span class='ocrx_word' id='word_1_147' title='bbox 637 1503 665 1528; x_wconf 89' lang='lat' dir='ltr'>et</span> <span class='ocrx_word' id='word_1_148' title='bbox 687 1499 742 1529; x_wconf 85' lang='lat' dir='ltr'>hoc</span> <span class='ocrx_word' id='word_1_149' title='bbox 764 1498 817 1528; x_wconf 89' lang='lat' dir='ltr'>sub</span> <span class='ocrx_word' id='word_1_150' title='bbox 840 1500 934 1537; x_wconf 69' lang='lat' dir='ltr'>poena</span> <span class='ocrx_word' id='word_1_151' title='bbox 953 1500 1047 1538; x_wconf 71' lang='lat' dir='ltr'>priva·</span> 
     </span>
     <span class='ocr_line' id='line_1_33' title="bbox 307 1547 1045 1587; baseline 0 -10"><span class='ocrx_word' id='word_1_152' title='bbox 307 1547 396 1578; x_wconf 88' lang='lat' dir='ltr'>tionis</span> <span class='ocrx_word' id='word_1_153' title='bbox 435 1548 471 1578; x_wconf 86' lang='lat' dir='ltr'>ab</span> <span class='ocrx_word' id='word_1_154' title='bbox 505 1548 601 1578; x_wconf 81' lang='lat' dir='ltr'>officio</span> <span class='ocrx_word' id='word_1_155' title='bbox 640 1552 698 1578; x_wconf 86' lang='lat' dir='ltr'>tam</span> <span class='ocrx_word' id='word_1_156' title='bbox 732 1547 923 1587; x_wconf 86' lang='lat' dir='ltr'>provincialis</span> <span class='ocrx_word' id='word_1_157' title='bbox 959 1557 1045 1587; x_wconf 84' lang='lat' dir='ltr'>quam</span> 
     </span>
     <span class='ocr_line' id='line_1_34' title="bbox 308 1597 1046 1637; baseline -0.001 -10"><span class='ocrx_word' id='word_1_158' title='bbox 308 1597 439 1637; x_wconf 89' lang='lat' dir='ltr'>priorum</span> <span class='ocrx_word' id='word_1_159' title='bbox 462 1602 490 1627; x_wconf 87' lang='lat' dir='ltr'>et</span> <span class='ocrx_word' id='word_1_160' title='bbox 511 1597 720 1635; x_wconf 87' lang='lat' dir='ltr'>clavariorum‚</span> <span class='ocrx_word' id='word_1_161' title='bbox 741 1597 764 1626; x_wconf 90' lang='lat' dir='ltr'>si</span> <span class='ocrx_word' id='word_1_162' title='bbox 781 1597 941 1636; x_wconf 90' lang='lat' dir='ltr'>quemlibet</span> <span class='ocrx_word' id='word_1_163' title='bbox 957 1598 1046 1627; x_wconf 88' lang='lat' dir='ltr'>alium</span> 
     </span>
     <span class='ocr_line' id='line_1_35' title="bbox 308 1645 1047 1685; baseline -0.001 -9"><span class='ocrx_word' id='word_1_164' title='bbox 308 1645 385 1676; x_wconf 86' lang='lat' dir='ltr'>ultra</span> <span class='ocrx_word' id='word_1_165' title='bbox 408 1646 622 1685; x_wconf 88' lang='lat' dir='ltr'>praescriptum</span> <span class='ocrx_word' id='word_1_166' title='bbox 646 1655 800 1675; x_wconf 89' lang='lat' dir='ltr'>numerum</span> <span class='ocrx_word' id='word_1_167' title='bbox 823 1645 987 1675; x_wconf 82' lang='lat' dir='ltr'>admittent.</span> <span class='ocrx_word' id='word_1_168' title='bbox 1018 1646 1047 1676; x_wconf 77' lang='lat' dir='ltr'>Si</span> 
     </span>
     <span class='ocr_line' id='line_1_36' title="bbox 308 1694 1046 1733; baseline -0.001 -9"><span class='ocrx_word' id='word_1_169' title='bbox 308 1698 406 1724; x_wconf 84' lang='lat' dir='ltr'>tamen</span> <span class='ocrx_word' id='word_1_170' title='bbox 439 1694 515 1724; x_wconf 88' lang='lat' dir='ltr'>dicto</span> <span class='ocrx_word' id='word_1_171' title='bbox 548 1704 669 1724; x_wconf 89' lang='lat' dir='ltr'>numero</span> <span class='ocrx_word' id='word_1_172' title='bbox 699 1694 842 1733; x_wconf 87' lang='lat' dir='ltr'>completo</span> <span class='ocrx_word' id='word_1_173' title='bbox 875 1694 981 1733; x_wconf 87' lang='lat' dir='ltr'>aliquis</span> <span class='ocrx_word' id='word_1_174' title='bbox 1013 1704 1046 1724; x_wconf 76' lang='lat' dir='ltr'>ex</span> 
     </span>
     <span class='ocr_line' id='line_1_37' title="bbox 308 1742 1045 1782; baseline 0 -10"><span class='ocrx_word' id='word_1_175' title='bbox 308 1743 392 1782; x_wconf 86' lang='lat' dir='ltr'>regni</span> <span class='ocrx_word' id='word_1_176' title='bbox 415 1742 610 1781; x_wconf 78' lang='lat' dir='ltr'>magnatibus,</span> <span class='ocrx_word' id='word_1_177' title='bbox 635 1747 684 1773; x_wconf 89' lang='lat' dir='ltr'>aut</span> <span class='ocrx_word' id='word_1_178' title='bbox 707 1743 855 1782; x_wconf 87' lang='lat' dir='ltr'>primariis</span> <span class='ocrx_word' id='word_1_179' title='bbox 879 1743 1045 1780; x_wconf 84' lang='lat' dir='ltr'>nobilibus,</span> 
     </span>
     <span class='ocr_line' id='line_1_38' title="bbox 309 1791 1047 1830; baseline 0 -9"><span class='ocrx_word' id='word_1_180' title='bbox 309 1791 380 1821; x_wconf 75' lang='lat' dir='ltr'>alias</span> <span class='ocrx_word' id='word_1_181' title='bbox 402 1791 534 1828; x_wconf 90' lang='lat' dir='ltr'>idoneus,</span> <span class='ocrx_word' id='word_1_182' title='bbox 558 1791 689 1821; x_wconf 88' lang='lat' dir='ltr'>habitum</span> <span class='ocrx_word' id='word_1_183' title='bbox 713 1796 846 1821; x_wconf 85' lang='lat' dir='ltr'>nostrum</span> <span class='ocrx_word' id='word_1_184' title='bbox 869 1792 1047 1830; x_wconf 75' lang='lat' dir='ltr'>efflagitare-</span> 
     </span>
     <span class='ocr_line' id='line_1_39' title="bbox 309 1840 1046 1879; baseline 0 -9"><span class='ocrx_word' id='word_1_185' title='bbox 309 1840 359 1879; x_wconf 92' lang='lat' dir='ltr'>rit,</span> <span class='ocrx_word' id='word_1_186' title='bbox 394 1845 464 1877; x_wconf 78' lang='lat' dir='ltr'>tuuc</span> <span class='ocrx_word' id='word_1_187' title='bbox 495 1840 684 1879; x_wconf 87' lang='lat' dir='ltr'>provincialis</span> <span class='ocrx_word' id='word_1_188' title='bbox 716 1849 867 1870; x_wconf 87' lang='lat' dir='ltr'>recurrere</span> <span class='ocrx_word' id='word_1_189' title='bbox 899 1841 989 1879; x_wconf 77' lang='lat' dir='ltr'>possit</span> <span class='ocrx_word' id='word_1_190' title='bbox 1012 1841 1046 1871; x_wconf 91' lang='lat' dir='ltr'>ad</span> 
     </span>
     <span class='ocr_line' id='line_1_40' title="bbox 311 1888 1049 1927; baseline 0 -9"><span class='ocrx_word' id='word_1_191' title='bbox 311 1889 589 1919; x_wconf 84' lang='lat' dir='ltr'>reverendissimum</span> <span class='ocrx_word' id='word_1_192' title='bbox 622 1889 711 1918; x_wconf 85' lang='lat' dir='ltr'>totius</span> <span class='ocrx_word' id='word_1_193' title='bbox 734 1888 852 1919; x_wconf 84' lang='lat' dir='ltr'>Ordinis</span> <span class='ocrx_word' id='word_1_194' title='bbox 880 1890 1049 1927; x_wconf 76' lang='lat' dir='ltr'>generalem</span> 
     </span>
     <span class='ocr_line' id='line_1_41' title="bbox 312 1937 1048 1978; baseline 0 -10"><span class='ocrx_word' id='word_1_195' title='bbox 312 1947 365 1978; x_wconf 89' lang='lat' dir='ltr'>pro</span> <span class='ocrx_word' id='word_1_196' title='bbox 387 1938 605 1977; x_wconf 78' lang='lat' dir='ltr'>dispensatione</span> <span class='ocrx_word' id='word_1_197' title='bbox 628 1937 796 1967; x_wconf 74' lang='lat' dir='ltr'>obtinenda.</span> <span class='ocrx_word' id='word_1_198' title='bbox 815 1937 869 1967; x_wconf 84' lang='lat' dir='ltr'>Pro</span> <span class='ocrx_word' id='word_1_199' title='bbox 892 1938 976 1968; x_wconf 88' lang='lat' dir='ltr'>domo</span> <span class='ocrx_word' id='word_1_200' title='bbox 998 1948 1048 1968; x_wconf 86' lang='lat' dir='ltr'>no-</span> 
     </span>
     <span class='ocr_line' id='line_1_42' title="bbox 312 1987 1051 2027; baseline 0 -10"><span class='ocrx_word' id='word_1_201' title='bbox 312 1987 430 2017; x_wconf 86' lang='lat' dir='ltr'>vitiatus</span> <span class='ocrx_word' id='word_1_202' title='bbox 452 1987 642 2025; x_wconf 76' lang='lat' dir='ltr'>designantur</span> <span class='ocrx_word' id='word_1_203' title='bbox 663 1991 823 2017; x_wconf 66' lang='lat' dir='ltr'>conventus·</span> <span class='ocrx_word' id='word_1_204' title='bbox 845 1987 1051 2027; x_wconf 61' lang='lat' dir='ltr'>l&#39;lj‘ssiponen-</span> 
     </span>
    </p>
   </div>
   <div class='ocr_carea' id='block_1_7' title="bbox 312 2036 1072 2075">
    <p class='ocr_par' dir='ltr' id='par_1_8' title="bbox 312 2036 1072 2075">
     <span class='ocr_line' id='line_1_43' title="bbox 312 2036 1072 2075; baseline 0.003 -10"><span class='ocrx_word' id='word_1_205' title='bbox 312 2036 352 2065; x_wconf 88' lang='lat' dir='ltr'>sis</span> <span class='ocrx_word' id='word_1_206' title='bbox 374 2040 402 2066; x_wconf 90' lang='lat' dir='ltr'>et</span> <span class='ocrx_word' id='word_1_207' title='bbox 423 2036 508 2074; x_wconf 83' lang='lat' dir='ltr'>vulgo</span> <span class='ocrx_word' id='word_1_208' title='bbox 538 2036 632 2065; x_wconf 85' lang='lat' dir='ltr'>dictus</span> <span class='ocrx_word' id='word_1_209' title='bbox 656 2036 809 2073; x_wconf 62' lang='lat' dir='ltr'>Coyliarcs,</span> <span class='ocrx_word' id='word_1_210' title='bbox 831 2046 846 2065; x_wconf 90' lang='lat' dir='ltr'>a</span> <span class='ocrx_word' id='word_1_211' title='bbox 870 2036 975 2075; x_wconf 80' lang='lat' dir='ltr'>quibus</span> <span class='ocrx_word' id='word_1_212' title='bbox 999 2047 1051 2067; x_wconf 91' lang='lat' dir='ltr'>no-</span> <span class='ocrx_word' id='word_1_213' title='bbox 1070 2052 1072 2054; x_wconf 87' lang='lat'>·</span> 
     </span>
    </p>
   </div>
   <div class='ocr_carea' id='block_1_8' title="bbox 312 2084 1052 2417">
    <p class='ocr_par' dir='ltr' id='par_1_9' title="bbox 312 2084 1052 2417">
     <span class='ocr_line' id='line_1_44' title="bbox 312 2084 1052 2124; baseline 0.001 -10"><span class='ocrx_word' id='word_1_214' title='bbox 312 2084 376 2114; x_wconf 88' lang='lat' dir='ltr'>vitii</span> <span class='ocrx_word' id='word_1_215' title='bbox 398 2093 545 2124; x_wconf 90' lang='lat' dir='ltr'>nunquam</span> <span class='ocrx_word' id='word_1_216' title='bbox 562 2084 707 2114; x_wconf 73' lang='lat' dir='ltr'>removeri</span> <span class='ocrx_word' id='word_1_217' title='bbox 725 2085 848 2123; x_wconf 81' lang='lat' dir='ltr'>possint,</span> <span class='ocrx_word' id='word_1_218' title='bbox 873 2094 966 2124; x_wconf 85' lang='lat' dir='ltr'>neque</span> <span class='ocrx_word' id='word_1_219' title='bbox 990 2090 1052 2124; x_wconf 87' lang='lat' dir='ltr'>post</span> 
     </span>
     <span class='ocr_line' id='line_1_45' title="bbox 313 2133 1050 2172; baseline 0.001 -9"><span class='ocrx_word' id='word_1_220' title='bbox 313 2133 450 2163; x_wconf 75' lang='lat' dir='ltr'>emissam</span> <span class='ocrx_word' id='word_1_221' title='bbox 473 2133 695 2172; x_wconf 81' lang='lat' dir='ltr'>professionem,</span> <span class='ocrx_word' id='word_1_222' title='bbox 714 2133 769 2162; x_wconf 88' lang='lat' dir='ltr'>nisi</span> <span class='ocrx_word' id='word_1_223' title='bbox 786 2134 903 2172; x_wconf 75' lang='lat' dir='ltr'>praevio</span> <span class='ocrx_word' id='word_1_224' title='bbox 919 2135 1050 2165; x_wconf 82' lang='lat' dir='ltr'>examine</span> 
     </span>
     <span class='ocr_line' id='line_1_46' title="bbox 313 2181 1051 2222; baseline 0.001 -10"><span class='ocrx_word' id='word_1_225' title='bbox 313 2181 469 2222; x_wconf 87' lang='lat' dir='ltr'>approbati</span> <span class='ocrx_word' id='word_1_226' title='bbox 492 2191 544 2221; x_wconf 91' lang='lat' dir='ltr'>pro</span> <span class='ocrx_word' id='word_1_227' title='bbox 567 2182 748 2212; x_wconf 81' lang='lat' dir='ltr'>scholasticis</span> <span class='ocrx_word' id='word_1_228' title='bbox 778 2183 882 2212; x_wconf 87' lang='lat' dir='ltr'>studiis</span> <span class='ocrx_word' id='word_1_229' title='bbox 912 2183 989 2213; x_wconf 89' lang='lat' dir='ltr'>illico</span> <span class='ocrx_word' id='word_1_230' title='bbox 1017 2184 1051 2213; x_wconf 88' lang='lat' dir='ltr'>ad</span> 
     </span>
     <span class='ocr_line' id='line_1_47' title="bbox 314 2231 1052 2272; baseline 0.003 -11"><span class='ocrx_word' id='word_1_231' title='bbox 314 2231 437 2269; x_wconf 79' lang='lat' dir='ltr'>collegia</span> <span class='ocrx_word' id='word_1_232' title='bbox 470 2231 645 2269; x_wconf 77' lang='lat' dir='ltr'>dirigantur.</span> <span class='ocrx_word' id='word_1_233' title='bbox 680 2231 769 2261; x_wconf 86' lang='lat' dir='ltr'>Porro</span> <span class='ocrx_word' id='word_1_234' title='bbox 801 2240 886 2261; x_wconf 88' lang='lat' dir='ltr'>nemo</span> <span class='ocrx_word' id='word_1_235' title='bbox 915 2232 1052 2272; x_wconf 81' lang='lat' dir='ltr'>deinceps</span> 
     </span>
     <span class='ocr_line' id='line_1_48' title="bbox 314 2279 1052 2317; baseline 0.004 -9"><span class='ocrx_word' id='word_1_236' title='bbox 314 2280 349 2309; x_wconf 85' lang='lat' dir='ltr'>ad</span> <span class='ocrx_word' id='word_1_237' title='bbox 373 2279 505 2309; x_wconf 86' lang='lat' dir='ltr'>habitum</span> <span class='ocrx_word' id='word_1_238' title='bbox 527 2284 659 2309; x_wconf 87' lang='lat' dir='ltr'>nostrum</span> <span class='ocrx_word' id='word_1_239' title='bbox 682 2280 861 2317; x_wconf 82' lang='lat' dir='ltr'>admittatur,</span> <span class='ocrx_word' id='word_1_240' title='bbox 889 2280 944 2310; x_wconf 84' lang='lat' dir='ltr'>uisi</span> <span class='ocrx_word' id='word_1_241' title='bbox 966 2290 982 2312; x_wconf 90' lang='lat' dir='ltr'>a</span> <span class='ocrx_word' id='word_1_242' title='bbox 1004 2291 1052 2311; x_wconf 93' lang='lat' dir='ltr'>vo-</span> 
     </span>
     <span class='ocr_line' id='line_1_49' title="bbox 315 2328 1052 2368; baseline 0.001 -10"><span class='ocrx_word' id='word_1_243' title='bbox 315 2328 428 2358; x_wconf 87' lang='lat' dir='ltr'>calibus</span> <span class='ocrx_word' id='word_1_244' title='bbox 449 2328 655 2358; x_wconf 86' lang='lat' dir='ltr'>coenobiorum</span> <span class='ocrx_word' id='word_1_245' title='bbox 679 2328 768 2359; x_wconf 86' lang='lat' dir='ltr'>fuerit</span> <span class='ocrx_word' id='word_1_246' title='bbox 791 2338 842 2368; x_wconf 90' lang='lat' dir='ltr'>per</span> <span class='ocrx_word' id='word_1_247' title='bbox 864 2334 975 2359; x_wconf 85' lang='lat' dir='ltr'>secreta</span> <span class='ocrx_word' id='word_1_248' title='bbox 993 2330 1052 2359; x_wconf 87' lang='lat' dir='ltr'>suf·</span> 
     </span>
     <span class='ocr_line' id='line_1_50' title="bbox 315 2377 1049 2417; baseline 0.001 -10"><span class='ocrx_word' id='word_1_249' title='bbox 315 2377 406 2415; x_wconf 82' lang='lat' dir='ltr'>fragia</span> <span class='ocrx_word' id='word_1_250' title='bbox 428 2377 615 2417; x_wconf 81' lang='lat' dir='ltr'>approbatus,</span> <span class='ocrx_word' id='word_1_251' title='bbox 636 2382 789 2417; x_wconf 84' lang='lat' dir='ltr'>postquam</span> <span class='ocrx_word' id='word_1_252' title='bbox 813 2387 863 2416; x_wconf 89' lang='lat' dir='ltr'>per</span> <span class='ocrx_word' id='word_1_253' title='bbox 885 2379 1049 2408; x_wconf 86' lang='lat' dir='ltr'>authentica</span> 
     </span>
    </p>
   </div>
   <div class='ocr_carea' id='block_1_9' title="bbox 314 2422 1072 2465">
    <p class='ocr_par' dir='ltr' id='par_1_10' title="bbox 314 2422 1072 2465">
     <span class='ocr_line' id='line_1_51' title="bbox 314 2422 1072 2465; baseline 0.003 -10"><span class='ocrx_word' id='word_1_254' title='bbox 314 2426 486 2456; x_wconf 87' lang='lat' dir='ltr'>documenta</span> <span class='ocrx_word' id='word_1_255' title='bbox 502 2426 546 2456; x_wconf 74' lang='lat' dir='ltr'>vel</span> <span class='ocrx_word' id='word_1_256' title='bbox 563 2431 741 2465; x_wconf 75' lang='lat' dir='ltr'>opportunas</span> <span class='ocrx_word' id='word_1_257' title='bbox 757 2426 988 2464; x_wconf 83' lang='lat' dir='ltr'>informationes,</span> <span class='ocrx_word' id='word_1_258' title='bbox 1002 2432 1051 2457; x_wconf 89' lang='lat' dir='ltr'>aut</span> <span class='ocrx_word' id='word_1_259' title='bbox 1070 2422 1072 2450; x_wconf 81' lang='grc'>-’</span> 
     </span>
    </p>
   </div>
   <div class='ocr_carea' id='block_1_10' title="bbox 315 2475 1830 2515">
    <p class='ocr_par' dir='ltr' id='par_1_11' title="bbox 315 2475 1830 2515">
     <span class='ocr_line' id='line_1_52' title="bbox 315 2475 1830 2515; baseline 0.003 -11"><span class='ocrx_word' id='word_1_260' title='bbox 315 2475 399 2511; x_wconf 81' lang='lat' dir='ltr'>alias,</span> <span class='ocrx_word' id='word_1_261' title='bbox 422 2475 559 2514; x_wconf 85' lang='lat' dir='ltr'>praefatis</span> <span class='ocrx_word' id='word_1_262' title='bbox 577 2475 725 2505; x_wconf 70' lang='lat' dir='ltr'>vocalibus</span> <span class='ocrx_word' id='word_1_263' title='bbox 741 2475 871 2514; x_wconf 82' lang='lat' dir='ltr'>legitime</span> <span class='ocrx_word' id='word_1_264' title='bbox 889 2476 1051 2506; x_wconf 85' lang='lat' dir='ltr'>constiterit</span> <span class='ocrx_word' id='word_1_265' title='bbox 1070 2479 1072 2504; x_wconf 83' lang='lat' dir='ltr'>i</span> <span class='ocrx_word' id='word_1_266' title='bbox 1092 2478 1286 2508; x_wconf 87' lang='lat' dir='ltr'>necessariam</span> <span class='ocrx_word' id='word_1_267' title='bbox 1302 2487 1429 2513; x_wconf 76' lang='lat' dir='ltr'>causam,</span> <span class='ocrx_word' id='word_1_268' title='bbox 1448 2479 1570 2508; x_wconf 85' lang='lat' dir='ltr'>servatis</span> <span class='ocrx_word' id='word_1_269' title='bbox 1586 2479 1747 2515; x_wconf 74' lang='lat' dir='ltr'>servandis,</span> <span class='ocrx_word' id='word_1_270' title='bbox 1772 2480 1830 2509; x_wconf 89' lang='lat' dir='ltr'>dis-</span> 
     </span>
    </p>
   </div>
   <div class='ocr_carea' id='block_1_11' title="bbox 315 2523 1052 2662">
    <p class='ocr_par' dir='ltr' id='par_1_12' title="bbox 315 2523 1052 2662">
     <span class='ocr_line' id='line_1_53' title="bbox 315 2523 1052 2563; baseline 0.001 -10"><span class='ocrx_word' id='word_1_271' title='bbox 315 2523 350 2553; x_wconf 91' lang='lat' dir='ltr'>de</span> <span class='ocrx_word' id='word_1_272' title='bbox 372 2523 605 2562; x_wconf 87' lang='lat' dir='ltr'>recipiendorum</span> <span class='ocrx_word' id='word_1_273' title='bbox 627 2524 766 2561; x_wconf 68' lang='lat' dir='ltr'>legitimis</span> <span class='ocrx_word' id='word_1_274' title='bbox 789 2524 945 2563; x_wconf 84' lang='lat' dir='ltr'>natalibus,</span> <span class='ocrx_word' id='word_1_275' title='bbox 964 2525 1052 2555; x_wconf 86' lang='lat' dir='ltr'>mori-</span> 
     </span>
     <span class='ocr_line' id='line_1_54' title="bbox 315 2571 1050 2612; baseline 0.004 -12"><span class='ocrx_word' id='word_1_276' title='bbox 315 2571 380 2607; x_wconf 86' lang='lat' dir='ltr'>bus,</span> <span class='ocrx_word' id='word_1_277' title='bbox 398 2572 598 2610; x_wconf 89' lang='lat' dir='ltr'>qualitatibus,</span> <span class='ocrx_word' id='word_1_278' title='bbox 616 2572 737 2612; x_wconf 76' lang='lat' dir='ltr'>aliisque</span> <span class='ocrx_word' id='word_1_279' title='bbox 760 2573 908 2612; x_wconf 74' lang='lat' dir='ltr'>requisitis</span> <span class='ocrx_word' id='word_1_280' title='bbox 931 2582 945 2602; x_wconf 90' lang='lat' dir='ltr'>a</span> <span class='ocrx_word' id='word_1_281' title='bbox 969 2583 1050 2603; x_wconf 86' lang='lat' dir='ltr'>sacro</span> 
     </span>
     <span class='ocr_line' id='line_1_55' title="bbox 354 2625 1039 2662; baseline 0.001 -10"><span class='ocrx_word' id='word_1_282' title='bbox 354 2628 362 2652; x_wconf 89' lang='lat' dir='ltr'>l</span> <span class='ocrx_word' id='word_1_283' title='bbox 382 2625 447 2653; x_wconf 86' lang='lat' dir='ltr'>Puto</span> <span class='ocrx_word' id='word_1_284' title='bbox 466 2626 556 2660; x_wconf 75' lang='lat' dir='ltr'>ipsius</span> <span class='ocrx_word' id='word_1_285' title='bbox 567 2626 608 2654; x_wconf 78' lang='lat' dir='ltr'>vel</span> <span class='ocrx_word' id='word_1_286' title='bbox 624 2627 710 2654; x_wconf 78' lang='lat' dir='ltr'>totius</span> <span class='ocrx_word' id='word_1_287' title='bbox 726 2635 773 2662; x_wconf 88' lang='lat' dir='ltr'>pro</span> <span class='ocrx_word' id='word_1_288' title='bbox 790 2627 877 2653; x_wconf 61' lang='lat' dir='ltr'>Istrus</span> <span class='ocrx_word' id='word_1_289' title='bbox 893 2626 1039 2662; x_wconf 66' lang='lat' dir='ltr'>leg.(tt.T,)</span> 
     </span>
    </p>
   </div>
   <div class='ocr_carea' id='block_1_12' title="bbox 1063 1210 1080 2660">
    <p class='ocr_par' dir='ltr' id='par_1_13' title="bbox 1063 1210 1080 2660">
     <span class='ocr_line' id='line_1_56' title="bbox 1063 1210 1080 2660; baseline 0 0"><span class='ocrx_word' id='word_1_290' title='bbox 1063 1210 1080 2660; x_wconf 95' lang='lat' dir='ltr'> </span> 
     </span>
    </p>
   </div>
   <div class='ocr_carea' id='block_1_13' title="bbox 1075 280 1823 1150">
    <p class='ocr_par' dir='ltr' id='par_1_14' title="bbox 1075 280 1823 1150">
     <span class='ocr_line' id='line_1_57' title="bbox 1075 280 1814 318; baseline -0.009 -4"><span class='ocrx_word' id='word_1_291' title='bbox 1075 284 1208 313; x_wconf 86' lang='lat' dir='ltr'>Concilio</span> <span class='ocrx_word' id='word_1_292' title='bbox 1240 280 1423 317; x_wconf 85' lang='lat' dir='ltr'>Tridentino,</span> <span class='ocrx_word' id='word_1_293' title='bbox 1458 280 1716 310; x_wconf 76' lang='lat' dir='ltr'>constitutionibus</span> <span class='ocrx_word' id='word_1_294' title='bbox 1746 289 1814 318; x_wconf 85' lang='lat' dir='ltr'>apo-</span> 
     </span>
     <span class='ocr_line' id='line_1_58' title="bbox 1076 328 1815 366; baseline -0.007 -4"><span class='ocrx_word' id='word_1_295' title='bbox 1076 331 1188 361; x_wconf 89' lang='lat' dir='ltr'>stolicis</span> <span class='ocrx_word' id='word_1_296' title='bbox 1218 340 1251 361; x_wconf 84' lang='lat' dir='ltr'>ac</span> <span class='ocrx_word' id='word_1_297' title='bbox 1273 330 1404 366; x_wconf 80' lang='lat' dir='ltr'>Ordinis,</span> <span class='ocrx_word' id='word_1_298' title='bbox 1436 339 1550 359; x_wconf 89' lang='lat' dir='ltr'>necnon</span> <span class='ocrx_word' id='word_1_299' title='bbox 1583 328 1815 358; x_wconf 84' lang='lat' dir='ltr'>ordinationibus</span> 
     </span>
     <span class='ocr_line' id='line_1_59' title="bbox 1077 378 1815 419; baseline -0.007 -8"><span class='ocrx_word' id='word_1_300' title='bbox 1077 379 1316 411; x_wconf 81' lang='lat' dir='ltr'>reverendissimi</span> <span class='ocrx_word' id='word_1_301' title='bbox 1332 379 1531 419; x_wconf 81' lang='lat' dir='ltr'>procuratoris</span> <span class='ocrx_word' id='word_1_302' title='bbox 1545 378 1692 415; x_wconf 81' lang='lat' dir='ltr'>generalis</span> <span class='ocrx_word' id='word_1_303' title='bbox 1713 387 1726 406; x_wconf 85' lang='lat' dir='ltr'>a</span> <span class='ocrx_word' id='word_1_304' title='bbox 1751 387 1815 406; x_wconf 86' lang='lat' dir='ltr'>sau-</span> 
     </span>
     <span class='ocr_line' id='line_1_60' title="bbox 1078 427 1818 466; baseline -0.005 -7"><span class='ocrx_word' id='word_1_305' title='bbox 1078 430 1208 459; x_wconf 78' lang='lat' dir='ltr'>ctissimo</span> <span class='ocrx_word' id='word_1_306' title='bbox 1230 429 1348 458; x_wconf 90' lang='lat' dir='ltr'>domino</span> <span class='ocrx_word' id='word_1_307' title='bbox 1370 432 1470 458; x_wconf 90' lang='lat' dir='ltr'>nostro</span> <span class='ocrx_word' id='word_1_308' title='bbox 1503 436 1554 466; x_wconf 88' lang='lat' dir='ltr'>per</span> <span class='ocrx_word' id='word_1_309' title='bbox 1575 427 1686 456; x_wconf 83' lang='lat' dir='ltr'>litteras</span> <span class='ocrx_word' id='word_1_310' title='bbox 1709 427 1737 455; x_wconf 95' lang='lat' dir='ltr'>in</span> <span class='ocrx_word' id='word_1_311' title='bbox 1761 427 1818 455; x_wconf 76' lang='lat' dir='ltr'>for-</span> 
     </span>
     <span class='ocr_line' id='line_1_61' title="bbox 1079 474 1818 509; baseline -0.007 -1"><span class='ocrx_word' id='word_1_312' title='bbox 1079 480 1127 508; x_wconf 69' lang='lat' dir='ltr'>ma</span> <span class='ocrx_word' id='word_1_313' title='bbox 1157 478 1260 509; x_wconf 83' lang='lat' dir='ltr'>Brevis</span> <span class='ocrx_word' id='word_1_314' title='bbox 1292 477 1473 508; x_wconf 81' lang='lat' dir='ltr'>confirmatis</span> <span class='ocrx_word' id='word_1_315' title='bbox 1496 476 1550 506; x_wconf 71' lang='lat' dir='ltr'>sub</span> <span class='ocrx_word' id='word_1_316' title='bbox 1572 475 1618 505; x_wconf 89' lang='lat' dir='ltr'>die</span> <span class='ocrx_word' id='word_1_317' title='bbox 1640 484 1668 504; x_wconf 63' lang='grc' dir='ltr'>ιιι</span> <span class='ocrx_word' id='word_1_318' title='bbox 1691 474 1818 504; x_wconf 88' lang='lat' dir='ltr'>octobris</span> 
     </span>
     <span class='ocr_line' id='line_1_62' title="bbox 1079 524 1820 562; baseline -0.007 -5"><span class='ocrx_word' id='word_1_319' title='bbox 1079 528 1149 558; x_wconf 89' lang='lat' dir='ltr'>anni</span> <span class='ocrx_word' id='word_1_320' title='bbox 1172 536 1314 558; x_wconf 77' lang='lat' dir='ltr'>MDCXCIH.</span> <span class='ocrx_word' id='word_1_321' title='bbox 1338 526 1427 556; x_wconf 88' lang='lat' dir='ltr'>Nemo</span> <span class='ocrx_word' id='word_1_322' title='bbox 1450 526 1586 555; x_wconf 86' lang='lat' dir='ltr'>similiter</span> <span class='ocrx_word' id='word_1_323' title='bbox 1608 524 1643 554; x_wconf 89' lang='lat' dir='ltr'>ad</span> <span class='ocrx_word' id='word_1_324' title='bbox 1665 524 1820 562; x_wconf 78' lang='lat' dir='ltr'>professio-</span> 
     </span>
     <span class='ocr_line' id='line_1_63' title="bbox 1080 573 1819 614; baseline -0.005 -8"><span class='ocrx_word' id='word_1_325' title='bbox 1080 586 1146 607; x_wconf 89' lang='lat' dir='ltr'>nem</span> <span class='ocrx_word' id='word_1_326' title='bbox 1171 576 1354 614; x_wconf 84' lang='lat' dir='ltr'>admittatur,</span> <span class='ocrx_word' id='word_1_327' title='bbox 1387 575 1455 611; x_wconf 82' lang='lat' dir='ltr'>nisi,</span> <span class='ocrx_word' id='word_1_328' title='bbox 1480 578 1597 614; x_wconf 89' lang='lat' dir='ltr'>praeter</span> <span class='ocrx_word' id='word_1_329' title='bbox 1619 574 1674 604; x_wconf 86' lang='lat' dir='ltr'>alia</span> <span class='ocrx_word' id='word_1_330' title='bbox 1697 573 1732 603; x_wconf 88' lang='lat' dir='ltr'>de</span> <span class='ocrx_word' id='word_1_331' title='bbox 1754 573 1819 602; x_wconf 88' lang='lat' dir='ltr'>iure</span> 
     </span>
     <span class='ocr_line' id='line_1_64' title="bbox 1080 621 1819 661; baseline -0.007 -6"><span class='ocrx_word' id='word_1_332' title='bbox 1080 626 1140 655; x_wconf 85' lang='lat' dir='ltr'>sive</span> <span class='ocrx_word' id='word_1_333' title='bbox 1163 624 1313 655; x_wconf 89' lang='lat' dir='ltr'>communi</span> <span class='ocrx_word' id='word_1_334' title='bbox 1335 624 1396 654; x_wconf 70' lang='lat' dir='ltr'>sive</span> <span class='ocrx_word' id='word_1_335' title='bbox 1418 623 1511 653; x_wconf 85' lang='lat' dir='ltr'>nostri</span> <span class='ocrx_word' id='word_1_336' title='bbox 1527 622 1629 653; x_wconf 89' lang='lat' dir='ltr'>Ordini</span> <span class='ocrx_word' id='word_1_337' title='bbox 1652 621 1770 661; x_wconf 89' lang='lat' dir='ltr'>proprio</span> <span class='ocrx_word' id='word_1_338' title='bbox 1792 626 1819 650; x_wconf 86' lang='lat' dir='ltr'>et</span> 
     </span>
     <span class='ocr_line' id='line_1_65' title="bbox 1081 671 1819 714; baseline -0.008 -10"><span class='ocrx_word' id='word_1_339' title='bbox 1081 674 1252 714; x_wconf 86' lang='lat' dir='ltr'>municipali</span> <span class='ocrx_word' id='word_1_340' title='bbox 1274 673 1427 713; x_wconf 82' lang='lat' dir='ltr'>requisita,</span> <span class='ocrx_word' id='word_1_341' title='bbox 1461 676 1525 711; x_wconf 84' lang='lat' dir='ltr'>post</span> <span class='ocrx_word' id='word_1_342' title='bbox 1551 671 1676 709; x_wconf 72' lang='lat' dir='ltr'>diligens</span> <span class='ocrx_word' id='word_1_343' title='bbox 1698 678 1819 700; x_wconf 83' lang='lat' dir='ltr'>examen</span> 
     </span>
     <span class='ocr_line' id='line_1_66' title="bbox 1081 718 1820 760; baseline -0.008 -7"><span class='ocrx_word' id='word_1_344' title='bbox 1081 723 1157 753; x_wconf 88' lang='lat' dir='ltr'>circa</span> <span class='ocrx_word' id='word_1_345' title='bbox 1180 722 1328 760; x_wconf 85' lang='lat' dir='ltr'>regulam,</span> <span class='ocrx_word' id='word_1_346' title='bbox 1360 720 1594 756; x_wconf 87' lang='lat' dir='ltr'>constitutiones,</span> <span class='ocrx_word' id='word_1_347' title='bbox 1622 718 1820 749; x_wconf 83' lang='lat' dir='ltr'>caeremonias</span> 
     </span>
     <span class='ocr_line' id='line_1_67' title="bbox 1081 767 1820 808; baseline -0.007 -7"><span class='ocrx_word' id='word_1_348' title='bbox 1081 775 1195 801; x_wconf 86' lang='lat' dir='ltr'>nostras</span> <span class='ocrx_word' id='word_1_349' title='bbox 1217 775 1245 800; x_wconf 89' lang='lat' dir='ltr'>et</span> <span class='ocrx_word' id='word_1_350' title='bbox 1267 774 1383 800; x_wconf 87' lang='lat' dir='ltr'>cantum</span> <span class='ocrx_word' id='word_1_351' title='bbox 1400 769 1620 808; x_wconf 75' lang='lat' dir='ltr'>gregorianum,</span> <span class='ocrx_word' id='word_1_352' title='bbox 1643 767 1820 807; x_wconf 88' lang='lat' dir='ltr'>approbatus</span> 
     </span>
     <span class='ocr_line' id='line_1_68' title="bbox 1081 816 1819 850; baseline -0.005 -1"><span class='ocrx_word' id='word_1_353' title='bbox 1081 820 1169 850; x_wconf 89' lang='lat' dir='ltr'>fuerit</span> <span class='ocrx_word' id='word_1_354' title='bbox 1191 819 1226 849; x_wconf 89' lang='lat' dir='ltr'>ab</span> <span class='ocrx_word' id='word_1_355' title='bbox 1249 818 1497 848; x_wconf 81' lang='lat' dir='ltr'>examinatoribus</span> <span class='ocrx_word' id='word_1_356' title='bbox 1530 818 1564 847; x_wconf 89' lang='lat' dir='ltr'>ad</span> <span class='ocrx_word' id='word_1_357' title='bbox 1586 817 1663 847; x_wconf 89' lang='lat' dir='ltr'>hunc</span> <span class='ocrx_word' id='word_1_358' title='bbox 1685 816 1819 846; x_wconf 87' lang='lat' dir='ltr'>effectum</span> 
     </span>
     <span class='ocr_line' id='line_1_69' title="bbox 1082 866 1821 909; baseline -0.007 -10"><span class='ocrx_word' id='word_1_359' title='bbox 1082 879 1096 899; x_wconf 91' lang='lat' dir='ltr'>a</span> <span class='ocrx_word' id='word_1_360' title='bbox 1121 868 1293 909; x_wconf 88' lang='lat' dir='ltr'>provinciali</span> <span class='ocrx_word' id='word_1_361' title='bbox 1314 877 1365 907; x_wconf 80' lang='lat' dir='ltr'>pro</span> <span class='ocrx_word' id='word_1_362' title='bbox 1385 871 1514 906; x_wconf 82' lang='lat' dir='ltr'>ternpore</span> <span class='ocrx_word' id='word_1_363' title='bbox 1530 866 1716 906; x_wconf 79' lang='lat' dir='ltr'>deputandis,</span> <span class='ocrx_word' id='word_1_364' title='bbox 1732 873 1821 904; x_wconf 81' lang='lat' dir='ltr'>super</span> 
     </span>
     <span class='ocr_line' id='line_1_70' title="bbox 1083 916 1822 957; baseline -0.003 -12"><span class='ocrx_word' id='word_1_365' title='bbox 1083 922 1139 957; x_wconf 74' lang='lat' dir='ltr'>quo</span> <span class='ocrx_word' id='word_1_366' title='bbox 1162 926 1263 947; x_wconf 89' lang='lat' dir='ltr'>eorum</span> <span class='ocrx_word' id='word_1_367' title='bbox 1287 916 1494 946; x_wconf 81' lang='lat' dir='ltr'>conscientiam</span> <span class='ocrx_word' id='word_1_368' title='bbox 1518 919 1665 946; x_wconf 87' lang='lat' dir='ltr'>oneratam</span> <span class='ocrx_word' id='word_1_369' title='bbox 1688 924 1751 944; x_wconf 85' lang='lat' dir='ltr'>esse</span> <span class='ocrx_word' id='word_1_370' title='bbox 1775 924 1822 944; x_wconf 78' lang='lat' dir='ltr'>vo-</span> 
     </span>
     <span class='ocr_line' id='line_1_71' title="bbox 1083 965 1823 1004; baseline -0.004 -8"><span class='ocrx_word' id='word_1_371' title='bbox 1083 968 1190 997; x_wconf 68' lang='lat' dir='ltr'>lumus.</span> <span class='ocrx_word' id='word_1_372' title='bbox 1210 966 1263 1001; x_wconf 82' lang='lat' dir='ltr'>Qui</span> <span class='ocrx_word' id='word_1_373' title='bbox 1279 975 1347 995; x_wconf 69' lang='lat' dir='ltr'>vero</span> <span class='ocrx_word' id='word_1_374' title='bbox 1363 965 1601 1002; x_wconf 84' lang='lat' dir='ltr'>contrafeccrint‚</span> <span class='ocrx_word' id='word_1_375' title='bbox 1622 968 1738 1004; x_wconf 84' lang='lat' dir='ltr'>praeter</span> <span class='ocrx_word' id='word_1_376' title='bbox 1758 973 1823 1003; x_wconf 79' lang='lat' dir='ltr'>poe-</span> 
     </span>
     <span class='ocr_line' id='line_1_72' title="bbox 1083 1013 1821 1054; baseline -0.005 -9"><span class='ocrx_word' id='word_1_377' title='bbox 1083 1025 1135 1045; x_wconf 81' lang='lat' dir='ltr'>nas</span> <span class='ocrx_word' id='word_1_378' title='bbox 1158 1025 1171 1044; x_wconf 86' lang='lat' dir='ltr'>a</span> <span class='ocrx_word' id='word_1_379' title='bbox 1195 1014 1372 1054; x_wconf 81' lang='lat' dir='ltr'>supradictis</span> <span class='ocrx_word' id='word_1_380' title='bbox 1395 1013 1655 1044; x_wconf 81' lang='lat' dir='ltr'>constitutionibus</span> <span class='ocrx_word' id='word_1_381' title='bbox 1688 1016 1821 1045; x_wconf 74' lang='lat' dir='ltr'>statutas,</span> 
     </span>
     <span class='ocr_line' id='line_1_73' title="bbox 1084 1061 1775 1100; baseline -0.006 -5"><span class='ocrx_word' id='word_1_382' title='bbox 1084 1065 1149 1095; x_wconf 85' lang='lat' dir='ltr'>aliis</span> <span class='ocrx_word' id='word_1_383' title='bbox 1171 1065 1258 1094; x_wconf 86' lang='lat' dir='ltr'>etiarn</span> <span class='ocrx_word' id='word_1_384' title='bbox 1281 1062 1405 1092; x_wconf 86' lang='lat' dir='ltr'>arbitrio</span> <span class='ocrx_word' id='word_1_385' title='bbox 1427 1062 1572 1100; x_wconf 73' lang='lat' dir='ltr'>generalis</span> <span class='ocrx_word' id='word_1_386' title='bbox 1594 1061 1775 1091; x_wconf 87' lang='lat' dir='ltr'>subiaceant.</span> 
     </span>
     <span class='ocr_line' id='line_1_74' title="bbox 1124 1110 1822 1150; baseline -0.006 -7"><span class='ocrx_word' id='word_1_387' title='bbox 1124 1122 1165 1143; x_wconf 85' lang='lat'><em>111.</em></span> <span class='ocrx_word' id='word_1_388' title='bbox 1190 1112 1269 1143; x_wconf 82' lang='lat' dir='ltr'>Sacri</span> <span class='ocrx_word' id='word_1_389' title='bbox 1292 1111 1414 1142; x_wconf 91' lang='lat' dir='ltr'>Concilii</span> <span class='ocrx_word' id='word_1_390' title='bbox 1433 1111 1597 1141; x_wconf 86' lang='lat' dir='ltr'>Tridentini</span> <span class='ocrx_word' id='word_1_391' title='bbox 1620 1110 1771 1150; x_wconf 84' lang='lat' dir='ltr'>dispositio</span> <span class='ocrx_word' id='word_1_392' title='bbox 1793 1110 1822 1140; x_wconf 88' lang='lat' dir='ltr'>in</span> 
     </span>
    </p>
   </div>
   <div class='ocr_carea' id='block_1_14' title="bbox 1086 1208 1831 1882">
    <p class='ocr_par' dir='ltr' id='par_1_15' title="bbox 1086 1208 1831 1882">
     <span class='ocr_line' id='line_1_75' title="bbox 1086 1208 1822 1246; baseline -0.004 -6"><span class='ocrx_word' id='word_1_393' title='bbox 1086 1211 1223 1240; x_wconf 88' lang='lat' dir='ltr'>vitiorum</span> <span class='ocrx_word' id='word_1_394' title='bbox 1260 1208 1497 1239; x_wconf 86' lang='lat' dir='ltr'>renunciationes</span> <span class='ocrx_word' id='word_1_395' title='bbox 1530 1212 1579 1238; x_wconf 86' lang='lat' dir='ltr'>aut</span> <span class='ocrx_word' id='word_1_396' title='bbox 1613 1208 1822 1246; x_wconf 79' lang='lat' dir='ltr'>obligationes,</span> 
     </span>
     <span class='ocr_line' id='line_1_76' title="bbox 1086 1257 1824 1296; baseline -0.004 -7"><span class='ocrx_word' id='word_1_397' title='bbox 1086 1259 1204 1289; x_wconf 90' lang='lat' dir='ltr'>omnino</span> <span class='ocrx_word' id='word_1_398' title='bbox 1237 1258 1411 1287; x_wconf 88' lang='lat' dir='ltr'>intemerata</span> <span class='ocrx_word' id='word_1_399' title='bbox 1444 1262 1600 1286; x_wconf 80' lang='lat' dir='ltr'>servetur:</span> <span class='ocrx_word' id='word_1_400' title='bbox 1635 1266 1669 1286; x_wconf 85' lang='lat' dir='ltr'>ac</span> <span class='ocrx_word' id='word_1_401' title='bbox 1703 1257 1824 1296; x_wconf 87' lang='lat' dir='ltr'>proinde</span> 
     </span>
     <span class='ocr_line' id='line_1_77' title="bbox 1086 1305 1825 1346; baseline -0.004 -9"><span class='ocrx_word' id='word_1_402' title='bbox 1086 1312 1153 1337; x_wconf 88' lang='lat' dir='ltr'>ante</span> <span class='ocrx_word' id='word_1_403' title='bbox 1175 1311 1290 1346; x_wconf 84' lang='lat' dir='ltr'>tempus</span> <span class='ocrx_word' id='word_1_404' title='bbox 1312 1306 1421 1336; x_wconf 87' lang='lat' dir='ltr'>ibidem</span> <span class='ocrx_word' id='word_1_405' title='bbox 1444 1310 1596 1340; x_wconf 85' lang='lat' dir='ltr'>statutum,</span> <span class='ocrx_word' id='word_1_406' title='bbox 1614 1314 1647 1335; x_wconf 84' lang='lat' dir='ltr'>ac</span> <span class='ocrx_word' id='word_1_407' title='bbox 1664 1305 1753 1335; x_wconf 89' lang='lat' dir='ltr'>multo</span> <span class='ocrx_word' id='word_1_408' title='bbox 1772 1305 1825 1334; x_wconf 89' lang='lat' dir='ltr'>mi-</span> 
     </span>
     <span class='ocr_line' id='line_1_78' title="bbox 1087 1354 1825 1393; baseline -0.003 -8"><span class='ocrx_word' id='word_1_409' title='bbox 1087 1366 1141 1386; x_wconf 89' lang='lat' dir='ltr'>nus</span> <span class='ocrx_word' id='word_1_410' title='bbox 1164 1360 1231 1385; x_wconf 86' lang='lat' dir='ltr'>ante</span> <span class='ocrx_word' id='word_1_411' title='bbox 1253 1354 1368 1384; x_wconf 77' lang='lat' dir='ltr'>habitus</span> <span class='ocrx_word' id='word_1_412' title='bbox 1391 1354 1619 1393; x_wconf 86' lang='lat' dir='ltr'>susceptionem,</span> <span class='ocrx_word' id='word_1_413' title='bbox 1636 1354 1715 1384; x_wconf 87' lang='lat' dir='ltr'>nulla</span> <span class='ocrx_word' id='word_1_414' title='bbox 1733 1354 1825 1393; x_wconf 89' lang='lat' dir='ltr'>pactio</span> 
     </span>
     <span class='ocr_line' id='line_1_79' title="bbox 1087 1402 1825 1444; baseline -0.004 -10"><span class='ocrx_word' id='word_1_415' title='bbox 1087 1413 1175 1444; x_wconf 86' lang='lat' dir='ltr'>super</span> <span class='ocrx_word' id='word_1_416' title='bbox 1197 1404 1254 1441; x_wconf 91' lang='lat' dir='ltr'>his,</span> <span class='ocrx_word' id='word_1_417' title='bbox 1274 1403 1353 1433; x_wconf 92' lang='lat' dir='ltr'>nulla</span> <span class='ocrx_word' id='word_1_418' title='bbox 1377 1403 1531 1432; x_wconf 86' lang='lat' dir='ltr'>conventio</span> <span class='ocrx_word' id='word_1_419' title='bbox 1554 1402 1599 1432; x_wconf 76' lang='lat' dir='ltr'>vel</span> <span class='ocrx_word' id='word_1_420' title='bbox 1622 1412 1758 1442; x_wconf 84' lang='lat' dir='ltr'>expressa</span> <span class='ocrx_word' id='word_1_421' title='bbox 1782 1403 1825 1432; x_wconf 83' lang='lat' dir='ltr'>vel</span> 
     </span>
     <span class='ocr_line' id='line_1_80' title="bbox 1087 1452 1824 1492; baseline -0.003 -9"><span class='ocrx_word' id='word_1_422' title='bbox 1087 1453 1174 1483; x_wconf 84' lang='lat' dir='ltr'>tacita</span> <span class='ocrx_word' id='word_1_423' title='bbox 1197 1462 1212 1482; x_wconf 88' lang='lat' dir='ltr'>a</span> <span class='ocrx_word' id='word_1_424' title='bbox 1231 1457 1348 1482; x_wconf 88' lang='lat' dir='ltr'>nostrae</span> <span class='ocrx_word' id='word_1_425' title='bbox 1365 1452 1532 1492; x_wconf 83' lang='lat' dir='ltr'>provinciae</span> <span class='ocrx_word' id='word_1_426' title='bbox 1548 1452 1749 1491; x_wconf 86' lang='lat' dir='ltr'>superioribus</span> <span class='ocrx_word' id='word_1_427' title='bbox 1765 1452 1824 1488; x_wconf 85' lang='lat' dir='ltr'>fiat,</span> 
     </span>
     <span class='ocr_line' id='line_1_81' title="bbox 1088 1500 1827 1537; baseline -0.001 -6"><span class='ocrx_word' id='word_1_428' title='bbox 1088 1502 1132 1532; x_wconf 87' lang='lat' dir='ltr'>vel</span> <span class='ocrx_word' id='word_1_429' title='bbox 1157 1501 1191 1531; x_wconf 87' lang='lat' dir='ltr'>ab</span> <span class='ocrx_word' id='word_1_430' title='bbox 1214 1501 1278 1531; x_wconf 88' lang='lat' dir='ltr'>aliis</span> <span class='ocrx_word' id='word_1_431' title='bbox 1298 1502 1371 1531; x_wconf 90' lang='lat' dir='ltr'>facta</span> <span class='ocrx_word' id='word_1_432' title='bbox 1388 1501 1539 1537; x_wconf 88' lang='lat' dir='ltr'>toleretur,</span> <span class='ocrx_word' id='word_1_433' title='bbox 1562 1511 1619 1530; x_wconf 93' lang='lat' dir='ltr'>non</span> <span class='ocrx_word' id='word_1_434' title='bbox 1644 1500 1827 1531; x_wconf 85' lang='lat' dir='ltr'>obstantibus</span> 
     </span>
     <span class='ocr_line' id='line_1_82' title="bbox 1089 1549 1829 1589; baseline -0.001 -9"><span class='ocrx_word' id='word_1_435' title='bbox 1089 1550 1322 1589; x_wconf 79' lang='lat' dir='ltr'>quibuscumque</span> <span class='ocrx_word' id='word_1_436' title='bbox 1344 1549 1601 1589; x_wconf 84' lang='lat' dir='ltr'>deprecationibus</span> <span class='ocrx_word' id='word_1_437' title='bbox 1627 1558 1659 1579; x_wconf 85' lang='lat' dir='ltr'>ac</span> <span class='ocrx_word' id='word_1_438' title='bbox 1687 1549 1829 1588; x_wconf 86' lang='lat' dir='ltr'>importu-</span> 
     </span>
     <span class='ocr_line' id='line_1_83' title="bbox 1089 1598 1829 1638; baseline 0 -10"><span class='ocrx_word' id='word_1_439' title='bbox 1089 1599 1134 1629; x_wconf 92' lang='lat' dir='ltr'>nis</span> <span class='ocrx_word' id='word_1_440' title='bbox 1156 1598 1469 1634; x_wconf 72' lang='lat' dir='ltr'>commendationibus,</span> <span class='ocrx_word' id='word_1_441' title='bbox 1486 1602 1517 1628; x_wconf 93' lang='lat' dir='ltr'>ut</span> <span class='ocrx_word' id='word_1_442' title='bbox 1539 1599 1578 1628; x_wconf 91' lang='lat' dir='ltr'>ita</span> <span class='ocrx_word' id='word_1_443' title='bbox 1601 1598 1719 1638; x_wconf 85' lang='lat' dir='ltr'>quaevis</span> <span class='ocrx_word' id='word_1_444' title='bbox 1741 1598 1829 1628; x_wconf 85' lang='lat' dir='ltr'>simo—</span> 
     </span>
     <span class='ocr_line' id='line_1_84' title="bbox 1089 1647 1830 1686; baseline -0.003 -8"><span class='ocrx_word' id='word_1_445' title='bbox 1089 1649 1190 1678; x_wconf 86' lang='lat' dir='ltr'>niacae</span> <span class='ocrx_word' id='word_1_446' title='bbox 1214 1647 1288 1677; x_wconf 89' lang='lat' dir='ltr'>labis</span> <span class='ocrx_word' id='word_1_447' title='bbox 1310 1648 1422 1686; x_wconf 85' lang='lat' dir='ltr'>species</span> <span class='ocrx_word' id='word_1_448' title='bbox 1445 1647 1579 1684; x_wconf 86' lang='lat' dir='ltr'>evitetur,</span> <span class='ocrx_word' id='word_1_449' title='bbox 1597 1657 1629 1676; x_wconf 88' lang='lat' dir='ltr'>ac</span> <span class='ocrx_word' id='word_1_450' title='bbox 1652 1647 1681 1676; x_wconf 85' lang='lat' dir='ltr'>in</span> <span class='ocrx_word' id='word_1_451' title='bbox 1704 1656 1735 1677; x_wconf 91' lang='lat' dir='ltr'>re</span> <span class='ocrx_word' id='word_1_452' title='bbox 1758 1648 1830 1677; x_wconf 89' lang='lat' dir='ltr'>tanti</span> 
     </span>
     <span class='ocr_line' id='line_1_85' title="bbox 1090 1696 1827 1736; baseline -0.001 -10"><span class='ocrx_word' id='word_1_453' title='bbox 1090 1697 1241 1731; x_wconf 88' lang='lat' dir='ltr'>momenti,</span> <span class='ocrx_word' id='word_1_454' title='bbox 1280 1697 1374 1736; x_wconf 86' lang='lat' dir='ltr'>qualis</span> <span class='ocrx_word' id='word_1_455' title='bbox 1406 1700 1449 1726; x_wconf 88' lang='lat' dir='ltr'>est</span> <span class='ocrx_word' id='word_1_456' title='bbox 1482 1696 1658 1726; x_wconf 82' lang='lat' dir='ltr'>novitiorum</span> <span class='ocrx_word' id='word_1_457' title='bbox 1682 1697 1827 1735; x_wconf 86' lang='lat' dir='ltr'>receptio,</span> 
     </span>
     <span class='ocr_line' id='line_1_86' title="bbox 1090 1745 1831 1784; baseline -0.001 -9"><span class='ocrx_word' id='word_1_458' title='bbox 1090 1746 1169 1775; x_wconf 86' lang='lat' dir='ltr'>nulla</span> <span class='ocrx_word' id='word_1_459' title='bbox 1193 1745 1286 1784; x_wconf 83' lang='lat' dir='ltr'>turpis</span> <span class='ocrx_word' id='word_1_460' title='bbox 1308 1745 1381 1775; x_wconf 87' lang='lat' dir='ltr'>lucri</span> <span class='ocrx_word' id='word_1_461' title='bbox 1405 1754 1471 1784; x_wconf 90' lang='lat' dir='ltr'>spes</span> <span class='ocrx_word' id='word_1_462' title='bbox 1490 1748 1539 1774; x_wconf 90' lang='lat' dir='ltr'>aut</span> <span class='ocrx_word' id='word_1_463' title='bbox 1562 1745 1730 1784; x_wconf 84' lang='lat' dir='ltr'>temporalis</span> <span class='ocrx_word' id='word_1_464' title='bbox 1752 1745 1831 1774; x_wconf 91' lang='lat' dir='ltr'>utili-</span> 
     </span>
     <span class='ocr_line' id='line_1_87' title="bbox 1091 1794 1829 1832; baseline -0.001 -8"><span class='ocrx_word' id='word_1_465' title='bbox 1091 1795 1158 1824; x_wconf 86' lang='lat' dir='ltr'>tatis</span> <span class='ocrx_word' id='word_1_466' title='bbox 1181 1794 1254 1824; x_wconf 91' lang='lat' dir='ltr'>ratio</span> <span class='ocrx_word' id='word_1_467' title='bbox 1277 1794 1312 1823; x_wconf 86' lang='lat' dir='ltr'>ad</span> <span class='ocrx_word' id='word_1_468' title='bbox 1334 1794 1431 1823; x_wconf 91' lang='lat' dir='ltr'>minus</span> <span class='ocrx_word' id='word_1_469' title='bbox 1447 1794 1601 1832; x_wconf 79' lang='lat' dir='ltr'>dignorum</span> <span class='ocrx_word' id='word_1_470' title='bbox 1624 1794 1829 1824; x_wconf 84' lang='lat' dir='ltr'>admissionem</span> 
     </span>
     <span class='ocr_line' id='line_1_88' title="bbox 1092 1843 1378 1882; baseline -0.003 -9"><span class='ocrx_word' id='word_1_471' title='bbox 1092 1843 1235 1882; x_wconf 86' lang='lat' dir='ltr'>praelatos</span> <span class='ocrx_word' id='word_1_472' title='bbox 1258 1843 1378 1872; x_wconf 83' lang='lat' dir='ltr'>alliciat.</span> 
     </span>
    </p>
   </div>
   <div class='ocr_carea' id='block_1_15' title="bbox 1130 1891 2023 1932">
    <p class='ocr_par' dir='ltr' id='par_1_16' title="bbox 1130 1891 2023 1932">
     <span class='ocr_line' id='line_1_89' title="bbox 1130 1891 2023 1932; baseline -0.003 -11"><span class='ocrx_word' id='word_1_473' title='bbox 1130 1900 1169 1922; x_wconf 75' lang='grc' dir='ltr'>ιν.</span> <span class='ocrx_word' id='word_1_474' title='bbox 1194 1891 1224 1922; x_wconf 82' lang='lat' dir='ltr'>Si</span> <span class='ocrx_word' id='word_1_475' title='bbox 1253 1901 1287 1921; x_wconf 89' lang='lat' dir='ltr'>ex</span> <span class='ocrx_word' id='word_1_476' title='bbox 1318 1893 1442 1930; x_wconf 77' lang='lat' dir='ltr'>persona</span> <span class='ocrx_word' id='word_1_477' title='bbox 1474 1892 1598 1922; x_wconf 85' lang='lat' dir='ltr'>alicuius</span> <span class='ocrx_word' id='word_1_478' title='bbox 1626 1897 1743 1923; x_wconf 86' lang='lat' dir='ltr'>nostrae</span> <span class='ocrx_word' id='word_1_479' title='bbox 1767 1902 1831 1932; x_wconf 91' lang='lat' dir='ltr'>pro-</span> <span class='ocrx_word' id='word_1_480' title='bbox 1866 1900 2023 1926; x_wconf 45' lang='lat' dir='ltr'>neronem.</span> 
     </span>
    </p>
   </div>
   <div class='ocr_carea' id='block_1_16' title="bbox 1841 1927 1949 1948">
    <p class='ocr_par' dir='ltr' id='par_1_17' title="bbox 1841 1927 1949 1948">
     <span class='ocr_line' id='line_1_90' title="bbox 1841 1927 1949 1948; baseline 0 -1"><span class='ocrx_word' id='word_1_481' title='bbox 1841 1927 1949 1948; x_wconf 55' lang='lat' dir='ltr'>swsaruw.</span> 
     </span>
    </p>
   </div>
   <div class='ocr_carea' id='block_1_17' title="bbox 1092 1940 1832 2469">
    <p class='ocr_par' dir='ltr' id='par_1_18' title="bbox 1092 1940 1832 2469">
     <span class='ocr_line' id='line_1_91' title="bbox 1092 1940 1831 1979; baseline 0.003 -10"><span class='ocrx_word' id='word_1_482' title='bbox 1092 1940 1204 1969; x_wconf 73' lang='lat' dir='ltr'>vinciae</span> <span class='ocrx_word' id='word_1_483' title='bbox 1227 1940 1351 1979; x_wconf 82' lang='lat' dir='ltr'>professi</span> <span class='ocrx_word' id='word_1_484' title='bbox 1374 1940 1471 1979; x_wconf 85' lang='lat' dir='ltr'>aliqua</span> <span class='ocrx_word' id='word_1_485' title='bbox 1494 1940 1569 1970; x_wconf 87' lang='lat' dir='ltr'>bona</span> <span class='ocrx_word' id='word_1_486' title='bbox 1599 1941 1645 1970; x_wconf 72' lang='lat' dir='ltr'>vel</span> <span class='ocrx_word' id='word_1_487' title='bbox 1668 1941 1831 1971; x_wconf 84' lang='lat' dir='ltr'>haeredita-</span> 
     </span>
     <span class='ocr_line' id='line_1_92' title="bbox 1092 1988 1831 2028; baseline 0.001 -10"><span class='ocrx_word' id='word_1_488' title='bbox 1092 1989 1136 2018; x_wconf 89' lang='lat' dir='ltr'>rio</span> <span class='ocrx_word' id='word_1_489' title='bbox 1159 1988 1204 2018; x_wconf 88' lang='lat' dir='ltr'>vel</span> <span class='ocrx_word' id='word_1_490' title='bbox 1226 1988 1282 2017; x_wconf 87' lang='lat' dir='ltr'>alio</span> <span class='ocrx_word' id='word_1_491' title='bbox 1304 1998 1490 2028; x_wconf 85' lang='lat' dir='ltr'>quocumque</span> <span class='ocrx_word' id='word_1_492' title='bbox 1512 1989 1577 2018; x_wconf 90' lang='lat' dir='ltr'>iure</span> <span class='ocrx_word' id='word_1_493' title='bbox 1600 1989 1751 2027; x_wconf 79' lang='lat' dir='ltr'>contingat</span> <span class='ocrx_word' id='word_1_494' title='bbox 1781 2000 1831 2020; x_wconf 82' lang='lat' dir='ltr'>no-</span> 
     </span>
     <span class='ocr_line' id='line_1_93' title="bbox 1092 2036 1830 2076; baseline 0.003 -10"><span class='ocrx_word' id='word_1_495' title='bbox 1092 2042 1169 2067; x_wconf 88' lang='lat' dir='ltr'>strae</span> <span class='ocrx_word' id='word_1_496' title='bbox 1191 2036 1328 2075; x_wconf 78' lang='lat' dir='ltr'>religioni</span> <span class='ocrx_word' id='word_1_497' title='bbox 1351 2037 1475 2076; x_wconf 88' lang='lat' dir='ltr'>acquiri,</span> <span class='ocrx_word' id='word_1_498' title='bbox 1506 2046 1538 2067; x_wconf 87' lang='lat' dir='ltr'>ea</span> <span class='ocrx_word' id='word_1_499' title='bbox 1567 2038 1661 2076; x_wconf 86' lang='lat' dir='ltr'>primo</span> <span class='ocrx_word' id='word_1_500' title='bbox 1684 2038 1713 2067; x_wconf 94' lang='lat' dir='ltr'>in</span> <span class='ocrx_word' id='word_1_501' title='bbox 1736 2039 1830 2068; x_wconf 85' lang='lat' dir='ltr'>extin-</span> 
     </span>
     <span class='ocr_line' id='line_1_94' title="bbox 1093 2086 1829 2125; baseline 0.003 -10"><span class='ocrx_word' id='word_1_502' title='bbox 1093 2086 1219 2115; x_wconf 86' lang='lat' dir='ltr'>ctionem</span> <span class='ocrx_word' id='word_1_503' title='bbox 1243 2086 1442 2115; x_wconf 76' lang='lat' dir='ltr'>ccmmunium</span> <span class='ocrx_word' id='word_1_504' title='bbox 1459 2086 1548 2116; x_wconf 83' lang='lat' dir='ltr'>totius</span> <span class='ocrx_word' id='word_1_505' title='bbox 1564 2087 1730 2125; x_wconf 87' lang='lat' dir='ltr'>provinciae</span> <span class='ocrx_word' id='word_1_506' title='bbox 1749 2087 1829 2117; x_wconf 90' lang='lat' dir='ltr'>debi-</span> 
     </span>
     <span class='ocr_line' id='line_1_95' title="bbox 1093 2135 1832 2176; baseline 0.001 -11"><span class='ocrx_word' id='word_1_507' title='bbox 1093 2140 1188 2165; x_wconf 89' lang='lat' dir='ltr'>torum</span> <span class='ocrx_word' id='word_1_508' title='bbox 1211 2139 1429 2172; x_wconf 85' lang='lat' dir='ltr'>convertantur,</span> <span class='ocrx_word' id='word_1_509' title='bbox 1447 2139 1474 2165; x_wconf 93' lang='lat' dir='ltr'>et</span> <span class='ocrx_word' id='word_1_510' title='bbox 1491 2135 1566 2174; x_wconf 89' lang='lat' dir='ltr'>quod</span> <span class='ocrx_word' id='word_1_511' title='bbox 1589 2136 1743 2175; x_wconf 84' lang='lat' dir='ltr'>supererit,</span> <span class='ocrx_word' id='word_1_512' title='bbox 1761 2146 1832 2176; x_wconf 85' lang='lat' dir='ltr'>pau-</span> 
     </span>
     <span class='ocr_line' id='line_1_96' title="bbox 1093 2183 1830 2224; baseline 0.003 -11"><span class='ocrx_word' id='word_1_513' title='bbox 1093 2184 1258 2223; x_wconf 89' lang='lat' dir='ltr'>perioribus</span> <span class='ocrx_word' id='word_1_514' title='bbox 1301 2183 1492 2214; x_wconf 78' lang='lat' dir='ltr'>conventibus</span> <span class='ocrx_word' id='word_1_515' title='bbox 1527 2194 1542 2214; x_wconf 88' lang='lat' dir='ltr'>a</span> <span class='ocrx_word' id='word_1_516' title='bbox 1579 2185 1753 2224; x_wconf 90' lang='lat' dir='ltr'>provinciali</span> <span class='ocrx_word' id='word_1_517' title='bbox 1795 2186 1830 2215; x_wconf 84' lang='lat' dir='ltr'>de</span> 
     </span>
     <span class='ocr_line' id='line_1_97' title="bbox 1093 2233 1832 2272; baseline 0.003 -10"><span class='ocrx_word' id='word_1_518' title='bbox 1093 2233 1215 2262; x_wconf 89' lang='lat' dir='ltr'>consilio</span> <span class='ocrx_word' id='word_1_519' title='bbox 1244 2233 1404 2262; x_wconf 87' lang='lat' dir='ltr'>definitorii</span> <span class='ocrx_word' id='word_1_520' title='bbox 1437 2233 1618 2272; x_wconf 86' lang='lat' dir='ltr'>applicetur,</span> <span class='ocrx_word' id='word_1_521' title='bbox 1648 2235 1680 2263; x_wconf 78' lang='lat' dir='ltr'>ea</span> <span class='ocrx_word' id='word_1_522' title='bbox 1709 2234 1772 2272; x_wconf 68' lang='lat' dir='ltr'>lege</span> <span class='ocrx_word' id='word_1_523' title='bbox 1800 2238 1832 2264; x_wconf 87' lang='lat' dir='ltr'>ut</span> 
     </span>
     <span class='ocr_line' id='line_1_98' title="bbox 1093 2282 1832 2320; baseline 0.001 -9"><span class='ocrx_word' id='word_1_524' title='bbox 1093 2282 1224 2311; x_wconf 88' lang='lat' dir='ltr'>eiusdem</span> <span class='ocrx_word' id='word_1_525' title='bbox 1247 2286 1407 2312; x_wconf 85' lang='lat' dir='ltr'>conventus</span> <span class='ocrx_word' id='word_1_526' title='bbox 1430 2282 1509 2320; x_wconf 89' lang='lat' dir='ltr'>prior</span> <span class='ocrx_word' id='word_1_527' title='bbox 1525 2286 1552 2311; x_wconf 92' lang='lat' dir='ltr'>et</span> <span class='ocrx_word' id='word_1_528' title='bbox 1568 2283 1688 2312; x_wconf 87' lang='lat' dir='ltr'>clavarii</span> <span class='ocrx_word' id='word_1_529' title='bbox 1707 2283 1832 2313; x_wconf 85' lang='lat' dir='ltr'>debeant</span> 
     </span>
     <span class='ocr_line' id='line_1_99' title="bbox 1093 2330 1832 2370; baseline 0.001 -10"><span class='ocrx_word' id='word_1_530' title='bbox 1093 2331 1240 2370; x_wconf 85' lang='lat' dir='ltr'>praedicta</span> <span class='ocrx_word' id='word_1_531' title='bbox 1262 2331 1358 2360; x_wconf 85' lang='lat' dir='ltr'>omnia</span> <span class='ocrx_word' id='word_1_532' title='bbox 1385 2330 1581 2360; x_wconf 86' lang='lat' dir='ltr'>emolumenta</span> <span class='ocrx_word' id='word_1_533' title='bbox 1607 2331 1637 2361; x_wconf 90' lang='lat' dir='ltr'>in</span> <span class='ocrx_word' id='word_1_534' title='bbox 1664 2331 1748 2361; x_wconf 89' lang='lat' dir='ltr'>bonis</span> <span class='ocrx_word' id='word_1_535' title='bbox 1775 2336 1832 2361; x_wconf 87' lang='lat' dir='ltr'>sta-</span> 
     </span>
     <span class='ocr_line' id='line_1_100' title="bbox 1093 2379 1831 2411; baseline 0.003 -2"><span class='ocrx_word' id='word_1_536' title='bbox 1093 2379 1200 2410; x_wconf 86' lang='lat' dir='ltr'>bilibus</span> <span class='ocrx_word' id='word_1_537' title='bbox 1222 2380 1380 2410; x_wconf 85' lang='lat' dir='ltr'>fructiferis</span> <span class='ocrx_word' id='word_1_538' title='bbox 1413 2380 1457 2410; x_wconf 89' lang='lat' dir='ltr'>vel</span> <span class='ocrx_word' id='word_1_539' title='bbox 1481 2381 1587 2410; x_wconf 83' lang='lat' dir='ltr'>annuis</span> <span class='ocrx_word' id='word_1_540' title='bbox 1617 2381 1680 2410; x_wconf 89' lang='lat' dir='ltr'>aliis</span> <span class='ocrx_word' id='word_1_541' title='bbox 1710 2382 1831 2411; x_wconf 88' lang='lat' dir='ltr'>redditi-</span> 
     </span>
     <span class='ocr_line' id='line_1_101' title="bbox 1093 2428 1830 2469; baseline 0.001 -11"><span class='ocrx_word' id='word_1_542' title='bbox 1093 2428 1146 2458; x_wconf 91' lang='lat' dir='ltr'>bus</span> <span class='ocrx_word' id='word_1_543' title='bbox 1178 2429 1290 2459; x_wconf 83' lang='lat' dir='ltr'>securis</span> <span class='ocrx_word' id='word_1_544' title='bbox 1323 2429 1479 2467; x_wconf 88' lang='lat' dir='ltr'>collocare,</span> <span class='ocrx_word' id='word_1_545' title='bbox 1504 2429 1559 2467; x_wconf 77' lang='lat' dir='ltr'>vel,</span> <span class='ocrx_word' id='word_1_546' title='bbox 1583 2430 1607 2459; x_wconf 93' lang='lat' dir='ltr'>si</span> <span class='ocrx_word' id='word_1_547' title='bbox 1640 2429 1675 2459; x_wconf 90' lang='lat' dir='ltr'>ob</span> <span class='ocrx_word' id='word_1_548' title='bbox 1702 2430 1830 2469; x_wconf 83' lang='lat' dir='ltr'>aliquam</span> 
     </span>
    </p>
   </div>
   <div class='ocr_carea' id='block_1_18' title="bbox 1092 2526 1829 2566">
    <p class='ocr_par' dir='ltr' id='par_1_19' title="bbox 1092 2526 1829 2566">
     <span class='ocr_line' id='line_1_102' title="bbox 1092 2526 1829 2566; baseline 0.001 -11"><span class='ocrx_word' id='word_1_549' title='bbox 1092 2526 1234 2556; x_wconf 85' lang='lat' dir='ltr'>trahenda</span> <span class='ocrx_word' id='word_1_550' title='bbox 1263 2527 1338 2565; x_wconf 89' lang='lat' dir='ltr'>sint,</span> <span class='ocrx_word' id='word_1_551' title='bbox 1362 2531 1528 2563; x_wconf 84' lang='lat' dir='ltr'>teneantur,</span> <span class='ocrx_word' id='word_1_552' title='bbox 1552 2528 1769 2566; x_wconf 86' lang='lat' dir='ltr'>quamprimum</span> <span class='ocrx_word' id='word_1_553' title='bbox 1792 2528 1829 2556; x_wconf 91' lang='lat' dir='ltr'>li-</span> 
     </span>
    </p>
   </div>
   <div class='ocr_carea' id='block_1_19' title="bbox 1092 2575 1826 2654">
    <p class='ocr_par' dir='ltr' id='par_1_20' title="bbox 1092 2575 1826 2654">
     <span class='ocr_line' id='line_1_103' title="bbox 1092 2575 1826 2615; baseline 0.004 -12"><span class='ocrx_word' id='word_1_554' title='bbox 1092 2575 1196 2611; x_wconf 81' lang='lat' dir='ltr'>cuerit,</span> <span class='ocrx_word' id='word_1_555' title='bbox 1222 2576 1401 2606; x_wconf 82' lang='lat' dir='ltr'>tantumdem</span> <span class='ocrx_word' id='word_1_556' title='bbox 1418 2585 1559 2615; x_wconf 85' lang='lat' dir='ltr'>reponere</span> <span class='ocrx_word' id='word_1_557' title='bbox 1576 2585 1607 2605; x_wconf 83' lang='lat' dir='ltr'>ae</span> <span class='ocrx_word' id='word_1_558' title='bbox 1623 2576 1724 2606; x_wconf 86' lang='lat' dir='ltr'>eodem</span> <span class='ocrx_word' id='word_1_559' title='bbox 1742 2576 1826 2606; x_wconf 82' lang='lat' dir='ltr'>modo</span> 
     </span>
     <span class='ocr_line' id='line_1_104' title="bbox 1093 2624 1241 2654; baseline 0.007 -2"><span class='ocrx_word' id='word_1_560' title='bbox 1093 2624 1241 2654; x_wconf 66' lang='lat' dir='ltr'>investire.</span> 
     </span>
    </p>
   </div>
   <div class='ocr_carea' id='block_1_20' title="bbox 1715 222 2005 257">
    <p class='ocr_par' dir='ltr' id='par_1_21' title="bbox 1715 222 2005 257">
     <span class='ocr_line' id='line_1_105' title="bbox 1715 222 2005 257; baseline -0.01 -1"><span class='ocrx_word' id='word_1_561' title='bbox 1715 222 1778 256; x_wconf 56' lang='lat'>7:25}</span> <span class='ocrx_word' id='word_1_562' title='bbox 1824 231 1871 257; x_wconf 75' lang='lat' dir='ltr'>An.</span> <span class='ocrx_word' id='word_1_563' title='bbox 1887 229 1915 256; x_wconf 72' lang='lat' dir='ltr'>c..</span> <span class='ocrx_word' id='word_1_564' title='bbox 1940 229 2005 255; x_wconf 71' lang='lat' dir='ltr'>icoo</span> 
     </span>
    </p>
   </div>
   <div class='ocr_carea' id='block_1_21' title="bbox 1085 1114 2016 1201">
    <p class='ocr_par' dir='ltr' id='par_1_22' title="bbox 1085 1114 2016 1201">
     <span class='ocr_line' id='line_1_106' title="bbox 1876 1114 2016 1135; baseline 0 -1"><span class='ocrx_word' id='word_1_565' title='bbox 1876 1114 1903 1135; x_wconf 75' lang='lat' dir='ltr'>be</span> <span class='ocrx_word' id='word_1_566' title='bbox 1930 1114 2016 1134; x_wconf 43' lang='lat' dir='ltr'>abdica·</span> 
     </span>
     <span class='ocr_line' id='line_1_107' title="bbox 1085 1144 2016 1201; baseline -0.003 -10"><span class='ocrx_word' id='word_1_567' title='bbox 1085 1171 1148 1201; x_wconf 86' lang='lat' dir='ltr'>cap.</span> <span class='ocrx_word' id='word_1_568' title='bbox 1167 1169 1225 1196; x_wconf 79' lang='lat' dir='ltr'>xvi,</span> <span class='ocrx_word' id='word_1_569' title='bbox 1243 1170 1314 1190; x_wconf 89' lang='lat' dir='ltr'>sess.</span> <span class='ocrx_word' id='word_1_570' title='bbox 1333 1167 1400 1196; x_wconf 79' lang='lat' dir='ltr'>xxv,</span> <span class='ocrx_word' id='word_1_571' title='bbox 1416 1159 1455 1189; x_wconf 82' lang='lat' dir='ltr'>De</span> <span class='ocrx_word' id='word_1_572' title='bbox 1471 1159 1654 1197; x_wconf 69' lang='lat' dir='ltr'>regularibus,</span> <span class='ocrx_word' id='word_1_573' title='bbox 1672 1159 1749 1188; x_wconf 88' lang='lat' dir='ltr'>circa</span> <span class='ocrx_word' id='word_1_574' title='bbox 1773 1167 1823 1188; x_wconf 86' lang='lat' dir='ltr'>uo-</span> <span class='ocrx_word' id='word_1_575' title='bbox 1846 1151 1891 1161; x_wconf 45' lang='lat' dir='ltr'>&#39;‘M&#39;&#39;</span> <span class='ocrx_word' id='word_1_576' title='bbox 1926 1144 2016 1161; x_wconf 66' lang='grc'>”””””’”</span> 
     </span>
    </p>
   </div>
   <div class='ocr_carea' id='block_1_22' title="bbox 1836 1175 1885 1189">
    <p class='ocr_par' dir='ltr' id='par_1_23' title="bbox 1836 1175 1885 1189">
     <span class='ocr_line' id='line_1_108' title="bbox 1836 1175 1885 1189; baseline -0.02 0"><span class='ocrx_word' id='word_1_577' title='bbox 1836 1175 1885 1189; x_wconf 82' lang='lat' dir='ltr'>tlilll.</span> 
     </span>
    </p>
   </div>
  </div>
 </body>
</html>
