2254 3225
452 232 514 266 976
1002 244 1176 267 armatura
1203 244 1352 267 aonffirn

496 294 584 337 regni
611 294 756 338 Neapolis
788 300 874 328 motu
907 296 1037 339 proprio
1071 295 1177 328 eximit
1202 295 1358 337 Pontifex,
1384 295 1447 329 590
1472 296 1487 329 b
1512 301 1541 328 et
1566 307 1646 340 seq.;
1673 299 1701 329 et
1726 295 1827 340 spolia
1851 307 1942 340 prae-

496 347 576 380 dicta
610 348 740 391 singulis
772 349 912 382 ecclesiis
943 360 1001 392 pro
1034 349 1172 393 ipsarum
1205 349 1384 392 indigentiis
1415 349 1594 393 assignavit,
1620 349 1676 382 591
1700 360 1737 389 (13
1763 349 1800 382 de
1826 349 1941 382 eisdem

497 401 683 444 disponendi
709 401 884 436 facultatem
907 401 1079 435 Ordinariis
1104 402 1258 436 concessit
1279 402 1372 442 idem,
1393 402 1451 436 591
1477 403 1510 443 b;
1536 408 1566 436 et
1590 403 1728 446 praefata
1747 402 1943 438 custodiendi

496 454 675 487 facultatem
701 460 772 498 post
796 455 1010 498 praelatorum
1038 461 1172 488 mortem
1199 455 1343 499 capitulis
1367 455 1520 499 permisit,
1546 456 1623 489 ibid.

409 507 574 550 sportulae
599 507 737 541 iudicum
765 508 959 550 reg-alantur,
986 508 1049 541 576
1075 508 1092 540 b
1117 515 1145 541 et
1169 519 1229 552 seq.

407 560 580 595 Stationum
607 561 699 594 Urbis
729 560 967 603 indulgentiam,
999 561 1037 592 ab
1070 561 1250 594 Innocentio
1275 561 1312 594 Xl
1346 562 1653 596 confraternitatibus
1678 562 1708 595 Β,
1734 563 1771 595 Μ.
1796 563 1834 596 de
1858 563 1941 596 Mer-

497 613 571 647 cede
589 613 813 657 redemptionis
838 613 1035 657 captivorum
1061 613 1099 646 ad
1124 613 1310 647 decennium
1337 624 1529 655 concessam,
1550 614 1580 647 in
1602 620 1789 659 perpetuum
1809 615 1946 649 extendit

496 667 670 700 Alexander
695 667 770 707 VIII,
795 666 836 700 60
861 678 882 700 a
907 672 936 700 et
961 667 987 701 b.

408 721 598 754 Summatori
624 721 799 754 litterarum
832 721 1096 765 apostolicarum,
1122 731 1139 753 a
1165 720 1254 754 cuius
1284 720 1387 754 officio
1421 720 1620 755 Innocentius
1645 721 1683 754 Xl
1717 721 1838 755 fructus
1869 730 1946 754 non-

496 774 599 807 nullos
624 773 905 807 dismembraverat
930 780 960 807 et
984 774 1015 807 in
1040 780 1162 819 partem
1186 774 1267 809 dotis
1288 775 1399 808 Montis
1417 775 1564 808 vacabilis
1582 774 1755 818 Religionis
1772 774 1946 819 nuncupati

496 829 722 872 assignaverat,
747 839 783 862 ex
809 834 880 862 voto
905 828 1106 873 particularis
1131 829 1392 872 Congregationis
1418 835 1447 862 et
1473 829 1581 873 vigore
1606 828 1749 874 specialis
1769 828 1948 863 Sanctitatis

496 881 576 915 Suae
600 881 822 926 chyrographi,
849 882 1016 917 constituta
1052 882 1153 916 eidem
1186 882 1281 916 Monti
1317 883 1378 916 alia
1413 882 1495 925 dote,
1532 883 1601 916 illos
1636 882 1773 916 restituit
1806 882 1943 916 Alexan·

497 934 552 969 der
577 934 653 976 VIII,
679 934 721 968 40
746 946 765 970 α
792 940 822 968 et
845 946 908 981 seq.

1162 1043 1184 1076 T

408 1151 622 1186 Terrasancta.
660 1150 720 1184 Pro
756 1150 999 1184 Terraesanctae
1033 1148 1271 1183 necessitatibus
1305 1148 1560 1183 constitutionem
1595 1148 1712 1183 Urbani
1739 1148 1814 1189 VIII,
1840 1148 1889 1182 die
1914 1159 1947 1184 111
1975 1132 1981 1140 i

499 1203 650 1238 februarii
681 1214 763 1237 anno
796 1214 961 1238 MDCXXXIV
995 1204 1127 1244 editam,
1153 1213 1233 1247 quae
1266 1202 1449 1246 iniungebat
1485 1202 1657 1236 Ordinariis
1687 1207 1717 1235 et
1748 1202 1947 1245 generalibus

497 1257 648 1292 Ordinum
675 1262 707 1290 ut
732 1257 954 1291 commendare
978 1258 1116 1290 facerent
1139 1256 1340 1290 necessitates
1375 1257 1516 1290 locorum
1542 1256 1667 1300 piorum
1693 1256 1793 1290 dictae
1818 1257 1947 1290 Terrae-

498 1317 646 1353 sanctae,
672 1311 839 1345 confirmat
868 1317 898 1345 et
923 1311 1049 1344 innovat
1074 1310 1247 1344 Alexander
1281 1311 1362 1351 VIII,
1394 1311 1406 1344 l
1437 1311 1468 1350 b3
1495 1311 1578 1343 illam
1607 1310 1710 1344 denuo
1740 1310 1895 1354 approbat
1918 1316 1949 1344 et

497 1366 663 1400 confirmat
686 1365 885 1399 Innocentius
903 1365 966 1405 XII,
992 1364 1055 1399 ⁴220
1076 1365 1107 1403 b;
1133 1365 1347 1405 Terrasancta‚
1368 1375 1422 1398 seu
1443 1365 1523 1398 Loca
1540 1370 1645 1398 sancta
1665 1364 1949 1409 Hierosolymitana

497 1419 760 1453 administrationi
786 1424 816 1452 et
840 1419 1000 1452 custodiae
1032 1419 1164 1452 fratrum
1200 1418 1356 1451 Minorum
1382 1418 1421 1451 de
1444 1418 1647 1451 Observantia
1672 1428 1688 1451 a
1721 1418 1833 1452 Sancta
1870 1418 1948 1452 Sede

498 1474 667 1508 commissa
691 1484 757 1506 esse
784 1476 913 1507 testatur
938 1472 1112 1506 Alexander
1133 1472 1207 1512 Vlll,
1232 1471 1290 1505 145
1315 1472 1348 1512 b,
1376 1472 1657 1512 Terramsanctam,
1676 1481 1729 1505 seu
1746 1472 1826 1505 Loca
1843 1477 1949 1506 sancta

498 1526 782 1571 Hierosolymitana
807 1526 975 1570 praedicta,
1003 1536 1099 1570 quum
1125 1524 1234 1559 Graeci
1261 1524 1462 1565 schismatici,
1487 1524 1666 1557 subornatis
1683 1525 1772 1557 aulae
1799 1525 1948 1558 Turcicae

498 1580 662 1621 ministris,
687 1580 724 1613 de
750 1590 843 1613 manu
868 1579 1024 1613 dictorum
1049 1579 1181 1612 fratrum
1207 1582 1419 1621 usurpassent,
1437 1577 1473 1610 iis
1487 1576 1657 1621 praecipue
1678 1577 1825 1610 subsidiis
1850 1578 1947 1611 adiuti

498 1645 577 1678 quae
601 1645 635 1667 ex
651 1634 791 1667 fidelium
809 1633 1015 1678 eleemosynis
1034 1632 1127 1666 iidem
1149 1631 1259 1666 Graeci
1276 1634 1492 1676 perceperant,
1513 1630 1673 1665 decretum
1691 1631 1891 1665 Innocentius
1908 1632 1947 1665 xl

499 1689 530 1722 in
555 1688 807 1731 Congregatione
832 1687 870 1720 de
895 1686 1101 1731 Propaganda
1125 1685 1199 1719 Fide
1225 1685 1389 1725 emanavit,
1407 1694 1469 1728 quo
1487 1683 1714 1727 prohibebatur
1731 1683 1858 1717 Graecis
1879 1683 1949 1728 qui-

496 1742 693 1785 buscumque
718 1741 866 1786 pecunias
891 1746 1076 1785 quaestuare
1091 1767 1098 1781 ,
1128 1739 1187 1773 145
1203 1749 1242 1778 c1;
1268 1737 1352 1782 quod
1377 1737 1577 1771 confirmavit
1600 1736 1774 1770 Alexander
1798 1736 1862 1771 VIII
1887 1737 1949 1771 lau-

498 1796 598 1838 datus,
623 1795 717 1835 ibid.;
743 1800 852 1828 contra
876 1795 1118 1828 Terraesanctae
1143 1793 1286 1826 locorum
1311 1791 1393 1825 bona
1417 1795 1618 1835 occupantes,
1636 1790 1683 1823 vel
1708 1789 1747 1822 ad
1772 1790 1849 1824 alios
1874 1801 1948 1824 usus

499 1853 727 1888 convertentes,
753 1847 991 1881 constitutiones
1016 1846 1182 1879 ediderunt
1206 1845 1309 1879 Sixtus
1327 1846 1360 1888 V,
1378 1845 1491 1878 Paulus
1509 1844 1529 1877 V
1549 1849 1578 1877 et
1598 1843 1769 1886 Gregorius
1792 1843 1853 1887 XV,
1871 1855 1949 1888 quas

498 1902 684 1947 approbavit
709 1901 853 1935 Urbanus
878 1901 954 1942 VIII,
979 1900 1100 1934 constit.
1127 1899 1294 1944 incipiente
1318 1900 1420 1942 Alias,
1446 1903 1514 1939 etc„
1539 1908 1619 1942 quae
1644 1897 1828 1931 confirmata
1853 1903 1882 1931 et
1900 1899 1948 1932 in-

497 1961 609 1990 novata
629 1961 676 1990 est
695 1956 734 1988 ab
759 1955 869 1989 eodem
894 1954 1070 1989 Alexandro
1089 1954 1165 1995 VIII,
1190 1953 1249 1988 152
1267 1954 1283 1986 b
1307 1958 1337 1987 et
1360 1964 1431 1998 seq.;
1457 1963 1515 1996 pro
1539 1953 1781 1986 Terraesanctae
1805 1952 1946 1986 locorum

498 2009 736 2044 necessitatibus
767 2009 1019 2043 constitutionem
1045 2007 1258 2053 supradictam
1284 2007 1398 2041 Urbani
1417 2007 1480 2040 Vlll
1510 2006 1612 2040 denuo
1637 2005 1836 2040 confirmavit
1860 2006 1949 2040 Inno-

500 2064 620 2098 centius
644 2064 707 2105 XII,
727 2063 790 2097 745
814 2074 834 2097 a
858 2068 888 2096 et
913 2063 938 2096 b.

411 2117 533 2152 Tertius
558 2118 642 2152 Ordo
667 2118 695 2152 S.
723 2117 881 2151 Francisci
897 2144 904 2158 ,
928 2117 999 2150 vide
1022 2116 1158 2150 Minores
1182 2115 1276 2149 Tertii
1303 2114 1436 2149 Ordinis.

410 2171 539 2206 Testari.
563 2172 709 2206 Testandi
735 2171 854 2205 indulta
878 2171 1031 2215 quaedam
1056 2169 1226 2215 peculiaria
1263 2167 1473 2202 cardinalibus
1497 2167 1683 2212 quibusdam
1717 2167 1849 2211 aliisque
1873 2177 1947 2201 con-

499 2236 596 2267 cessa,
622 2227 743 2259 servata
769 2230 873 2258 tamen
899 2224 1070 2259 Clementis
1096 2224 1136 2257 IX
1163 2223 1345 2257 eorumdem
1371 2222 1564 2256 indultorum
1591 2221 1804 2265 ampliatione,
1828 2220 1866 2253 ad
1885 2221 1946 2254 sor-

498 2290 581 2313 mam
607 2279 801 2313 ordinariam
827 2279 984 2312 revoeavit
1008 2283 1038 2312 et
1063 2277 1188 2311 reduxit
1211 2275 1413 2310 Innocentius
1440 2275 1505 2316 XII,
1526 2274 1588 2309 558
1607 2286 1626 2308 a
1647 2280 1676 2308 et
1700 2275 1725 2307 b.

410 2333 563 2368 Theatini.
588 2332 746 2366 Theatinis
772 2332 831 2365 tria
857 2333 998 2376 ipsorum
1025 2331 1149 2365 decreta
1174 2340 1233 2374 pro
1258 2329 1412 2364 electione
1432 2329 1587 2364 vocalium
1605 2329 1643 2362 ad
1660 2328 1834 2373 capitulum
1855 2338 1947 2371 gene-

499 2387 564 2420 rale
589 2385 788 2419 confirmavit
814 2385 1017 2419 Innocentius
1043 2385 1108 2427 XII,
1134 2385 1191 2420 751
1224 2384 1240 2418 b
1266 2388 1295 2419 et
1318 2395 1380 2429 seq.

411 2439 648 2480 Thesaurarius,
672 2440 743 2473 vide
767 2439 876 2473 Officia
902 2439 1061 2472 vacabilia.

410 2495 577 2535 Tonsores,
601 2494 671 2527 vide
697 2493 888 2527 Universitas
913 2498 1087 2527 tonsorum.

412 2547 594 2583 Tribunalia
618 2547 721 2581 Urbis.
745 2546 926 2580 Tribunalia
952 2546 1044 2580 Urbis
1068 2558 1124 2592 per
1148 2547 1311 2582 decretum
1338 2544 1537 2592 particularis
1563 2543 1826 2586 Congregationis
1851 2542 1948 2576 abln-

501 2601 649 2636 nocentio
675 2601 729 2634 XII
756 2600 932 2645 specialiter
956 2600 1123 2645 deputatae
1148 2601 1186 2634 ad
1219 2601 1266 2635 ius
1291 2609 1461 2635 commune
1493 2601 1691 2637 revocantur,
1716 2601 1749 2630 ut
1773 2597 1878 2640 legere
1903 2600 1949 2630 est

502 2655 584 2701 apud
615 2655 732 2690 dictum
765 2654 983 2690 Innocentium
1011 2654 1083 2697 XII,
1108 2654 1171 2690 448
1196 2655 1212 2689 b
1240 2660 1269 2689 et
1292 2665 1372 2699 δαίμ
1398 2650 1565 2687 tribunalia
1590 2650 1696 2685 omnia
1722 2648 1947 2695 particularia,
