2254 3225
203 219 251 245 An.
269 218 297 243 G.
318 217 378 243 1601

430 207 493 240 ⁶284

392 265 468 297 cline
491 266 670 304 commissa,
693 266 784 299 trado
806 267 865 298 tibi
897 266 1041 299 habitum
1069 277 1124 298 no-

392 318 542 350 vitiorum
585 318 719 352 Ordinis
756 320 871 352 nostri.
912 319 953 352 In
997 320 1125 352 nomine

393 371 516 410 Patris,
540 375 568 403 el
593 371 688 410 Filii,
715 376 744 404 et
769 372 912 414 Spiritus
937 372 1067 411 Sani-li,
1095 376 1125 403 et

393 423 592 465 respondeat
622 428 817 455 conventus:
843 423 956 456 Amen.
991 423 1125 460 Quando

393 480 500 507 autem
523 474 626 507 induit
651 476 867 518 scapularium
896 476 980 508 dicat
1004 475 1127 507 [mittat

394 530 423 558 te
446 526 531 558 Deus
561 537 639 560 noro
677 528 830 567 hom—ine,
858 529 915 571 qui
951 528 1124 560 secundum

392 578 494 610 Deum
522 584 645 612 creatus
669 585 713 612 est
738 580 773 612 in
797 581 937 620 iustitia,
958 582 1128 612 sanctitate

393 635 421 663 et
440 643 482 662 vau
508 637 578 672 late,
598 639 627 665 et
646 634 764 665 chorus
783 634 994 676 respondeat:
1008 634 1123 666 Amen.

393 684 469 717 Post
488 686 568 717 haec
589 696 623 718 se
643 691 870 728 prosternente
893 687 1026 726 novitio,
1055 697 1128 719 can-

393 742 444 769 tor
468 738 582 780 incipit
616 739 771 781 hymnum
803 739 881 771 Veni
906 742 1029 771 creator
1054 739 1127 781 Spi-

392 789 486 831 ritus,
512 795 575 823 etc.
602 790 670 829 Quo
695 790 795 831 sinito,
815 792 899 824 dicat
918 793 1102 835 praelatus:

432 849 465 889 ᾖ,
489 851 595 882 Emitte
603 851 743 892 Spiritum
757 852 991 892 iuuni‚2D0mine‚
1006 856 1032 882 et
1048 860 1127 882 crea-

471 899 591 938 buntur,

432 949 465 986 ly.
489 948 522 978 Et
540 948 693 978 renovabis
702 947 812 991 *faciem
828 953 937 978 terrae.

432 995 465 1035 pi.
489 996 605 1026 Salvum
622 998 665 1026 sac
681 1006 795 1027 servum
812 1000 905 1035 tuum,
923 997 1053 1034 Domine,

432 1046 465 1082 θ’.
489 1045 562 1074 Deus
579 1054 671 1081 meus,
688 1050 854 1084 sperantem
870 1046 899 1074 in
916 1050 954 1074 te.

459 1116 464 1122 .
489 1093 556 1123 Esto
574 1094 600 1123 ei
615 1094 735 1123 Domine
751 1094 841 1123 turris
858 1093 1047 1130 fortitudinis,

460 1164 465 1170 .
488 1142 511 1171 A
527 1143 598 1172 facie
613 1142 736 1172 inimici.

460 1212 466 1219 .
489 1190 621 1227 Domine,
640 1190 744 1220 exaudi
762 1191 923 1221 orationem
942 1198 1047 1228 meam,

459 1261 465 1267 .
488 1238 522 1268 Et
539 1239 649 1269 clamor
662 1248 742 1269 meus
758 1239 792 1269 ad
809 1244 835 1269 te
854 1238 961 1268 veniat.

459 1310 465 1316 .
488 1287 627 1317 Dominus
643 1287 804 1317 vobiscum.

459 1358 466 1365 .
489 1336 522 1366 Et
538 1345 604 1366 cuin
619 1336 731 1375 Spiritu
748 1339 809 1366 tuo.

697 1384 823 1415 Oremus.

432 1433 520 1471 Deus,
543 1433 592 1472 qui
615 1432 701 1463 corda
730 1432 860 1462 fidelium
886 1431 984 1462 Sancti
1004 1431 1129 1471 Spiritus

393 1482 590 1513 illustratione
621 1482 762 1519 docuisti,
786 1482 821 1512 da
852 1481 936 1511 nobis
968 1482 998 1511 in
1029 1481 1129 1511 eodem

394 1531 499 1570 spiritu
521 1534 599 1560 recta
621 1539 723 1569 sapere
745 1534 773 1560 et
794 1530 829 1559 de
850 1529 913 1559 eius
935 1537 1049 1568 semper
1063 1538 1131 1558 con-

394 1578 537 1608 solatione
559 1578 696 1616 gaudere.

434 1626 607 1664 Praetende,
624 1626 754 1662 Domine,
772 1625 878 1656 famulo
895 1630 943 1655 tuo
958 1625 1074 1655 saeculo
1087 1634 1132 1655 re-

395 1675 544 1705 nuntianti
566 1675 714 1704 dexteram
736 1678 816 1704 tuam
847 1674 981 1703 caelestis
1007 1673 1129 1711 auxilii,

396 1727 428 1753 ut
460 1727 487 1753 te
519 1727 577 1752 toto
599 1722 686 1752 corde
708 1721 878 1761 perquirat,
903 1726 930 1751 et
952 1731 1025 1761 quae
1046 1721 1132 1760 digne

396 1772 534 1811 postulat,
551 1775 733 1810 assequatur.
749 1770 804 1800 Per
819 1770 966 1801 Christum
979 1770 1132 1800 Dominum

395 1824 538 1851 nostrum.
561 1819 659 1850 Amen.

703 1866 828 1898 Oremus,

436 1917 554 1954 Adesto,
571 1917 702 1955 Domine,
725 1915 989 1956 supplicationibus
1010 1916 1131 1954 nostris,

398 1970 430 1997 ut
452 1966 529 1996 hunc
552 1966 690 1996 famulum
707 1969 786 1994 tuum
802 1964 974 1994 benedicere
991 1964 1132 2003 digneris,

398 2015 445 2045 cui
467 2015 496 2044 in
519 2018 567 2044 tuo
590 2018 690 2044 sancto
723 2013 844 2043 Nomine
877 2013 1007 2042 habitum
1034 2022 1133 2042 sacrae

398 2064 550 2102 religionis
571 2063 760 2101 imponimus,
776 2066 807 2092 ut
823 2065 850 2091 te
872 2062 1014 2100 largiente
1036 2066 1063 2091 et
1086 2062 1134 2091 de-

399 2116 482 2141 votus
503 2112 533 2141 in
556 2111 685 2141 Ecclesia
708 2110 862 2149 persistere
884 2114 912 2139 et
935 2110 1022 2139 vitam
1040 2109 1135 2148 perci-

400 2169 469 2199 pere
490 2164 636 2190 mereatur
657 2164 817 2189 aeternam.
834 2159 890 2189 Per
911 2158 1057 2189 Christum
1081 2159 1134 2189 Do-

400 2209 512 2239 minum
535 2213 678 2238 nostrum.
703 2208 799 2237 Amen.

445 2266 587 2299 Tandem
622 2267 704 2308 aqua
727 2265 898 2298 benedicta
923 2270 1132 2308 aspergatur,

403 2325 435 2354 et
458 2319 497 2352 ad
522 2318 670 2351 osculum
695 2317 783 2360 pacis
807 2317 973 2350 deseratur
997 2328 1014 2350 a
1038 2318 1135 2359 magi-

402 2378 483 2414 stro,
505 2376 601 2415 atque
617 2370 766 2403 ultimum
783 2371 889 2403 locum
909 2369 1038 2409 habeat,
1058 2376 1136 2403 tem-

402 2434 530 2468 pusque
573 2422 777 2466 probationis
817 2421 846 2454 ei
889 2421 1078 2464 designetur
1119 2434 1135 2455 a

403 2477 548 2521 praelato
583 2475 671 2507 iuxta
705 2474 873 2506 decretum
898 2474 1031 2507 Concilii
1067 2474 1135 2506 Tri-

431 1093 455 1375 sazssezzezvff

971 219 1149 242 mmmmm
1173 219 1327 242 noittxt'xt

1168 271 1231 299 tres
1250 277 1355 299 mores
1381 265 1448 297 eius
1474 267 1679 308 experiantur
1696 272 1728 300 et
1744 267 1898 310 probent,

1168 319 1206 351 dc
1233 319 1302 351 iure
1327 317 1413 350 enim
1435 318 1575 351 novitius
1599 320 1828 353 monasterium
1853 320 1901 353 in-

1168 371 1519 413 grediturprobatiuus
1544 377 1575 405 et
1599 373 1785 415 probandus
1810 384 1826 406 a
1844 374 1902 406 sra-

1170 424 1284 455 tribus.

1212 486 1241 507 v.
1269 475 1299 507 Si
1325 481 1431 508 autem
1457 475 1605 518 pluribus
1642 477 1788 511 habitum
1825 489 1902 512 con-

1171 528 1244 561 ferri
1270 528 1452 570 contigerit,
1473 530 1627 563 mutanda
1640 536 1715 562 sunt
1739 531 1770 563 in
1796 532 1902 565 verbis

1170 586 1201 612 et
1226 581 1432 614 orationihus
1465 582 1662 624 supradictis
1694 594 1775 626 quae
1806 584 1904 617 ratio-

1169 634 1323 666 nabiliter
1358 634 1475 666 mutari
1501 634 1652 668 debcant.
1680 635 1789 669 Vestes
1813 637 1904 670 novi-

1171 686 1288 718 tiorum
1314 687 1498 719 saeculares
1524 697 1626 730 usquc
1647 687 1686 720 ad
1708 693 1833 731 tempus
1850 700 1904 722 eo-

1169 748 1238 769 rum
1265 738 1461 781 professioni
1491 739 1670 782 praefixum
1703 740 1763 772 sub
1794 745 1903 774 custo-

1170 790 1220 822 dia
1256 790 1343 823 fideli
1375 797 1557 824 serventur.
1599 791 1753 835 Receptio
1789 792 1903 826 novitii

1169 842 1267 875 scribi
1293 843 1391 876 dehet
1414 843 1521 876 statim
1546 844 1578 876 iu
1600 844 1682 877 libro
1699 844 1832 887 speciali
1853 855 1903 878 re-

1169 895 1372 938 ceptionibus
1410 901 1536 928 tantum
1573 897 1752 937 destinato,
1794 899 1904 931 relatis

1170 958 1268 987 ann-o,
1284 958 1406 988 mense,
1428 949 1479 981 die
1498 953 1529 981 et
1549 949 1629 982 hora
1650 950 1773 989 cadem,
1793 955 1824 982 et
1843 961 1905 983 ma-

1170 1001 1269 1042 gistro
1294 1002 1489 1034 novitiorum
1515 1002 1813 1036 subscribentibus¹
1832 1014 1903 1036 cum

1171 1053 1296 1085 duobus
1321 1054 1392 1087 aliis
1420 1054 1570 1087 fratribus
1597 1055 1743 1094 testibus,
1763 1055 1819 1098 qui
1837 1055 1906 1098 qui-

1172 1106 1242 1137 dem
1259 1106 1340 1139 liber
1359 1107 1389 1138 in
1408 1106 1592 1149 depositum
1608 1113 1786 1140 conventus
1804 1107 1907 1139 inclu-

1172 1158 1265 1190 datur
1282 1159 1493 1192 solertissime
1517 1160 1695 1192 servandus
1712 1170 1752 1192 ne
1777 1165 1903 1203 pereat.

1215 1222 1238 1244 1.
1265 1211 1304 1244 Ut
1328 1212 1411 1244 nihil
1443 1212 1555 1245 utilius
1587 1212 1620 1244 iu
1654 1212 1775 1245 Ordine
1810 1223 1906 1255 quam

1171 1264 1368 1297 novitiorum
1387 1265 1569 1304 instructio,
1589 1265 1633 1297 ita
1649 1265 1732 1298 nihil
1757 1271 1811 1297 aut
1830 1276 1908 1308 pon-

1172 1316 1248 1348 dere
1275 1316 1401 1358 gravius
1427 1322 1481 1349 aut
1505 1327 1605 1359 opere
1631 1317 1814 1357 difficilius,
1840 1323 1906 1350 ete-

1172 1367 1239 1400 nim
1278 1368 1452 1401 novitiatus
1492 1369 1653 1412 quaedam
1696 1369 1907 1412 virgultorum

1172 1421 1299 1453 novella
1323 1421 1481 1463 plantatio
1514 1427 1578 1462 est,
1604 1422 1680 1454 inde
1705 1422 1744 1454 ad
1776 1422 1908 1454 hortum

1172 1472 1299 1506 Domini
1324 1474 1457 1507 frutices
1482 1474 1647 1516 eliguntur
1671 1479 1702 1507 et
1725 1474 1849 1507 surculi
1867 1474 1907 1507 de

1173 1526 1338 1568 stipitibus
1369 1527 1490 1560 saeculi
1526 1527 1625 1560 avulsi
1667 1537 1703 1560 ac
1742 1527 1775 1559 in
1811 1526 1907 1560 domo

1173 1578 1298 1611 Domini
1330 1579 1468 1621 plantati
1505 1579 1690 1612 inseruntur
1721 1579 1754 1612 in
1789 1580 1908 1612 bonam

1174 1631 1290 1663 olivam
1313 1642 1379 1665 non
1412 1632 1483 1665 sine
1507 1642 1622 1675 magno
1652 1631 1765 1665 labore
1803 1642 1839 1665 ac
1862 1632 1911 1665 in-

1175 1684 1307 1717 dustria.

1219 1747 1254 1770 11.
1282 1738 1367 1769 llaec
1393 1743 1500 1770 autem
1524 1738 1637 1771 sedulo
1655 1737 1908 1777 considerantes,

1176 1795 1208 1821 et
1231 1794 1385 1832 quantum
1409 1789 1442 1821 in
1466 1790 1604 1822 Domino
1630 1801 1805 1833 possumus
1830 1790 1909 1823 honi

1175 1841 1302 1874 Ordinis
1320 1842 1402 1884 frugi
1423 1842 1596 1885 providere
1616 1843 1795 1885 cupientes,
1814 1842 1910 1875 invio-

1176 1894 1317 1926 labiliter
1330 1893 1561 1933 constituimus,
1578 1900 1614 1926 ut
1630 1894 1662 1926 in
1676 1895 1820 1937 qualibet
1836 1905 1911 1938 pro-

1177 1947 1280 1980 vincia
1315 1947 1354 1979 ab
1392 1947 1460 1979 eius
1497 1946 1682 1980 definitorio
1717 1947 1910 1990 provinciali

1176 2000 1261 2032 inter
1291 2000 1469 2042 capitulum
1495 1999 1610 2032 domus
1639 2010 1696 2032 seu
1731 2005 1909 2032 conventus

1176 2052 1318 2094 potiores
1334 2056 1365 2084 et
1389 2052 1531 2095 aptiores
1548 2053 1720 2094 eligantur,
1738 2052 1770 2084 in
1791 2052 1909 2095 quibus

1176 2110 1284 2137 sancte
1310 2110 1341 2137 et
1364 2104 1417 2147 pie
1442 2103 1554 2138 novitii
1577 2105 1680 2137 nostri
1701 2115 1829 2138 omnem
1852 2104 1911 2138 Or-

1177 2157 1260 2190 dinis
1286 2157 1489 2200 disciplinam
1516 2157 1674 2197 ediscant,
1697 2163 1728 2190 et
1751 2156 1910 2199 regulari-

1178 2215 1225 2242 ter
1248 2209 1459 2242 instituantur
1483 2219 1501 2242 a
1523 2209 1589 2242 suis
1613 2208 1795 2251 magistris,
1829 2208 1911 2241 itaut

1178 2262 1208 2295 in
1234 2263 1306 2295 aliis
1332 2262 1546 2295 conventibus
1570 2261 1772 2305 probationis
1790 2271 1909 2294 annum

1178 2320 1340 2358 nequeant
1364 2315 1544 2348 traducere.

1221 2378 1269 2401 111.
1294 2367 1461 2406 Ceterum,
1488 2367 1513 2400 si
1545 2367 1577 2400 in
1611 2367 1717 2410 aliqua
1742 2367 1837 2400 domo
1868 2366 1909 2400 ad

1177 2422 1369 2454 novitiatum
1394 2431 1460 2453 non
1486 2420 1653 2462 designata
1682 2425 1713 2452 et
1747 2421 1910 2463 assumpta

1177 2475 1294 2518 aliquis
1318 2473 1493 2516 recipiatur
1509 2473 1547 2505 ad
1567 2473 1729 2512 Ordinem,
1747 2483 1910 2506 commen-

405 2528 541 2568 dentini,
567 2538 647 2561 sess.
662 2537 750 2567 xxm,
767 2527 852 2570 quod
871 2532 919 2560 est
937 2527 1063 2570 integer
1080 2539 1135 2560 an·
1178 2529 1271 2561 dator
1302 2527 1371 2560 eius
1409 2525 1649 2569 quamprimum
1684 2526 1775 2559 illum
1809 2530 1912 2559 trans-

405 2592 474 2623 nus,
491 2587 525 2614 ut
545 2582 613 2624 ipse
638 2581 855 2614 austeritatem
873 2580 1012 2621 Ordinis,
1030 2586 1061 2614 et
1078 2581 1136 2614 sra-

1213 2591 1225 2617 1
1248 2589 1348 2624 Aptius
1367 2588 1555 2616 subscribenti
1574 2590 1611 2622 (R.
1627 2587 1676 2625 Τ.).

1911 220 1960 247 An.
1981 220 2089 248 &1591

1952 1222 2021 1242 Carm-
2036 1221 2062 1242 V.

1928 1247 1957 1268 be
1969 1251 2099 1278 institutione

1918 1277 2052 1296 novitiorum.
