2254 3225
475 271 538 305 70ss

430 339 540 362 vocem
558 330 589 362 in
605 331 746 374 capitulo
764 330 875 375 ipsius,
894 343 1019 366 uccnon
1040 333 1071 366 in
1089 333 1164 367 acti-

429 381 489 414 bus
514 387 546 415 et
573 383 793 416 functionibus
825 386 1050 419 ecclesiasticis
1082 387 1165 419 iutra

430 440 462 469 et
486 441 575 469 extra
599 437 687 470 illam
713 437 851 472 ubilibet
868 439 954 472 iuxta
979 450 1090 473 eorum
1114 451 1164 473 re-

429 490 570 532 spective
591 491 813 524 antianitatem
830 492 1024 535 receptionis
1044 493 1165 525 dumta-

430 547 490 583 xat,
511 543 633 586 absque
650 545 716 577 ulla
733 544 794 577 alia
811 545 948 578 cuiusvis
974 546 1090 587 gradus
1107 556 1163 578 scu

430 596 594 638 qualitatis
619 596 839 637 distinctione,
859 602 891 630 et
911 597 942 630 in
969 598 1036 640 ipsa
1060 598 1164 630 eccle-

430 648 475 680 sia
500 649 636 692 singulis
656 649 771 682 diebus
789 650 886 683 horas
905 651 1080 683 canonicas
1099 657 1162 684 tam

430 701 560 735 diurnas
584 713 679 746 quam
704 707 891 743 nocturnas,
910 708 941 736 et
957 703 1079 743 missas,
1101 713 1162 736 ser-

428 757 498 787 vata
522 755 737 789 ecclesiastica
758 756 940 800 disciplina,
958 756 1163 789 uniformiter

428 807 594 842 celebrare
609 813 641 841 et
655 809 838 850 decantare,
848 809 975 852 illisque
992 809 1162 848 interesse,

427 870 463 893 ac
488 861 567 894 alias
586 861 688 895 dictae
710 862 867 896 ecclesiae
889 862 1034 895 Blesensi
1059 863 1090 895 in
1115 862 1162 895 di-

426 913 537 955 vinis',
564 921 734 959 ceteraque
756 927 854 949 onera
880 916 1022 949 iniuncta
1047 921 1079 948 et
1102 926 1160 959 pro

426 972 571 1011 tempore
597 967 794 1012 iniungenda
818 969 927 1002 subire
953 974 984 1002 et
1009 979 1160 1002 exercerc

426 1030 461 1053 ac
485 1020 662 1064 adimplere
688 1022 866 1066 respective
892 1021 1033 1055 debeant
1064 1027 1095 1054 et
1116 1027 1161 1055 te-

425 1079 575 1114 neantur,
601 1085 637 1107 ac
661 1079 727 1107 tam
753 1074 786 1107 in
811 1075 928 1115 choro,
955 1086 1050 1118 quam
1074 1074 1161 1118 capi-

425 1127 503 1166 tulo,
525 1127 802 1170 processionibus,
830 1133 861 1161 et
886 1128 956 1161 aliis
981 1128 1104 1161 actibus
1130 1133 1161 1161 et

424 1178 667 1221 functionibus,
694 1180 825 1214 habitus
852 1181 890 1214 de
918 1181 989 1214 iure
1015 1181 1133 1224 gestari
1150 1180 1161 1198 ²

425 1232 538 1265 solitos
564 1232 659 1266 etiam
694 1234 821 1267 deferre
847 1240 878 1267 et
903 1239 1028 1277 gestare
1057 1234 1160 1267 libere

425 1291 455 1319 et
481 1285 569 1319 licite
600 1286 729 1329 possint
761 1292 793 1320 et
816 1288 954 1320 valeant.
989 1287 1161 1320 Praeterea

424 1348 484 1371 nos
498 1338 715 1372 omnimodam
734 1339 999 1379 iurisdictionem,
1019 1339 1161 1383 superio-

425 1391 552 1424 ritatem
585 1396 617 1425 et
653 1392 877 1426 auctoritatem
909 1391 941 1424 in
966 1394 1160 1435 capitulum,

425 1444 609 1485 canonicos,
634 1445 798 1478 ministros
825 1450 856 1478 et
881 1445 1038 1479 officiales
1058 1446 1160 1479 dictae

425 1497 594 1539 ecclesiae,
613 1509 630 1530 a
648 1497 873 1531 iurisdictione
887 1503 918 1531 et
932 1498 1160 1542 superioritate

425 1550 570 1594 episcopi
595 1551 804 1584 Carnotensis
837 1557 1004 1594 exemptos
1029 1557 1061 1584 et
1084 1552 1162 1585 libc-

425 1609 531 1643 ratos,
556 1614 615 1647 pro
641 1609 789 1646 tempore
809 1604 961 1637 existenti
990 1605 1162 1649 episcopo*³

427 1656 573 1689 eiusdem
599 1657 755 1689 ecclcsiae
774 1657 937 1690 Blesensis
955 1657 1161 1691 concedimus

426 1715 457 1742 et
481 1710 696 1750 attribuimus,
724 1710 893 1753 eidemque
914 1710 972 1751 ius,
990 1711 1162 1744 auctorita-

425 1769 487 1797 tem
514 1769 545 1796 et
569 1769 761 1807 potestatem
787 1775 1011 1808 quaecumque
1038 1771 1069 1798 et
1085 1777 1160 1809 qua-

424 1816 616 1860 liacumque,
631 1828 702 1850 cum
727 1820 802 1850 cura
823 1823 854 1850 et
870 1818 939 1851 sine
965 1820 1048 1858 cura,
1067 1818 1162 1851 bene>

426 1869 496 1902 sicia
520 1869 739 1903 ecclesiastica
771 1871 1019 1914 quomodolibet
1043 1881 1162 1903 nuncu-

425 1927 500 1966 pata
525 1928 556 1955 et
581 1922 773 1966 qualismata,
790 1924 820 1956 in
846 1924 1023 1957 cathedrali
1043 1930 1072 1957 et
1090 1924 1160 1957 aliis

425 1974 573 2008 ecclesiis
607 1975 745 2008 civitatis
779 1976 941 2009 Blescnsis
978 1987 1104 2009 necnon
1131 1977 1160 2009 in

425 2029 492 2060 tota
515 2030 572 2060 sua
597 2027 737 2062 dioecesi
763 2028 908 2062 Blesensi
937 2030 1159 2071 consistentia,

426 2086 458 2114 et
473 2087 560 2115 extra
578 2081 666 2115 illam
685 2093 722 2115 ea
741 2082 841 2126 quae⁴
858 2094 874 2115 a
889 2083 982 2117 dictis
1000 2089 1161 2117 monaste-

425 2133 480 2167 riis
499 2134 530 2168 S.
551 2135 745 2168 Launomari
764 2141 795 2169 et
812 2136 1007 2179 Burgimedii
1026 2148 1061 2170 ac
1075 2137 1160 2180 prio-

425 2188 548 2221 ratibus
572 2188 756 2222 huiusmodi
782 2189 880 2223 unitis
906 2190 1092 2233 dependere
1119 2191 1160 2224 di-

426 2246 634 2284 gnoscuntur,
660 2243 908 2276 occurrentibus
934 2244 1047 2287 quovis
1064 2244 1159 2278 modo

425 2294 553 2326 illorum
579 2294 817 2335 vacationibus,
842 2296 989 2338 personis
1015 2296 1157 2338 idoneis,

426 2346 602 2379 dummodo
638 2352 744 2379 tamen
780 2348 938 2381 beneficia
974 2349 1158 2383 huiusmodi

425 2400 485 2432 sub
510 2400 716 2433 concordatis
741 2400 915 2443 praedictis
932 2412 996 2434 non
1015 2413 1157 2446 compre-

241 280 293 306 Αη.
314 278 343 307 (ἶ.
360 280 369 306 l
377 280 426 307 (197

462 2498 470 2522 1
496 2495 575 2523 Deest
592 2495 701 2523 verbum
719 2497 860 2524 deservire
879 2499 916 2531 (a.
933 2498 982 2531 τ.).

459 2542 475 2567 2
487 2541 553 2568 Male
564 2541 606 2567 ed.
619 2541 652 2567 M.
664 2541 716 2575 leg.
729 2543 879 2575 praestari
890 2550 937 2576 pro
948 2543 1056 2576 yeslari
1066 2543 1157 2577 (nr).

459 2586 475 2612 3
495 2586 635 2612 Coniunct.
657 2588 684 2613 et
703 2585 763 2613 heic
781 2586 934 2621 importune
954 2587 1085 2614 adiectam
1111 2588 1158 2614 de-

425 2630 510 2659 lemus
529 2631 565 2665 (a.
587 2632 634 2665 [J.

463 2675 477 2702 ί
498 2673 543 2701 Ed.
565 2674 634 2702 Hain
654 2674 717 2712 legit
737 2683 823 2710 eaque
842 2683 892 2711 pro
912 2684 944 2703 ea
964 2684 1038 2710 quae
1059 2682 1084 2704 n.
1107 2675 1153 2711 τ.).

1011 284 1189 311 BULLARIUM
1212 285 1362 311 ROMANUM

1945 286 1992 313 An.
2014 286 2042 314 C.
2061 286 2126 315 ¹697

1207 334 1401 375 hendantur,
1428 334 1526 378 pleno
1551 334 1620 367 iure
1645 334 1831 368 conserendi
1851 338 1882 368 et
1899 334 1938 367 de

1206 387 1269 420 illis
1287 387 1381 420 etiam
1402 387 1594 431 providendi
1613 388 1818 422 concedimus
1837 392 1869 421 et
1886 387 1940 420 im-

1205 439 1373 483 partimur.

1249 493 1263 535 g
1289 493 1320 526 5.
1347 493 1385 526 Et
1410 493 1484 536 quia
1510 504 1545 526 ex
1573 494 1783 527 distractione
1809 499 1842 527 et
1866 495 1951 535 dis-¹
1970 506 2131 529 Αιςῑεηειῑοω-

1205 545 1438 578 membratione
1464 546 1568 579 dictae
1595 547 1751 580 ecclesiae
1776 532 2130 588 Blesensisiiffss²‘¹icci2¹}?:{

1205 609 1222 631 a
1247 599 1386 631 dioecesi
1411 599 1599 632 Carnotensi
1625 600 1732 643 aliqua
1756 601 1873 634 damna
1905 585 2132 634 e-Eii'ssffieffi'ffiiss

1204 650 1338 694 piscopo
1364 656 1396 684 et
1420 652 1561 695 capitulo
1580 657 1612 685 et
1632 652 1867 686 archidiaconis
1888 643 2003 686 εἰσ-ΠΜ

1204 703 1323 736 clesiae
1348 703 1552 737 Carnotensis
1577 704 1786 746 inseruntur;
1813 716 1882 746 nos,
1899 706 1939 739 ad

1204 757 1313 790 enixas
1339 757 1412 790 dicti
1438 757 1588 791 Ludovici
1609 758 1695 801 regis
1712 769 1836 802 preces,
1851 769 1940 792 men-

1205 821 1271 843 sam
1297 810 1490 844 abbatialem
1510 812 1700 845 monasterii
1717 811 1940 845 Gaudivallen-

1204 863 1257 904 sis,
1268 864 1363 906 vulgo
1376 864 1415 896 de
1429 864 1599 907 Soyenual,
1609 864 1938 899 Praemonstratensis

1203 915 1340 956 Ordinis,
1355 915 1561 950 Carnotensis
1579 917 1744 958 dioecesis,
1757 918 1842 951 illius
1857 928 1940 951 com-

1203 969 1347 1010 mend2⁴1¹,
1362 969 1394 1002 in
1410 970 1524 1013 quam²
1538 980 1573 1003 ex
1586 971 1798 1004 concessione
1815 977 1940 1014 aposto-

1203 1021 1262 1055 lica
1276 1022 1314 1055 ad
1335 1022 1428 1054 vitam
1448 1022 1588 1056 obtineri
1609 1024 1785 1064 consuevit,
1801 1034 1858 1066 per
1871 1023 1940 1057 obi-

1203 1079 1270 1107 tum
1284 1074 1450 1118 Gregorii³
1467 1075 1687 1109 d’Aubussent
1704 1077 1787 1109 dela
1801 1076 1940 1109 Fouilla·

1203 1128 1253 1168 de,
1278 1128 1364 1161 illius
1393 1129 1497 1161 ultimi
1523 1129 1648 1162 abbatis
1673 1128 1939 1163 commendatarii

1204 1181 1470 1214 extraRomanam
1482 1181 1606 1215 Curiam
1617 1182 1771 1223 defuncti,
1784 1187 1938 1223 cessante,

1205 1235 1357 1275 vacantis,
1384 1240 1417 1267 et
1441 1235 1478 1268 ad
1498 1235 1596 1278 quod,
1616 1235 1690 1268 dum
1712 1245 1771 1279 pro
1794 1240 1939 1278 tempore

1203 1293 1304 1328 vacat,
1332 1288 1417 1321 idem
1444 1288 1621 1321 Ludovieus
1646 1299 1711 1329 rex,
1736 1288 1845 1331 vigore
1864 1298 1941 1321 con-

1204 1341 1411 1374 cordatorum
1423 1341 1676 1384 praedictorum,
1687 1351 1860 1384 personam
1872 1340 1940 1374 ido-

1203 1404 1295 1427 neam
1328 1394 1496 1427 nominare
1528 1399 1638 1438 potest
1662 1399 1694 1428 et
1718 1394 1825 1435 debet,
1852 1394 1940 1427 salva

1205 1453 1236 1480 et
1260 1447 1371 1480 illaesa
1397 1448 1485 1481 illius
1510 1450 1620 1481 mensa
1645 1448 1815 1491 capitulari
1840 1458 1941 1481 rema-

1204 1506 1311 1541 nente,
1325 1500 1496 1544 expresso⁴
1509 1501 1582 1533 dicti
1594 1501 1744 1534 Ludovici
1755 1499 1839 1543 regis
1853 1501 1891 1533 ad
1907 1500 1938 1533 id

1204 1554 1378 1586 accedente
1395 1563 1567 1594 consensu,
1589 1553 1684 1585 etiam
1705 1552 1937 1596 supprimimus

1205 1610 1235 1639 et
1252 1605 1482 1648 extinguimus,
1496 1605 1548 1638 ac⁵
1562 1616 1674 1639 omnes
1688 1611 1718 1638 et
1735 1605 1881 1648 singulos
1897 1603 1939 1637 di-

1204 1664 1271 1691 ctae
1286 1669 1415 1691 mensae
1430 1657 1597 1690 abbatialis
1612 1657 1867 1690 Gaudivallensis
1880 1657 1941 1689 sru-

1205 1710 1938 1754 ctus,redditusetproventuseidemecclesiae

1205 1763 1392 1796 Carnotensi
1419 1773 1474 1795 seu
1500 1763 1587 1796 illius
1614 1773 1742 1796 mensae
1761 1763 1938 1807 episcopali

1204 1817 1343 1856 unimus,
1370 1817 1570 1859 applicamus
1603 1820 1634 1849 et
1665 1816 1937 1859 appropriarnus2

1205 1871 1247 1902 ita
1273 1874 1378 1901 tamen
1400 1874 1432 1900 ut
1452 1878 1487 1901 ex
1504 1867 1659 1901 fructibus
1677 1867 1861 1901 huiusmodi
1878 1873 1940 1901 trc-

1204 1928 1316 1956 centae
1342 1922 1443 1954 librae
1474 1927 1664 1954 turonenses
1695 1921 1868 1964 unicuique
1901 1932 1937 1955 cx

1204 1976 1305 2008 tribus
1329 1975 1567 2008 archidiaconis
1593 1975 1749 2008 ecclesiae
1763 1974 1939 2008 Carnoten-

1204 2029 1245 2062 sis
1276 2028 1460 2072 praedictae
1491 2028 1720 2072 praesentibus
1758 2033 1790 2061 et
1821 2028 1937 2061 suturis

1204 2092 1262 2125 pro
1289 2081 1502 2114 indemnitate
1528 2091 1658 2114 suorum
1685 2081 1802 2114 iurium
1820 2091 1939 2114 annua-

1204 2135 1259 2167 tim
1274 2135 1500 2178 persolvantur
1518 2135 1572 2177 <et,
1591 2144 1664 2167 casu
1682 2145 1745 2177 quo
1761 2134 1937 2167 modernus

1203 2188 1452 2222 archidiaconus
1476 2187 1636 2220 Dunensis
1662 2197 1698 2219 ex
1720 2197 1806 2220 nunc
1828 2186 1937 2219 distra-

1203 2241 1302 2275 ctioni
1330 2247 1360 2274 et
1385 2239 1659 2273 dismembrationi
1678 2239 1777 2283 partis
1795 2250 1851 2272 seu
1865 2250 1937 2282 por·

1203 2295 1299 2328 tionis
1325 2294 1373 2327 sui
1399 2293 1679 2326 archidiaconatus
1704 2293 1889 2326 consentire
1904 2297 1936 2326 et

1203 2348 1256 2382 tali
1282 2347 1536 2391 compensationi
1562 2346 1768 2390 acquiescere
1793 2345 1936 2379 renuerit

1202 2413 1257 2435 seu
1282 2401 1442 2441 noluerit,
1468 2411 1525 2434 nos
1543 2400 1613 2433 iura
1630 2405 1661 2433 et
1680 2399 1935 2432 iurisdictionem

1237 2500 1248 2527 1
1272 2498 1342 2526 Edit.
1363 2498 1444 2525 Main.
1466 2498 1530 2532 legit
1549 2496 1743 2524 commendam
1760 2498 1796 2532 (R.
1819 2498 1870 2532 τ.).

1235 2543 1251 2569 2
1271 2543 1340 2569 Edit.
1362 2542 1440 2569 Μαίη.
1463 2542 1528 2576 legit
1548 2549 1606 2575 qua
1625 2543 1665 2574 (R.
1682 2543 1731 2575 τ.).

1235 2587 1250 2614 3
1271 2587 1298 2613 In
1315 2588 1410 2614 Gallia
1426 2586 1593 2614 christiana
1605 2590 1646 2612 est
1661 2586 1779 2621 Georgii
1792 2587 1831 2621 (R.
1847 2587 1897 2620 Τ.).

1234 2632 1250 2657 4
1270 2631 1317 2657 Ed.
1334 2631 1412 2658 Main.
1429 2631 1491 2666 legit
1506 2640 1541 2658 ex
1557 2639 1612 2665 quo
1624 2639 1671 2665 pro
1686 2639 1817 2665 conpresso
1830 2634 1866 2664 (R.
1883 2631 1932 2666 τ.).

1233 2675 1249 2704 5
1268 2675 1409 2704 Coniunct.
1431 2684 1462 2702 ac
1483 2683 1531 2703 nos
1551 2674 1676 2703 addimus
1696 2683 1733 2712 χιι.
1750 2677 1799 2711 τ.).
