2227 3225
129 257 180 284 An.
199 257 227 281 C.
252 254 319 282 ¹698

900 249 1110 275 INNOCENTIL'S
1136 249 1180 272 xil
1204 250 1253 273 1³1³.

324 315 342 336 a
374 302 537 347 principio
571 306 751 335 emanasset
789 305 820 333 et
853 300 965 332 fuisset
998 299 1061 332 im-

323 357 461 389 mediate
495 365 698 392 concessum,
733 353 817 386 inter
850 354 912 386 alia
947 353 1061 385 decre-

323 409 376 449 vit,
410 414 445 441 ut
476 408 556 442 nulli
596 407 728 440 omnino
755 406 920 439 hominum
950 406 1063 439 liceret

322 463 508 506 praedictae
547 460 816 504 Congregationis
852 459 1062 499 monasteria,

322 518 407 557 lot-a,
434 527 486 549 res
507 521 539 549 et
564 517 648 548 bona
674 506 806 548 mobilia
825 519 855 547 et
874 513 1063 552 immobilia,

323 570 557 614 possessiones,
585 570 712 607 domos,
735 568 937 605 molendiua,
966 577 1064 609 aquas

321 624 520 668 piscationis,
547 623 618 656 iura
653 634 708 655 seu
743 622 985 654 iurisdictiones
1021 627 1065 654 te·

321 688 412 711 mere
445 677 653 720 perturbare,
682 682 737 708 aut
773 676 827 708 illa
864 676 913 708 vel
952 685 1064 707 eorum

322 731 453 774 aliquod
479 731 617 770 auferre,
635 731 682 763 vel
705 731 812 762 ablata
838 729 994 767 retinere,
1012 739 1065 761 oc-

322 795 455 827 cupare,
483 795 540 816 seu
566 784 816 826 quomodolibet
837 781 1064 815 vexationibus

323 838 472 880 fatigare,
492 838 655 881 quodque,
675 837 700 869 si
719 837 827 879 aliqua
846 834 1066 868 ecclesiastica

322 888 536 922 saecularisve
561 899 715 932 persona,
738 887 974 930 cuiuscumque
995 897 1067 928 gra-

322 943 381 976 dus
418 943 467 975 vel
505 941 704 974 conditionis
736 941 907 980 existeret,
941 940 1065 973 etiamsi

321 995 499 1039 pontificali
520 995 675 1038 dignitate
701 995 933 1038 praefulgeret,
954 998 1067 1026 contra

322 1049 508 1082 huiusmodi
534 1048 740 1092 privilegium
766 1054 797 1081 et
827 1048 989 1081 indultum
1014 1058 1067 1080 ve-

322 1103 406 1144 nire,
432 1104 484 1136 vel
510 1102 640 1145 aliquod
672 1113 783 1134 eorum
821 1100 989 1140 violando,
1015 1111 1067 1133 oc-

323 1157 486 1200 cupando,
516 1156 680 1188 turbando
698 1156 748 1188 rel
768 1155 990 1193 diminuendo,
1009 1164 1064 1186 seu

322 1209 468 1243 indebite
508 1209 642 1253 fatigare
683 1214 917 1253 praesumeret,
944 1217 1065 1250 neque,

322 1264 407 1297 facta
443 1264 471 1297 ei
505 1264 621 1296 notitia
647 1264 686 1296 de
713 1262 902 1295 huiusmodi
929 1262 1065 1301 indulto,

322 1317 407 1350 infra
443 1323 508 1350 tres
545 1318 614 1350 dies
641 1328 673 1349 se
699 1316 888 1359 corrigeret,
916 1321 970 1348 aut
999 1315 1066 1347 ido-

321 1382 417 1405 neam
443 1371 629 1404 cautionem
651 1371 689 1404 de
715 1369 946 1402 satisfaciendo
971 1379 1066 1412 prae-

322 1430 444 1464 staret,
487 1423 832 1457 excommunicationis
874 1422 1066 1454 sententiam

321 1477 393 1522 ipso
419 1478 503 1510 facto
528 1477 718 1516 incurreret,
745 1487 762 1508 a
789 1486 860 1519 qua,
894 1475 956 1507 nisi
983 1474 1067 1507 dicta

321 1531 544 1565 satisfactione
571 1531 738 1574 praestita,
777 1535 1008 1573 praeterquam
1033 1527 1066 1559 in

321 1585 457 1619 articulo
483 1585 605 1625 mortis,
625 1590 657 1617 et
682 1590 758 1617 tunc
779 1584 818 1616 de
837 1582 1066 1616 satisfaciendo

321 1650 380 1683 per
404 1650 447 1679 se,
474 1639 499 1672 si
533 1636 787 1682 superviveret',
812 1642 867 1669 aut
902 1647 960 1679 per
991 1646 1065 1668 suos

322 1693 482 1726 haeredes
512 1694 563 1726 vel
588 1702 795 1726 successores
827 1691 945 1724 idonea
973 1700 1068 1733 prae-

322 1747 395 1780 stita
420 1746 586 1786 cautione,
611 1757 678 1779 non
703 1750 815 1790 posset
847 1743 1067 1777 absolutionis

321 1800 517 1834 beneficium
551 1800 712 1840 obtinere,
738 1810 774 1832 ac
799 1798 887 1837 alias,
910 1803 1008 1841 prout
1033 1797 1066 1830 in

323 1854 400 1887 dicti
422 1852 559 1896 Eugenii
578 1852 842 1897 praedecessoris
864 1851 981 1884 litteris
1007 1851 1066 1883 sub

325 1908 435 1941 datum
477 1918 564 1940 anno
604 1905 842 1939 Incarnationis
882 1904 1065 1938 dominicae

323 1971 494 2001 ucnxxmv,
519 1971 564 1994 vu
583 1960 738 1993 kalendas
763 1959 880 1999 martii,
897 1958 1067 2002 pontifica-

323 2021 376 2049 tus
401 2016 450 2048 sui
476 2026 562 2048 anno
588 2025 617 2048 1v
644 2013 803 2057 expeditis
839 2013 934 2046 latius
968 2012 1068 2045 conti-

323 2070 433 2112 netur)
459 2068 676 2101 nihilominus
699 2078 715 2100 a
735 2066 902 2100 nonnullis
927 2066 1066 2098 maxima

323 2122 431 2155 adhuc
478 2122 594 2154 damna
633 2121 818 2154 inferuntur
857 2119 1066 2153 monasteriis

322 2176 510 2220 praedictae
535 2175 805 2219 Congregationis
830 2174 869 2207 de
888 2173 1067 2214 Alcobatia‚

323 2229 380 2273 qui
416 2229 604 2263 eorumdem
640 2228 918 2262 monasteriorum
943 2238 1065 2268 muros,

323 2288 427 2326 septa,
451 2283 547 2324 valla,
576 2283 698 2323 hortos,
724 2282 880 2326 pomaria,
919 2292 1064 2322 nemora,

324 2337 438 2381 sylvas,
464 2337 586 2377 vineas,
614 2347 723 2380 agros.
750 2336 894 2380 praedia,
924 2335 1067 2379 possalia

326 2395 358 2423 et
380 2396 475 2434 prata
499 2390 658 2434 diripiunt
690 2395 723 2424 et
747 2390 930 2423 destruunt..
964 2388 1067 2427 Quare

324 2453 384 2487 pro
408 2449 502 2487 parte
526 2444 746 2487 praefatorum
780 2443 875 2476 nobis
906 2443 965 2475 fuit
996 2452 1068 2485 sup-

325 2497 493 2539 plicatum,
510 2497 646 2538 ut‚dicti
671 2497 806 2540 Eugenii
832 2496 1069 2540 praedecesso-

325 2550 370 2583 ris
386 2551 503 2584 litteris
525 2551 739 2591 inhaerendo,
758 2562 857 2594 super
875 2550 925 2582 his
953 2560 1070 2593 oppor-

362 2622 374 2647 1
396 2620 462 2648 Male
482 2621 546 2649 edit.
562 2622 640 2649 Main.
656 2621 722 2658 legit
736 2621 938 2657 superveniret
952 2628 1000 2657 pro
1017 2629 1067 2647 su-

322 2666 487 2702 perviveret
503 2666 541 2702 (R.
563 2669 612 2701 22).

1745 239 1804 273 861

1109 304 1186 331 tune
1205 298 1373 341 providere
1393 298 1431 330 de
1448 298 1652 340 benignitate
1673 298 1850 341 apostolica

1109 352 1331 394 dignaremur.
1358 351 1422 383 Nos
1459 351 1572 393 igitur,
1611 352 1781 393 cupientes
1817 357 1852 384 ut

1108 405 1212 437 dictae
1235 405 1505 447 Congregatiouis
1524 405 1719 437 monasteria
1745 411 1776 437 et
1802 415 1852 437 re-

1108 458 1223 501 ligiosa
1248 459 1317 491 loca
1344 468 1521 500 eorumque.
1551 467 1708 500 personae
1727 459 1851 490 nullum

1109 522 1218 554 neque
1246 511 1276 543 in
1304 511 1530 554 spiritualibus
1552 521 1611 543 nec
1636 510 1667 542 in
1696 515 1854 552 tempora-

1109 565 1193 598 libus
1220 565 1380 607 recipiant
1401 565 1645 602 detrimentum,
1667 563 1851 596 huiusmodi

1108 618 1402 662 supplicationibus
1418 618 1577 657 inclinati,
1597 623 1686 650 motu
1707 617 1852 660 proprio,

1110 679 1140 705 et
1166 683 1202 705 ex
1230 674 1317 704 certa
1343 674 1454 704 nostra
1474 672 1619 709 scientia,
1646 682 1680 703 ac
1707 671 1745 703 de
1773 681 1852 712 apo-

1109 727 1244 759 stolicae
1264 726 1436 769 potestatis
1459 725 1676 768 plenitudiue,
1692 730 1851 768 perpetuo

1109 780 1287 817 statuimus,
1313 779 1516 811 deceruimus
1543 784 1574 811 et
1599 778 1798 816 ordinamus,
1818 782 1854 809 ut

1110 833 1189 866 nulli
1231 833 1365 865 omnino
1398 842 1586 875 personae,
1618 831 1851 874 cuiuscumque

1110 887 1244 926 ordinis,
1264 886 1392 929 gradus,
1413 885 1577 929 qualitatis
1604 891 1634 918 et
1652 885 1850 918 conditionis

1111 940 1235 979 existat,
1264 939 1466 983 quantumvis
1492 939 1649 972 saeculari
1673 939 1780 982 aliqua
1798 944 1854 971 aut

1111 994 1327 1028 ecclesiastica
1354 993 1511 1035 dignitate
1531 994 1726 1036 perfulgeat,
1746 993 1851 1032 liceat,

1110 1048 1231 1081 directe
1248 1049 1297 1080 vel
1324 1047 1492 1087 indirecte,
1512 1047 1605 1080 tacite
1623 1049 1673 1080 vel
1690 1057 1854 1090 expresse,

1111 1102 1224 1145 quovis
1250 1101 1396 1145 quaesito
1422 1102 1532 1134 colore
1558 1102 1608 1134 vel
1627 1101 1769 1144 ingenio,
1790 1106 1852 1133 tam

1109 1166 1169 1199 per
1194 1165 1227 1188 se
1254 1165 1347 1198 quam
1374 1165 1434 1199 per
1455 1154 1595 1197 aliquam
1614 1155 1709 1188 aliam
1726 1154 1854 1187 tertiam

1110 1219 1282 1252 personam
1309 1219 1363 1241 seu
1390 1219 1556 1252 personas,
1582 1207 1854 1241 monasteriorum

1111 1268 1175 1295 tam
1193 1261 1414 1306 praesentium
1433 1272 1527 1305 quam
1548 1262 1728 1294 futurorum
1748 1260 1853 1293 dictae

1110 1315 1380 1359 Congregationis
1398 1315 1565 1358 pecunias,
1582 1314 1679 1352 bona,
1698 1312 1853 1353 aedificia,

1110 1370 1216 1409 villas,
1237 1369 1399 1412 grangias,
1419 1369 1549 1407 oliveta,
1567 1367 1722 1411 possalia,
1750 1373 1852 1411 prata,

1111 1433 1240 1466 pascua,
1268 1422 1474 1466 piscationes,
1512 1422 1710 1461 molendina,
1743 1432 1854 1465 aquas,

1111 1487 1268 1520 aquarum
1301 1476 1468 1514 decursus,
1494 1475 1573 1515 iura,
1600 1473 1853 1515 iurisdictiones,

1109 1539 1257 1569 nemora,
1285 1529 1398 1572 sylvas,
1426 1528 1547 1568 vineas,
1565 1528 1855 1572 possessioneS,et

1111 1583 1172 1616 alia
1198 1592 1424 1626 quaecumque
1456 1583 1552 1621 bona,
1580 1592 1660 1625 quae
1695 1581 1727 1613 in
1760 1591 1855 1624 prae-

1110 1637 1195 1670 senti
1221 1641 1296 1669 sunt
1321 1641 1352 1668 et
1377 1635 1409 1668 in
1437 1635 1581 1668 futurum
1601 1640 1704 1675 erunt,
1723 1640 1756 1668 et
1772 1645 1854 1678 quae

1110 1690 1218 1725 omnia
1244 1696 1276 1723 et
1307 1689 1434 1733 singula
1467 1699 1526 1733 per
1560 1699 1672 1722 eorum
1697 1689 1855 1722 vocabula

1111 1746 1164 1779 hic
1188 1744 1303 1778 haberi
1324 1744 1472 1777 volumus
1498 1754 1560 1787 pro
1586 1742 1786 1776 sufficienter
1802 1753 1856 1776 ex-

1110 1799 1245 1843 pressis,
1274 1804 1395 1832 temere
1428 1798 1633 1841 perturbare,
1671 1798 1851 1838 destruere,

1111 1853 1311 1893 imminuere,
1338 1862 1511 1895 occupare,
1538 1851 1696 1895 diripere,
1716 1851 1853 1891 auferre,

1110 1907 1328 1950 depopulare,
1355 1916 1524 1949 usurpare,
1552 1916 1609 1938 seu
1641 1904 1754 1948 quovis
1791 1904 1854 1937 alio

1109 1960 1206 1993 modo
1227 1960 1373 1992 indebite
1403 1959 1620 1999 damnificare,
1647 1964 1702 1991 aut
1726 1967 1855 1991 eorum-

1111 2014 1183 2047 dem
1209 2013 1486 2046 monasteriorum
1519 2017 1621 2056 septa,
1647 2012 1771 2052 hortos,
1797 2022 1855 2055 po-

1111 2066 1232 2099 marios
1257 2072 1289 2099 et
1313 2066 1446 2105 vineas,
1473 2076 1554 2109 quae
1580 2071 1657 2098 sunt
1681 2065 1765 2098 intra
1791 2075 1856 2098 mu-

1110 2131 1164 2154 ros
1191 2125 1223 2153 et
1249 2120 1429 2152 clausuram
1462 2119 1606 2162 ipsorum
1642 2118 1856 2153 monasterio-

1110 2185 1190 2214 rum,
1207 2174 1338 2213 intrare,
1356 2178 1390 2206 et
1407 2183 1442 2206 ex
1462 2172 1541 2216 ipsis
1566 2172 1678 2212 vineis,
1698 2171 1853 2215 pomariis

1111 2233 1142 2260 et
1167 2227 1282 2267 hortis,
1308 2237 1391 2270 quae
1417 2237 1484 2259 non
1509 2232 1583 2259 sunt
1614 2225 1700 2258 intra
1729 2226 1856 2259 clausu-

1111 2291 1179 2314 ram
1212 2286 1244 2313 et
1274 2291 1405 2320 muros,
1433 2279 1557 2323 aliquid
1595 2278 1709 2319 furari,
1735 2284 1790 2312 aut
1821 2276 1854 2311 in

1111 2334 1258 2377 ipsorum
1280 2333 1467 2366 nemoribus
1494 2337 1526 2365 et
1550 2332 1645 2377 sylvis
1667 2332 1799 2365 arbores
1822 2336 1855 2364 et

1111 2388 1200 2431 ligna
1224 2388 1384 2428 scindere,
1411 2397 1512 2430 eaque
1537 2386 1614 2419 inde
1639 2391 1774 2429 portare
1799 2396 1855 2419 au-

1111 2452 1164 2474 sus
1190 2441 1295 2481 fuerit,
1321 2451 1397 2481 nec,
1424 2440 1506 2473 facta
1531 2439 1644 2472 notitia
1677 2439 1716 2471 de
1743 2438 1854 2471 huius-

1111 2494 1199 2527 modi
1231 2494 1369 2534 indulto,
1395 2494 1536 2533 decreto,
1562 2497 1681 2525 statuto
1708 2497 1739 2524 et
1770 2491 1855 2524 ordi-

1111 2548 1243 2581 natione
1268 2547 1403 2588 nostris,
1430 2547 1514 2580 infra
1538 2550 1603 2580 tres
1629 2546 1698 2578 dies
1724 2555 1757 2578 se
1782 2555 1854 2578 cor-

1110 2601 1241 2642 rexerit,
1268 2606 1299 2635 et
1323 2601 1473 2634 idoneam
1499 2600 1682 2633 cautionem
1701 2599 1740 2632 de
1765 2597 1854 2632 satis-

1110 2655 1258 2689 faciendo
1282 2654 1479 2700 praebuerit,
1506 2650 1852 2687 excommunicationis

1857 247 1906 274 An.
1927 247 1956 274 C.
1974 247 2040 274 1698
