2254 3225
176 236 225 263 An.
244 234 273 263 c.
293 233 355 262 1691
403 224 468 258 270

412 293 446 315 u.
476 282 499 315 Α
524 280 602 314 feria
635 289 711 314 vero
746 278 887 312 secunda
921 278 1102 315 inclusive,

370 345 451 378 quae
489 333 553 367 diei
588 333 710 377 primae
744 331 926 365 novembris
962 335 994 363 et
1026 330 1105 362 sesto

371 387 518 420 Omnium
546 386 736 420 Sanctorum
768 385 915 429 proxima
944 382 1104 421 succedit,

371 450 474 484 usque
499 440 538 473 ad
563 439 706 472 Natalem
732 437 857 471 Domini
882 435 1051 473 exclusive,
1076 439 1108 466 et

373 493 497 536 pariter
516 503 534 525 a
552 491 632 525 feria
656 490 793 524 secunda
815 487 1107 531 Quinquagesimae

375 545 531 579 inclusive
556 554 657 588 usque
678 544 716 576 ad
742 543 863 576 Pascha
887 539 1109 574 Resurrectio-

375 599 425 631 nis
446 598 572 631 Domini
586 596 755 636 exclusive,
773 595 960 629 continuum
977 596 1110 626 teneant

378 652 543 692 i‹.·iuniuin,
557 657 597 690 et,
612 652 739 683 servata
756 647 989 682 consuetudine
1003 646 1111 678 Eccle-

378 705 445 737 siae
470 703 660 737 comedendi
691 707 763 746 post
793 710 943 744 vesperas
967 699 999 732 in
1023 698 1109 736 Qua-

380 757 581 799 dragesima,
611 755 745 798 reliquis
781 754 895 787 diebus
930 752 1113 795 prandeant

380 812 465 842 nona
490 809 592 849 dicta,
619 807 759 851 exceptis
790 812 896 839 tamen
921 806 952 838 in
978 810 1114 848 utroque

382 868 525 905 tempore
551 861 665 894 diebus
689 860 873 894 dominicis.

425 924 471 948 in.
489 914 622 947 Praeter
640 914 718 946 haec
732 917 839 945 autem
854 911 974 945 ieiunia
989 910 1115 952 aliaque

382 976 440 1010 per
456 976 576 999 annum
597 976 680 1009 quae
701 969 776 997 sunt
797 965 836 997 de
861 967 1035 1006 praecepto
1059 961 1117 993 Ec-

383 1019 514 1059 clesiae,
540 1018 747 1052 ieiunandum
765 1022 811 1050 est
828 1016 923 1048 etiam
945 1016 977 1047 in
1003 1013 1116 1046 diebus

384 1071 610 1113 Rogationum,
625 1075 657 1102 et
673 1069 823 1102 omnibus
837 1067 933 1100 sextis
951 1066 1049 1104 feriis,
1068 1075 1118 1097 ex-

385 1125 476 1166 cepta
500 1123 555 1155 illa
579 1122 611 1154 in
636 1131 698 1164 qua
716 1120 831 1153 festum
851 1118 971 1152 Natalis
991 1117 1117 1150 Domini

385 1175 554 1215 incideri13
581 1175 714 1217 insuper
734 1177 766 1206 et
782 1173 814 1205 in
835 1172 952 1214 vigiliis
974 1170 1118 1203 omnium

387 1229 536 1261 festorum
549 1226 752 1259 beatissimae
764 1224 902 1268 Virginis
916 1224 1042 1263 Mariae,
1056 1228 1118 1256 tam

385 1281 514 1314 Ordinis
538 1289 634 1322 quam
658 1278 828 1317 Ecclesiae,
852 1277 884 1309 in
910 1276 1016 1319 vigilia
1040 1286 1120 1319 quo-

387 1345 449 1378 que
468 1332 567 1366 sancti
584 1331 684 1375 patris
700 1331 801 1364 nostri
818 1330 903 1363 Petri
919 1330 1062 1369 Nolasco,
1084 1339 1120 1362 ac

387 1386 527 1429 denique
553 1384 666 1418 diebus
687 1383 771 1423 illis,
795 1383 929 1426 quibus,
950 1387 1121 1415 consuetu-

388 1439 462 1472 dine
477 1438 584 1481 aliqua
598 1438 646 1470 vel
664 1436 891 1470 constitutione
906 1436 1052 1468 locorum
1068 1439 1123 1467 aut

389 1492 587 1531 dioecesum,
613 1490 732 1523 suerint
756 1489 875 1522 indicta
900 1488 1032 1521 ieiunia.

434 1554 476 1578 tv.
502 1543 612 1582 Quoad
631 1542 818 1586 qualitatem
841 1541 950 1581 victus,
970 1542 1000 1574 in
1021 1540 1123 1574 omni-

389 1598 449 1630 bus
473 1596 601 1630 ieiuniis
626 1595 863 1629 observantiam
880 1595 927 1627 sic
944 1594 1036 1627 enixe
1062 1594 1124 1626 dis-

390 1650 553 1694 ponimus.
580 1649 685 1682 Primo
705 1648 792 1681 enim
817 1648 850 1681 in
873 1646 1123 1690 Quadragesima

391 1704 507 1736 fratres
532 1702 633 1736 nostri
653 1712 670 1735 a
687 1701 857 1735 lacticiniis
883 1701 1019 1744 aliisque
1044 1700 1124 1734 cibis

393 1757 425 1789 in
454 1758 492 1789 ea
524 1755 698 1799 prohibitis
731 1754 923 1788 abstineant.
950 1754 1039 1788 Circa
1063 1754 1125 1786 alia

392 1819 469 1841 vero
493 1808 616 1842 ieiunia
646 1808 782 1841 firmiter
811 1807 989 1841 stabilimus
1004 1833 1011 1846 ,
1035 1812 1070 1839 ut
1094 1807 1125 1839 in

394 1861 543 1894 omnibus
559 1871 617 1904 per
640 1871 758 1894 annum
783 1861 822 1893 ab
842 1860 983 1893 Ecclesia
1008 1859 1126 1892 consti-

395 1914 481 1954 tutis,
506 1914 555 1946 vel
580 1913 612 1946 in
637 1913 844 1948 dioecesibus
870 1918 923 1946 aut
948 1913 1028 1947 locis
1054 1914 1125 1955 lege

394 1966 502 2010 aliqua
526 1966 574 1999 vel
599 1966 835 1999 consuetudine
859 1966 1011 2005 firmatis,
1029 1965 1060 1998 in
1083 1966 1126 1998 l'e-

394 2019 441 2052 ria
466 2019 607 2052 secunda
640 2024 671 2052 et
696 2020 791 2052 tertia
814 2019 1123 2062 Quinquagesimae‚

394 2072 481 2104 unde
502 2071 872 2115 incipitQuadragesima
889 2077 1007 2111 nostra,
1021 2077 1052 2104 et
1069 2081 1127 2114 per

394 2130 497 2158 totum
523 2124 618 2157 etiam
651 2125 830 2158 Adventum
854 2125 1005 2163 Ordinis,
1032 2130 1126 2168 atque

395 2176 545 2210 omnibus
562 2177 658 2209 sextis
676 2177 761 2209 seriis
778 2188 836 2220 per
852 2188 979 2217 annum,
996 2177 1128 2220 quadra-

395 2229 543 2273 gesimali
575 2230 648 2263 cibo
676 2230 878 2270 reficiantur,
904 2236 1127 2274 praeterquam

395 2288 541 2325 tempore
567 2282 729 2326 paschali,
762 2284 811 2316 vel
836 2283 891 2316 ubi
916 2283 1018 2325 pisces
1043 2293 1128 2315 com-

395 2334 489 2368 mode
515 2335 629 2367 haberi
655 2345 719 2366 non
745 2334 882 2377 possint.
903 2334 999 2372 Quam
1022 2341 1126 2367 tamen

397 2387 620 2430 exceptionem
654 2387 692 2419 ad
718 2397 770 2419 eas
795 2386 996 2429 provincias,
1024 2387 1128 2429 regio-

395 2450 453 2473 nes
478 2445 508 2472 et
532 2440 601 2472 loca
626 2450 690 2472 non
715 2440 937 2478 extendimus,
965 2440 1017 2472 uhi
1044 2441 1127 2483 apud

396 2494 559 2525 saeculum
584 2492 710 2535 aliquae
736 2493 775 2525 de
804 2492 977 2535 praedietis
1001 2492 1129 2525 ieiuniis

396 2545 456 2578 sub
481 2544 553 2577 cibo
579 2544 850 2587 quagragesimali
876 2545 948 2588 lege
979 2546 1027 2576 vel
1053 2555 1129 2577 con-

397 2597 568 2630 suetudine
588 2600 766 2630 serventur.

943 228 1120 254 nuLLanttJM
1145 227 1162 251 R
1168 227 1299 251 OMANUM

1191 286 1220 308 v.
1247 275 1377 308 Fratres
1410 278 1519 306 tamen
1554 271 1747 305 itinerantes
1772 269 1882 304 omnia

1149 327 1270 360 ieiunia
1287 327 1326 359 de
1344 329 1518 369 praecepto
1535 323 1708 364 Ecclesiae,
1723 328 1775 356 aut
1788 323 1883 356 aliter

1149 379 1282 423 speciali
1306 379 1377 420 lege
1402 378 1451 411 vel
1476 376 1710 410 consuetudine
1736 375 1885 418 obligan-

1149 433 1202 472 tia,
1221 436 1376 475 quantum
1393 430 1435 463 sit
1449 430 1614 474 possibile,
1635 440 1763 474 semper
1775 430 1885 464 obser-

1150 495 1224 518 vare
1250 483 1478 527 praecipimus,
1499 493 1560 516 nec
1580 483 1694 516 victum
1711 483 1886 527 quadrage·

1152 538 1298 570 simalem
1333 536 1509 570 dimittere.
1542 535 1576 569 ln
1612 535 1746 580 reliquis
1779 541 1886 570 autem

1153 590 1268 623 diebus
1293 589 1417 629 ieiunii,
1435 593 1663 632 praeterquam
1687 589 1719 622 in
1743 589 1887 623 Adventu

1153 641 1356 682 01·dinis,bis
1382 652 1437 675 eos
1463 641 1551 674 refici
1568 641 1771 683 sustinemus,
1789 641 1887 675 modo

1155 696 1344 729 alimentum
1377 694 1656 739 quadragesimale
1690 704 1756 728 non
1789 695 1886 729 dese·

1156 754 1239 782 rant.

1199 811 1241 835 vi.
1269 801 1401 840 Quando
1434 801 1502 835 dies
1534 801 1636 834 sancti
1660 801 1761 845 patris
1785 800 1890 835 nostri

1158 854 1242 887 Petri
1267 853 1391 888 Nolasci
1424 859 1477 887 aut.
1501 854 1587 888 aliud
1612 854 1820 897 praecipuum
1834 854 1892 896 Je-

1158 912 1242 940 stum
1268 907 1300 939 in
1323 907 1437 939 seriam
1462 912 1584 939 sextam
1610 906 1772 947 inciderit,
1799 916 1892 950 prae·

1158 959 1255 991 latum
1280 959 1312 992 in
1337 959 1465 992 ieiuniis
1491 959 1680 1002 dispensare
1705 969 1799 1002 posse
1819 969 1893 993 con-

1160 1012 1315 1052 cedimus,
1340 1012 1432 1044 sicuti
1469 1017 1500 1044 et
1535 1022 1607 1044 cum
1632 1012 1797 1044 debilibus
1813 1038 1821 1051 ,
1844 1012 1892 1044 vel

1161 1064 1273 1107 quovis
1298 1064 1361 1097 alio
1386 1063 1494 1096 labore
1513 1068 1565 1095 aut
1590 1063 1771 1096 litterarum
1788 1063 1894 1096 studio

1161 1116 1336 1159 occupatis.

1204 1179 1261 1202 vn.
1288 1168 1549 1202 Mortificationes
1570 1168 1715 1212 publicas
1733 1173 1765 1201 et
1781 1168 1896 1201 volun-

1163 1223 1257 1255 tarias
1271 1233 1287 1255 a
1305 1222 1456 1254 fratribus
1471 1222 1502 1254 in
1521 1222 1689 1255 refectorio
1706 1221 1784 1261 fieri,
1800 1222 1896 1255 modo

1162 1275 1225 1307 sint
1239 1275 1416 1318 prudenter
1433 1279 1465 1307 et
1481 1285 1552 1307 cum
1567 1274 1792 1307 benedictione
1809 1284 1897 1318 prae-

1164 1327 1230 1366 lati,
1247 1327 1467 1370 permittimus
1489 1332 1521 1359 ct
1543 1327 1722 1360 laudamus.
1750 1327 1896 1369 Denique

1165 1380 1242 1413 seria
1262 1382 1350 1413 sexta
1369 1380 1498 1413 maioris
1523 1381 1746 1413 hebdomadae
1764 1380 1796 1413 in
1814 1389 1896 1423 pane

1165 1439 1195 1466 et
1209 1435 1288 1476 aqua
1303 1443 1434 1476 semper
1448 1433 1676 1466 inviolabiliter
1688 1432 1896 1465 ieiunabitur.

1208 1497 1230 1519 ι.
1256 1486 1412 1529 Tempore
1431 1487 1479 1519 vel
1504 1485 1555 1519 die
1580 1485 1692 1518 ieiunii
1717 1485 1797 1519 hora
1822 1495 1898 1517 con-

1165 1541 1244 1582 grua
1269 1539 1307 1571 ad
1333 1539 1538 1572 collationem
1575 1538 1720 1582 cymbalo
1752 1547 1896 1571 conven-

1166 1591 1243 1624 tuali
1264 1602 1281 1624 a
1300 1591 1417 1624 vicario
1437 1591 1600 1634 pulsetur·,
1624 1590 1827 1633 congregatis
1845 1600 1899 1622 au-

1167 1650 1229 1677 tem
1255 1644 1417 1683 fratribus,
1445 1643 1672 1676 refectorarius
1697 1642 1899 1685 campanella

1166 1697 1329 1731 refectorii
1354 1696 1483 1739 signum
1508 1696 1599 1728 saciat
1616 1701 1650 1727 ut
1677 1695 1807 1728 intrent.
1826 1694 1899 1732 Qui-

1166 1751 1224 1783 bus
1249 1749 1415 1793 ingressis,
1433 1751 1535 1782 lector
1560 1749 1664 1782 dicat:
1692 1747 1873 1781 Benedicile
1888 1773 1895 1786 ‚

1167 1808 1198 1836 et
1211 1803 1484 1836 hebdomadarius
1500 1801 1671 1835 benedicat
1684 1801 1809 1834 dicens:
1824 1800 1901 1833 Lm·-

1165 1857 1252 1900 9z'tor
1275 1857 1419 1889 omnium
1439 1856 1593 1889 bonorum
1612 1855 1774 1890 benedicat
1789 1859 1901 1898 polum

1167 1919 1328 1942 servorum
1351 1919 1508 1949 suorum,·
1533 1913 1708 1941 conventus
1738 1918 1812 1941 vero
1844 1917 1901 1942 re-

1168 1962 1329 2005 spondeat
1352 1962 1464 1995 Amen.
1486 1961 1564 1994 Dum
1590 1962 1692 1994 lector
1708 1960 1796 2002 legit,
1813 1965 1901 2003 pote·

1168 2021 1243 2048 runt
1269 2015 1383 2048 fratres
1410 2015 1539 2054 bibere,
1567 2017 1600 2047 et
1628 2013 1717 2046 finita
1739 2013 1900 2054 lectione,

1168 2069 1261 2111 signo
1292 2067 1424 2106 vicarii,
1459 2067 1593 2111 praelati
1628 2072 1683 2099 aut
1713 2066 1901 2110 praesiden—

1170 2122 1230 2161 tis,
1255 2122 1339 2154 dicat
1374 2121 1441 2164 ipse
1476 2121 1640 2164 praelatus
1666 2124 1720 2152 aut
1750 2119 1899 2156 vicarius

1168 2176 1228 2214 vel,
1246 2185 1356 2208 eorum
1379 2173 1538 2213 absentia,
1564 2171 1838 2205 hebdomadarius
1861 2171 1900 2204 ad

1169 2238 1266 2271 quem
1291 2238 1327 2260 ex
1360 2226 1465 2260 officio
1498 2225 1661 2268 pertinet:
1687 2223 1901 2257 Adiutorv'um

1168 2284 1314 2313 nostrum
1338 2280 1374 2312 in
1398 2279 1528 2311 nomine
1551 2277 1696 2316 Domini,
1713 2281 1744 2309 et
1762 2286 1902 2309 conven-

1170 2339 1218 2365 tus
1243 2332 1450 2376 respondeat:
1478 2331 1541 2370 Qui
1556 2330 1630 2372 fecit
1654 2328 1777 2362 caelum
1797 2334 1825 2362 et
1844 2333 1902 2362 ter-

1168 2396 1250 2426 ram,
1269 2395 1305 2418 ac
1321 2385 1438 2418 deinde
1460 2393 1572 2416 omnes
1589 2383 1710 2426 puriter
1734 2382 1903 2424 egredian-

1171 2445 1232 2471 tur.
1251 2438 1307 2476 Qui
1329 2448 1402 2470 sero
1424 2437 1462 2469 ad
1489 2437 1572 2469 hanc
1596 2434 1834 2468 observantiam
1850 2444 1902 2467 ve-

1171 2491 1264 2523 niens
1282 2490 1416 2523 introire
1437 2488 1524 2527 velit,
1537 2488 1659 2521 nullam
1677 2492 1797 2530 spectet
1815 2496 1902 2530 prae-

1171 2543 1225 2575 lati
1247 2546 1300 2576 aut
1323 2541 1535 2585 praesidentis
1560 2539 1735 2572 licentiam.

1216 2606 1249 2629 ti.
1277 2595 1306 2628 Si
1333 2605 1407 2626 vero
1433 2592 1548 2636 aliquis
1574 2591 1740 2625 collationi
1768 2601 1830 2624 non
1857 2591 1903 2624 iu-

1881 221 1935 250 An.
1954 220 1986 249 fl.
2004 221 2069 252 ¹59¹.

1929 1493 1998 1514 Cam
2017 1493 2067 1514 vm.

1917 1520 1946 1541 Du
1960 1521 2084 1542 cotta-tium.
