2254 3225
228 250 279 278 An.
300 251 329 280 o.
347 252 414 281 ¹695
460 245 524 280 670

243 1105 310 1125 Canza
338 1111 398 1131 prae-

216 1130 267 1152 dicti
282 1134 363 1153 statuti.

230 2546 335 2568 Statutum
359 2553 384 2568 no

202 2573 255 2593 atui<
271 2575 384 2594 innuat-hus

202 2604 286 2624 praeter
301 2601 384 2625 praedi-

202 2628 246 2646 0208
261 2632 384 2652 PFOHJOVCU·

419 302 494 336 dum
520 313 594 337 vero
611 314 672 347 per
692 305 852 348 quoddam
870 305 1035 340 decretum
1053 308 1085 340 in
1103 318 1154 340 ca-

417 356 522 399 pitulo
550 358 694 400 generali
720 359 863 393 eiusdem
882 360 1151 404 Congregationis

418 409 552 452 editum,
579 415 610 444 et
641 421 658 444 a
682 411 942 455 Congregatione
979 419 1056 447 tunc
1088 414 1153 446 exi-

417 464 570 497 stentium
594 464 624 497 S.
650 465 687 497 R.
707 465 741 498 E.
769 467 982 500 cardinalium
1014 467 1152 509 negotiis

417 521 450 549 et
474 517 765 551 consultationibus
792 519 1020 562 episcoporum
1046 524 1078 552 et
1102 530 1152 552 re-

415 570 575 611 gularium
611 571 797 613 praeposita
821 573 1047 615 approbatum,
1072 572 1152 604 haec

415 623 524 655 omnia
556 622 660 656 dictae
693 623 959 666 Congregationis
985 625 1151 658 monachis

415 685 526 708 sacrae
542 675 730 718 theologiae
755 677 939 718 lectoribus,
958 677 1012 720 qui
1031 677 1151 710 duode-

414 727 476 761 cim
494 728 586 761 annis
605 729 767 762 continuis
784 731 946 773 legissent,
974 736 1006 764 et
1030 731 1151 764 duode-

414 781 476 813 cim
501 780 671 816 cathedras
695 782 901 816 laudabiliter
925 784 1037 817 itidem
1057 784 1150 817 susti-

412 834 570 874 nuissent,
598 835 750 868 similiter
770 847 925 870 concessa
945 838 1085 878 suerunt,
1101 838 1150 871 id-

412 897 475 929 que
501 889 538 920 ea
561 888 685 921 ratione
710 889 827 921 sactum
861 890 918 924 suit
949 895 985 923 ut
1016 892 1147 924 iuvenes

412 939 462 973 his
481 941 542 973 sibi
560 940 735 984 propositis
760 944 912 985 praemiis
930 944 969 976 ad
984 955 1147 977 sacrarum

411 993 593 1026 litterarum
626 995 735 1027 studia
764 996 989 1038 amplectenda
1014 1002 1045 1030 et
1075 1008 1149 1040 pro-

410 1046 574 1089 sequenda
599 1047 771 1081 alacriores
792 1049 1020 1082 redderentur.

452 1100 466 1142 ἓ
491 1099 522 1132 2.
549 1099 626 1133 Cum
653 1107 769 1141 autem,
792 1102 873 1134 sicut
889 1103 1001 1136 eadem
1021 1103 1132 1147 exposi

409 1152 452 1185 tio
470 1152 698 1196 subiungebat,
726 1154 925 1188 desiderium
952 1157 1144 1200 assequendi

408 1204 586 1248 prioratum
611 1207 776 1240 titularem
801 1208 1000 1249 huiusmodi,
1018 1210 1073 1253 qui
1096 1220 1144 1242 ra·

407 1257 497 1292 tione
522 1259 768 1302 privilegiorum
789 1267 1022 1304 perpetuorum
1047 1263 1076 1296 ei
1094 1275 1144 1296 an-

407 1321 565 1345 nexorum
590 1313 690 1355 magis
720 1314 913 1357 conspicuus
938 1327 1034 1359 quam
1059 1317 1143 1360 ipse-

406 1370 472 1397 met
497 1366 659 1408 prioratus
684 1367 852 1408 regiminis
877 1368 975 1401 sactus
1000 1375 1058 1407 est,
1075 1371 1143 1412 ple-

405 1427 526 1460 rosque
567 1418 647 1451 alios
689 1419 832 1452 eiusdem
871 1420 1140 1464 Congregationis

404 1471 592 1511 monachos,
607 1473 825 1514 praenarratis
850 1481 1139 1516 expromuatorum

406 1523 605 1565 generalium
640 1525 705 1557 sive
741 1526 898 1558 lectorum
931 1527 1140 1569 qualitatibus

405 1575 588 1616 destitutos,
616 1577 654 1609 ad
681 1577 770 1610 illum
797 1578 856 1611 sibi
882 1579 1019 1612 aliorum
1044 1581 1139 1613 meri-

405 1632 509 1660 torum
538 1633 708 1671 praetextu
731 1641 748 1662 a
773 1630 857 1663 dicta
882 1631 1140 1675 Congregatione

405 1681 619 1714 cardinalium
654 1684 895 1725 procurandum
932 1685 1138 1726 excitaverit,

406 1739 438 1766 et
458 1733 490 1766 in
513 1734 582 1767 dies
604 1735 740 1775 excitet3
761 1736 835 1769 inde
857 1747 933 1770 vero
950 1738 1019 1770 fieri
1037 1739 1140 1781 possit

403 1791 437 1819 ut
454 1787 598 1830 priorum
626 1788 800 1821 titularium
821 1790 1006 1824 huiusmodi
1026 1802 1138 1824 nume-

404 1850 457 1872 rus
496 1841 586 1874 brevi
629 1842 784 1884 temporis
824 1844 929 1886 spatio
966 1855 1137 1878 numerum

401 1893 549 1936 priorum
566 1894 731 1936 regiminis
752 1901 893 1938 superet,
912 1902 942 1929 et
960 1897 1006 1930 sic
1028 1908 1136 1931 vocem

401 1946 433 1979 in
459 1947 610 1990 capitulis
631 1949 837 1990 generalibus
865 1950 1055 1984 habentium
1080 1962 1138 1984 nu-

400 2010 521 2040 merus,
548 2001 602 2043 qui
628 2000 715 2033 iuxta
739 2002 985 2036 constitutiones
1013 2005 1135 2048 absque

400 2053 533 2095 speciali
552 2053 647 2086 huius
664 2053 796 2087 Sanctae
814 2055 905 2088 Sedis
929 2057 1055 2091 indulto
1081 2069 1136 2090 au-

400 2105 467 2147 geri
492 2107 613 2149 nequit,
640 2117 770 2150 semper
804 2109 904 2151 magis
941 2110 1134 2154 multiplice-

401 2164 458 2198 tur,
485 2169 662 2202 gravesque
699 2161 834 2204 insuper
871 2164 1076 2197 confusiones
1101 2165 1133 2197 in

400 2211 521 2244 eisdem
546 2213 694 2255 capitulis
723 2215 928 2255 generalibus
957 2217 1034 2248 oriri
1060 2228 1134 2259 pos-

399 2264 481 2297 sint:
501 2266 596 2298 nobis
622 2272 797 2309 propterca
818 2268 923 2301 dictus
942 2277 1134 2311 procurator

398 2318 558 2360 generalis
588 2319 755 2351 humiliter
786 2321 961 2363 supplicari
993 2323 1067 2356 fecit
1100 2330 1134 2357 ut

396 2370 429 2403 in
459 2372 647 2414 praemissis
680 2379 864 2415 opportune
897 2376 1069 2417 providere
1101 2383 1133 2410 et

395 2429 430 2456 ut
454 2424 539 2457 infra
563 2425 734 2466 indulgere
760 2426 798 2458 de
823 2426 1021 2469 benignitate
1056 2440 1132 2473 apo-

397 2476 511 2510 stolica
536 2477 755 2518 dignaremur.

439 2529 501 2573 53.
521 2529 584 2562 Nos
602 2530 707 2572 igitur,
721 2531 822 2574 ipsius
836 2535 1058 2575 procuratoris
1076 2546 1131 2578 ge-

395 2582 516 2616 neralis
552 2581 633 2616 votis
671 2585 730 2617 liac
756 2585 787 2617 in
810 2596 854 2625 re,
880 2593 1034 2628 quantum
1059 2599 1129 2620 cum

393 2636 530 2670 Domino
546 2648 727 2680 possumus,
751 2638 969 2673 favorabiliter
986 2651 1128 2675 annuere

999 258 1177 284 BULLARIUM
1200 258 1355 284 ROMANUM

1195 309 1349 348 volentes,
1388 317 1526 350 eumque
1558 317 1575 340 a
1600 305 1765 350 quibusvis
1793 315 1928 339 excom-

1194 361 1432 402 municationis,
1451 360 1675 404 suspensionis
1698 365 1730 393 et
1753 359 1927 400 interdicti,

1194 414 1332 458 aliisque
1357 414 1584 448 ecclesiasticis
1610 414 1790 455 sententiis,
1815 424 1930 447 censu-

1194 467 1237 499 ris
1263 473 1294 500 et
1317 468 1443 510 poenis,
1468 479 1485 500 a
1516 468 1587 500 iure
1622 469 1672 500 vel
1708 467 1747 500 ab
1784 467 1926 507 homine,

1194 520 1307 562 quavis
1333 520 1503 553 occasione
1522 521 1571 552 vel
1595 523 1692 553 causa
1714 520 1800 561 latis,
1818 521 1843 553 si
1862 521 1928 563 qui·

1193 572 1254 604 bus
1277 573 1521 615 quomodolibet
1545 573 1718 606 innodatus
1743 573 1860 613 existit,
1887 574 1927 607 ad

1193 623 1341 657 effectum
1366 625 1585 668 praesentium
1622 625 1787 659 dumtaxat
1815 636 1928 659 conse-

1193 678 1368 720 quendum,
1395 679 1511 711 harum
1536 679 1620 712 serie
1656 680 1862 713 absolventes
1895 685 1928 713 et

1192 730 1373 764 absolutum
1409 732 1478 765 fore
1514 737 1705 773 censentes,
1740 733 1928 766 huiusmodi

1192 785 1484 827 supplicationibus
1516 785 1671 827 inclinati,
1698 786 1736 819 de
1757 787 1928 820 venerabi-

1191 837 1270 870 lium
1294 838 1427 871 fratrum
1452 844 1638 871 nostrorum
1663 838 1694 871 S.
1714 839 1751 871 R.
1771 839 1805 871 E.
1825 839 1928 872 cardi-

1190 891 1312 924 nalium
1338 892 1478 934 negotiis
1499 897 1530 924 et
1546 892 1837 926 consultationibus
1863 893 1928 936 epi-

1190 954 1366 987 scoporum
1391 950 1422 977 et
1446 945 1643 987 regularium
1663 945 1926 988 praepositorum

1190 997 1341 1038 consilio,
1362 1003 1397 1030 ut
1414 998 1453 1030 de
1471 1002 1579 1030 cetero
1597 999 1705 1031 nullus
1725 997 1829 1031 dictae
1848 998 1927 1031 Con-

1190 1050 1389 1093 gregationis
1407 1051 1596 1090 monachus,
1613 1050 1675 1083 nisi
1693 1051 1748 1094 qui
1774 1061 1926 1094 procura-

1190 1103 1266 1136 toris
1290 1103 1452 1146 generalis
1477 1103 1578 1146 ipsius
1596 1103 1864 1146 Congregationis
1881 1105 1926 1137 os-

1188 1156 1292 1189 ficium
1311 1156 1519 1190 laudabiliter
1537 1157 1728 1197 exercuerit,
1746 1163 1798 1190 aut
1815 1168 1924 1191 sacrae

1188 1210 1374 1253 theologiae
1410 1211 1513 1243 lector
1547 1210 1643 1243 suerit
1677 1221 1713 1243 ac
1749 1211 1924 1244 duodecim

1187 1264 1278 1297 annis
1305 1263 1469 1297 continuis
1506 1264 1625 1306 legerit
1648 1274 1776 1297 necnon
1802 1265 1925 1298 duode-

1186 1318 1248 1351 cim
1274 1318 1446 1350 cathedras
1470 1318 1676 1351 laudabiliter
1693 1318 1805 1351 itidem
1827 1318 1924 1351 susti-

1186 1371 1301 1411 nuerit,
1329 1376 1363 1403 ut
1387 1371 1581 1414 praefertur,
1610 1372 1794 1415 quorumvis
1824 1382 1923 1405 asser-

1187 1429 1292 1456 torum
1318 1424 1508 1456 meritorum
1534 1424 1635 1457 aliove
1655 1425 1801 1467 quolibet
1818 1425 1919 1464 titulo,

1185 1478 1294 1510 colore
1313 1488 1367 1510 seu
1389 1482 1566 1520 praetextu,
1585 1477 1618 1510 in
1643 1478 1787 1521 priorem
1807 1479 1921 1511 tutela-

1184 1540 1252 1562 rem
1278 1530 1396 1562 assumi
1422 1540 1476 1562 seu
1501 1530 1601 1572 recipi
1632 1541 1774 1573 unquam
1805 1531 1918 1574 possit,

1184 1583 1373 1615 auctoritate
1406 1583 1596 1625 apostolica,
1621 1589 1735 1616 tenore
1769 1594 1921 1626 praesen-

1184 1636 1271 1675 tium,
1291 1641 1449 1679 perpetuo
1468 1636 1636 1668 statuimus
1662 1642 1693 1669 et
1718 1636 1917 1670 ordinamus.

1226 1689 1240 1732 ἓ
1264 1689 1295 1721 4.
1323 1689 1551 1728 Decernentes,
1576 1690 1704 1722 easdem
1732 1696 1919 1733 praesentes

1182 1741 1306 1774 litteras
1331 1752 1462 1784 semper
1486 1741 1615 1782 sirmas,
1642 1743 1763 1775 validas
1788 1749 1820 1776 et
1844 1743 1918 1776 effi-

1182 1804 1273 1826 caces
1300 1794 1438 1826 existere
1465 1799 1497 1827 et
1521 1795 1602 1835 fore,
1630 1805 1769 1838 suosque
1798 1797 1916 1839 plena-

1181 1846 1245 1879 rios
1272 1852 1303 1879 et
1327 1847 1471 1889 integros
1498 1847 1628 1881 effectus
1654 1849 1761 1881 sortiri
1783 1855 1814 1882 et
1840 1849 1920 1883 obti-

1181 1909 1269 1939 nere,
1288 1910 1323 1932 ac
1341 1899 1379 1931 ab
1397 1900 1470 1939 illis,
1491 1900 1529 1933 ad
1548 1911 1629 1943 quos
1651 1907 1776 1944 spectat
1801 1907 1833 1934 et
1856 1913 1916 1945 pro

1181 1957 1328 1995 tempore
1348 1953 1616 1996 quandocumque
1635 1953 1800 1996 spectabit,
1818 1954 1918 1988 invio-

1179 2005 1322 2038 labiliter
1339 2005 1513 2046 observari,
1538 2006 1649 2049 susque
1668 2007 1700 2038 in
1725 2007 1915 2050 praemissis

1179 2069 1238 2101 per
1270 2069 1491 2102 quoscumque
1522 2058 1645 2091 indices
1677 2059 1858 2093 ordinarios
1885 2065 1916 2093 et

1180 2112 1354 2153 delegatos,
1372 2111 1467 2144 etiam
1485 2122 1654 2144 causarum
1670 2112 1819 2146 Gamerae
1836 2115 1916 2156 Apo-

1178 2165 1311 2197 stolicae
1343 2164 1516 2205 auditores,
1550 2165 1682 2197 iudicari
1719 2171 1750 2198 et
1786 2166 1914 2200 definiri

1178 2219 1317 2257 debere,
1345 2228 1380 2249 ac
1406 2217 1531 2249 irritum
1560 2223 1591 2250 et
1616 2218 1709 2251 inane
1725 2245 1732 2259 ,
1757 2219 1781 2251 si
1818 2230 1912 2253 secus

1176 2282 1273 2314 super
1291 2271 1341 2303 liis
1360 2282 1377 2303 a
1395 2281 1565 2313 quoquam,
1586 2272 1692 2314 quavis
1710 2273 1911 2313 auctoritate,

1176 2325 1320 2357 scienter
1347 2326 1398 2357 vel
1430 2325 1626 2367 ignoranter,
1664 2325 1837 2369 contigerit
1866 2332 1913 2360 at-

1177 2378 1306 2411 tentari.

1218 2431 1232 2473 §
1258 2430 1288 2463 5.
1316 2430 1384 2463 Non
1417 2430 1620 2463 obstantibus
1652 2432 1849 2474 praemissis,
1876 2445 1911 2468 ac

1174 2483 1458 2516 constitutionibus
1487 2489 1518 2516 et
1551 2484 1809 2519 ordinationibus
1834 2497 1912 2530 apo—

1174 2536 1317 2576 stolicis,
1348 2547 1401 2576 ac,
1427 2541 1584 2579 quatenus
1610 2548 1691 2580 opus
1719 2539 1775 2579 sit,
1807 2540 1909 2573 dictae

1151 2585 1153 2618 l
1173 2588 1440 2631 CongregatIOnis
1458 2589 1608 2632 illiusque
1627 2592 1908 2633 monasteriorum,

1151 2655 1152 2660 ¹
1173 2642 1268 2675 etiam
1298 2642 1489 2683 iuramento,
1510 2642 1754 2679 confirmatione
1778 2651 1907 2689 aposto-

1937 257 1986 285 An.
2007 257 2036 285 C.
2054 258 2120 286 1695

1941 320 1972 338 [ιη’
1990 319 2016 339 ad
2041 320 2121 344 priora·

1940 347 1982 367 tum
1997 346 2110 366 titularem.

1957 1700 2074 1722 clausulae.

1935 2438 2046 2469 Dei-rigatio
2055 2445 2103 2461 cou-

1922 2468 2042 2488 [uariorum.
