<?xml version="1.0" encoding="UTF-8"?>
<!DOCTYPE html PUBLIC "-//W3C//DTD XHTML 1.0 Transitional//EN"
    "http://www.w3.org/TR/xhtml1/DTD/xhtml1-transitional.dtd">
<html xmlns="http://www.w3.org/1999/xhtml" xml:lang="en" lang="en">
 <head>
  <title>
</title>
<meta http-equiv="Content-Type" content="text/html;charset=utf-8" />
  <meta name='ocr-system' content='tesseract 3.04.00' />
  <meta name='ocr-capabilities' content='ocr_page ocr_carea ocr_par ocr_line ocrx_word'/>
</head>
<body>
  <div class='ocr_page' id='page_1' title='image "./bullarumdiplomat20cath_1015.png"; bbox 0 0 2227 3225; ppageno 0'>
   <div class='ocr_carea' id='block_1_1' title="bbox 106 253 294 282">
    <p class='ocr_par' dir='ltr' id='par_1_1' title="bbox 106 253 294 282">
     <span class='ocr_line' id='line_1_1' title="bbox 106 253 294 282; baseline 0.011 -2"><span class='ocrx_word' id='word_1_1' title='bbox 106 253 156 282; x_wconf 78' lang='lat' dir='ltr'>An.</span> <span class='ocrx_word' id='word_1_2' title='bbox 176 253 206 281; x_wconf 86' lang='lat' dir='ltr'>C.</span> <span class='ocrx_word' id='word_1_3' title='bbox 225 254 294 282; x_wconf 73' lang='lat'>¹700</span> 
     </span>
    </p>
   </div>
   <div class='ocr_carea' id='block_1_2' title="bbox 104 1330 290 1378">
    <p class='ocr_par' dir='ltr' id='par_1_2' title="bbox 104 1330 290 1378">
     <span class='ocr_line' id='line_1_2' title="bbox 130 1330 290 1357; baseline -0.006 -6"><span class='ocrx_word' id='word_1_4' title='bbox 130 1330 208 1351; x_wconf 74' lang='lat' dir='ltr'>nai-nm</span> <span class='ocrx_word' id='word_1_5' title='bbox 223 1330 290 1357; x_wconf 83' lang='lat' dir='ltr'>publi·</span> 
     </span>
     <span class='ocr_line' id='line_1_3' title="bbox 104 1361 169 1378; baseline 0 0"><span class='ocrx_word' id='word_1_6' title='bbox 104 1361 169 1378; x_wconf 72' lang='lat' dir='ltr'>catio.</span> 
     </span>
    </p>
   </div>
   <div class='ocr_carea' id='block_1_3' title="bbox 104 2181 288 2235">
    <p class='ocr_par' dir='ltr' id='par_1_3' title="bbox 104 2181 288 2235">
     <span class='ocr_line' id='line_1_4' title="bbox 155 2181 288 2203; baseline 0.015 -2"><span class='ocrx_word' id='word_1_7' title='bbox 155 2181 216 2202; x_wconf 64' lang='lat' dir='ltr'>fides</span> <span class='ocrx_word' id='word_1_8' title='bbox 232 2183 288 2203; x_wconf 75' lang='lat' dir='ltr'>tran-</span> 
     </span>
     <span class='ocr_line' id='line_1_5' title="bbox 104 2210 240 2235; baseline 0.015 -7"><span class='ocrx_word' id='word_1_9' title='bbox 104 2210 240 2235; x_wconf 70' lang='lat' dir='ltr'>sumptorum.</span> 
     </span>
    </p>
   </div>
   <div class='ocr_carea' id='block_1_4' title="bbox 886 245 2020 282">
    <p class='ocr_par' dir='ltr' id='par_1_4' title="bbox 886 245 2020 282">
     <span class='ocr_line' id='line_1_6' title="bbox 886 245 2020 282; baseline 0.005 -6"><span class='ocrx_word' id='word_1_10' title='bbox 886 253 1096 279; x_wconf 67' lang='lat' dir='ltr'>mivocsN&#39;rins</span> <span class='ocrx_word' id='word_1_11' title='bbox 1122 253 1166 276; x_wconf 83' lang='lat' dir='ltr'>xu</span> <span class='ocrx_word' id='word_1_12' title='bbox 1191 254 1239 277; x_wconf 68' lang='lat' dir='ltr'>pr.</span> <span class='ocrx_word' id='word_1_13' title='bbox 1719 245 1778 279; x_wconf 80' lang='lat'>931</span> <span class='ocrx_word' id='word_1_14' title='bbox 1831 253 1881 280; x_wconf 80' lang='lat' dir='ltr'>An.</span> <span class='ocrx_word' id='word_1_15' title='bbox 1899 253 1927 281; x_wconf 88' lang='lat' dir='ltr'>c.</span> <span class='ocrx_word' id='word_1_16' title='bbox 1953 254 2020 282; x_wconf 69' lang='lat'><strong>¹700</strong></span> 
     </span>
    </p>
   </div>
   <div class='ocr_carea' id='block_1_5' title="bbox 295 302 1042 879">
    <p class='ocr_par' dir='ltr' id='par_1_5' title="bbox 295 302 1042 879">
     <span class='ocr_line' id='line_1_7' title="bbox 297 302 1042 346; baseline -0.003 -10"><span class='ocrx_word' id='word_1_17' title='bbox 297 308 329 337; x_wconf 89' lang='lat' dir='ltr'>et</span> <span class='ocrx_word' id='word_1_18' title='bbox 353 303 499 346; x_wconf 82' lang='lat' dir='ltr'>singulis,</span> <span class='ocrx_word' id='word_1_19' title='bbox 527 303 655 336; x_wconf 84' lang='lat' dir='ltr'>etiamsi</span> <span class='ocrx_word' id='word_1_20' title='bbox 692 313 752 346; x_wconf 88' lang='lat' dir='ltr'>pro</span> <span class='ocrx_word' id='word_1_21' title='bbox 788 302 920 335; x_wconf 89' lang='lat' dir='ltr'>illorum</span> <span class='ocrx_word' id='word_1_22' title='bbox 956 302 1042 334; x_wconf 82' lang='lat' dir='ltr'>suffi-</span> 
     </span>
     <span class='ocr_line' id='line_1_8' title="bbox 297 355 1041 398; baseline -0.004 -9"><span class='ocrx_word' id='word_1_23' title='bbox 297 356 403 390; x_wconf 88' lang='lat' dir='ltr'>ciente</span> <span class='ocrx_word' id='word_1_24' title='bbox 441 357 654 398; x_wconf 72' lang='lat' dir='ltr'>derogatione</span> <span class='ocrx_word' id='word_1_25' title='bbox 685 356 724 388; x_wconf 84' lang='lat' dir='ltr'>de</span> <span class='ocrx_word' id='word_1_26' title='bbox 761 355 825 388; x_wconf 86' lang='lat' dir='ltr'>illis</span> <span class='ocrx_word' id='word_1_27' title='bbox 862 365 1041 398; x_wconf 87' lang='lat' dir='ltr'>eorumque</span> 
     </span>
     <span class='ocr_line' id='line_1_9' title="bbox 298 408 1042 452; baseline -0.004 -10"><span class='ocrx_word' id='word_1_28' title='bbox 298 409 371 443; x_wconf 88' lang='lat' dir='ltr'>totis</span> <span class='ocrx_word' id='word_1_29' title='bbox 397 409 576 448; x_wconf 86' lang='lat' dir='ltr'>tenoribus,</span> <span class='ocrx_word' id='word_1_30' title='bbox 609 409 776 452; x_wconf 84' lang='lat' dir='ltr'>specialis,</span> <span class='ocrx_word' id='word_1_31' title='bbox 811 408 964 451; x_wconf 79' lang='lat' dir='ltr'>specifica</span> <span class='ocrx_word' id='word_1_32' title='bbox 990 418 1042 440; x_wconf 82' lang='lat' dir='ltr'>ex·</span> 
     </span>
     <span class='ocr_line' id='line_1_10' title="bbox 297 461 1042 506; baseline -0.001 -11"><span class='ocrx_word' id='word_1_33' title='bbox 297 473 407 506; x_wconf 88' lang='lat' dir='ltr'>pressa</span> <span class='ocrx_word' id='word_1_34' title='bbox 433 468 463 496; x_wconf 85' lang='lat' dir='ltr'>et</span> <span class='ocrx_word' id='word_1_35' title='bbox 490 462 669 501; x_wconf 88' lang='lat' dir='ltr'>individua,</span> <span class='ocrx_word' id='word_1_36' title='bbox 686 473 723 495; x_wconf 82' lang='lat' dir='ltr'>ac</span> <span class='ocrx_word' id='word_1_37' title='bbox 741 463 780 496; x_wconf 87' lang='lat' dir='ltr'>de</span> <span class='ocrx_word' id='word_1_38' title='bbox 798 462 897 495; x_wconf 86' lang='lat' dir='ltr'>verbo</span> <span class='ocrx_word' id='word_1_39' title='bbox 916 461 955 494; x_wconf 86' lang='lat' dir='ltr'>ad</span> <span class='ocrx_word' id='word_1_40' title='bbox 973 471 1042 494; x_wconf 86' lang='lat' dir='ltr'>ver-</span> 
     </span>
     <span class='ocr_line' id='line_1_11' title="bbox 295 515 1041 560; baseline -0.001 -12"><span class='ocrx_word' id='word_1_41' title='bbox 295 515 384 557; x_wconf 87' lang='lat' dir='ltr'>bum,</span> <span class='ocrx_word' id='word_1_42' title='bbox 400 527 464 550; x_wconf 91' lang='lat' dir='ltr'>non</span> <span class='ocrx_word' id='word_1_43' title='bbox 483 521 590 549; x_wconf 89' lang='lat' dir='ltr'>autem</span> <span class='ocrx_word' id='word_1_44' title='bbox 609 527 668 560; x_wconf 87' lang='lat' dir='ltr'>per</span> <span class='ocrx_word' id='word_1_45' title='bbox 688 517 850 549; x_wconf 80' lang='lat' dir='ltr'>clausulas</span> <span class='ocrx_word' id='word_1_46' title='bbox 868 516 1041 558; x_wconf 73' lang='lat' dir='ltr'>generales</span> 
     </span>
     <span class='ocr_line' id='line_1_12' title="bbox 295 569 1042 613; baseline -0.001 -11"><span class='ocrx_word' id='word_1_47' title='bbox 295 569 382 602; x_wconf 90' lang='lat' dir='ltr'>idem</span> <span class='ocrx_word' id='word_1_48' title='bbox 416 570 644 613; x_wconf 87' lang='lat' dir='ltr'>importantes‚</span> <span class='ocrx_word' id='word_1_49' title='bbox 679 569 801 602; x_wconf 89' lang='lat' dir='ltr'>mentio</span> <span class='ocrx_word' id='word_1_50' title='bbox 826 580 882 602; x_wconf 88' lang='lat' dir='ltr'>seu</span> <span class='ocrx_word' id='word_1_51' title='bbox 909 569 1042 612; x_wconf 83' lang='lat' dir='ltr'>quaevis</span> 
     </span>
     <span class='ocr_line' id='line_1_13' title="bbox 295 621 1042 666; baseline -0.003 -11"><span class='ocrx_word' id='word_1_52' title='bbox 295 622 359 656; x_wconf 85' lang='lat' dir='ltr'>alia</span> <span class='ocrx_word' id='word_1_53' title='bbox 385 623 554 666; x_wconf 79' lang='lat' dir='ltr'>expressio</span> <span class='ocrx_word' id='word_1_54' title='bbox 580 623 743 663; x_wconf 84' lang='lat' dir='ltr'>habenda,</span> <span class='ocrx_word' id='word_1_55' title='bbox 770 627 825 655; x_wconf 87' lang='lat' dir='ltr'>aut</span> <span class='ocrx_word' id='word_1_56' title='bbox 847 621 956 665; x_wconf 86' lang='lat' dir='ltr'>aliqua</span> <span class='ocrx_word' id='word_1_57' title='bbox 981 621 1042 654; x_wconf 86' lang='lat' dir='ltr'>alia</span> 
     </span>
     <span class='ocr_line' id='line_1_14' title="bbox 296 675 1041 719; baseline -0.003 -11"><span class='ocrx_word' id='word_1_58' title='bbox 296 676 458 719; x_wconf 84' lang='lat' dir='ltr'>exquisita</span> <span class='ocrx_word' id='word_1_59' title='bbox 487 677 592 709; x_wconf 83' lang='lat' dir='ltr'>forma</span> <span class='ocrx_word' id='word_1_60' title='bbox 616 677 653 709; x_wconf 90' lang='lat' dir='ltr'>ad</span> <span class='ocrx_word' id='word_1_61' title='bbox 674 677 736 709; x_wconf 87' lang='lat' dir='ltr'>hoc</span> <span class='ocrx_word' id='word_1_62' title='bbox 761 675 919 709; x_wconf 80' lang='lat' dir='ltr'>servanda</span> <span class='ocrx_word' id='word_1_63' title='bbox 946 675 1041 712; x_wconf 83' lang='lat' dir='ltr'>soret,</span> 
     </span>
     <span class='ocr_line' id='line_1_15' title="bbox 298 729 1040 769; baseline -0.003 -7"><span class='ocrx_word' id='word_1_64' title='bbox 298 735 427 763; x_wconf 76' lang='lat' dir='ltr'>tenores</span> <span class='ocrx_word' id='word_1_65' title='bbox 453 730 652 769; x_wconf 85' lang='lat' dir='ltr'>huiusmodi,</span> <span class='ocrx_word' id='word_1_66' title='bbox 682 740 717 762; x_wconf 83' lang='lat' dir='ltr'>ac</span> <span class='ocrx_word' id='word_1_67' title='bbox 743 730 768 761; x_wconf 83' lang='lat' dir='ltr'>si</span> <span class='ocrx_word' id='word_1_68' title='bbox 803 730 842 762; x_wconf 83' lang='lat' dir='ltr'>de</span> <span class='ocrx_word' id='word_1_69' title='bbox 875 729 976 761; x_wconf 81' lang='lat' dir='ltr'>verbo</span> <span class='ocrx_word' id='word_1_70' title='bbox 1002 729 1040 761; x_wconf 86' lang='lat' dir='ltr'>ad</span> 
     </span>
     <span class='ocr_line' id='line_1_16' title="bbox 295 782 1042 826; baseline -0.003 -10"><span class='ocrx_word' id='word_1_71' title='bbox 295 783 438 823; x_wconf 87' lang='lat' dir='ltr'>verbum,</span> <span class='ocrx_word' id='word_1_72' title='bbox 464 783 546 816; x_wconf 85' lang='lat' dir='ltr'>nihil</span> <span class='ocrx_word' id='word_1_73' title='bbox 572 783 704 826; x_wconf 82' lang='lat' dir='ltr'>penitus</span> <span class='ocrx_word' id='word_1_74' title='bbox 728 783 858 821; x_wconf 82' lang='lat' dir='ltr'>omisso,</span> <span class='ocrx_word' id='word_1_75' title='bbox 883 788 914 814; x_wconf 78' lang='lat' dir='ltr'>et</span> <span class='ocrx_word' id='word_1_76' title='bbox 940 782 1042 815; x_wconf 63' lang='lat' dir='ltr'>formai</span> 
     </span>
     <span class='ocr_line' id='line_1_17' title="bbox 295 835 1042 879; baseline -0.004 -10"><span class='ocrx_word' id='word_1_77' title='bbox 295 837 328 869; x_wconf 92' lang='lat' dir='ltr'>in</span> <span class='ocrx_word' id='word_1_78' title='bbox 349 837 414 869; x_wconf 87' lang='lat' dir='ltr'>illis</span> <span class='ocrx_word' id='word_1_79' title='bbox 439 836 557 869; x_wconf 74' lang='lat' dir='ltr'>tradita</span> <span class='ocrx_word' id='word_1_80' title='bbox 581 837 762 875; x_wconf 79' lang='lat' dir='ltr'>observata,</span> <span class='ocrx_word' id='word_1_81' title='bbox 778 835 1042 879; x_wconf 76' lang='lat' dir='ltr'>exprimerentur</span> 
     </span>
    </p>
   </div>
   <div class='ocr_carea' id='block_1_6' title="bbox 295 888 1065 932">
    <p class='ocr_par' dir='ltr' id='par_1_6' title="bbox 295 888 1065 932">
     <span class='ocr_line' id='line_1_18' title="bbox 295 888 1065 932; baseline -0.003 -10"><span class='ocrx_word' id='word_1_82' title='bbox 295 894 327 922; x_wconf 86' lang='lat' dir='ltr'>et</span> <span class='ocrx_word' id='word_1_83' title='bbox 351 890 587 929; x_wconf 75' lang='lat' dir='ltr'>insererentur,</span> <span class='ocrx_word' id='word_1_84' title='bbox 609 888 841 932; x_wconf 83' lang='lat' dir='ltr'>praesentibus</span> <span class='ocrx_word' id='word_1_85' title='bbox 866 899 926 932; x_wconf 89' lang='lat' dir='ltr'>pro</span> <span class='ocrx_word' id='word_1_86' title='bbox 944 889 1041 932; x_wconf 88' lang='lat' dir='ltr'>plene</span> <span class='ocrx_word' id='word_1_87' title='bbox 1064 902 1065 907; x_wconf 51' lang='lat'>¹</span> 
     </span>
    </p>
   </div>
   <div class='ocr_carea' id='block_1_7' title="bbox 295 942 1043 2698">
    <p class='ocr_par' dir='ltr' id='par_1_7' title="bbox 295 942 1043 1309">
     <span class='ocr_line' id='line_1_19' title="bbox 295 942 1042 986; baseline -0.003 -10"><span class='ocrx_word' id='word_1_88' title='bbox 295 949 327 977; x_wconf 89' lang='lat' dir='ltr'>et</span> <span class='ocrx_word' id='word_1_89' title='bbox 351 943 550 976; x_wconf 86' lang='lat' dir='ltr'>sufficienter</span> <span class='ocrx_word' id='word_1_90' title='bbox 575 944 736 986; x_wconf 78' lang='lat' dir='ltr'>expressis</span> <span class='ocrx_word' id='word_1_91' title='bbox 762 948 794 976; x_wconf 89' lang='lat' dir='ltr'>et</span> <span class='ocrx_word' id='word_1_92' title='bbox 825 942 958 975; x_wconf 85' lang='lat' dir='ltr'>insertis</span> <span class='ocrx_word' id='word_1_93' title='bbox 986 942 1042 974; x_wconf 79' lang='lat' dir='ltr'>lia-</span> 
     </span>
     <span class='ocr_line' id='line_1_20' title="bbox 295 995 1042 1038; baseline -0.003 -9"><span class='ocrx_word' id='word_1_94' title='bbox 295 996 420 1037; x_wconf 87' lang='lat' dir='ltr'>bentes‚</span> <span class='ocrx_word' id='word_1_95' title='bbox 445 996 510 1030; x_wconf 89' lang='lat' dir='ltr'>illis</span> <span class='ocrx_word' id='word_1_96' title='bbox 536 995 615 1030; x_wconf 75' lang='lat' dir='ltr'>alias</span> <span class='ocrx_word' id='word_1_97' title='bbox 651 996 683 1028; x_wconf 88' lang='lat' dir='ltr'>in</span> <span class='ocrx_word' id='word_1_98' title='bbox 718 1006 777 1028; x_wconf 91' lang='lat' dir='ltr'>suo</span> <span class='ocrx_word' id='word_1_99' title='bbox 815 995 934 1028; x_wconf 82' lang='lat' dir='ltr'>robore</span> <span class='ocrx_word' id='word_1_100' title='bbox 972 1005 1042 1038; x_wconf 87' lang='lat' dir='ltr'>per-</span> 
     </span>
     <span class='ocr_line' id='line_1_21' title="bbox 297 1048 1040 1094; baseline -0.003 -11"><span class='ocrx_word' id='word_1_101' title='bbox 297 1051 476 1091; x_wconf 86' lang='lat' dir='ltr'>mansuris,</span> <span class='ocrx_word' id='word_1_102' title='bbox 514 1051 553 1084; x_wconf 87' lang='lat' dir='ltr'>ad</span> <span class='ocrx_word' id='word_1_103' title='bbox 590 1050 844 1094; x_wconf 84' lang='lat' dir='ltr'>praemissorum</span> <span class='ocrx_word' id='word_1_104' title='bbox 881 1048 1040 1088; x_wconf 75' lang='lat' dir='ltr'>effectum,</span> 
     </span>
     <span class='ocr_line' id='line_1_22' title="bbox 299 1105 1043 1149; baseline -0.003 -11"><span class='ocrx_word' id='word_1_105' title='bbox 299 1105 359 1138; x_wconf 85' lang='lat' dir='ltr'>hac</span> <span class='ocrx_word' id='word_1_106' title='bbox 390 1105 460 1139; x_wconf 83' lang='lat' dir='ltr'>vice</span> <span class='ocrx_word' id='word_1_107' title='bbox 493 1106 683 1145; x_wconf 79' lang='lat' dir='ltr'>dumtaxat,</span> <span class='ocrx_word' id='word_1_108' title='bbox 717 1105 905 1149; x_wconf 79' lang='lat' dir='ltr'>specialiter</span> <span class='ocrx_word' id='word_1_109' title='bbox 934 1109 966 1137; x_wconf 88' lang='lat' dir='ltr'>et</span> <span class='ocrx_word' id='word_1_110' title='bbox 991 1115 1043 1137; x_wconf 85' lang='lat' dir='ltr'>ex-</span> 
     </span>
     <span class='ocr_line' id='line_1_23' title="bbox 299 1158 1042 1202; baseline -0.001 -11"><span class='ocrx_word' id='word_1_111' title='bbox 299 1169 411 1202; x_wconf 83' lang='lat' dir='ltr'>presse</span> <span class='ocrx_word' id='word_1_112' title='bbox 437 1158 650 1202; x_wconf 84' lang='lat' dir='ltr'>derogamus,</span> <span class='ocrx_word' id='word_1_113' title='bbox 683 1169 720 1192; x_wconf 87' lang='lat' dir='ltr'>ac</span> <span class='ocrx_word' id='word_1_114' title='bbox 745 1159 941 1201; x_wconf 79' lang='lat' dir='ltr'>derogatum</span> <span class='ocrx_word' id='word_1_115' title='bbox 971 1168 1042 1191; x_wconf 90' lang='lat' dir='ltr'>esse</span> 
     </span>
     <span class='ocr_line' id='line_1_24' title="bbox 298 1211 1043 1256; baseline -0.001 -12"><span class='ocrx_word' id='word_1_116' title='bbox 298 1214 470 1253; x_wconf 78' lang='lat' dir='ltr'>volumus;</span> <span class='ocrx_word' id='word_1_117' title='bbox 497 1213 680 1256; x_wconf 88' lang='lat' dir='ltr'>ceterisque</span> <span class='ocrx_word' id='word_1_118' title='bbox 707 1212 881 1246; x_wconf 79' lang='lat' dir='ltr'>contrariis</span> <span class='ocrx_word' id='word_1_119' title='bbox 907 1211 1043 1255; x_wconf 90' lang='lat' dir='ltr'>quibus-</span> 
     </span>
     <span class='ocr_line' id='line_1_25' title="bbox 300 1275 454 1309; baseline 0 -10"><span class='ocrx_word' id='word_1_120' title='bbox 300 1275 454 1309; x_wconf 89' lang='lat' dir='ltr'>cumque.</span> 
     </span>
    </p>

    <p class='ocr_par' dir='ltr' id='par_1_8' title="bbox 296 1318 1043 2160">
     <span class='ocr_line' id='line_1_26' title="bbox 344 1318 1042 1363; baseline -0.001 -11"><span class='ocrx_word' id='word_1_121' title='bbox 344 1320 359 1363; x_wconf 64' lang='lat' dir='ltr'>g</span> <span class='ocrx_word' id='word_1_122' title='bbox 383 1319 416 1352; x_wconf 75' lang='lat'>4.</span> <span class='ocrx_word' id='word_1_123' title='bbox 438 1318 625 1359; x_wconf 76' lang='lat' dir='ltr'>Caeterum,</span> <span class='ocrx_word' id='word_1_124' title='bbox 643 1324 677 1352; x_wconf 92' lang='lat' dir='ltr'>ut</span> <span class='ocrx_word' id='word_1_125' title='bbox 694 1319 829 1352; x_wconf 85' lang='lat' dir='ltr'>eaedem</span> <span class='ocrx_word' id='word_1_126' title='bbox 850 1323 1042 1362; x_wconf 77' lang='lat' dir='ltr'>praesentes</span> 
     </span>
     <span class='ocr_line' id='line_1_27' title="bbox 300 1371 1042 1411; baseline -0.003 -6"><span class='ocrx_word' id='word_1_127' title='bbox 300 1372 428 1405; x_wconf 82' lang='lat' dir='ltr'>litterae</span> <span class='ocrx_word' id='word_1_128' title='bbox 459 1372 610 1406; x_wconf 89' lang='lat' dir='ltr'>omnibus</span> <span class='ocrx_word' id='word_1_129' title='bbox 646 1372 771 1404; x_wconf 81' lang='lat' dir='ltr'>facilius</span> <span class='ocrx_word' id='word_1_130' title='bbox 811 1371 1042 1411; x_wconf 78' lang='lat' dir='ltr'>innotescant,</span> 
     </span>
     <span class='ocr_line' id='line_1_28' title="bbox 299 1425 1042 1470; baseline -0.003 -10"><span class='ocrx_word' id='word_1_131' title='bbox 299 1437 357 1460; x_wconf 89' lang='lat' dir='ltr'>nec</span> <span class='ocrx_word' id='word_1_132' title='bbox 385 1426 555 1470; x_wconf 89' lang='lat' dir='ltr'>quisquam</span> <span class='ocrx_word' id='word_1_133' title='bbox 584 1426 712 1459; x_wconf 89' lang='lat' dir='ltr'>illarum</span> <span class='ocrx_word' id='word_1_134' title='bbox 739 1425 955 1468; x_wconf 82' lang='lat' dir='ltr'>ignorantiam</span> <span class='ocrx_word' id='word_1_135' title='bbox 989 1436 1042 1458; x_wconf 88' lang='lat' dir='ltr'>va-</span> 
     </span>
     <span class='ocr_line' id='line_1_29' title="bbox 297 1478 1041 1522; baseline -0.003 -10"><span class='ocrx_word' id='word_1_136' title='bbox 297 1480 364 1513; x_wconf 89' lang='lat' dir='ltr'>leat</span> <span class='ocrx_word' id='word_1_137' title='bbox 399 1480 544 1522; x_wconf 81' lang='lat' dir='ltr'>allegare</span> <span class='ocrx_word' id='word_1_138' title='bbox 565 1506 573 1519; x_wconf 90' lang='lat'>,</span> <span class='ocrx_word' id='word_1_139' title='bbox 610 1480 759 1512; x_wconf 88' lang='lat' dir='ltr'>volumus</span> <span class='ocrx_word' id='word_1_140' title='bbox 793 1483 824 1510; x_wconf 91' lang='lat' dir='ltr'>et</span> <span class='ocrx_word' id='word_1_141' title='bbox 863 1478 1041 1521; x_wconf 78' lang='lat' dir='ltr'>apostolica</span> 
     </span>
     <span class='ocr_line' id='line_1_30' title="bbox 296 1531 1042 1573; baseline 0.001 -9"><span class='ocrx_word' id='word_1_142' title='bbox 296 1532 492 1565; x_wconf 87' lang='lat' dir='ltr'>auctoritate</span> <span class='ocrx_word' id='word_1_143' title='bbox 518 1532 744 1573; x_wconf 85' lang='lat' dir='ltr'>decernimus,</span> <span class='ocrx_word' id='word_1_144' title='bbox 770 1537 804 1564; x_wconf 90' lang='lat' dir='ltr'>ut</span> <span class='ocrx_word' id='word_1_145' title='bbox 824 1532 899 1565; x_wconf 89' lang='lat' dir='ltr'>illae</span> <span class='ocrx_word' id='word_1_146' title='bbox 918 1531 957 1564; x_wconf 88' lang='lat' dir='ltr'>ad</span> <span class='ocrx_word' id='word_1_147' title='bbox 978 1533 1042 1565; x_wconf 84' lang='lat' dir='ltr'>val-</span> 
     </span>
     <span class='ocr_line' id='line_1_31' title="bbox 296 1584 1043 1628; baseline -0.001 -10"><span class='ocrx_word' id='word_1_148' title='bbox 296 1596 350 1619; x_wconf 89' lang='lat' dir='ltr'>vas</span> <span class='ocrx_word' id='word_1_149' title='bbox 376 1585 532 1618; x_wconf 78' lang='lat' dir='ltr'>basilicae</span> <span class='ocrx_word' id='word_1_150' title='bbox 557 1584 718 1628; x_wconf 85' lang='lat' dir='ltr'>Principis</span> <span class='ocrx_word' id='word_1_151' title='bbox 738 1586 973 1628; x_wconf 73' lang='lat' dir='ltr'>Apostolorum</span> <span class='ocrx_word' id='word_1_152' title='bbox 1005 1596 1043 1618; x_wconf 86' lang='lat' dir='ltr'>ac</span> 
     </span>
     <span class='ocr_line' id='line_1_32' title="bbox 297 1638 1041 1682; baseline -0.001 -10"><span class='ocrx_word' id='word_1_153' title='bbox 297 1638 517 1673; x_wconf 82' lang='lat' dir='ltr'>Cancellariae</span> <span class='ocrx_word' id='word_1_154' title='bbox 536 1638 745 1682; x_wconf 80' lang='lat' dir='ltr'>Apostolieae</span> <span class='ocrx_word' id='word_1_155' title='bbox 772 1649 899 1672; x_wconf 84' lang='lat' dir='ltr'>necnon</span> <span class='ocrx_word' id='word_1_156' title='bbox 925 1638 1041 1672; x_wconf 88' lang='lat' dir='ltr'>Curiae</span> 
     </span>
     <span class='ocr_line' id='line_1_33' title="bbox 297 1691 1041 1734; baseline 0.001 -10"><span class='ocrx_word' id='word_1_157' title='bbox 297 1692 459 1734; x_wconf 84' lang='lat' dir='ltr'>generalis</span> <span class='ocrx_word' id='word_1_158' title='bbox 494 1693 528 1724; x_wconf 90' lang='lat' dir='ltr'>in</span> <span class='ocrx_word' id='word_1_159' title='bbox 564 1692 672 1725; x_wconf 90' lang='lat' dir='ltr'>Monte</span> <span class='ocrx_word' id='word_1_160' title='bbox 699 1691 821 1725; x_wconf 82' lang='lat' dir='ltr'>Citorio</span> <span class='ocrx_word' id='word_1_161' title='bbox 847 1698 877 1725; x_wconf 87' lang='lat' dir='ltr'>et</span> <span class='ocrx_word' id='word_1_162' title='bbox 911 1692 942 1724; x_wconf 89' lang='lat' dir='ltr'>in</span> <span class='ocrx_word' id='word_1_163' title='bbox 973 1692 1041 1725; x_wconf 82' lang='lat' dir='ltr'>acie</span> 
     </span>
     <span class='ocr_line' id='line_1_34' title="bbox 298 1744 1040 1789; baseline 0 -10"><span class='ocrx_word' id='word_1_164' title='bbox 298 1744 512 1789; x_wconf 86' lang='lat' dir='ltr'>Campissorae</span> <span class='ocrx_word' id='word_1_165' title='bbox 538 1745 577 1778; x_wconf 93' lang='lat' dir='ltr'>de</span> <span class='ocrx_word' id='word_1_166' title='bbox 603 1745 688 1779; x_wconf 89' lang='lat' dir='ltr'>Urbe</span> <span class='ocrx_word' id='word_1_167' title='bbox 726 1756 787 1789; x_wconf 91' lang='lat' dir='ltr'>per</span> <span class='ocrx_word' id='word_1_168' title='bbox 824 1746 966 1789; x_wconf 84' lang='lat' dir='ltr'>aliquem</span> <span class='ocrx_word' id='word_1_169' title='bbox 1004 1758 1040 1779; x_wconf 80' lang='lat' dir='ltr'>ex</span> 
     </span>
     <span class='ocr_line' id='line_1_35' title="bbox 299 1798 1042 1843; baseline 0 -11"><span class='ocrx_word' id='word_1_170' title='bbox 299 1798 485 1832; x_wconf 87' lang='lat' dir='ltr'>cursoribus</span> <span class='ocrx_word' id='word_1_171' title='bbox 511 1798 633 1831; x_wconf 88' lang='lat' dir='ltr'>nostris</span> <span class='ocrx_word' id='word_1_172' title='bbox 650 1825 657 1838; x_wconf 86' lang='lat'>,</span> <span class='ocrx_word' id='word_1_173' title='bbox 689 1804 725 1830; x_wconf 88' lang='lat' dir='ltr'>ut</span> <span class='ocrx_word' id='word_1_174' title='bbox 750 1799 850 1832; x_wconf 91' lang='lat' dir='ltr'>moris</span> <span class='ocrx_word' id='word_1_175' title='bbox 877 1805 948 1839; x_wconf 89' lang='lat' dir='ltr'>est,</span> <span class='ocrx_word' id='word_1_176' title='bbox 984 1811 1042 1843; x_wconf 90' lang='lat' dir='ltr'>pu-</span> 
     </span>
     <span class='ocr_line' id='line_1_36' title="bbox 298 1852 1041 1896; baseline 0 -10"><span class='ocrx_word' id='word_1_177' title='bbox 298 1852 487 1893; x_wconf 86' lang='lat' dir='ltr'>blicentur,</span> <span class='ocrx_word' id='word_1_178' title='bbox 522 1852 718 1895; x_wconf 87' lang='lat' dir='ltr'>illarumque</span> <span class='ocrx_word' id='word_1_179' title='bbox 746 1853 895 1896; x_wconf 83' lang='lat' dir='ltr'>exempla</span> <span class='ocrx_word' id='word_1_180' title='bbox 919 1853 1041 1886; x_wconf 88' lang='lat' dir='ltr'>ibidem</span> 
     </span>
     <span class='ocr_line' id='line_1_37' title="bbox 299 1905 1040 1949; baseline 0.001 -12"><span class='ocrx_word' id='word_1_181' title='bbox 299 1905 391 1938; x_wconf 79' lang='lat' dir='ltr'>affixa</span> <span class='ocrx_word' id='word_1_182' title='bbox 416 1905 664 1949; x_wconf 68' lang='lat' dir='ltr'>relinquantur,</span> <span class='ocrx_word' id='word_1_183' title='bbox 691 1906 771 1939; x_wconf 87' lang='lat' dir='ltr'>itaut</span> <span class='ocrx_word' id='word_1_184' title='bbox 795 1905 839 1939; x_wconf 86' lang='lat' dir='ltr'>sic</span> <span class='ocrx_word' id='word_1_185' title='bbox 855 1906 1040 1949; x_wconf 86' lang='lat' dir='ltr'>publicatae</span> 
     </span>
     <span class='ocr_line' id='line_1_38' title="bbox 299 1959 1040 2003; baseline -0.001 -12"><span class='ocrx_word' id='word_1_186' title='bbox 299 1969 413 1992; x_wconf 89' lang='lat' dir='ltr'>omnes</span> <span class='ocrx_word' id='word_1_187' title='bbox 438 1964 470 1991; x_wconf 84' lang='lat' dir='ltr'>et</span> <span class='ocrx_word' id='word_1_188' title='bbox 493 1959 640 2002; x_wconf 86' lang='lat' dir='ltr'>singulos</span> <span class='ocrx_word' id='word_1_189' title='bbox 658 1986 665 1998; x_wconf 91' lang='lat'>,</span> <span class='ocrx_word' id='word_1_190' title='bbox 697 1970 779 2003; x_wconf 90' lang='lat' dir='ltr'>quos</span> <span class='ocrx_word' id='word_1_191' title='bbox 812 1963 1014 1992; x_wconf 88' lang='lat' dir='ltr'>concernunt</span> <span class='ocrx_word' id='word_1_192' title='bbox 1034 1986 1040 1998; x_wconf 92' lang='lat'>,</span> 
     </span>
     <span class='ocr_line' id='line_1_39' title="bbox 300 2011 1043 2056; baseline 0.001 -12"><span class='ocrx_word' id='word_1_193' title='bbox 300 2011 437 2055; x_wconf 85' lang='lat' dir='ltr'>perinde</span> <span class='ocrx_word' id='word_1_194' title='bbox 464 2011 628 2054; x_wconf 81' lang='lat' dir='ltr'>afficiant,</span> <span class='ocrx_word' id='word_1_195' title='bbox 656 2023 692 2045; x_wconf 89' lang='lat' dir='ltr'>ac</span> <span class='ocrx_word' id='word_1_196' title='bbox 718 2013 743 2045; x_wconf 92' lang='lat' dir='ltr'>si</span> <span class='ocrx_word' id='word_1_197' title='bbox 769 2012 946 2056; x_wconf 85' lang='lat' dir='ltr'>unicuique</span> <span class='ocrx_word' id='word_1_198' title='bbox 974 2013 1043 2045; x_wconf 87' lang='lat' dir='ltr'>illo-</span> 
     </span>
     <span class='ocr_line' id='line_1_40' title="bbox 300 2065 1043 2108; baseline -0.001 -10"><span class='ocrx_word' id='word_1_199' title='bbox 300 2075 371 2098; x_wconf 89' lang='lat' dir='ltr'>rum</span> <span class='ocrx_word' id='word_1_200' title='bbox 397 2065 613 2108; x_wconf 83' lang='lat' dir='ltr'>personaliter</span> <span class='ocrx_word' id='word_1_201' title='bbox 637 2065 822 2099; x_wconf 83' lang='lat' dir='ltr'>notificatae</span> <span class='ocrx_word' id='word_1_202' title='bbox 854 2071 885 2098; x_wconf 90' lang='lat' dir='ltr'>et</span> <span class='ocrx_word' id='word_1_203' title='bbox 915 2065 1043 2097; x_wconf 86' lang='lat' dir='ltr'>intima-</span> 
     </span>
     <span class='ocr_line' id='line_1_41' title="bbox 301 2119 529 2160; baseline 0 -8"><span class='ocrx_word' id='word_1_204' title='bbox 301 2124 351 2152; x_wconf 87' lang='lat' dir='ltr'>tae</span> <span class='ocrx_word' id='word_1_205' title='bbox 378 2119 529 2160; x_wconf 79' lang='lat' dir='ltr'>fuissent;</span> 
     </span>
    </p>

    <p class='ocr_par' dir='ltr' id='par_1_9' title="bbox 298 2171 1043 2633">
     <span class='ocr_line' id='line_1_42' title="bbox 343 2171 1042 2216; baseline 0 -12"><span class='ocrx_word' id='word_1_206' title='bbox 343 2173 358 2216; x_wconf 64' lang='grc' dir='ltr'><strong>ἓ</strong></span> <span class='ocrx_word' id='word_1_207' title='bbox 375 2172 407 2205; x_wconf 88' lang='lat'>5.</span> <span class='ocrx_word' id='word_1_208' title='bbox 428 2171 533 2216; x_wconf 88' lang='lat' dir='ltr'>thue</span> <span class='ocrx_word' id='word_1_209' title='bbox 552 2172 699 2215; x_wconf 89' lang='lat' dir='ltr'>ipsarum</span> <span class='ocrx_word' id='word_1_210' title='bbox 716 2172 939 2215; x_wconf 78' lang='lat' dir='ltr'>praesentium</span> <span class='ocrx_word' id='word_1_211' title='bbox 960 2178 1042 2205; x_wconf 84' lang='lat' dir='ltr'>tran-</span> 
     </span>
     <span class='ocr_line' id='line_1_43' title="bbox 298 2226 1042 2271; baseline -0.003 -10"><span class='ocrx_word' id='word_1_212' title='bbox 298 2226 436 2270; x_wconf 86' lang='lat' dir='ltr'>sumptis</span> <span class='ocrx_word' id='word_1_213' title='bbox 454 2254 461 2267; x_wconf 96' lang='lat'>,</span> <span class='ocrx_word' id='word_1_214' title='bbox 487 2237 545 2261; x_wconf 90' lang='lat' dir='ltr'>seu</span> <span class='ocrx_word' id='word_1_215' title='bbox 579 2227 737 2271; x_wconf 86' lang='lat' dir='ltr'>exemplis</span> <span class='ocrx_word' id='word_1_216' title='bbox 753 2255 760 2267; x_wconf 88' lang='lat'>,</span> <span class='ocrx_word' id='word_1_217' title='bbox 785 2227 879 2260; x_wconf 78' lang='lat' dir='ltr'>etiam</span> <span class='ocrx_word' id='word_1_218' title='bbox 905 2227 1042 2271; x_wconf 81' lang='lat' dir='ltr'>impres·</span> 
     </span>
     <span class='ocr_line' id='line_1_44' title="bbox 299 2280 1043 2323; baseline -0.003 -9"><span class='ocrx_word' id='word_1_219' title='bbox 299 2281 362 2322; x_wconf 89' lang='lat' dir='ltr'>sis,</span> <span class='ocrx_word' id='word_1_220' title='bbox 389 2290 487 2313; x_wconf 85' lang='lat' dir='ltr'>manu</span> <span class='ocrx_word' id='word_1_221' title='bbox 512 2280 646 2314; x_wconf 80' lang='lat' dir='ltr'>alieuius</span> <span class='ocrx_word' id='word_1_222' title='bbox 673 2281 791 2314; x_wconf 83' lang='lat' dir='ltr'>notarii</span> <span class='ocrx_word' id='word_1_223' title='bbox 818 2280 940 2323; x_wconf 72' lang='lat' dir='ltr'>publici</span> <span class='ocrx_word' id='word_1_224' title='bbox 967 2281 1043 2313; x_wconf 87' lang='lat' dir='ltr'>suh-</span> 
     </span>
     <span class='ocr_line' id='line_1_45' title="bbox 299 2333 1041 2377; baseline -0.004 -9"><span class='ocrx_word' id='word_1_225' title='bbox 299 2333 450 2377; x_wconf 86' lang='lat' dir='ltr'>scriptis,</span> <span class='ocrx_word' id='word_1_226' title='bbox 481 2338 513 2366; x_wconf 90' lang='lat' dir='ltr'>et</span> <span class='ocrx_word' id='word_1_227' title='bbox 542 2333 650 2376; x_wconf 82' lang='lat' dir='ltr'>sigillo</span> <span class='ocrx_word' id='word_1_228' title='bbox 684 2343 848 2376; x_wconf 81' lang='lat' dir='ltr'>personae</span> <span class='ocrx_word' id='word_1_229' title='bbox 878 2333 909 2365; x_wconf 95' lang='lat' dir='ltr'>in</span> <span class='ocrx_word' id='word_1_230' title='bbox 939 2334 1041 2366; x_wconf 79' lang='lat' dir='ltr'>eccle-</span> 
     </span>
     <span class='ocr_line' id='line_1_46' title="bbox 299 2386 1040 2430; baseline -0.001 -11"><span class='ocrx_word' id='word_1_231' title='bbox 299 2386 428 2419; x_wconf 78' lang='lat' dir='ltr'>siastica</span> <span class='ocrx_word' id='word_1_232' title='bbox 461 2386 618 2430; x_wconf 81' lang='lat' dir='ltr'>dignitate</span> <span class='ocrx_word' id='word_1_233' title='bbox 651 2386 848 2420; x_wconf 89' lang='lat' dir='ltr'>constitutae</span> <span class='ocrx_word' id='word_1_234' title='bbox 880 2386 1040 2424; x_wconf 82' lang='lat' dir='ltr'>munitis,</span> 
     </span>
     <span class='ocr_line' id='line_1_47' title="bbox 300 2439 1042 2484; baseline -0.001 -12"><span class='ocrx_word' id='word_1_235' title='bbox 300 2440 413 2473; x_wconf 85' lang='lat' dir='ltr'>eadem</span> <span class='ocrx_word' id='word_1_236' title='bbox 452 2450 588 2484; x_wconf 82' lang='lat' dir='ltr'>prorsus</span> <span class='ocrx_word' id='word_1_237' title='bbox 629 2440 709 2472; x_wconf 81' lang='lat' dir='ltr'>sides</span> <span class='ocrx_word' id='word_1_238' title='bbox 745 2445 810 2472; x_wconf 87' lang='lat' dir='ltr'>tam</span> <span class='ocrx_word' id='word_1_239' title='bbox 849 2439 880 2472; x_wconf 89' lang='lat' dir='ltr'>in</span> <span class='ocrx_word' id='word_1_240' title='bbox 921 2439 1042 2472; x_wconf 90' lang='lat' dir='ltr'>iudicio</span> 
     </span>
     <span class='ocr_line' id='line_1_48' title="bbox 300 2492 1041 2535; baseline 0 -11"><span class='ocrx_word' id='word_1_241' title='bbox 300 2502 397 2535; x_wconf 86' lang='lat' dir='ltr'>quam</span> <span class='ocrx_word' id='word_1_242' title='bbox 424 2499 514 2526; x_wconf 81' lang='lat' dir='ltr'>extra</span> <span class='ocrx_word' id='word_1_243' title='bbox 538 2493 619 2526; x_wconf 86' lang='lat' dir='ltr'>illud</span> <span class='ocrx_word' id='word_1_244' title='bbox 648 2493 770 2535; x_wconf 88' lang='lat' dir='ltr'>ubique</span> <span class='ocrx_word' id='word_1_245' title='bbox 805 2493 951 2526; x_wconf 86' lang='lat' dir='ltr'>locorum</span> <span class='ocrx_word' id='word_1_246' title='bbox 984 2492 1041 2524; x_wconf 92' lang='lat' dir='ltr'>ha-</span> 
     </span>
     <span class='ocr_line' id='line_1_49' title="bbox 299 2545 1043 2590; baseline 0 -12"><span class='ocrx_word' id='word_1_247' title='bbox 299 2545 435 2586; x_wconf 85' lang='lat' dir='ltr'>beatur,</span> <span class='ocrx_word' id='word_1_248' title='bbox 461 2557 544 2589; x_wconf 89' lang='lat' dir='ltr'>quae</span> <span class='ocrx_word' id='word_1_249' title='bbox 568 2547 647 2590; x_wconf 88' lang='lat' dir='ltr'>ipsis</span> <span class='ocrx_word' id='word_1_250' title='bbox 682 2546 911 2589; x_wconf 80' lang='lat' dir='ltr'>praesentibus</span> <span class='ocrx_word' id='word_1_251' title='bbox 941 2547 1043 2578; x_wconf 84' lang='lat' dir='ltr'>habe-</span> 
     </span>
     <span class='ocr_line' id='line_1_50' title="bbox 301 2600 1038 2633; baseline 0.003 -3"><span class='ocrx_word' id='word_1_252' title='bbox 301 2605 391 2632; x_wconf 91' lang='lat' dir='ltr'>retur</span> <span class='ocrx_word' id='word_1_253' title='bbox 415 2600 441 2632; x_wconf 88' lang='lat' dir='ltr'>si</span> <span class='ocrx_word' id='word_1_254' title='bbox 469 2600 574 2633; x_wconf 82' lang='lat' dir='ltr'>forent</span> <span class='ocrx_word' id='word_1_255' title='bbox 599 2600 763 2633; x_wconf 75' lang='lat' dir='ltr'>exhibitae</span> <span class='ocrx_word' id='word_1_256' title='bbox 795 2600 845 2633; x_wconf 91' lang='lat' dir='ltr'>vel</span> <span class='ocrx_word' id='word_1_257' title='bbox 878 2605 1038 2633; x_wconf 81' lang='lat' dir='ltr'>ostensae.</span> 
     </span>
    </p>

    <p class='ocr_par' dir='ltr' id='par_1_10' title="bbox 344 2651 1042 2698">
     <span class='ocr_line' id='line_1_51' title="bbox 344 2651 1042 2698; baseline 0.004 -14"><span class='ocrx_word' id='word_1_258' title='bbox 344 2651 458 2685; x_wconf 86' lang='lat' dir='ltr'>Datum</span> <span class='ocrx_word' id='word_1_259' title='bbox 475 2652 606 2694; x_wconf 85' lang='lat' dir='ltr'>Romae,</span> <span class='ocrx_word' id='word_1_260' title='bbox 626 2653 714 2698; x_wconf 87' lang='lat' dir='ltr'>apud</span> <span class='ocrx_word' id='word_1_261' title='bbox 735 2652 766 2687; x_wconf 87' lang='lat' dir='ltr'>S.</span> <span class='ocrx_word' id='word_1_262' title='bbox 792 2652 922 2687; x_wconf 76' lang='lat' dir='ltr'>Mariam</span> <span class='ocrx_word' id='word_1_263' title='bbox 943 2653 1042 2687; x_wconf 80' lang='lat' dir='ltr'>Maio-</span> 
     </span>
    </p>
   </div>
   <div class='ocr_carea' id='block_1_8' title="bbox 1063 665 1067 1211">
    <p class='ocr_par' dir='ltr' id='par_1_11' title="bbox 1063 665 1067 1211">
     <span class='ocr_line' id='line_1_52' title="bbox 1063 665 1067 1211; baseline 0 0"><span class='ocrx_word' id='word_1_264' title='bbox 1063 665 1067 1211; x_wconf 95' lang='lat' dir='ltr'> </span> 
     </span>
    </p>
   </div>
   <div class='ocr_carea' id='block_1_9' title="bbox 1061 1430 1067 2679">
    <p class='ocr_par' dir='ltr' id='par_1_12' title="bbox 1061 1430 1067 2679">
     <span class='ocr_line' id='line_1_53' title="bbox 1061 1430 1067 2679; baseline 0 0"><span class='ocrx_word' id='word_1_265' title='bbox 1061 1430 1067 2679; x_wconf 95' lang='lat' dir='ltr'> </span> 
     </span>
    </p>
   </div>
   <div class='ocr_carea' id='block_1_10' title="bbox 1086 302 1825 397">
    <p class='ocr_par' dir='ltr' id='par_1_13' title="bbox 1086 302 1825 397">
     <span class='ocr_line' id='line_1_54' title="bbox 1086 302 1825 347; baseline 0.004 -14"><span class='ocrx_word' id='word_1_266' title='bbox 1086 311 1166 341; x_wconf 86' lang='lat' dir='ltr'>rem,</span> <span class='ocrx_word' id='word_1_267' title='bbox 1177 302 1236 334; x_wconf 85' lang='lat' dir='ltr'>sub</span> <span class='ocrx_word' id='word_1_268' title='bbox 1247 302 1368 334; x_wconf 89' lang='lat' dir='ltr'>annulo</span> <span class='ocrx_word' id='word_1_269' title='bbox 1379 302 1567 342; x_wconf 87' lang='lat' dir='ltr'>Piscatoris,</span> <span class='ocrx_word' id='word_1_270' title='bbox 1585 303 1636 336; x_wconf 86' lang='lat' dir='ltr'>dic</span> <span class='ocrx_word' id='word_1_271' title='bbox 1649 313 1701 337; x_wconf 80' lang='lat' dir='ltr'>xix</span> <span class='ocrx_word' id='word_1_272' title='bbox 1713 303 1825 347; x_wconf 86' lang='lat' dir='ltr'>aprilis</span> 
     </span>
     <span class='ocr_line' id='line_1_55' title="bbox 1086 353 1720 397; baseline 0.003 -10"><span class='ocrx_word' id='word_1_273' title='bbox 1086 364 1187 394; x_wconf 72' lang='lat' dir='ltr'>MDCC,</span> <span class='ocrx_word' id='word_1_274' title='bbox 1215 353 1423 397; x_wconf 80' lang='lat' dir='ltr'>pontificatus</span> <span class='ocrx_word' id='word_1_275' title='bbox 1442 356 1546 387; x_wconf 91' lang='lat' dir='ltr'>nostri</span> <span class='ocrx_word' id='word_1_276' title='bbox 1574 366 1658 388; x_wconf 84' lang='lat' dir='ltr'>anno</span> <span class='ocrx_word' id='word_1_277' title='bbox 1678 367 1720 389; x_wconf 81' lang='lat' dir='ltr'>ix.</span> 
     </span>
    </p>
   </div>
   <div class='ocr_carea' id='block_1_11' title="bbox 1122 416 1772 452">
    <p class='ocr_par' dir='ltr' id='par_1_14' title="bbox 1122 416 1772 452">
     <span class='ocr_line' id='line_1_56' title="bbox 1122 416 1772 452; baseline 0.003 -10"><span class='ocrx_word' id='word_1_278' title='bbox 1122 416 1180 442; x_wconf 67' lang='lat' dir='ltr'>liat.</span> <span class='ocrx_word' id='word_1_279' title='bbox 1199 416 1242 442; x_wconf 87' lang='lat' dir='ltr'>die</span> <span class='ocrx_word' id='word_1_280' title='bbox 1266 417 1295 443; x_wconf 81' lang='lat'>19</span> <span class='ocrx_word' id='word_1_281' title='bbox 1315 417 1410 452; x_wconf 80' lang='lat' dir='ltr'>aprilis</span> <span class='ocrx_word' id='word_1_282' title='bbox 1432 417 1509 450; x_wconf 75' lang='lat'>1700,</span> <span class='ocrx_word' id='word_1_283' title='bbox 1531 418 1628 452; x_wconf 80' lang='lat' dir='ltr'>pontif.</span> <span class='ocrx_word' id='word_1_284' title='bbox 1646 427 1719 444; x_wconf 84' lang='lat' dir='ltr'>anno</span> <span class='ocrx_word' id='word_1_285' title='bbox 1737 428 1772 445; x_wconf 66' lang='lat' dir='ltr'>ix.</span> 
     </span>
    </p>
   </div>
   <div class='ocr_carea' id='block_1_12' title="bbox 1404 560 1513 593">
    <p class='ocr_par' dir='ltr' id='par_1_15' title="bbox 1404 560 1513 593">
     <span class='ocr_line' id='line_1_57' title="bbox 1404 560 1513 593; baseline 0 0"><span class='ocrx_word' id='word_1_286' title='bbox 1404 560 1513 593; x_wconf 72' lang='lat' dir='ltr'>CXCV.</span> 
     </span>
    </p>
   </div>
   <div class='ocr_carea' id='block_1_13' title="bbox 1084 640 1830 844">
    <p class='ocr_par' dir='ltr' id='par_1_16' title="bbox 1084 640 1830 844">
     <span class='ocr_line' id='line_1_58' title="bbox 1084 640 1830 684; baseline 0.003 -12"><span class='ocrx_word' id='word_1_287' title='bbox 1084 640 1238 682; x_wconf 70' lang='lat' dir='ltr'>Err&#39;qilur</span> <span class='ocrx_word' id='word_1_288' title='bbox 1271 640 1486 684; x_wconf 74' lang='lat' dir='ltr'>Conqreyati&#39;o</span> <span class='ocrx_word' id='word_1_289' title='bbox 1517 641 1622 673; x_wconf 77' lang='lat' dir='ltr'>sancli</span> <span class='ocrx_word' id='word_1_290' title='bbox 1652 640 1830 684; x_wconf 72' lang='lat' dir='ltr'>Hippolyti</span> 
     </span>
     <span class='ocr_line' id='line_1_59' title="bbox 1129 693 1828 737; baseline 0 -11"><span class='ocrx_word' id='word_1_291' title='bbox 1129 693 1304 736; x_wconf 76' lang='lat' dir='ltr'>hospitalis</span> <span class='ocrx_word' id='word_1_292' title='bbox 1316 704 1495 737; x_wconf 79' lang='lat' dir='ltr'>pauperum</span> <span class='ocrx_word' id='word_1_293' title='bbox 1510 694 1719 736; x_wconf 71' lang='lat' dir='ltr'>infirmorum</span> <span class='ocrx_word' id='word_1_294' title='bbox 1733 695 1768 727; x_wconf 78' lang='lat' dir='ltr'>in</span> <span class='ocrx_word' id='word_1_295' title='bbox 1779 694 1828 727; x_wconf 80' lang='lat' dir='ltr'>In-</span> 
     </span>
     <span class='ocr_line' id='line_1_60' title="bbox 1129 746 1829 787; baseline -0.001 -7"><span class='ocrx_word' id='word_1_296' title='bbox 1129 748 1194 780; x_wconf 73' lang='lat' dir='ltr'>diis</span> <span class='ocrx_word' id='word_1_297' title='bbox 1213 746 1495 786; x_wconf 76' lang='lat' dir='ltr'>Occi&#39;clentalibus,</span> <span class='ocrx_word' id='word_1_298' title='bbox 1519 758 1587 779; x_wconf 81' lang='lat' dir='ltr'>cum</span> <span class='ocrx_word' id='word_1_299' title='bbox 1608 747 1829 787; x_wconf 78' lang='lat' dir='ltr'>confirmatio-</span> 
     </span>
     <span class='ocr_line' id='line_1_61' title="bbox 1130 800 1827 844; baseline 0 -11"><span class='ocrx_word' id='word_1_300' title='bbox 1130 811 1168 833; x_wconf 77' lang='lat' dir='ltr'>ne</span> <span class='ocrx_word' id='word_1_301' title='bbox 1187 800 1436 844; x_wconf 61' lang='lat' dir='ltr'>privilegiorum</span> <span class='ocrx_word' id='word_1_302' title='bbox 1460 805 1488 834; x_wconf 77' lang='lat' dir='ltr'>et</span> <span class='ocrx_word' id='word_1_303' title='bbox 1510 800 1827 844; x_wconf 72' lang='lat' dir='ltr'>1&#39;r1dulgyentiarum&#39;.</span> 
     </span>
    </p>
   </div>
   <div class='ocr_carea' id='block_1_14' title="bbox 1200 882 1713 961">
    <p class='ocr_par' dir='ltr' id='par_1_17' title="bbox 1200 882 1713 961">
     <span class='ocr_line' id='line_1_62' title="bbox 1263 882 1650 916; baseline 0 -7"><span class='ocrx_word' id='word_1_304' title='bbox 1263 882 1464 910; x_wconf 80' lang='lat' dir='ltr'>tnnocentius</span> <span class='ocrx_word' id='word_1_305' title='bbox 1484 882 1565 916; x_wconf 80' lang='lat' dir='ltr'>Papa</span> <span class='ocrx_word' id='word_1_306' title='bbox 1580 882 1650 912; x_wconf 83' lang='grc' dir='ltr'>ΧΠ,</span> 
     </span>
     <span class='ocr_line' id='line_1_63' title="bbox 1200 926 1713 961; baseline -0.002 -7"><span class='ocrx_word' id='word_1_307' title='bbox 1200 927 1235 954; x_wconf 82' lang='lat' dir='ltr'>ad</span> <span class='ocrx_word' id='word_1_308' title='bbox 1259 930 1439 961; x_wconf 80' lang='lat' dir='ltr'>perpetuam</span> <span class='ocrx_word' id='word_1_309' title='bbox 1462 926 1508 954; x_wconf 81' lang='lat' dir='ltr'>rei</span> <span class='ocrx_word' id='word_1_310' title='bbox 1528 927 1713 954; x_wconf 77' lang='lat' dir='ltr'>memoriam.</span> 
     </span>
    </p>
   </div>
   <div class='ocr_carea' id='block_1_15' title="bbox 1084 997 2028 2056">
    <p class='ocr_par' dir='ltr' id='par_1_18' title="bbox 1084 997 2028 2056">
     <span class='ocr_line' id='line_1_64' title="bbox 1129 997 1988 1041; baseline 0.001 -11"><span class='ocrx_word' id='word_1_311' title='bbox 1129 997 1170 1030; x_wconf 74' lang='lat' dir='ltr'>Ex</span> <span class='ocrx_word' id='word_1_312' title='bbox 1199 997 1310 1031; x_wconf 82' lang='lat' dir='ltr'>debito</span> <span class='ocrx_word' id='word_1_313' title='bbox 1335 997 1507 1041; x_wconf 88' lang='lat' dir='ltr'>pastoralis</span> <span class='ocrx_word' id='word_1_314' title='bbox 1532 998 1648 1037; x_wconf 83' lang='lat' dir='ltr'>officii,</span> <span class='ocrx_word' id='word_1_315' title='bbox 1675 1008 1739 1041; x_wconf 85' lang='lat' dir='ltr'>quo</span> <span class='ocrx_word' id='word_1_316' title='bbox 1773 998 1830 1031; x_wconf 86' lang='lat' dir='ltr'>Ec·</span> <span class='ocrx_word' id='word_1_317' title='bbox 1867 1010 1988 1032; x_wconf 75' lang='lat' dir='ltr'>Exnnttum.</span> 
     </span>
     <span class='ocr_line' id='line_1_65' title="bbox 1086 1051 1830 1095; baseline 0.001 -13"><span class='ocrx_word' id='word_1_318' title='bbox 1086 1051 1203 1083; x_wconf 80' lang='lat' dir='ltr'>clesiae</span> <span class='ocrx_word' id='word_1_319' title='bbox 1228 1051 1410 1084; x_wconf 85' lang='lat' dir='ltr'>catholicae</span> <span class='ocrx_word' id='word_1_320' title='bbox 1436 1061 1495 1095; x_wconf 86' lang='lat' dir='ltr'>per</span> <span class='ocrx_word' id='word_1_321' title='bbox 1519 1051 1703 1084; x_wconf 84' lang='lat' dir='ltr'>universum</span> <span class='ocrx_word' id='word_1_322' title='bbox 1731 1057 1830 1084; x_wconf 86' lang='lat' dir='ltr'>terra-</span> 
     </span>
     <span class='ocr_line' id='line_1_66' title="bbox 1087 1104 1830 1148; baseline 0.003 -12"><span class='ocrx_word' id='word_1_323' title='bbox 1087 1115 1156 1136; x_wconf 91' lang='lat' dir='ltr'>rum</span> <span class='ocrx_word' id='word_1_324' title='bbox 1175 1105 1287 1137; x_wconf 92' lang='lat' dir='ltr'>orbem</span> <span class='ocrx_word' id='word_1_325' title='bbox 1305 1104 1440 1138; x_wconf 73' lang='lat' dir='ltr'>diffusae</span> <span class='ocrx_word' id='word_1_326' title='bbox 1465 1105 1616 1148; x_wconf 83' lang='lat' dir='ltr'>regimini</span> <span class='ocrx_word' id='word_1_327' title='bbox 1638 1105 1745 1138; x_wconf 80' lang='lat' dir='ltr'>divina</span> <span class='ocrx_word' id='word_1_328' title='bbox 1766 1105 1830 1138; x_wconf 84' lang='lat' dir='ltr'>dis-</span> 
     </span>
     <span class='ocr_line' id='line_1_67' title="bbox 1086 1157 1829 1201; baseline 0.001 -12"><span class='ocrx_word' id='word_1_329' title='bbox 1086 1157 1250 1200; x_wconf 87' lang='lat' dir='ltr'>positione</span> <span class='ocrx_word' id='word_1_330' title='bbox 1284 1157 1526 1200; x_wconf 85' lang='lat' dir='ltr'>praesidemus,</span> <span class='ocrx_word' id='word_1_331' title='bbox 1553 1158 1829 1201; x_wconf 82' lang='lat' dir='ltr'>congregationes</span> 
     </span>
     <span class='ocr_line' id='line_1_68' title="bbox 1086 1210 1828 1255; baseline 0.001 -12"><span class='ocrx_word' id='word_1_332' title='bbox 1086 1210 1374 1250; x_wconf 78' lang='lat' dir='ltr'>christifidelium,</span> <span class='ocrx_word' id='word_1_333' title='bbox 1402 1211 1530 1255; x_wconf 88' lang='lat' dir='ltr'>pietatis</span> <span class='ocrx_word' id='word_1_334' title='bbox 1567 1217 1599 1245; x_wconf 89' lang='lat' dir='ltr'>et</span> <span class='ocrx_word' id='word_1_335' title='bbox 1631 1211 1828 1245; x_wconf 84' lang='lat' dir='ltr'>christianae</span> 
     </span>
     <span class='ocr_line' id='line_1_69' title="bbox 1086 1265 1830 1309; baseline -0.001 -11"><span class='ocrx_word' id='word_1_336' title='bbox 1086 1265 1253 1298; x_wconf 86' lang='lat' dir='ltr'>charitatis</span> <span class='ocrx_word' id='word_1_337' title='bbox 1269 1265 1424 1308; x_wconf 88' lang='lat' dir='ltr'>operibus</span> <span class='ocrx_word' id='word_1_338' title='bbox 1441 1265 1479 1298; x_wconf 86' lang='lat' dir='ltr'>ad</span> <span class='ocrx_word' id='word_1_339' title='bbox 1494 1275 1673 1309; x_wconf 85' lang='lat' dir='ltr'>pauperum</span> <span class='ocrx_word' id='word_1_340' title='bbox 1688 1265 1830 1298; x_wconf 79' lang='lat' dir='ltr'>intirmo-</span> 
     </span>
     <span class='ocr_line' id='line_1_70' title="bbox 1086 1319 1829 1352; baseline -0.001 -1"><span class='ocrx_word' id='word_1_341' title='bbox 1086 1330 1158 1351; x_wconf 88' lang='lat' dir='ltr'>rum</span> <span class='ocrx_word' id='word_1_342' title='bbox 1185 1324 1215 1351; x_wconf 89' lang='lat' dir='ltr'>et</span> <span class='ocrx_word' id='word_1_343' title='bbox 1247 1319 1544 1352; x_wconf 87' lang='lat' dir='ltr'>convalescentium</span> <span class='ocrx_word' id='word_1_344' title='bbox 1579 1319 1829 1352; x_wconf 84' lang='lat' dir='ltr'>subventionem</span> 
     </span>
     <span class='ocr_line' id='line_1_71' title="bbox 1086 1371 1830 1405; baseline 0 -1"><span class='ocrx_word' id='word_1_345' title='bbox 1086 1378 1118 1404; x_wconf 89' lang='lat' dir='ltr'>et</span> <span class='ocrx_word' id='word_1_346' title='bbox 1142 1372 1317 1405; x_wconf 80' lang='lat' dir='ltr'>utilitatem</span> <span class='ocrx_word' id='word_1_347' title='bbox 1341 1372 1496 1405; x_wconf 88' lang='lat' dir='ltr'>laudabili</span> <span class='ocrx_word' id='word_1_348' title='bbox 1516 1371 1624 1405; x_wconf 86' lang='lat' dir='ltr'>studio</span> <span class='ocrx_word' id='word_1_349' title='bbox 1643 1371 1830 1405; x_wconf 85' lang='lat' dir='ltr'>incumben-</span> 
     </span>
     <span class='ocr_line' id='line_1_72' title="bbox 1088 1423 1831 1468; baseline 0 -10"><span class='ocrx_word' id='word_1_350' title='bbox 1088 1426 1186 1466; x_wconf 86' lang='lat' dir='ltr'>tium,</span> <span class='ocrx_word' id='word_1_351' title='bbox 1214 1431 1351 1468; x_wconf 86' lang='lat' dir='ltr'>paterno</span> <span class='ocrx_word' id='word_1_352' title='bbox 1377 1425 1546 1457; x_wconf 88' lang='lat' dir='ltr'>charitatis</span> <span class='ocrx_word' id='word_1_353' title='bbox 1575 1423 1690 1457; x_wconf 70' lang='lat' dir='ltr'>ail&#39;eetu</span> <span class='ocrx_word' id='word_1_354' title='bbox 1715 1435 1831 1468; x_wconf 88' lang='lat' dir='ltr'>prose-</span> 
     </span>
     <span class='ocr_line' id='line_1_73' title="bbox 1087 1478 1831 1522; baseline -0.003 -11"><span class='ocrx_word' id='word_1_355' title='bbox 1087 1479 1234 1522; x_wconf 89' lang='lat' dir='ltr'>quimur,</span> <span class='ocrx_word' id='word_1_356' title='bbox 1261 1478 1410 1522; x_wconf 82' lang='lat' dir='ltr'>felicique</span> <span class='ocrx_word' id='word_1_357' title='bbox 1436 1478 1564 1510; x_wconf 87' lang='lat' dir='ltr'>illarum</span> <span class='ocrx_word' id='word_1_358' title='bbox 1590 1478 1703 1518; x_wconf 88' lang='lat' dir='ltr'>statui,</span> <span class='ocrx_word' id='word_1_359' title='bbox 1729 1488 1765 1511; x_wconf 90' lang='lat' dir='ltr'>ac</span> <span class='ocrx_word' id='word_1_360' title='bbox 1796 1483 1831 1509; x_wconf 87' lang='lat' dir='ltr'>ut</span> 
     </span>
     <span class='ocr_line' id='line_1_74' title="bbox 1085 1531 1831 1575; baseline -0.003 -10"><span class='ocrx_word' id='word_1_361' title='bbox 1085 1543 1257 1575; x_wconf 87' lang='lat' dir='ltr'>personae,</span> <span class='ocrx_word' id='word_1_362' title='bbox 1285 1542 1366 1574; x_wconf 89' lang='lat' dir='ltr'>quae</span> <span class='ocrx_word' id='word_1_363' title='bbox 1394 1537 1455 1564; x_wconf 83' lang='lat' dir='ltr'>tam</span> <span class='ocrx_word' id='word_1_364' title='bbox 1481 1531 1572 1574; x_wconf 91' lang='lat' dir='ltr'>pium</span> <span class='ocrx_word' id='word_1_365' title='bbox 1597 1531 1681 1564; x_wconf 88' lang='lat' dir='ltr'>vitae</span> <span class='ocrx_word' id='word_1_366' title='bbox 1703 1531 1831 1564; x_wconf 89' lang='lat' dir='ltr'>institu-</span> 
     </span>
     <span class='ocr_line' id='line_1_75' title="bbox 1087 1584 1830 1629; baseline -0.003 -11"><span class='ocrx_word' id='word_1_367' title='bbox 1087 1592 1152 1618; x_wconf 89' lang='lat' dir='ltr'>tum</span> <span class='ocrx_word' id='word_1_368' title='bbox 1174 1590 1399 1629; x_wconf 86' lang='lat' dir='ltr'>susceperunt,</span> <span class='ocrx_word' id='word_1_369' title='bbox 1418 1585 1449 1618; x_wconf 90' lang='lat' dir='ltr'>in</span> <span class='ocrx_word' id='word_1_370' title='bbox 1468 1587 1505 1618; x_wconf 74' lang='lat' dir='ltr'>ea</span> <span class='ocrx_word' id='word_1_371' title='bbox 1522 1585 1702 1625; x_wconf 84' lang='lat' dir='ltr'>vocatione,</span> <span class='ocrx_word' id='word_1_372' title='bbox 1719 1584 1752 1617; x_wconf 93' lang='lat' dir='ltr'>in</span> <span class='ocrx_word' id='word_1_373' title='bbox 1767 1596 1830 1628; x_wconf 74' lang='lat' dir='ltr'>qua</span> 
     </span>
     <span class='ocr_line' id='line_1_76' title="bbox 1085 1638 1831 1682; baseline -0.003 -10"><span class='ocrx_word' id='word_1_374' title='bbox 1085 1644 1217 1672; x_wconf 77' lang='lat' dir='ltr'>vocatae</span> <span class='ocrx_word' id='word_1_375' title='bbox 1244 1643 1336 1678; x_wconf 89' lang='lat' dir='ltr'>sunt,</span> <span class='ocrx_word' id='word_1_376' title='bbox 1363 1644 1577 1681; x_wconf 83' lang='lat' dir='ltr'>perseverent</span> <span class='ocrx_word' id='word_1_377' title='bbox 1601 1648 1705 1682; x_wconf 83' lang='lat' dir='ltr'>usque</span> <span class='ocrx_word' id='word_1_378' title='bbox 1732 1638 1764 1671; x_wconf 90' lang='lat' dir='ltr'>in</span> <span class='ocrx_word' id='word_1_379' title='bbox 1795 1638 1831 1670; x_wconf 76' lang='lat' dir='ltr'>st-</span> 
     </span>
     <span class='ocr_line' id='line_1_77' title="bbox 1085 1691 1829 1735; baseline -0.004 -9"><span class='ocrx_word' id='word_1_380' title='bbox 1085 1703 1169 1732; x_wconf 90' lang='lat' dir='ltr'>nem,</span> <span class='ocrx_word' id='word_1_381' title='bbox 1192 1691 1389 1735; x_wconf 84' lang='lat' dir='ltr'>opportunis</span> <span class='ocrx_word' id='word_1_382' title='bbox 1411 1691 1593 1724; x_wconf 86' lang='lat' dir='ltr'>rationibus</span> <span class='ocrx_word' id='word_1_383' title='bbox 1615 1696 1646 1724; x_wconf 87' lang='lat' dir='ltr'>et</span> <span class='ocrx_word' id='word_1_384' title='bbox 1665 1691 1829 1724; x_wconf 82' lang='lat' dir='ltr'>favoribus</span> 
     </span>
     <span class='ocr_line' id='line_1_78' title="bbox 1084 1745 1830 1790; baseline -0.003 -11"><span class='ocrx_word' id='word_1_385' title='bbox 1084 1746 1258 1790; x_wconf 84' lang='lat' dir='ltr'>providere</span> <span class='ocrx_word' id='word_1_386' title='bbox 1298 1745 1494 1785; x_wconf 87' lang='lat' dir='ltr'>studemus,</span> <span class='ocrx_word' id='word_1_387' title='bbox 1531 1745 1640 1785; x_wconf 82' lang='lat' dir='ltr'>sicut,</span> <span class='ocrx_word' id='word_1_388' title='bbox 1677 1746 1830 1778; x_wconf 79' lang='lat' dir='ltr'>omnibus</span> 
     </span>
     <span class='ocr_line' id='line_1_79' title="bbox 1084 1798 1829 1842; baseline -0.001 -10"><span class='ocrx_word' id='word_1_389' title='bbox 1084 1806 1209 1832; x_wconf 89' lang='lat' dir='ltr'>mature</span> <span class='ocrx_word' id='word_1_390' title='bbox 1226 1799 1453 1839; x_wconf 89' lang='lat' dir='ltr'>consideratis,</span> <span class='ocrx_word' id='word_1_391' title='bbox 1469 1799 1508 1832; x_wconf 86' lang='lat' dir='ltr'>ad</span> <span class='ocrx_word' id='word_1_392' title='bbox 1524 1798 1760 1842; x_wconf 89' lang='lat' dir='ltr'>omnipotentis</span> <span class='ocrx_word' id='word_1_393' title='bbox 1773 1799 1829 1833; x_wconf 87' lang='lat' dir='ltr'>Dei</span> 
     </span>
     <span class='ocr_line' id='line_1_80' title="bbox 1085 1851 1828 1896; baseline -0.001 -11"><span class='ocrx_word' id='word_1_394' title='bbox 1085 1852 1224 1896; x_wconf 83' lang='lat' dir='ltr'>gloriam</span> <span class='ocrx_word' id='word_1_395' title='bbox 1239 1879 1246 1893; x_wconf 90' lang='lat'>,</span> <span class='ocrx_word' id='word_1_396' title='bbox 1274 1853 1403 1895; x_wconf 87' lang='lat' dir='ltr'>piorum</span> <span class='ocrx_word' id='word_1_397' title='bbox 1422 1862 1558 1895; x_wconf 88' lang='lat' dir='ltr'>operum</span> <span class='ocrx_word' id='word_1_398' title='bbox 1578 1851 1828 1891; x_wconf 82' lang='lat' dir='ltr'>incrementum,</span> 
     </span>
     <span class='ocr_line' id='line_1_81' title="bbox 1085 1905 1831 1949; baseline -0.001 -10"><span class='ocrx_word' id='word_1_399' title='bbox 1085 1911 1116 1939; x_wconf 88' lang='lat' dir='ltr'>et</span> <span class='ocrx_word' id='word_1_400' title='bbox 1141 1906 1322 1938; x_wconf 83' lang='lat' dir='ltr'>animarum</span> <span class='ocrx_word' id='word_1_401' title='bbox 1348 1906 1486 1938; x_wconf 87' lang='lat' dir='ltr'>salutem</span> <span class='ocrx_word' id='word_1_402' title='bbox 1521 1905 1675 1949; x_wconf 77' lang='lat' dir='ltr'>expedire</span> <span class='ocrx_word' id='word_1_403' title='bbox 1706 1905 1739 1938; x_wconf 90' lang='lat' dir='ltr'>in</span> <span class='ocrx_word' id='word_1_404' title='bbox 1771 1905 1831 1939; x_wconf 92' lang='lat' dir='ltr'>Do-</span> 
     </span>
     <span class='ocr_line' id='line_1_82' title="bbox 1085 1959 1411 1992; baseline 0.003 -1"><span class='ocrx_word' id='word_1_405' title='bbox 1085 1959 1173 1992; x_wconf 91' lang='lat' dir='ltr'>mino</span> <span class='ocrx_word' id='word_1_406' title='bbox 1200 1959 1411 1992; x_wconf 82' lang='lat' dir='ltr'>arbitramur.</span> 
     </span>
     <span class='ocr_line' id='line_1_83' title="bbox 1129 2012 2028 2056; baseline 0.001 -12"><span class='ocrx_word' id='word_1_407' title='bbox 1129 2012 1187 2055; x_wconf 61' lang='lat' dir='ltr'>§t</span> <span class='ocrx_word' id='word_1_408' title='bbox 1204 2012 1328 2044; x_wconf 90' lang='lat' dir='ltr'>Dudum</span> <span class='ocrx_word' id='word_1_409' title='bbox 1347 2012 1508 2056; x_wconf 88' lang='lat' dir='ltr'>siquidem</span> <span class='ocrx_word' id='word_1_410' title='bbox 1524 2012 1710 2056; x_wconf 85' lang='lat' dir='ltr'>(postquam</span> <span class='ocrx_word' id='word_1_411' title='bbox 1726 2022 1830 2056; x_wconf 91' lang='lat' dir='ltr'>quon·</span> <span class='ocrx_word' id='word_1_412' title='bbox 1868 2020 1930 2041; x_wconf 78' lang='lat' dir='ltr'>Ortu-</span> <span class='ocrx_word' id='word_1_413' title='bbox 1947 2021 1967 2042; x_wconf 78' lang='lat' dir='ltr'>et</span> <span class='ocrx_word' id='word_1_414' title='bbox 1980 2025 2028 2044; x_wconf 71' lang='lat' dir='ltr'>vro·</span> 
     </span>
    </p>
   </div>
   <div class='ocr_carea' id='block_1_16' title="bbox 1086 2048 2028 2105">
    <p class='ocr_par' dir='ltr' id='par_1_19' title="bbox 1086 2048 2028 2105">
     <span class='ocr_line' id='line_1_84' title="bbox 1086 2048 2028 2105; baseline 0.002 -8"><span class='ocrx_word' id='word_1_415' title='bbox 1086 2066 1159 2098; x_wconf 83' lang='lat' dir='ltr'>dam</span> <span class='ocrx_word' id='word_1_416' title='bbox 1185 2065 1404 2098; x_wconf 84' lang='lat' dir='ltr'>Bernardinus</span> <span class='ocrx_word' id='word_1_417' title='bbox 1430 2066 1563 2098; x_wconf 84' lang='lat' dir='ltr'>Alvarez</span> <span class='ocrx_word' id='word_1_418' title='bbox 1588 2065 1695 2098; x_wconf 87' lang='lat' dir='ltr'>Insula</span> <span class='ocrx_word' id='word_1_419' title='bbox 1711 2091 1718 2105; x_wconf 92' lang='lat'>,</span> <span class='ocrx_word' id='word_1_420' title='bbox 1752 2065 1829 2098; x_wconf 89' lang='lat' dir='ltr'>dum</span> <span class='ocrx_word' id='word_1_421' title='bbox 1841 2053 1952 2100; x_wconf 53' lang='grc' dir='ltr'>ἕζῖἱῧῗεῖῐῑε</span> <span class='ocrx_word' id='word_1_422' title='bbox 1976 2048 2028 2099; x_wconf 55' lang='lat' dir='ltr'>dicti-¹</span> 
     </span>
    </p>
   </div>
   <div class='ocr_carea' id='block_1_17' title="bbox 1841 2100 2028 2126">
    <p class='ocr_par' dir='ltr' id='par_1_20' title="bbox 1841 2100 2028 2126">
     <span class='ocr_line' id='line_1_85' title="bbox 1841 2100 2028 2126; baseline -0.005 -5"><span class='ocrx_word' id='word_1_423' title='bbox 1841 2104 1886 2121; x_wconf 77' lang='lat' dir='ltr'>stea</span> <span class='ocrx_word' id='word_1_424' title='bbox 1904 2102 1922 2121; x_wconf 81' lang='lat' dir='ltr'>in</span> <span class='ocrx_word' id='word_1_425' title='bbox 1937 2100 2028 2126; x_wconf 56' lang='lat' dir='ltr'>Conana·</span> 
     </span>
    </p>
   </div>
   <div class='ocr_carea' id='block_1_18' title="bbox 1087 2118 2028 2159">
    <p class='ocr_par' dir='ltr' id='par_1_21' title="bbox 1087 2118 2028 2159">
     <span class='ocr_line' id='line_1_86' title="bbox 1087 2118 2028 2159; baseline 0.001 -7"><span class='ocrx_word' id='word_1_426' title='bbox 1087 2119 1218 2159; x_wconf 79' lang='lat' dir='ltr'>viveret,</span> <span class='ocrx_word' id='word_1_427' title='bbox 1232 2119 1370 2152; x_wconf 79' lang='lat' dir='ltr'>civitatis</span> <span class='ocrx_word' id='word_1_428' title='bbox 1396 2118 1577 2152; x_wconf 85' lang='lat' dir='ltr'>Mexicanae</span> <span class='ocrx_word' id='word_1_429' title='bbox 1602 2118 1635 2152; x_wconf 88' lang='lat' dir='ltr'>in</span> <span class='ocrx_word' id='word_1_430' title='bbox 1651 2118 1752 2152; x_wconf 89' lang='lat' dir='ltr'>lndiis</span> <span class='ocrx_word' id='word_1_431' title='bbox 1771 2118 1946 2154; x_wconf 61' lang='lat' dir='ltr'>Oc-sauonem</span> <span class='ocrx_word' id='word_1_432' title='bbox 1962 2127 2028 2149; x_wconf 73' lang='lat' dir='ltr'>men</span> 
     </span>
    </p>
   </div>
   <div class='ocr_carea' id='block_1_19' title="bbox 1085 2215 1832 2690">
    <p class='ocr_par' dir='ltr' id='par_1_22' title="bbox 1085 2215 1832 2690">
     <span class='ocr_line' id='line_1_87' title="bbox 1123 2215 1830 2252; baseline -0.001 -8"><span class='ocrx_word' id='word_1_433' title='bbox 1123 2219 1132 2244; x_wconf 88' lang='lat'>1</span> <span class='ocrx_word' id='word_1_434' title='bbox 1157 2216 1322 2243; x_wconf 87' lang='lat' dir='ltr'>Confirmata</span> <span class='ocrx_word' id='word_1_435' title='bbox 1342 2215 1392 2242; x_wconf 82' lang='lat' dir='ltr'>suit</span> <span class='ocrx_word' id='word_1_436' title='bbox 1411 2216 1513 2243; x_wconf 86' lang='lat' dir='ltr'>erectio</span> <span class='ocrx_word' id='word_1_437' title='bbox 1535 2215 1599 2243; x_wconf 86' lang='lat' dir='ltr'>dieti</span> <span class='ocrx_word' id='word_1_438' title='bbox 1615 2215 1755 2252; x_wconf 83' lang='lat' dir='ltr'>hospitalis</span> <span class='ocrx_word' id='word_1_439' title='bbox 1770 2225 1830 2244; x_wconf 83' lang='lat' dir='ltr'>cum</span> 
     </span>
     <span class='ocr_line' id='line_1_88' title="bbox 1086 2261 1831 2296; baseline 0.001 -8"><span class='ocrx_word' id='word_1_440' title='bbox 1086 2263 1143 2288; x_wconf 86' lang='lat' dir='ltr'>suis</span> <span class='ocrx_word' id='word_1_441' title='bbox 1164 2262 1273 2288; x_wconf 87' lang='lat' dir='ltr'>statutis</span> <span class='ocrx_word' id='word_1_442' title='bbox 1293 2270 1308 2288; x_wconf 89' lang='lat' dir='ltr'>a</span> <span class='ocrx_word' id='word_1_443' title='bbox 1335 2261 1465 2296; x_wconf 85' lang='lat' dir='ltr'>Gregorio</span> <span class='ocrx_word' id='word_1_444' title='bbox 1495 2261 1554 2289; x_wconf 77' lang='lat' dir='ltr'>Xlll</span> <span class='ocrx_word' id='word_1_445' title='bbox 1585 2265 1613 2289; x_wconf 86' lang='lat' dir='ltr'>et</span> <span class='ocrx_word' id='word_1_446' title='bbox 1640 2262 1711 2290; x_wconf 89' lang='lat' dir='ltr'>Sisto</span> <span class='ocrx_word' id='word_1_447' title='bbox 1741 2263 1785 2296; x_wconf 89' lang='lat' dir='ltr'>V;</span> <span class='ocrx_word' id='word_1_448' title='bbox 1816 2271 1831 2289; x_wconf 89' lang='lat' dir='ltr'>a</span> 
     </span>
     <span class='ocr_line' id='line_1_89' title="bbox 1086 2306 1830 2342; baseline 0.003 -10"><span class='ocrx_word' id='word_1_449' title='bbox 1086 2306 1225 2332; x_wconf 85' lang='lat' dir='ltr'>Clemente</span> <span class='ocrx_word' id='word_1_450' title='bbox 1242 2306 1314 2337; x_wconf 75' lang='lat' dir='ltr'>Vlll,</span> <span class='ocrx_word' id='word_1_451' title='bbox 1332 2309 1419 2332; x_wconf 84' lang='lat' dir='ltr'>const.</span> <span class='ocrx_word' id='word_1_452' title='bbox 1441 2306 1485 2333; x_wconf 87' lang='lat' dir='ltr'>ed.</span> <span class='ocrx_word' id='word_1_453' title='bbox 1504 2312 1612 2337; x_wconf 61' lang='grc' dir='ltr'>Μυκη,</span> <span class='ocrx_word' id='word_1_454' title='bbox 1629 2306 1672 2333; x_wconf 86' lang='lat' dir='ltr'>die</span> <span class='ocrx_word' id='word_1_455' title='bbox 1692 2308 1708 2333; x_wconf 72' lang='lat'>⁴27.</span> <span class='ocrx_word' id='word_1_456' title='bbox 1727 2307 1830 2342; x_wconf 79' lang='lat' dir='ltr'>apriliS,</span> 
     </span>
     <span class='ocr_line' id='line_1_90' title="bbox 1087 2350 1831 2386; baseline 0 -8"><span class='ocrx_word' id='word_1_457' title='bbox 1087 2359 1217 2378; x_wconf 78' lang='lat' dir='ltr'>concessa</span> <span class='ocrx_word' id='word_1_458' title='bbox 1238 2350 1314 2377; x_wconf 85' lang='lat' dir='ltr'>fuere</span> <span class='ocrx_word' id='word_1_459' title='bbox 1335 2350 1478 2386; x_wconf 83' lang='lat' dir='ltr'>privilegia</span> <span class='ocrx_word' id='word_1_460' title='bbox 1497 2355 1523 2377; x_wconf 90' lang='lat' dir='ltr'>et</span> <span class='ocrx_word' id='word_1_461' title='bbox 1544 2350 1713 2386; x_wconf 85' lang='lat' dir='ltr'>indulgentia</span> <span class='ocrx_word' id='word_1_462' title='bbox 1740 2351 1831 2386; x_wconf 88' lang='lat' dir='ltr'>hospi-</span> 
     </span>
     <span class='ocr_line' id='line_1_91' title="bbox 1087 2394 1831 2429; baseline 0.001 -8"><span class='ocrx_word' id='word_1_463' title='bbox 1087 2395 1133 2421; x_wconf 85' lang='lat' dir='ltr'>tali</span> <span class='ocrx_word' id='word_1_464' title='bbox 1154 2394 1241 2422; x_wconf 85' lang='lat' dir='ltr'>sancti</span> <span class='ocrx_word' id='word_1_465' title='bbox 1262 2394 1373 2421; x_wconf 88' lang='lat' dir='ltr'>loannis</span> <span class='ocrx_word' id='word_1_466' title='bbox 1394 2394 1440 2421; x_wconf 89' lang='lat' dir='ltr'>Dei</span> <span class='ocrx_word' id='word_1_467' title='bbox 1458 2404 1464 2428; x_wconf 74' lang='lat'>3</span> <span class='ocrx_word' id='word_1_468' title='bbox 1486 2399 1513 2421; x_wconf 90' lang='lat' dir='ltr'>et</span> <span class='ocrx_word' id='word_1_469' title='bbox 1532 2399 1619 2422; x_wconf 85' lang='lat' dir='ltr'>const.</span> <span class='ocrx_word' id='word_1_470' title='bbox 1650 2394 1693 2422; x_wconf 87' lang='lat' dir='ltr'>ed.</span> <span class='ocrx_word' id='word_1_471' title='bbox 1723 2401 1807 2422; x_wconf 70' lang='lat' dir='ltr'>noeiv</span> <span class='ocrx_word' id='word_1_472' title='bbox 1825 2417 1831 2429; x_wconf 91' lang='lat'>,</span> 
     </span>
     <span class='ocr_line' id='line_1_92' title="bbox 1086 2439 1830 2476; baseline 0.001 -10"><span class='ocrx_word' id='word_1_473' title='bbox 1086 2439 1130 2466; x_wconf 86' lang='lat' dir='ltr'>die</span> <span class='ocrx_word' id='word_1_474' title='bbox 1152 2441 1162 2466; x_wconf 86' lang='lat'>1</span> <span class='ocrx_word' id='word_1_475' title='bbox 1186 2440 1307 2467; x_wconf 83' lang='lat' dir='ltr'>octobris</span> <span class='ocrx_word' id='word_1_476' title='bbox 1324 2462 1330 2471; x_wconf 93' lang='lat'>,</span> <span class='ocrx_word' id='word_1_477' title='bbox 1362 2440 1457 2476; x_wconf 83' lang='lat' dir='ltr'>pontis.</span> <span class='ocrx_word' id='word_1_478' title='bbox 1488 2447 1535 2467; x_wconf 78' lang='lat' dir='ltr'>xm</span> <span class='ocrx_word' id='word_1_479' title='bbox 1553 2462 1559 2473; x_wconf 90' lang='lat'>,</span> <span class='ocrx_word' id='word_1_480' title='bbox 1588 2441 1615 2466; x_wconf 92' lang='lat' dir='ltr'>in</span> <span class='ocrx_word' id='word_1_481' title='bbox 1642 2440 1830 2475; x_wconf 79' lang='lat' dir='ltr'>congregatio-</span> 
     </span>
     <span class='ocr_line' id='line_1_93' title="bbox 1086 2483 1829 2520; baseline 0.001 -10"><span class='ocrx_word' id='word_1_482' title='bbox 1086 2492 1149 2511; x_wconf 89' lang='lat' dir='ltr'>nem</span> <span class='ocrx_word' id='word_1_483' title='bbox 1170 2489 1272 2519; x_wconf 87' lang='lat' dir='ltr'>erecta,</span> <span class='ocrx_word' id='word_1_484' title='bbox 1286 2484 1392 2511; x_wconf 79' lang='lat' dir='ltr'>adlecto</span> <span class='ocrx_word' id='word_1_485' title='bbox 1413 2488 1474 2511; x_wconf 79' lang='lat' dir='ltr'>voto</span> <span class='ocrx_word' id='word_1_486' title='bbox 1496 2483 1669 2511; x_wconf 86' lang='lat' dir='ltr'>obedientiae</span> <span class='ocrx_word' id='word_1_487' title='bbox 1689 2489 1715 2511; x_wconf 92' lang='lat' dir='ltr'>et</span> <span class='ocrx_word' id='word_1_488' title='bbox 1735 2484 1829 2520; x_wconf 87' lang='lat' dir='ltr'>hospi-</span> 
     </span>
     <span class='ocr_line' id='line_1_94' title="bbox 1086 2528 1830 2561; baseline 0 -6"><span class='ocrx_word' id='word_1_489' title='bbox 1086 2528 1206 2555; x_wconf 64' lang='lat' dir='ltr'>talitatis</span> <span class='ocrx_word' id='word_1_490' title='bbox 1229 2529 1266 2555; x_wconf 71' lang='lat' dir='ltr'>Ab</span> <span class='ocrx_word' id='word_1_491' title='bbox 1286 2529 1337 2555; x_wconf 86' lang='lat' dir='ltr'>hoc</span> <span class='ocrx_word' id='word_1_492' title='bbox 1361 2528 1489 2555; x_wconf 80' lang='lat' dir='ltr'>Pontifice</span> <span class='ocrx_word' id='word_1_493' title='bbox 1511 2532 1598 2555; x_wconf 88' lang='lat' dir='ltr'>const.</span> <span class='ocrx_word' id='word_1_494' title='bbox 1625 2528 1669 2555; x_wconf 90' lang='lat' dir='ltr'>ed.</span> <span class='ocrx_word' id='word_1_495' title='bbox 1694 2535 1830 2561; x_wconf 70' lang='lat' dir='ltr'>mncvctu,</span> 
     </span>
     <span class='ocr_line' id='line_1_95' title="bbox 1086 2572 1832 2608; baseline -0.001 -8"><span class='ocrx_word' id='word_1_496' title='bbox 1086 2573 1129 2600; x_wconf 85' lang='lat' dir='ltr'>die</span> <span class='ocrx_word' id='word_1_497' title='bbox 1154 2574 1183 2599; x_wconf 63' lang='lat'>14</span> <span class='ocrx_word' id='word_1_498' title='bbox 1205 2573 1367 2605; x_wconf 79' lang='lat' dir='ltr'>decembris,</span> <span class='ocrx_word' id='word_1_499' title='bbox 1389 2572 1484 2608; x_wconf 84' lang='lat' dir='ltr'>pontis.</span> <span class='ocrx_word' id='word_1_500' title='bbox 1506 2579 1546 2606; x_wconf 83' lang='lat'>111,</span> <span class='ocrx_word' id='word_1_501' title='bbox 1567 2581 1698 2600; x_wconf 87' lang='lat' dir='ltr'>concessa</span> <span class='ocrx_word' id='word_1_502' title='bbox 1718 2573 1768 2599; x_wconf 84' lang='lat' dir='ltr'>fuit</span> <span class='ocrx_word' id='word_1_503' title='bbox 1788 2574 1832 2599; x_wconf 91' lang='lat' dir='ltr'>in-</span> 
     </span>
     <span class='ocr_line' id='line_1_96' title="bbox 1085 2617 1830 2653; baseline 0.001 -10"><span class='ocrx_word' id='word_1_504' title='bbox 1085 2617 1246 2652; x_wconf 75' lang='lat' dir='ltr'>dulgentia3</span> <span class='ocrx_word' id='word_1_505' title='bbox 1267 2619 1294 2645; x_wconf 91' lang='lat' dir='ltr'>et</span> <span class='ocrx_word' id='word_1_506' title='bbox 1315 2621 1400 2645; x_wconf 82' lang='lat' dir='ltr'>const.</span> <span class='ocrx_word' id='word_1_507' title='bbox 1422 2617 1463 2644; x_wconf 89' lang='lat' dir='ltr'>ed.</span> <span class='ocrx_word' id='word_1_508' title='bbox 1485 2623 1572 2649; x_wconf 74' lang='lat' dir='ltr'>unce,</span> <span class='ocrx_word' id='word_1_509' title='bbox 1594 2617 1689 2653; x_wconf 84' lang='lat' dir='ltr'>pontif.</span> <span class='ocrx_word' id='word_1_510' title='bbox 1712 2624 1747 2651; x_wconf 63' lang='lat' dir='ltr'>tx,</span> <span class='ocrx_word' id='word_1_511' title='bbox 1765 2625 1830 2644; x_wconf 88' lang='lat' dir='ltr'>con-</span> 
     </span>
     <span class='ocr_line' id='line_1_97' title="bbox 1086 2661 1467 2690; baseline -0.008 0"><span class='ocrx_word' id='word_1_512' title='bbox 1086 2662 1227 2690; x_wconf 80' lang='lat' dir='ltr'>firmantur</span> <span class='ocrx_word' id='word_1_513' title='bbox 1248 2661 1467 2690; x_wconf 80' lang='lat' dir='ltr'>constitutiones.</span> 
     </span>
    </p>
   </div>
  </div>
 </body>
</html>
