2254 3225
216 224 264 251 An.
287 223 316 251 c.
335 222 402 250 ποθὶ»
448 214 513 248 Aoss

406 325 576 369 gnioribus
596 327 762 370 praedicta
777 327 962 370 magisteria
980 328 1141 360 conseran-

405 385 467 420 tur,
484 379 628 413 decrevit
642 379 869 421 definitorium,
888 381 939 414 cui
964 380 1050 413 inest
1066 381 1141 413 sub-

406 431 563 468 iectorum
588 433 674 465 clara
702 433 838 472 notitia,
862 433 901 466 ad
925 433 1012 466 dicta
1034 433 1138 475 magi-

406 484 506 518 steria
529 484 720 525 numeralia,
738 490 770 518 et
793 485 833 518 ad
857 495 911 518 sex
928 485 1002 525 alia,
1023 485 1139 528 quibus

405 538 590 582 potiebatur
614 543 708 571 antea
731 538 911 581 provincia,
937 546 1003 571 non
1027 538 1142 570 admit.-

407 591 522 625 tendos
547 601 617 624 esse
645 595 753 633 patres
778 600 859 633 quos
891 600 957 623 non
990 600 1141 633 expresse

407 648 438 676 et
451 643 639 687 specialiter
655 643 692 676 ad
710 643 932 685 magisterium
946 643 1071 676 numeri
1090 643 1143 676 de-

406 696 584 730 finitorium
610 695 828 739 postulaverit.
863 696 911 729 Ad
935 706 1031 739 quem
1063 706 1138 739 gra-

407 748 482 781 dum
499 749 607 782 nullus
629 748 842 792 postulabitur
858 759 876 781 a
894 749 1068 792 provincia,
1088 749 1140 792 qui

407 801 581 835 duodecim
599 811 757 834 annorum
777 802 1015 845 completorum
1039 802 1141 845 spatio

407 854 558 898 publicus
574 854 804 898 philosophiae
820 859 853 888 et
869 854 1054 898 theologiae
1070 865 1142 898 pro-

408 908 510 940 fessor
534 907 619 940 intra
643 907 762 940 limites
777 907 963 950 provinciae
988 918 1052 941 non
1077 913 1142 941 ste-

408 960 491 1001 terit,
514 971 634 1004 sexque
659 959 858 1003 generalium
875 966 1001 993 actuum
1022 961 1141 1004 praesi-

988 226 1165 250 ssurmmmi
1190 226 1344 250 nonaxon
1359 221 1387 263 'V
1410 246 1415 260 ξ

406 277 472 305 toto
496 272 552 305 fiat
574 269 721 306 iustitiae
738 265 857 317 ri‘gbre,
875 278 906 307 et
929 273 1081 307 subiectis
1099 274 1141 307 di·
1159 274 1161 284 '

1183 285 1294 307 vacare
1313 274 1487 318 contigerit
1503 262 1668 309 numerale
1686 276 1917 319 magisterium,

1182 326 1370 369 magistrum
1396 326 1571 360 constituat
1593 339 1693 361 unum
1718 339 1755 361 ex
1781 329 1917 370 duobus,

1182 380 1231 411 vel
1257 380 1370 420 tribus,
1386 386 1416 413 et
1441 391 1506 414 non
1531 381 1679 424 amplius,
1697 392 1715 414 a
1732 382 1918 416 definitorio

1181 432 1419 475 proponendis,
1448 439 1610 477 tamquam
1635 435 1784 468 omnibus
1809 436 1919 479 requi-

1183 484 1252 517 sitis
1275 485 1538 519 instructioribus
1555 492 1586 519 et
1607 487 1820 530 dignioribus,
1838 489 1918 532 quin

1182 542 1276 580 pater
1295 538 1585 571 reverendissimus
1611 539 1752 573 existens
1772 541 1820 574 vel
1839 542 1918 574 exti-

1182 594 1270 622 turus
1289 591 1391 633 possit
1405 590 1550 633 obligare
1567 592 1778 635 provinciam,
1792 599 1827 627 ut
1846 595 1919 638 plu-

1183 652 1235 674 res
1259 642 1341 677 alios
1364 648 1525 686 proponat
1545 653 1640 687 quam
1658 644 1740 685 illos,
1759 656 1840 688 quos
1859 657 1918 690 pro

1182 695 1285 737 prima
1318 696 1384 728 vice
1418 696 1457 729 ad
1490 697 1712 740 magisterium
1749 701 1917 733 numerale

1183 748 1368 790 postulavit.
1395 748 1494 787 Quem
1531 756 1636 784 tamen
1668 752 1818 786 ordinem
1842 764 1914 787 ser-

1183 801 1323 834 vandum
1337 807 1431 844 rogat
1447 812 1511 835 non
1528 803 1633 836 solum
1651 804 1685 837 in
1702 805 1831 839 noviter
1846 817 1917 840 con·

1183 854 1281 886 cessis
1297 854 1504 897 magisteriis,
1524 856 1580 888 sed
1597 857 1692 890 etiam
1713 857 1746 890 in
1766 859 1917 903 antiquis,

1184 916 1264 949 quae
1283 907 1416 950 pacifice
1436 908 1580 951 possidet
1595 910 1774 952 provincia.
1796 911 1916 950 Quibus

1183 960 1422 993 conditionibus
1435 971 1451 994 a
1465 967 1556 1004 patre
1576 964 1851 998 reverendissimo
1866 966 1918 998 be·

406 1013 487 1046 dens
511 1018 705 1056 agnoscatur
718 1041 725 1054 ,
751 1023 787 1045 ex
819 1013 937 1056 quibus
961 1014 1142 1046 conclusio·
1158 991 1163 1035 i
1184 1011 1282 1054 nigne
1296 1012 1456 1053 admissis,
1471 1014 1572 1056 gratia
1586 1015 1778 1049 sanctissimi
1795 1017 1919 1052 domini

406 1077 484 1099 num
509 1065 655 1107 actibus,
676 1066 714 1099 ad
736 1065 842 1099 minus
863 1066 1005 1109 quinque
1030 1076 1141 1099 sacrae
1161 1077 1163 1111 ᾗ
1183 1065 1307 1104 nostri,
1333 1070 1364 1098 et
1394 1076 1461 1098 non
1495 1067 1591 1100 aliter
1616 1068 1678 1110 (ob
1714 1068 1919 1104 incommoda

406 1119 592 1162 theologiae
611 1128 683 1152 esse
705 1118 883 1151 debebunt.
902 1118 940 1151 Et
958 1128 998 1151 ne
1018 1119 1143 1162 dispen-
1161 1112 1163 1137 ³
1184 1117 1290 1159 gravia
1306 1118 1381 1151 inde
1402 1119 1522 1162 absque
1548 1120 1645 1154 dubio
1663 1121 1695 1154 in
1719 1128 1830 1165 pacem
1847 1128 1918 1166 pro-

407 1172 552 1206 sationes
568 1199 576 1213 ,
603 1183 703 1216 quas,
728 1176 764 1204 ut
787 1172 954 1205 obtineant
977 1173 1142 1215 praedicta

407 1225 605 1269 magisteria,
619 1231 726 1268 patres
744 1226 849 1258 solent
865 1225 1042 1268 acquirere,
1058 1236 1142 1260 eme-

406 1280 543 1313 ritorum
572 1279 621 1312 ius
647 1284 847 1321 enervantes,
870 1280 1046 1312 sortiantur
1067 1280 1141 1313 etl'e-

406 1338 502 1374 ctum,
512 1332 659 1366 decernit
672 1331 888 1367 definitorium
898 1333 980 1376 patri
996 1343 1142 1366 reveren-

407 1385 537 1419 dissimo
569 1384 840 1428 supplicationem
870 1395 937 1418 esse
962 1385 1140 1420 faciendam

406 1448 423 1472 a
442 1448 655 1482 quacumque,
673 1447 767 1480 quam
792 1448 848 1471 sua
870 1438 1140 1472 reverendissima

406 1492 492 1525 circa
508 1491 571 1524 hoc
589 1490 777 1534 expedierit,
800 1491 1058 1534 dispensatione,
1084 1502 1137 1533 ne,

406 1545 461 1589 qui
485 1544 685 1589 praedictum
723 1545 897 1578 lectoratus
931 1550 1057 1588 tempus
1086 1545 1140 1578 im-

404 1596 574 1642 pleverint,
601 1597 830 1641 dignioresque
856 1598 1069 1639 inveniantur,
1096 1598 1140 1630 iu-

405 1651 574 1692 nioribus,
599 1651 653 1695 qui
680 1656 807 1695 tempus
831 1662 897 1684 non
923 1652 1137 1695 expleverint,

404 1710 648 1748 postponantur,
674 1713 710 1737 ex
738 1714 801 1747 quo
830 1705 936 1737 solent
971 1706 1139 1748 quamplu—

403 1757 484 1790 rima
509 1757 624 1790 damna
652 1756 764 1797 nasci,
799 1757 1023 1801 plurimaeque
1048 1758 1135 1791 sedi-

405 1809 509 1843 tiones
532 1810 621 1843 oriri.
648 1810 767 1843 Statuit
798 1810 884 1844 idem
910 1810 1136 1851 definitorium,

404 1862 599 1906 praedictam
645 1863 897 1905 postulationem
934 1864 972 1897 ad
1012 1865 1137 1898 numeri

403 1915 590 1958 magisteria
613 1917 796 1948 nullatenus
820 1915 1033 1956 efficiendam,
1064 1926 1138 1959 quo-

403 1978 508 2012 usque
539 1968 670 2012 aliquod
703 1979 738 2001 ex
765 1969 939 2012 praedictis
976 1969 1138 2002 vacaverit

403 2022 646 2065 magisterium3
674 2031 755 2065 quae
789 2026 892 2054 tamen
923 2022 1096 2064 postulatio
1120 2033 1137 2055 a

403 2074 586 2108 definitorio
609 2073 722 2118 plena¹
748 2074 897 2107 facienda
922 2079 991 2115 est,
1023 2080 1053 2107 et
1078 2084 1136 2118 pro

403 2128 554 2161 subiectis
580 2128 767 2161 earumdem
791 2127 1036 2170 partialitatum,
1064 2137 1137 2170 qua-

402 2190 472 2213 rum
498 2186 589 2213 erant
610 2181 845 2224 praecedentes
859 2185 966 2223 patres
991 2181 1135 2222 magistri

402 2235 467 2267 vita
492 2233 604 2267 suncti.
631 2233 669 2266 Et
694 2233 842 2273 taudem,
870 2238 906 2265 ut
930 2232 1135 2275 magisterio-

402 2298 473 2321 rum
497 2286 638 2331 provisio
669 2286 787 2319 reetius
822 2285 877 2318 fiat
901 2296 938 2318 ex
964 2285 1135 2319 duodecim

402 2339 621 2374 numeralibus
646 2337 848 2381 magisteriis
868 2338 984 2382 quibus
1007 2339 1135 2382 provin-

402 2394 452 2428 via
468 2394 623 2436 fungitur,
641 2403 676 2426 ex
699 2391 816 2435 quibus
832 2396 906 2424 sunt
923 2402 977 2424 sex
995 2392 1132 2435 antiqua,

402 2453 435 2480 et
447 2446 573 2480 noviter
589 2454 740 2478 concessa
758 2455 821 2485 aex,
844 2443 1063 2477 definitor-ium
1080 2455 1134 2488 pa-

402 2506 483 2534 trem
496 2498 801 2533 reverendissimum
816 2497 1006 2529 existentem
1024 2502 1055 2529 et
1074 2508 1132 2540 pro

400 2558 546 2598 tempore
572 2551 746 2585 extiturum
770 2554 901 2590 exorat,
928 2555 974 2590 ut,
1003 2550 1132 2593 quando

434 2616 447 2643 1
465 2615 575 2642 Videtur
589 2613 732 2650 legendum
745 2613 828 2649 pleno
846 2611 884 2640 vel
902 2612 989 2647 plane
1004 2612 1042 2640 tr..
1063 2612 1111 2646 T.).

1184 1170 1306 1203 vinciae
1333 1172 1583 1215 progignenda),
1603 1174 1795 1215 admittitur,
1814 1176 1858 1208 ita
1877 1182 1919 1208 ta-

1184 1223 1282 1263 liter¹‚
1298 1225 1394 1266 quod,
1409 1225 1435 1257 si
1452 1231 1546 1268 pater
1561 1227 1848 1261 reverendissimus
1859 1229 1918 1261 has

1183 1276 1387 1310 conditiones
1404 1278 1549 1311 renuerit
1574 1285 1754 1322 acceptare,
1774 1280 1918 1314 decernit

1184 1329 1404 1363 definitorium
1424 1331 1464 1363 ad
1484 1331 1727 1365 Sanctissimum
1747 1344 1918 1367 recurren-

1182 1382 1267 1422 dum,
1287 1384 1379 1416 enixe
1402 1394 1521 1427 rogans
1539 1391 1573 1418 ut
1590 1386 1690 1419 Breve
1715 1387 1917 1429 praedictum

1182 1436 1302 1469 nullius
1337 1436 1377 1469 sit
1413 1437 1561 1478 roboris,
1586 1438 1746 1471 efficaciae
1770 1440 1915 1480 nullius·,

1181 1487 1205 1521 si
1224 1495 1333 1521 autem
1356 1495 1451 1533 pater
1474 1491 1764 1525 reverendissimus
1791 1494 1917 1536 praedi-

1181 1547 1246 1575 ctas
1267 1543 1426 1585 approbat
1442 1543 1655 1585 conditiones,
1677 1545 1789 1577 statuit
1805 1545 1917 1580 defini-

1181 1595 1299 1628 torium
1325 1596 1562 1630 sanctissimum
1582 1597 1749 1630 dominum
1771 1605 1916 1632 nostrum

1181 1649 1388 1690 exorandum,
1406 1655 1441 1682 ut
1465 1650 1634 1694 dispositio
1659 1652 1740 1685 haec
1764 1654 1822 1686 sua
1845 1662 1916 1686 con-

1180 1701 1360 1735 firmatione
1372 1702 1496 1735 stabilis
1509 1710 1703 1746 perseveret,
1718 1705 1810 1738 simul
1825 1716 1915 1749 prae·

1180 1753 1325 1797 cipiens,
1347 1756 1433 1798 quod
1460 1765 1497 1788 ex
1523 1756 1694 1789 duodecim
1719 1758 1914 1800 magisteriis

1180 1808 1402 1841 numeralibus
1421 1808 1458 1841 ad
1481 1809 1708 1852 partialitatem
1726 1811 1913 1853 provinciae

1179 1865 1251 1892 octo
1277 1860 1469 1902 pertineant,
1489 1861 1550 1894 duo
1569 1862 1607 1893 ad
1628 1862 1863 1905 IIispalensem,
1882 1869 1913 1896 et

1179 1912 1240 1944 alia
1258 1923 1339 1955 quae
1356 1918 1530 1956 supersunt
1550 1913 1614 1946 duo
1630 1914 1668 1947 ad
1686 1915 1912 1958 partialitatem

1178 1964 1427 1998 E=.t·1·emadu1·ac
1446 1977 1476 1998 ν.

1221 2017 1258 2050 Et
1293 2018 1429 2051 subinde
1465 2019 1571 2052 dictus
1608 2019 1692 2053 tilius
1724 2020 1912 2064 Fulgentius

1177 2071 1357 2104 Travalloni
1382 2072 1472 2115 prior
1496 2074 1658 2115 generalis
1682 2074 1759 2106 dicti
1783 2074 1911 2109 Ordinis

1178 2135 1269 2157 suum
1295 2125 1413 2168 pariter
1439 2125 1604 2159 decretum
1629 2135 1728 2169 super
1750 2128 1910 2171 praemis-

1176 2178 1219 2211 sis
1255 2178 1356 2211 edidit
1388 2179 1508 2212 tcnoris
1543 2179 1732 2223 sequentis,
1766 2191 1908 2225 nempe:

1182 2244 1195 2263 α
1220 2231 1377 2274 Mayister
1413 2231 1516 2274 frater
1546 2231 1741 2275 Fulgentius
1779 2233 1911 2267 Trai-al-

1178 2284 1289 2317 Ionia
1312 2283 1420 2317 Monte
1452 2283 1572 2327 Elparo
1605 2284 1784 2329 Georyinas
1815 2288 1910 2320 totius

1178 2336 1311 2371 Ordinis
1332 2337 1469 2380 fratrum
1486 2336 1709 2371 Eremitarum
1724 2340 1830 2372 sancti
1850 2351 1910 2383 pa-

1177 2391 1236 2423 tris
1265 2389 1370 2423 nostri
1398 2389 1581 2433 Auyustini
1608 2391 1702 2433 prior
1732 2393 1907 2434 yeneralis.

1175 2443 1330 2487 inspectis
1347 2443 1567 2487 retroscriptis
1581 2444 1658 2476 actis
1677 2445 1908 2488 capitularibus

1174 2502 1300 2529 nostrae
1323 2495 1509 2540 provinciae
1536 2496 1693 2537 Baeticae,
1713 2508 1751 2531 ac
1770 2498 1809 2531 de
1832 2509 1908 2532 con-

1174 2550 1246 2583 silio
1271 2549 1443 2582 admodum
1475 2550 1823 2584 reverendissimorum
1852 2563 1907 2595 pa-

1210 2614 1221 2638 ¹
1240 2611 1337 2639 Forsan
1353 2614 1447 2640 [anien
1462 2620 1511 2647 pro
1528 2612 1626 2640 taliter
1641 2612 1784 2648 legendum
1800 2615 1839 2650 (a.
1855 2614 1903 2650 τ.).

1925 229 1973 255 ltu.
1995 230 2023 256 C.
2046 231 2108 257 tlJ'!

1994 2032 2104 2054 Decretum

1888 2077 1894 2081 ,
1923 2060 1999 2083 prioris
2018 2066 2104 2086 genera-

1923 2086 1955 2106 tis.
