2254 3225
194 231 241 255 An.
259 229 285 254 c.
311 228 377 256 1093
423 219 486 254 508

215 395 334 424 llrputatio,
344 395 373 414 iu-

192 430 195 439 ι
209 429 219 440 ιν
230 428 253 444 ts,
268 424 289 441 ut
305 427 325 441 tu
341 427 374 441 ru·
402 437 407 442 .

190 448 259 468 birca.

593 277 780 305 Venerabilis
801 278 905 311 frater,

419 322 549 349 salutem
570 325 600 350 et
621 323 816 356 apostolicam
835 322 1084 351 benedictionem.

428 379 494 427 §L
522 384 560 417 Ut
586 395 634 424 ea,
659 385 789 427 quaein
816 384 1000 418 visitatione
1017 385 1120 417 eccle-

383 447 502 469 siarum
521 439 623 470 almae
650 437 741 470 Urbis
764 444 891 471 nostrae
906 449 922 471 a
940 437 1045 478 nobis,
1063 447 1119 469 seu

383 489 415 522 S.
432 489 469 523 R.
487 489 522 522 E.
542 490 760 523 cardinalibus
778 491 809 522 in
827 490 990 523 adiutores
1014 489 1121 522 visita-

384 541 481 575 tionis
499 543 685 576 huiusmodi
708 554 766 586 per
789 554 848 576 nos
865 543 1049 586 specialiter
1072 553 1120 575 as-

384 596 529 639 sumptis,
544 596 717 629 salubriter
730 597 861 629 dccrcta
875 601 980 635 erunt,
994 595 1119 628 debitae

385 649 569 681 executioni
599 648 838 692 quamprimum
868 648 1118 690 demandentur,

384 706 417 734 et
440 702 689 741 controversiae,
709 701 793 734 illius
819 701 1007 741 occasione,
1032 711 1120 744 prae·
1139 717 1141 722 ·

382 753 494 786 sertim
508 754 591 787 inter
604 765 761 797 personas
781 754 1024 794 ecclesiasticas,
1040 764 1119 797 quas

383 806 487 839 litium
520 807 698 850 dispendiis
724 818 741 840 a
764 807 820 840 Dei
846 807 978 840 servitio
996 807 1118 840 avocari

382 859 514 892 minime
529 860 631 899 decet,
646 861 683 893 ad
698 865 843 893 nostram
860 860 1055 893 audientiam
1071 860 1120 893 de-

383 912 561 953 ducendae,
588 913 779 955 quantocius
806 914 1045 952 terminentur,
1071 918 1118 953 te,

383 965 423 998 de
441 966 532 998 cuius
553 965 713 1008 probitate
732 971 763 998 et
781 966 927 999 doctrina
945 966 1121 1008 plurimum

381 1017 415 1050 in
426 1017 564 1050 Domino
579 1018 783 1058 confidimus,
796 1018 934 1050 iudicem
952 1028 1120 1050 causarum

383 1075 415 1103 et
440 1076 645 1103 executorem
681 1072 890 1104 decretorum
928 1071 1120 1104 visitationis

382 1123 555 1166 praefatae,
574 1125 764 1157 auctoritate
790 1125 979 1167 apostolica,
1007 1130 1120 1157 tenore

381 1176 611 1219 praesentium,
624 1177 850 1210 constituin‘ius
869 1183 900 1210 et
918 1178 1119 1221 deputamus,

383 1229 496 1262 dantes
511 1230 566 1264 tibi
582 1231 710 1272 plenam
726 1235 757 1263 et
771 1230 904 1263 liberam
926 1231 1120 1272 facultatem,

382 1293 465 1325 quae
491 1293 508 1314 a
533 1283 624 1315 nobis
651 1287 682 1315 et
707 1283 925 1316 cardinalibus
946 1283 1120 1326 praedictis

382 1335 415 1368 in
442 1335 553 1369 cadem
578 1335 759 1368 visitatione
785 1336 927 1375 decreta,
955 1342 1073 1369 statuta
1090 1342 1122 1369 et

382 1388 533 1421 ordinata
558 1393 662 1428 erunt,
689 1389 803 1431 exequi
830 1394 861 1422 et
886 1390 1052 1422 observari
1077 1390 1122 1423 sa-

382 1440 500 1481 ciendi,
519 1446 633 1473 contra
654 1441 882 1474 inobedientes
902 1448 934 1475 et
952 1443 1122 1485 negligen-

383 1497 441 1533 tes,
467 1504 596 1526 necnon
629 1494 860 1537 cuiuscumque
891 1495 1037 1528 criminis
1070 1506 1122 1528 oc-

383 1545 512 1579 casione
539 1546 643 1580 dictae
670 1547 860 1580 visitationis
886 1548 1028 1582 detectos
1048 1559 1120 1581 reos

383 1603 415 1631 et
441 1599 677 1642 delinquentes,
704 1611 879 1644 eorumque
898 1601 1074 1644 complices
1092 1606 1123 1634 et

383 1653 536 1694 fautores,
556 1653 784 1697 cuiuscumque
810 1660 920 1695 status,
943 1655 1121 1697 dignitatis,

382 1706 507 1739 ordinis
534 1712 564 1739 et
589 1707 784 1740 conditionis
802 1708 932 1747 suerint,
956 1719 1014 1751 per
1037 1709 1121 1741 viam

382 1759 616 1799 accusationis,
639 1761 792 1802 querelae
816 1761 867 1793 vel
899 1761 1122 1794 denunciatio-

382 1811 445 1852 nis,
474 1812 569 1844 ctiam
596 1812 790 1853 summarie,
818 1813 1009 1856 simpliciter
1030 1814 1120 1847 etde

381 1865 489 1906 plano,
505 1864 573 1897 sinc
589 1865 728 1907 strepitu
747 1871 778 1898 et
797 1865 901 1908 figura
915 1866 1034 1905 iudicii,
1053 1868 1122 1900 sola

382 1916 454 1950 facti
496 1917 631 1950 veritate
661 1918 828 1961 inspecta,
864 1919 1053 1962 inquirendi
1090 1926 1122 1953 et

380 1970 592 2013 procedendi,
618 1981 776 2014 reosque,
817 1977 914 2015 prout
947 1974 1120 2006 canonicae

380 2022 553 2066 requirunt
570 2024 768 2065 sanctiones,
789 2029 821 2057 et
838 2025 917 2057 alias
935 2032 1044 2059 nostro
1065 2038 1120 2059 scu

384 2076 571 2110 eorumdem
582 2076 792 2109 cardinalium
807 2077 1119 2121 arbitriopuniendi3

382 2138 418 2161 ae
445 2135 506 2162 tam
539 2138 638 2172 super
672 2130 860 2172 praemissis
893 2141 988 2173 quain
1025 2132 1121 2164 ctiam

381 2181 461 2214 alias
488 2191 708 2225 quascumque
732 2182 764 2216 in
790 2184 902 2216 eadem
927 2183 1122 2225 visitatione,

382 2239 435 2267 aut
470 2234 566 2267 etiam
598 2241 713 2276 antea,
741 2246 800 2278 per
830 2246 889 2270 nos
924 2242 1030 2270 tamen
1063 2237 1120 2270 tibi

382 2286 477 2319 etiam
495 2287 619 2329 absque
639 2288 774 2330 speciali
794 2289 1022 2323 commissione
1040 2300 1122 2323 com-

380 2339 556 2374 mittendas
582 2349 692 2374 causas
717 2342 963 2383 ecclesiasticas,
985 2344 1033 2377 vel
1052 2354 1121 2386 pro·

381 2392 496 2430 sanas.
522 2394 631 2427 civiles
648 2419 656 2433 ,
682 2394 868 2429 criminales
885 2422 892 2436 ,
920 2402 972 2429 aut
1009 2397 1120 2430 mixtas

380 2445 467 2479 inter
492 2446 646 2487 capitula,
666 2453 853 2488 conventus,
879 2449 1029 2490 collegia,
1053 2448 1122 2480 uni-

379 2497 560 2540 versitates,
585 2499 881 2541 confraternitates,
900 2500 1120 2534 arcliiconfra-

381 2551 576 2593 ternitates,
612 2562 789 2596 eorumque
831 2553 1044 2596 superiores,
1085 2564 1121 2587 ac

381 2604 566 2649 singulares
596 2615 754 2649 personas
784 2606 1017 2640 ecclesiasticas
1046 2617 1117 2640 sae-

964 229 1145 254 BULLARIUM
1168 229 1323 254 ROMANWJ

1161 279 1296 317 culares,
1317 277 1364 310 rel
1383 275 1520 309 cuiusvis
1544 275 1684 316 Ordinis,
1698 275 1793 319 etiam
1817 273 1899 307 Men-

1162 329 1348 369 dicantium,
1376 330 1562 372 regulares,
1600 329 1696 362 etiam
1721 331 1897 371 exemptas,

1162 388 1194 415 et
1217 384 1329 426 quovis
1354 382 1524 426 privilegio
1542 383 1592 415 vel
1610 382 1811 414 immunitate
1834 379 1898 413 suf-

1162 436 1268 475 fultas,
1294 436 1391 469 etiam
1415 435 1507 468 nobis
1532 441 1564 468 et
1587 434 1794 477 Apostolicac
1822 433 1896 467 Scdi

1161 488 1348 521 immediate
1373 488 1558 528 subiectas,
1593 497 1650 520 seu
1687 487 1782 520 etiam
1815 486 1899 519 inter

1162 541 1261 573 laicos
1286 546 1389 574 motas
1416 546 1447 573 et
1471 540 1663 580 movendas,
1690 549 1763 573 cum
1788 549 1898 572 earum

1162 593 1313 626 omnibus
1347 593 1588 634 incidentibus,
1627 592 1871 635 emergentibus
1891 618 1898 631 ,

1161 646 1294 678 annexis
1320 651 1352 678 et
1376 646 1540 686 connexis,
1560 645 1655 679 etiam
1675 644 1849 679 summarie
1868 649 1900 677 et

1162 698 1350 741 simpliciter
1374 704 1405 731 et
1430 699 1468 731 de
1500 699 1608 741 plano,
1636 704 1667 731 et
1700 698 1778 731 alias
1802 703 1900 741 prout

1162 751 1365 793 praefertur,
1393 751 1539 784 terminis
1568 750 1836 784 substantialibus
1865 760 1900 782 u-

1162 805 1234 838 nico
1260 809 1413 838 contextu
1445 804 1494 837 vel
1527 804 1623 837 etiam
1652 813 1716 837 non
1742 802 1897 843 servatis,

1162 858 1219 890 sed
1244 857 1375 891 illorum
1401 858 1471 891 loco
1505 857 1645 901 praefixo
1679 856 1819 890 termino
1854 865 1900 889 ar-

1162 910 1258 943 bitrio
1289 916 1365 951 tuo,
1392 916 1423 944 et
1448 911 1487 943 de
1525 910 1670 943 ciusdem
1707 909 1900 943 visitationis

1162 963 1325 1003 mandato,
1340 963 1557 1006 procedendi,
1583 962 1750 1003 audiendi,
1777 972 1813 995 ac
1836 961 1900 996 sine

1163 1016 1273 1049 debito
1298 1016 1509 1056 terminandi,
1538 1022 1570 1049 et
1595 1016 1633 1049 ad
1660 1016 1755 1055 lumc,
1777 1021 1899 1048 cetero-

1162 1079 1297 1111 rumque
1322 1069 1581 1112 contingentium
1616 1067 1775 1109 effectum,
1805 1078 1899 1112 quos-

1163 1133 1317 1166 cumque,
1342 1123 1436 1156 etiam
1469 1133 1528 1166 per
1553 1123 1691 1156 edictum
1718 1123 1900 1166 publicum,

1163 1176 1303 1209 constito
1321 1177 1492 1210 summarie
1507 1182 1539 1210 et
1559 1177 1843 1210 extraiudicialiter
1861 1176 1901 1210 dc

1163 1240 1229 1262 non
1256 1235 1323 1262 tuto
1350 1240 1494 1270 accessu,
1519 1229 1638 1263 citandi
1664 1235 1696 1263 et
1719 1230 1874 1263 monendi
1892 1256 1900 1271 ,

1164 1282 1284 1325 eisque,
1311 1294 1346 1315 ac
1364 1282 1528 1326 quibusvis
1546 1283 1704 1316 iudicibus
1730 1289 1762 1316 et
1785 1283 1901 1316 ceteris

1163 1335 1318 1378 personis,
1345 1335 1463 1378 quibus
1488 1341 1520 1368 et
1545 1337 1671 1378 quoties
1692 1347 1773 1379 opus
1795 1336 1902 1375 fuerit,

1164 1388 1259 1420 etiam
1284 1398 1342 1430 per
1366 1388 1471 1421 simile
1497 1389 1649 1428 edictum,
1669 1400 1705 1421 ac
1728 1389 1823 1422 etiam
1841 1388 1900 1421 sub

1164 1441 1307 1474 censuris
1332 1446 1363 1474 et
1381 1441 1496 1484 poenis
1515 1441 1756 1482 ecclesiasticis,
1772 1451 1899 1474 necnon

1164 1495 1309 1537 pecuniis
1327 1499 1380 1527 tuo
1403 1494 1535 1527 arbitrio
1559 1495 1766 1528 moderandis
1788 1500 1819 1529 et
1835 1505 1900 1527 am-

1164 1547 1314 1590 pliandis,
1341 1547 1528 1588 inliibcndi;
1544 1553 1656 1580 contra
1673 1548 1900 1581 inobedientes

1164 1611 1388 1643 quoscumque
1421 1611 1574 1633 censuras
1611 1606 1642 1634 et
1665 1611 1789 1644 poenas
1814 1601 1900 1644 ipsas

1165 1653 1260 1686 etiam
1286 1653 1409 1686 iteratis
1436 1654 1558 1686 iicibus
1584 1654 1790 1696 aggravandi,
1818 1654 1902 1686 auxi-

1164 1706 1308 1749 liumque
1336 1707 1461 1739 brachii
1498 1707 1672 1740 saecularis
1703 1707 1900 1748 invocandi,

1165 1760 1323 1799 mandata,
1350 1760 1608 1802 prohibitiones,
1633 1760 1846 1793 inhibitiones
1871 1765 1903 1793 ct

1165 1812 1354 1852 monitoria,
1380 1813 1474 1845 etiam
1500 1813 1560 1845 sub
1585 1813 1731 1846 censuris
1765 1819 1797 1847 et
1831 1813 1903 1846 aliis

1165 1866 1280 1909 poenis
1305 1866 1489 1909 praedictis,
1511 1867 1693 1909 ceterisque
1722 1866 1780 1899 tibi
1803 1867 1903 1900 bene-

1165 1919 1238 1951 visis
1262 1919 1426 1959 remediis,
1452 1919 1540 1952 omni
1566 1926 1597 1953 et
1621 1930 1824 1964 quacumque
1852 1930 1903 1963 ap-

1165 1973 1339 2015 pellatione
1355 1972 1544 2015 postposita,
1558 1973 1764 2013 decernendi,
1780 1973 1903 2006 omnia-

1165 2036 1227 2068 que
1253 2025 1286 2057 in
1302 2024 1488 2068 praemissis
1510 2030 1540 2058 et
1560 2025 1644 2058 circa
1665 2036 1702 2059 ea
1721 2027 1902 2059 necessaria

1165 2082 1197 2110 et
1232 2077 1483 2120 quomodolibet
1520 2084 1706 2121 opportuna
1742 2078 1902 2115 faciendi.

1164 2130 1339 2163 mandandi
1366 2136 1396 2163 et
1421 2132 1616 2174 exequendi,
1635 2131 1729 2164 etiam
1750 2141 1831 2174 quae
1849 2141 1903 2164 ex-

1164 2183 1368 2226 pressionem
1383 2183 1588 2226 requirerent
1601 2184 1702 2226 magis
1717 2184 1903 2226 specialem,

1165 2240 1198 2269 et
1221 2235 1279 2269 sub
1305 2235 1449 2278 generali
1481 2235 1693 2269 concessione
1718 2246 1784 2269 non
1815 2237 1905 2269 veni-

1165 2293 1252 2329 rent,
1288 2288 1461 2322 duinmodo
1497 2289 1689 2322 inconsultis
1724 2289 1817 2322 nobis
1849 2294 1904 2322 aut

1165 2342 1385 2376 cardinalibus
1409 2342 1574 2386 praetatis,
1593 2348 1624 2375 ct
1644 2342 1705 2375 nisi
1731 2342 1770 2376 de
1788 2353 1902 2376 eorum

1165 2401 1238 2428 voto
1265 2395 1297 2428 iu
1323 2395 1431 2438 aliquo
1457 2395 1707 2438 praemissorum
1736 2406 1802 2429 non
1827 2406 1902 2439 pro-

1164 2449 1270 2487 cedas,
1298 2459 1357 2481 nec
1383 2448 1576 2481 seutentiam
1604 2448 1702 2489 feras,
1739 2454 1793 2482 aut
1816 2449 1891 2492 quic

1165 2512 1260 2544 quam
1288 2501 1477 2545 exequaris,
1503 2511 1562 2534 uec
1589 2507 1617 2535 te
1644 2502 1676 2535 in
1699 2502 1816 2546 {aliquo
1848 2503 1902 2535 im-

1164 2554 1313 2587 misceas.

1209 2608 1223 2650 {
1248 2606 1277 2639 ΕΖ.
1301 2606 1369 2640 Non
1389 2607 1592 2640 obstantibus
1615 2608 1901 2643 constitutionibus
1938 2612 2058 2636 mansurae.

1905 227 1958 253 An.
1972 226 2001 254 C.
2022 225 2089 254 1693

2236 474 2254 626 amrb-
