2254 3225
230 253 276 279 tn.
295 250 321 277 C.
347 249 412 277 1608

459 240 522 275 848

422 298 680 344 privilegiorum,
707 298 773 332 sive
811 298 919 342 quoad
957 297 1165 342 gubernium,

422 357 476 386 aut
491 350 579 393 alias,
592 352 714 386 directe
734 353 781 386 vel
797 352 966 393 indirecte,
982 353 1166 385 nullatenus

422 417 567 450 unquam
583 406 804 450 spectassenr,
817 417 876 439 nec
888 407 974 439 ullus
993 405 1166 448 religiosus

423 471 460 494 ex
487 459 644 494 ν11111111151ἶ
669 459 856 492 huiusmodi
890 459 929 492 ad
955 459 1165 502 supradictae

423 513 606 558 provinciae
632 513 901 556 provincialatum
927 522 985 555 pro
1004 512 1088 544 dicta
1109 522 1164 544 na-

425 567 514 600 tione
534 567 694 605 Montana,
714 577 731 598 a
758 571 904 608 tempore
931 575 993 608 quo
1012 574 1166 607 praenar-

425 626 494 654 rata
512 620 701 653 alternativa
717 619 748 651 in
764 628 845 658 cam,
859 624 893 650 ut
907 618 1105 661 praefertur,
1122 616 1165 649 in-

426 674 573 708 troducta
591 673 709 712 suerat,
730 672 825 705 etiam
844 676 1021 714 antequam
1041 670 1163 703 dictum

426 727 592 761 decretum
614 725 870 769 praedictaeque
885 723 1060 758 Clementis
1077 733 1167 767 prae-

426 780 610 814 decessoris
651 779 778 812 litterae
810 778 896 811 illius
922 776 1164 811 confirmativae

425 838 642 873 emanassent,
662 843 805 876 unquam
831 836 1014 875 assumptus
1039 830 1164 873 suisset)

425 888 458 921 in
483 887 628 931 proxime
661 887 769 919 futuro
806 885 952 918 eiusdem
978 884 1165 927 provinciae

426 941 569 985 capitulo
594 939 796 984 provinciali,
818 939 849 971 in
868 949 933 982 quo
959 939 1047 971 iuxta
1072 939 1166 970 alter—

424 994 564 1027 nativam
584 992 770 1026 huiusmodi
793 991 941 1024 minister
958 990 1167 1034 provincialis

426 1059 462 1081 ex
489 1047 632 1091 praefata
665 1046 795 1079 natione
825 1045 975 1078 Montana
1008 1044 1085 1087 eligi
1112 1044 1168 1077 de-

424 1102 532 1140 bebat,
557 1102 648 1135 illum
674 1111 709 1133 ex
738 1101 889 1132 montana
916 1099 998 1132 valle
1031 1099 1070 1132 de
1102 1097 1167 1131 So-

424 1160 594 1194 morostro,
632 1158 686 1186 aut
718 1164 754 1186 ex
792 1152 854 1186 alia
886 1153 926 1186 de
963 1152 1101 1185 vallibus
1128 1151 1167 1184 ad

425 1208 627 1253 praedictam
658 1207 823 1240 nationem
860 1207 899 1240 de
925 1206 1056 1250 Bizcaya
1088 1216 1164 1249 spe-

426 1262 610 1302 ctantibus,
637 1261 759 1304 eligere
800 1260 1041 1300 intendebant;
1069 1265 1100 1292 et
1135 1258 1167 1291 in

427 1316 541 1349 eadem
567 1314 770 1359 expositione
799 1314 984 1355 subiuncto,
1013 1314 1100 1357 quod
1126 1313 1167 1353 id,

427 1369 451 1401 si
472 1368 541 1402 fieri
560 1368 754 1411 contigeret,
771 1378 835 1400 11011
858 1367 945 1400 aliud
962 1368 1054 1407 soret,
1073 1377 1168 1410 quam

429 1422 547 1455 dictam
584 1421 810 1454 alternativam
848 1421 1022 1460 invertere,
1059 1420 1168 1463 sicque

429 1475 480 1508 ius
507 1475 641 1508 alterius
673 1473 815 1506 nationis
840 1484 1012 1516 usurpare,
1036 1484 1071 1506 ac
1097 1473 1170 1506 lites

430 1528 462 1561 in
489 1527 713 1571 gravissimum
740 1527 827 1570 pacis
846 1527 878 1559 in
901 1527 984 1559 dicta
1002 1525 1171 1570 provincia

429 1581 566 1625 vigentis
579 1580 815 1625 praeiudicium
830 1580 980 1620 excitare,
995 1585 1093 1623 atque
1108 1580 1172 1612 hoc

430 1635 536 1680 ipsum
554 1635 586 1667 in
605 1639 827 1678 contemptum
852 1633 1094 1678 praedictorum
1116 1633 1172 1666 de-

431 1689 511 1723 creti
546 1694 578 1722 et
610 1688 789 1722 litterarum
815 1698 984 1721 cessurum
1006 1692 1110 1728 esset;
1137 1698 1172 1720 ac

430 1747 605 1786 propterea
623 1752 682 1785 pro
700 1747 794 1785 parte
813 1741 887 1774 dicti
910 1741 1038 1785 losephi
1065 1741 1170 1774 cidem

431 1795 681 1838 Congrcgationi
722 1795 936 1828 cardinalium
964 1794 1169 1838 supplicato,

430 1855 474 1890 ut,
495 1861 558 1893 quo
573 1849 879 1882 inconvenientibus
900 1849 1088 1882 huiusmodi
1107 1860 1172 1881 ma-

431 1909 501 1936 ture
523 1902 648 1936 occurri
666 1908 786 1946 posset,
805 1902 997 1945 praecipere
1024 1902 1172 1944 dignare-

432 1963 493 1997 tur,
519 1957 577 1990 sub
603 1959 708 2000 poena
745 1956 903 1989 nullitatis
940 1955 1109 1988 electionis
1135 1966 1172 1988 00

431 2011 500 2055 ipso
527 2010 734 2049 incurrentia,
759 2020 799 2043 ne
829 2009 862 2042 in
891 2009 1038 2053 proxime
1063 2010 1171 2042 futuro

431 2063 572 2107 capitulo
597 2062 785 2106 provinciali
812 2062 988 2106 praedicto,
1008 2073 1066 2095 seu
1092 2063 1173 2095 alias

433 2118 715 2161 quandocumque,
737 2116 823 2149 ullus
849 2116 1023 2158 religiosus
1048 2126 1083 2148 cx
1110 2126 1173 2158 pa-

432 2171 580 2204 rentibus
617 2169 649 2202 in
682 2169 774 2202 dictis
806 2169 943 2202 vallibus
976 2179 1173 2212 permanens

434 2224 630 2257 domicilium
649 2234 705 2256 seu
725 2223 962 2256 habitationem
977 2223 1174 2256 habentibus

434 2285 536 2317 natus,
553 2284 584 2310 ct
600 2278 632 2310 in
651 2277 783 2310 illorum
802 2277 947 2310 ecclesiis
972 2277 1172 2320 baptizatus,

433 2332 473 2365 ad
495 2330 765 2376 provincialatum
787 2340 840 2362 seu
860 2329 963 2363 alias³
988 2330 1174 2373 praedictae

434 2384 620 2429 provinciae
653 2383 757 2416 officia
782 2383 820 2415 ad
846 2383 1045 2426 praedictam
1071 2383 1176 2416 natio-

438 2449 511 2472 nem
537 2438 722 2470 Montanam
749 2436 836 2469 iuxta
861 2437 1025 2469 decretum
1044 2441 1075 2469 et
1092 2437 1176 2470 litte-

435 2502 485 2525 ras
510 2490 696 2524 huiusmodi
723 2489 914 2534 spectantia,
936 2490 991 2522 sed
1010 2491 1113 2523 solum
1136 2490 1174 2523 ad

472 2574 482 2598 1
508 2572 580 2598 Edit.
598 2570 678 2597 Maiu.
695 2570 760 2604 legit
775 2573 925 2604 spectasset
946 2570 987 2602 (a.
1003 2575 1051 2602 T.).

470 2617 487 2643 2
506 2616 579 2643 Edit.
597 2616 676 2642 Mam.
695 2615 761 2649 tegit
777 2615 860 2641 vallis
875 2617 912 2648 (tt.
927 2616 976 2648 T.).

469 2662 486 2688 3
507 2661 603 2697 Aptius
623 2660 681 2700 lege
703 2660 765 2687 alia
786 2666 824 2694 111.
841 2662 891 2694 1.).

1008 248 1186 273 eruanimi
1212 248 1366 272 ROMAM'M

1210 308 1258 338 ea,
1279 307 1362 341 quae
1379 300 1453 330 sunt
1470 296 1574 330 dictae
1591 295 1730 329 nationis
1747 294 1786 328 de
1803 294 1947 339 Bizcaya,

1209 350 1330 394 quippe
1351 351 1390 383 ad
1409 361 1502 394 quam
1525 350 1622 383 valles
1647 348 1844 392 praedictae,
1863 348 1951 381 iuxta

1209 403 1397 437 authentica
1423 403 1614 436 documenta
1640 403 1745 436 dictae
1763 402 1951 446 Congrega-

1210 457 1287 490 tioni
1313 456 1527 490 cardinalium
1546 456 1700 496 exhibita,
1721 456 1889 500 pertinere
1904 455 1951 489 di-

1209 515 1418 552 gnoscuntur,
1445 509 1521 552 eligi
1555 520 1611 542 seu
1648 509 1770 542 assumi
1803 510 1948 543 valeret:

1209 563 1367 595 emanavit
1385 574 1401 595 a
1418 562 1586 605 praedicta
1603 562 1865 605 Congregatione
1883 573 1952 595 car-

1209 616 1365 648 dinalium
1391 616 1557 648 decretum
1584 615 1637 657 qui
1663 615 1952 658 sequitur,vidcli-

1209 674 1282 702 cet:
1325 682 1338 700 <1
1357 669 1454 702 Sacra
1478 668 1697 711 Congregatio
1730 668 1950 701 eminentissi-

1208 733 1334 756 morum
1359 727 1390 755 ct
1415 722 1762 755 reverendissimorum
1788 722 1819 755 S.
1847 722 1885 755 R.
1912 722 1948 756 E.

1209 775 1424 809 cardinalium
1443 775 1581 818 negotiis
1607 781 1639 808 et
1656 776 1951 809 consultationibus

1209 829 1438 873 episcoporum
1464 834 1495 862 et
1520 828 1722 871 regularium
1748 829 1950 872 praeposita,

1209 883 1318 917 audito
1330 889 1421 927 patre
1433 883 1658 917 commissario
1673 883 1816 925 generali
1828 882 1951 924 Curiae,

1210 937 1337 971 censuit
1372 948 1409 970 ac
1447 937 1599 977 decrevit,
1631 937 1825 970 servandum
1850 937 1953 970 Breve

1210 996 1339 1024 sanctae
1360 989 1538 1023 memoriae
1559 989 1734 1023 Clementis
1751 990 1788 1029 X,
1809 989 1869 1022 sub
1887 991 1955 1023 nul-

1211 1044 1301 1077 litate
1320 1043 1503 1082 electionis,
1531 1042 1666 1086 aliisque
1685 1042 1801 1086 poenis
1818 1042 1954 1076 arbitrio

1211 1097 1357 1130 eiusdem
1379 1106 1489 1129 sacrae
1515 1095 1783 1139 Congregationis
1805 1095 1955 1139 infligen-

1212 1151 1273 1190 dis,
1301 1155 1332 1183 et
1356 1149 1530 1193 religiosos
1556 1150 1596 1182 de
1622 1149 1759 1182 vallibus
1784 1149 1956 1193 descriptis

1212 1214 1278 1237 non
1302 1203 1633 1246 comprehendendos
1654 1203 1713 1235 sub
1732 1201 1794 1236 111111
1813 1202 1954 1243 natione,

1213 1269 1307 1302 quam
1337 1259 1396 1291 sua
1415 1258 1454 1290 de
1473 1257 1620 1301 Bizcaya.
1639 1257 1773 1297 Romae,
1790 1267 1822 1290 xl
1843 1256 1956 1300 aprilis

1212 1321 1391 1346 iincxcviu.
1423 1329 1467 1334 —
1499 1309 1533 1343 G.
1559 1310 1735 1343 cardinalis
1766 1309 1954 1344 ciamus.

1213 1364 1236 1397 1.
1253 1364 1288 1396 D.
1306 1363 1501 1406 archiepisc.
1514 1362 1906 1403 Atenarum,seeretarius
1924 1375 1954 1396 10.

1257 1418 1272 1461 ἓ
1298 1417 1327 1450 ⁶2.
1353 1417 1431 1450 Cum
1457 1422 1576 1456 autem,
1601 1416 1684 1449 sicut
1708 1415 1892 1459 praedictus
1910 1415 1958 1449 Io-

1214 1471 1337 1515 sephus
1362 1470 1458 1503 nobis
1482 1469 1621 1503 subinde
1638 1469 1757 1513 exponi
1783 1470 1866 1511 fecit,
1886 1470 1956 1514 ipse

1215 1524 1385 1557 decretum
1411 1523 1611 1563 huiusmodi,
1647 1534 1711 1566 quo
1737 1523 1858 1556 firmius
1882 1524 1959 1556 sub-

1214 1578 1304 1611 sistat
1329 1582 1360 1611 et
1384 1581 1530 1610 servetur
1566 1576 1719 1616 exactius,
1756 1576 1957 1620 apostolicae

1215 1629 1472 1664 confirmationis
1496 1634 1626 1662 nostrae
1651 1629 1836 1673 patrocinio
1869 1639 1957 1662 com-

1214 1683 1333 1716 muniri
1374 1693 1585 1726 summopere
1630 1681 1841 1716 desideret⁴z
1874 1692 1957 1722 nos,

1215 1738 1321 1782 ipsum
1338 1737 1516 1780 losephum
1531 1735 1726 1779 specialibus
1747 1731 1911 1768 favoribus
1928 1739 1960 1768 et

1216 1791 1327 1835 gratiis
1344 1790 1500 1834 prosequi
1519 1791 1677 1830 volentes,
1692 1796 1723 1822 et
1749 1799 1765 1821 a
1791 1789 1960 1833 quibusvis

1216 1843 1581 1884 exconununicationis,
1607 1843 1832 1887 suspensionis
1857 1848 1888 1876 et
1912 1843 1961 1876 in-

1217 1899 1357 1940 terdicti,
1378 1899 1516 1942 aliisque
1531 1898 1761 1931 ecclesiasticis
1777 1897 1958 1938 sententiis,

1217 1954 1364 1987 censuris
1390 1959 1421 1986 et
1445 1953 1573 1996 poenis,
1600 1962 1616 1984 a
1641 1952 1710 1985 iure
1728 1952 1779 1985 vel
1797 1951 1837 1985 ab
1856 1951 1962 1985 homi-

1217 2019 1268 2049 ne,
1290 2007 1401 2052 quavis
1428 2007 1600 2040 occasione
1627 2007 1676 2039 vel
1702 2007 1798 2038 causa
1821 2005 1909 2046 latis,
1935 2005 1961 2038 si

1217 2062 1334 2105 quibus
1360 2061 1610 2104 quomodolibet
1634 2059 1809 2093 innodatus
1835 2058 1960 2100 existit,

1217 2116 1256 2149 ad
1286 2114 1434 2148 effectum
1456 2113 1676 2158 praesentium
1703 2114 1869 2146 dumtaxat
1886 2123 1964 2145 con-

1217 2169 1435 2213 sequendum,
1465 2168 1581 2200 harum
1606 2167 1689 2200 serie
1708 2167 1912 2199 absolventes
1931 2170 1963 2198 et

1218 2224 1401 2256 absolutum
1422 2221 1489 2254 sore
1507 2225 1691 2260 censentes,
1717 2218 1963 2262 supplicationi-

1217 2277 1277 2309 bus
1298 2277 1365 2310 eius
1387 2275 1519 2308 nomine
1538 2274 1631 2307 nobis
1650 2283 1749 2316 super
1774 2273 1837 2306 hoc
1862 2271 1964 2305 humi-

1218 2330 1293 2364 liter
1314 2329 1471 2373 porrectis
1491 2327 1647 2367 inclinati,
1675 2327 1842 2359 decretum
1870 2336 1964 2369 prae-

1218 2384 1383 2422 insertum,
1411 2381 1602 2414 auctoritate
1635 2379 1822 2423 apostolica,
1850 2384 1963 2413 tenore

1219 2437 1459 2481 praesentium,
1485 2435 1706 2478 approbamus
1737 2437 1769 2465 et
1793 2431 1964 2465 confirma-

1220 2501 1300 2529 mus,
1322 2488 1456 2533 illique³
1473 2487 1670 2520 inviolabilis
1696 2485 1894 2529 apostolicae
1914 2485 1964 2517 sir-

1220 2543 1338 2577 mitatis
1373 2543 1475 2575 robur
1513 2540 1699 2579 adiicimus',
1731 2540 1816 2572 salva
1854 2544 1964 2571 tamen

1255 2615 1268 2641 1
1292 2613 1363 2640 Edit.
1381 2613 1460 2639 nain.
1477 2611 1543 2645 legit
1558 2610 1721 2637 desiderent
1742 2610 1780 2644 (a.
1797 2610 1846 2643 τ.).

1255 2659 1272 2686 2
1291 2657 1363 2686 Edit.
1380 2657 1460 2684 Main.
1477 2655 1543 2691 legit
1557 2655 1674 2690 illisque
1688 2656 1727 2690 (R.
1745 2654 1796 2691 T.)-

1957 244 2049 272 And).
2074 244 2142 272 1698

2017 1426 2153 1448 cunm-matio

1967 1454 2030 1476 relati
2046 1454 2135 1475 decreti.
