2227 3225
96 254 191 283 Amc.
215 254 280 282 ¹697

291 303 411 337 decreti
427 308 557 335 sanetae
571 302 749 335 memoriae
767 302 855 335 Pauli
866 302 898 343 V,
911 303 1034 346 absque

291 362 399 389 tamen
418 356 663 399 computatione
678 356 861 389 reddituum
878 357 1033 399 cuiusque

289 409 447 451 religiosi,
473 409 514 442 sit
540 409 649 443 denuo
677 409 835 449 facienda,
857 410 991 443 necne?

333 472 422 496 xviu.
451 463 498 495 An
524 463 649 502 novitii,
675 463 714 496 ad
741 464 887 496 habitum
906 465 1033 506 regula-

288 526 359 549 rem
385 516 526 556 admissi,
552 517 679 560 possint
705 514 829 550 admitti
849 517 887 550 ad
907 517 1035 560 profes-

288 570 411 603 sionem
430 570 461 603 in
486 570 701 611 monasteriis,
722 570 753 603 in
776 570 904 614 quibus,
923 571 1034 603 habita

289 629 324 656 ut
349 634 446 667 supra
472 623 671 668 praefixione
697 624 836 665 numeri,
862 624 1033 658 commode

290 677 331 710 ali
357 688 421 710 non
448 679 607 721 possunt‘?

333 741 399 764 xix.
425 731 530 775 Super
559 731 673 764 ultimo
691 759 698 772 ,
738 742 802 774 quo
839 737 970 764 cavetur
1000 737 1035 764 ut

289 784 407 817 nullibi
419 785 617 827 recipiantur
631 790 810 817 conventus
821 784 1032 827 regularium,

290 837 362 876 nisi,
380 841 509 880 praeter
540 838 602 870 alia
627 837 664 870 ad
693 837 724 870 id
751 837 928 880 requisita,
955 837 1034 870 duo-

290 891 396 923 decim
432 892 548 924 saltem
580 891 697 924 fratres
722 891 755 923 in
782 891 827 924 eis
854 891 975 933 degere
1002 897 1034 924 et

289 949 519 987 competenter
543 944 717 977 sustentari
742 945 878 984 valeant,
901 945 981 977 itaut
1005 956 1034 977 3-

289 997 414 1041 lioquin
441 997 570 1030 subsint
588 997 806 1031 iurisdictioni
832 997 1028 1037 ordinariae,

290 1051 459 1094 quaeritur
484 1062 523 1083 an
550 1052 614 1084 1100
639 1051 819 1091 decretum,
839 1051 923 1095 quod
946 1051 1034 1085 vide—

290 1110 343 1137 tur
367 1105 489 1137 editum
516 1104 548 1137 in
575 1105 690 1138 ordine
716 1105 755 1138 ad
778 1105 1032 1138 celebrationem

290 1158 474 1198 missarum,
498 1158 758 1201 comprehendat
775 1169 827 1191 eas
844 1159 1032 1201 religiones,

294 1223 377 1256 quae
402 1222 467 1245 non
490 1218 728 1245 consueverunt
745 1222 844 1245 onera
865 1212 1033 1245 missarum

291 1267 452 1310 recipere,
480 1271 515 1298 ut
540 1271 617 1298 sunt
642 1265 820 1308 religiones
841 1266 1034 1310 Capuecino-

291 1329 362 1352 rum
390 1330 426 1352 ac
450 1319 620 1352 Societatis
646 1319 743 1351 Iesu?

335 1372 467 1406 Ultimo.
495 1373 543 1404 An
569 1372 655 1404 idem
682 1372 855 1413 decretum,
890 1373 945 1406 ubi
972 1373 1035 1406 dis-

267 1464 270 1465 7
290 1426 395 1470 ponit,
412 1431 446 1458 ul
463 1425 586 1458 nullibi
604 1426 807 1468 recipiantur
820 1427 1030 1467 monasteria,

289 1480 367 1519 m'si,
395 1483 467 1518 ele,
496 1479 618 1511 habeat
638 1480 747 1512 locum
772 1479 804 1512 in
830 1479 920 1512 Italia
945 1480 1033 1513 dum-

290 1538 383 1573 taxat,
409 1533 448 1566 ad
475 1544 569 1576 quam
596 1539 643 1565 est
662 1533 845 1566 restrictum
868 1534 1033 1568 decretum

289 1587 436 1631 proxime
461 1587 666 1626 antecedens,
693 1597 732 1618 311
758 1597 833 1619 vero
860 1587 956 1620 etiam
986 1598 1034 1621 ex·

291 1646 339 1673 tra
365 1640 488 1673 Italiam
516 1651 547 1673 n.

120 1701 280 1723 nect-nationes
342 1706 355 1726 (1
373 1694 469 1728 Sacra
483 1694 700 1737 Congregatio
718 1694 932 1727 cardinalium
951 1694 1034 1728 Con-

96 1736 134 1803 {⁹2¹}
158 1735 357 1794 §iipssi’ss'ssssscjljj
382 1747 560 1780 Tridentini
588 1747 815 1790 interpretum,
843 1749 1032 1782 anctoritate

113 1783 241 1803 mm*
292 1801 353 1834 sibi
380 1812 396 1834 a
422 1801 623 1834 sanctissimo
650 1801 782 1835 domino
804 1807 917 1835 nostro
943 1803 1034 1835 attri-

292 1856 381 1896 buta,
401 1855 439 1888 ad
465 1855 594 1898 singula
619 1855 715 1887 dubia
741 1855 891 1898 superius
915 1866 1034 1899 propo-

293 1909 353 1942 sita
378 1909 416 1942 ad
443 1908 529 1941 1111110
561 1909 694 1941 modum
724 1909 917 1952 respondit,
945 1909 1033 1943 vide-

291 1962 386 1996 licet:

336 2017 384 2050 Ad
410 2027 431 2050 1.
465 2016 531 2048 Etsi
558 2017 700 2059 legatum
734 2016 774 2049 sit
807 2016 887 2049 adeo
914 2021 1031 2058 tenue,

292 2071 511 2104 nihilominus
540 2081 601 2113 pro
633 2070 827 2102 reductione
864 2071 974 2103 oneris
999 2078 1033 2104 ut

292 2134 391 2168 supra
427 2123 586 2166 impositi,
612 2123 651 2155 ab
685 2122 732 2163 iis,
766 2123 804 2155 ad
830 2134 912 2167 quos
938 2124 1034 2167 perti-

291 2183 366 2218 net,
396 2177 514 2211 Sedem
549 2177 771 2221 Apostolicam
809 2188 881 2211 esse
915 2179 1033 2211 adeun-

291 2231 376 2271 dam,
404 2241 486 2274 quae
512 2231 637 2274 absque
662 2231 727 2264 ulla
752 2231 900 2274 impensa
917 2231 947 2264 id
970 2237 1033 2264 sta-

290 2289 361 2319 tuet
386 2284 472 2327 quod
498 2283 600 2326 magis
626 2284 658 2316 in
690 2284 827 2317 Domino
860 2295 876 2317 e
901 2295 935 2318 re
961 2296 1031 2318 esse

291 2337 490 2371 iudicaverit.
516 2337 756 2378 Verumtamen,
784 2338 810 2371 si
828 2338 860 2370 in
882 2338 951 2382 ipsa
976 2339 1033 2372 be-

291 2391 397 2424 neficii
423 2391 589 2424 erectione
608 2402 761 2435 expresse
783 2397 911 2424 cautum
934 2393 1033 2425 suerit

291 2448 328 2476 ut
350 2443 447 2477 liceat
471 2445 627 2488 episeopo
660 2444 842 2477 iniunctum
876 2456 958 2479 onus
984 2457 1033 2479 re-

293 2495 412 2530 ducere
437 2503 468 2531 et
493 2498 669 2538 moderari,
683 2499 787 2541 legem
815 2499 899 2532 113110
924 2499 1033 2533 sunda-

293 2549 401 2590 tionis,
439 2562 533 2594 quam
570 2552 702 2585 decreta
737 2553 797 2585 1130
823 2553 861 2586 de
887 2564 921 2586 re
947 2554 1033 2588 edita

292 2614 359 2638 non
383 2605 593 2647 sustulerunt,
620 2615 690 2640 esse
715 2607 853 2640 validam
870 2612 902 2641 et
926 2606 1034 2641 obser-

293 2656 442 2691 vandam.

123 741 152 763 De
170 742 279 762 connubiis

95 769 209 796 erigendis.

883 251 1094 278 INNOCENTIUS
1119 253 1164 277 ΧΠ
1187 254 1236 278 ΡΡ.

1122 303 1168 335 Ad
1196 313 1230 338 11.
1255 301 1330 335 Esse
1356 302 1569 345 intelligenda
1598 303 1637 337 de
1662 305 1820 348 praeseri·

1078 354 1190 398 ptionc
1230 355 1309 388 sacta
1341 356 1381 388 ab
1416 367 1454 389 eo
1489 356 1543 399 (1111
1578 357 1819 401 eleemosynam

1080 409 1202 447 tribuit,
1229 420 1294 441 non
1323 414 1430 442 31110111
1457 410 1495 442 ab
1522 410 1713 443 0111111311οῖ
1733 412 1820 455 (111οᾶ

1078 463 1102 495 si
1131 463 1276 496 tribuens
1295 464 1535 507 eleemosynam
1553 474 1724 496 numerum
1751 465 1821 497 11115-

1078 527 1187 549 53111111
1214 517 1483 550 celebrandarum
1509 527 1574 550 non
1600 517 1821 560 praescripse-

1079 570 1130 610 rit,
1157 575 1233 603 tunc
1257 576 1303 603 tot
1339 571 1455 604 missas
1488 570 1649 604 celebrari
1688 570 1821 611 debere,

1078 630 1155 667 quot
1172 624 1420 668 praescripserit
1437 624 1624 658 Ordinarius
1641 625 1821 659 secundum

1078 678 1222 710 morem'
1249 678 1297 710 vul
1325 677 1526 720 provinciae.

1123 730 1169 763 Ad
1196 741 1242 764 111.
1266 730 1396 763 Teneri.

1122 784 1169 816 Ad
1196 794 1236 817 iv.
1258 783 1462 825 Sacerdotes,
1489 785 1609 828 quibus
1638 785 1752 819 diebus
1778 791 1821 820 te-

1078 844 1200 871 nentur
1224 838 1338 871 11115535
1373 839 1541 872 celebrare
1567 839 1695 873 ratione
1726 840 1822 874 bene·

1078 891 1142 924 ficii
1168 903 1223 925 seu
1251 892 1431 935 cappellae,
1457 893 1552 935 legati
1578 898 1633 926 aut
1656 893 1777 932 salarii,
1797 894 1822 926 si

1078 947 1303 989 eleemosynas
1324 956 1384 989 pro
1410 946 1481 979 aliis
1519 947 1614 980 etiam
1641 948 1745 980 missis
1770 958 1823 981 ce—

1078 999 1245 1032 lebrandis
1264 998 1480 1042 susceperint,
1501 1010 1565 1032 non
1584 1011 1680 1043 posse
1706 1001 1820 1034 eadem

1078 1052 1174 1085 missa
1198 1053 1328 1095 utrique
1355 1052 1548 1095 obligationi
1573 1054 1776 1088 satisfacere.

1122 1106 1168 1138 Ad
1198 1116 1227 1139 v.
1260 1106 1402 1146 Censuit,
1440 1107 1493 1139 ubi
1532 1108 1655 1141 nnllam
1696 1114 1821 1142 certam

1078 1160 1318 1203 eleemosynam
1345 1165 1480 1193 testator
1504 1161 1647 1205 reliquit,
1676 1173 1748 1195 esse
1780 1164 1820 1196 ab

1079 1213 1232 1256 episcopo
1254 1213 1542 1256 praescribendam
1578 1216 1820 1260 eleemosynam

1078 1277 1252 1309 congruam
1302 1278 1385 1310 (11130
1433 1268 1630 1312 respondeat
1665 1270 1821 1304 oneribus

1078 1321 1248 1353 missarum
1264 1321 1545 1363 celebrandarum,
1563 1323 1740 1356 secundum
1756 1334 1821 1357 mo-

1078 1384 1144 1406 rem
1170 1374 1308 1407 civitatis
1332 1376 1382 1408 rel
1408 1375 1607 1418 provinciae.

1122 1429 1168 1461 Ad
1195 1439 1238 1462 vi.
1266 1428 1311 1462 Ita
1337 1440 1408 1463 esse
1433 1431 1663 1474 intelligenda.

1123 1482 1170 1515 Ad
1188 1492 1246 1516 vu.
1270 1483 1459 1526 Respondit,
1479 1485 1735 1526 permittendum
1754 1495 1821 1519 non

1079 1546 1149 1568 esse
1175 1541 1210 1568 ut
1235 1536 1393 1569 eeclesiae
1420 1547 1457 1569 ac
1477 1537 1549 1570 loca
1574 1537 1637 1580 pia,
1664 1548 1720 1571 sen
1747 1539 1821 1572 illo-

1079 1599 1150 1622 rum
1187 1589 1490 1630 administratores,
1531 1601 1567 1623 ex
1605 1591 1821 1636 eleemosynis

1078 1642 1251 1675 missarum
1281 1643 1555 1676 celebrandarum
1579 1645 1679 1678 ullam
1699 1651 1820 1679 utcum-

1078 1707 1141 1739 que
1167 1696 1334 1729 minimam
1364 1697 1551 1740 portionem
1584 1698 1750 1732 retineant
1772 1709 1822 1732 ra-

1079 1751 1166 1784 tione
1185 1761 1411 1794 expensarum,
1434 1762 1513 1795 quas
1534 1752 1676 1785 subeunt
1696 1752 1728 1785 in
1748 1752 1824 1786 mis-

1078 1814 1183 1836 sarum
1209 1804 1445 1845 celebratione,
1474 1805 1536 1837 nisi
1563 1815 1635 1838 eum
1662 1806 1821 1839 ecclesiae

1078 1863 1110 1890 et
1133 1859 1204 1891 loca
1229 1858 1282 1901 pia
1307 1858 1387 1891 alios
1411 1869 1476 1891 non
1503 1858 1626 1892 habent
1661 1860 1821 1898 redditus,

1078 1922 1160 1954 quos
1195 1912 1227 1944 in
1253 1922 1347 1944 usum
1387 1912 1573 1945 earumdem
1607 1923 1820 1957 expensarum

1078 1975 1214 2008 erogare
1229 1965 1316 1998 licite
1329 1965 1469 2009 possint·‚
1488 1971 1519 1999 et
1535 1971 1620 2006 tunc,
1634 1976 1729 2010 quam
1748 1977 1822 2010 por-

1078 2017 1201 2051 tionem
1237 2019 1451 2060 retinebunt,
1477 2021 1663 2053 nullatenus
1700 2021 1821 2054 debere

1077 2072 1236 2105 excedere
1254 2073 1395 2105 valorem
1422 2083 1638 2116 expensarum
1661 2083 1744 2117 quae
1762 2083 1820 2117 pro

1076 2126 1217 2168 ipsomet
1242 2131 1364 2158 tantum
1391 2126 1508 2159 missae
1526 2127 1687 2160 sacrificio
1712 2135 1822 2161 neces-

1077 2179 1163 2211 sario
1189 2185 1266 2211 sunt
1290 2179 1501 2220 subeundae;
1529 2179 1578 2213 et’
1604 2180 1821 2214 nibilominus

1077 2243 1116 2266 eo
1154 2233 1251 2266 etiam
1287 2243 1363 2265 casu
1398 2234 1577 2267 curandum
1611 2245 1699 2275 esse,
1723 2240 1758 2268 ut
1782 2243 1819 2268 ex

1077 2286 1235 2329 pecuniis,
1263 2297 1345 2330 quae
1379 2292 1565 2330 supersunt,
1601 2288 1755 2331 expensis
1786 2294 1822 2321 ut

1077 2349 1175 2383 snpra
1200 2339 1356 2380 deductis,
1383 2340 1529 2374 absolute
1557 2345 1604 2374 tot
1628 2341 1748 2375 missae
1774 2352 1821 2375 ce-

1076 2392 1260 2434 lebrentur,
1287 2400 1366 2437 quot
1390 2395 1613 2439 praescriptae
1640 2396 1762 2429 suerint
1779 2394 1819 2429 ab

1076 2445 1286 2480 offerentibus
1312 2448 1550 2492 eleemosynas.

1122 2500 1168 2533 Ad
1193 2511 1261 2535 vlu.
1289 2500 1361 2534 Non
1387 2502 1511 2535 habere
1541 2503 1658 2542 locum,
1689 2503 1746 2536 sed
1771 2513 1820 2536 sa-

1077 2554 1116 2587 tis
1142 2564 1214 2587 esse
1234 2560 1270 2587 ut
1294 2561 1403 2589 rector
1426 2555 1601 2598 beneficii,
1629 2556 1683 2600 qui
1710 2561 1820 2601 potest

1113 2627 1123 2653 1
1146 2625 1258 2654 Videtur
1273 2626 1369 2655 deesse
1383 2627 1512 2655 civitatis
1530 2628 1570 2662 (n.
1587 2627 1636 2663 T.).

1111 2672 1127 2698 2
1147 2671 1218 2700 Edit.
1241 2671 1321 2700 Main.
1343 2673 1410 2709 legit
1428 2676 1460 2701 ut
1479 2680 1528 2709 pro
1549 2676 1576 2702 el
1593 2674 1635 2709 (11.
1659 2673 1708 2708 1.).

1719 246 1783 282 813
1828 255 1879 284 An.
1895 257 1924 285 c.
1946 257 2012 286 1691
