2227 3225
113 306 160 330 An.
182 305 210 331 (ἶ.
231 305 297 331 1092

139 470 243 500 institutio
265 469 294 491 'al-

113 500 238 517 tertuum-1.

884 305 1091 329 INNOCENTIUS
1117 305 1159 328 xtt
1185 305 1232 328 PP.

480 354 676 381 Innocentius
696 354 774 388 Papa
793 354 862 386 XII,

427 398 463 425 ad
483 401 654 432 perpetuam
674 398 717 425 rei
737 398 918 426 memoriam.

349 458 363 501 g
387 459 418 492 1.
445 459 568 503 Exponi
586 460 677 494 nobis
691 470 795 503 nuper
811 460 887 493 feeit
902 459 1039 492 dilectus

306 510 389 545 filius
402 514 579 546 modernus
594 514 741 546 minister
751 512 956 557 provincialis
967 523 1040 557 pro-

305 564 428 599 vinciae
454 566 484 598 S.
512 566 633 599 Nieolai
657 565 787 599 Ordinis
820 566 952 598 fratrum
985 564 1040 597 Mi-

305 628 420 651 norum
454 619 554 652 sancti
580 619 742 652 Francisci
769 619 808 652 de
832 618 1037 652 Observantia

305 671 846 715 Resormatorumnuncupatorum,
862 672 949 715 quod
963 672 1039 704 ali-Its

305 725 444 758 dilectus
464 726 586 769 pariter
604 726 687 759 tilius
714 726 848 759 Ioannes
867 726 906 758 ab
925 726 1038 768 Aquila

306 778 410 811 frater
431 789 581 822 expresse
606 779 771 822 professus
792 779 868 811 dicti
894 778 1037 817 Ordinis,

304 840 375 863 cum
402 831 434 863 in
460 832 571 864 eadem
596 832 877 875 p1·ovinci;⁴1,quae
903 831 933 863 in
961 831 1038 864 duas

304 888 426 925 partes,
446 883 595 917 videlieet
617 885 790 918 Barenscm
805 890 835 917 et
848 884 1038 924 Licienscrn,

305 935 408 969 divisa
442 937 621 980 reperitur,
654 948 790 970 munere
828 935 1037 970 commissarii

304 988 478 1022 visitatoris
499 990 703 1032 fungeretur,
719 990 938 1023 dissensiones
956 1000 1041 1021 com—

304 1052 449 1084 ponere,
465 1047 497 1074 et
514 1042 838 1082 inconvenientibus,
859 1052 939 1085 quae
957 1042 1041 1074 inter

305 1094 420 1127 fratres
445 1094 630 1138 provinciae
663 1095 850 1128 huiusmodi
886 1094 1041 1137 capitula-

306 1146 390 1179 rium
427 1147 626 1191 aliarumque
660 1147 811 1180 similium
844 1147 1039 1180 electionum

305 1200 476 1233 occasione
495 1201 873 1241 oriebantur,occurrere
891 1200 1038 1243 cupiens,

307 1264 369 1297 pro
398 1254 562 1287 communi
588 1254 688 1298 ipsius
714 1254 896 1298 provinciae
920 1254 1041 1287 beneti-

306 1306 354 1339 cio
377 1312 409 1339 et
426 1307 534 1350 quiete
554 1308 759 1340 concordiam
787 1308 957 1351 quamdam
983 1317 1038 1339 seu

307 1360 528 1392 alternativam
566 1360 604 1392 ab
642 1361 792 1394 omnibus
827 1361 930 1394 dictae
965 1370 1041 1403 pro-

307 1412 430 1445 vinciae
455 1413 621 1446 vocalibus
656 1413 799 1456 legitime
830 1413 869 1446 ad
902 1413 933 1446 id
966 1423 1040 1445 cou-

305 1465 447 1508 gregatis
479 1466 599 1499 firmari
633 1471 664 1500 et
689 1466 848 1510 acceptari
875 1477 911 1499 ac
934 1467 1041 1499 unani-

306 1518 349 1551 mi
375 1519 518 1552 omnium
544 1530 703 1553 consensu
728 1520 886 1553 subscribi
917 1520 1041 1553 curavit

306 1581 364 1614 per
400 1572 564 1605 decretum
601 1573 732 1616 capituli
769 1572 973 1615 provincialis
1008 1572 1038 1605 in

307 1631 464 1658 conventu
499 1625 661 1659 Tarentini
698 1625 729 1658 S.
758 1625 888 1659 Antonii
922 1626 972 1659 die
1009 1636 1039 1659 vt

307 1678 416 1721 aprilis
451 1688 556 1712 Mucxc
590 1679 730 1723 desuper
763 1684 961 1719 emanatum,
996 1684 1041 1712 te-

307 1731 394 1764 noris
419 1732 471 1775 qui
497 1732 664 1775 sequitur,
690 1731 857 1765 videlicet:
889 1744 902 1764 α
926 1732 1041 1766 Decre-

308 1789 373 1815 tum
395 1784 591 1827 provinciale
606 1783 626 1817 ¹.
649 1784 725 1817 Cum
743 1784 801 1817 toti
823 1784 899 1817 huic
916 1785 1041 1828 provin-

307 1835 375 1869 ciae
399 1836 570 1869 strictioris
604 1837 828 1870 observantiae
861 1837 892 1870 S.
919 1837 1039 1870 Nicolai

308 1888 498 1921 universalis
523 1900 631 1923 rumor
656 1890 817 1933 acceperit
836 1890 906 1933 paci
928 1901 1040 1923 consu-

308 1942 436 1982 lendae,
458 1942 571 1986 pietati
598 1943 791 1983 firmandae,
809 1943 922 1986 iurgiis
947 1943 1039 1976 dissi-

308 1994 436 2037 diisque
467 2000 565 2028 totam
598 1996 794 2038 provinciam
830 1996 1038 2038 vagantibus;

307 2048 426 2092 quippe
450 2049 562 2091 plausu
589 2054 619 2081 et
639 2049 785 2082 omnium
810 2049 1039 2091 religiosorum

306 2111 466 2134 consensu
509 2101 695 2135 desiderare
734 2112 800 2135 non
844 2101 967 2135 destitit
1006 2108 1041 2135 ut

306 2154 472 2198 provincia
496 2155 598 2198 aequa
622 2154 744 2188 iustitia
768 2155 983 2198 gubernetur,
1010 2160 1041 2188 et

306 2207 446 2250 partium
471 2218 566 2241 eausa
590 2208 630 2241 ad
656 2208 796 2241 tribunal
822 2208 1041 2241 eminentissi-

306 2260 349 2293 mi
374 2261 496 2294 domini
527 2261 627 2294 nostri
657 2261 810 2295 Alderani
835 2261 937 2305 Cybe,
964 2262 1042 2305 vigi-

306 2313 401 2346 lantis
426 2314 639 2357 protectoris,
657 2320 751 2357 atque
778 2314 1039 2348 reverendissimi

306 2366 407 2409 patris
433 2367 534 2399 nostri
560 2366 666 2399 Caroli
691 2367 851 2400 Francisci
883 2367 921 2399 de
946 2367 1040 2399 Vare-

305 2418 372 2460 sio,
400 2419 579 2463 dignissimi
611 2420 823 2453 commissarii
861 2420 1038 2463 generalis,

306 2516 333 2543 in
353 2517 482 2544 electione
502 2518 694 2552 eommissarii3
716 2522 743 2545 et
766 2527 815 2554 pro
840 2518 979 2554 provincia
999 2517 1040 2544 Ia-

307 2562 404 2588 nuensi
424 2562 450 2588 in
470 2562 549 2589 huius
569 2563 706 2590 Pontificis
725 2563 832 2590 constit.
851 2563 893 2590 ed.
910 2563 954 2589 die
971 2564 984 2590 7
1001 2563 1041 2588 ia-

307 2607 411 2641 nuarii,
431 2607 526 2642 pontif.
549 2614 574 2633 v.

344 2654 354 2678 1
377 2651 491 2678 Textum
521 2651 623 2678 decreti
651 2651 724 2687 quod
752 2652 876 2688 sequitur
903 2652 1041 2687 corrigere

308 2697 481 2732 desperamus
501 2696 538 2730 (a.
555 2696 603 2730 Τ.).

1083 352 1284 386 devolvenda
1316 352 1472 385 scrutinio
1502 352 1755 392 deliberaretur,
1782 359 1831 385 uta

1083 405 1294 448 inposterum
1316 406 1449 438 dissidia
1465 406 1633 445 cederent,
1653 411 1683 438 et
1701 406 1815 438 ssaren-

1082 457 1123 490 sis
1160 458 1385 500 religiosorum
1420 469 1494 501 pars
1528 463 1624 501 atque
1658 457 1813 491 Liciensis

1083 510 1217 543 invicem
1239 521 1278 543 nc
1296 510 1443 544 altercari
1463 511 1594 551 audeat,
1614 521 1731 553 magno
1749 520 1815 543 sae-

1082 563 1236 596 cularium
1257 564 1425 604 seandalo,
1448 564 1618 597 strictioris
1645 564 1816 597 observan-

1083 616 1143 649 tiae
1179 617 1387 650 detrimento:
1414 618 1487 650 ideo
1520 618 1693 650 admodum
1727 628 1816 650 reve-

1082 669 1202 702 rendus
1228 676 1320 713 pater
1346 670 1482 704 Ioannes
1508 671 1546 703 ab
1568 671 1684 714 Aquila
1702 671 1733 703 in
1756 671 1817 703 liae

1083 722 1142 755 diri
1168 722 1288 756 Nicolai
1314 724 1479 766 provincia
1503 725 1637 757 actualis
1663 725 1815 758 commis-

1082 775 1184 807 sarius
1204 775 1365 816 visitator,
1389 776 1506 810 auditis
1531 777 1675 810 omnium
1700 777 1816 810 utrius-

1082 839 1142 871 que
1168 828 1269 871 partis
1294 829 1437 870 voc-ibim,
1457 834 1488 863 et
1507 835 1574 864 toto
1595 831 1702 863 animo
1720 831 1816 863 stabi-

1083 881 1251 914 limentum
1288 882 1447 915 communi
1484 883 1555 926 paci
1592 884 1812 926 investigans,

1083 933 1221 976 ipsemet
1244 945 1308 967 non
1329 935 1392 968 alio
1414 936 1578 969 desiderio
1601 938 1734 976 ardens,
1757 938 1815 970 uisi

1083 986 1188 1029 iurgia
1212 988 1361 1028 abolere,
1379 988 1438 1021 nisi
1462 1000 1573 1032 pacem
1592 989 1735 1027 firmare,
1756 991 1815 1022 nisi

1084 1039 1219 1073 iustitiae
1234 1042 1414 1082 consulere,
1435 1043 1564 1075 tandem
1578 1044 1731 1076 certiores
1747 1044 1818 1076 red-

1084 1093 1140 1125 diti
1166 1094 1436 1128 eminentissimus
1460 1102 1627 1139 protector
1658 1103 1689 1129 ct
1723 1108 1815 1130 reve-

1084 1146 1295 1179 rendissimus
1327 1152 1420 1191 pater
1449 1148 1685 1182 commissarius
1721 1161 1818 1192 gene-

1084 1200 1157 1232 ralis
1181 1201 1315 1243 praefati
1341 1201 1447 1234 eidem
1483 1203 1706 1236 commissario
1741 1204 1816 1236 visi-

1084 1253 1177 1285 tatori
1214 1253 1346 1287 decreto
1382 1256 1607 1299 transcripsit,
1635 1262 1669 1288 ut
1705 1257 1816 1290 videre

1084 1310 1132 1338 est
1155 1305 1187 1338 in
1213 1307 1317 1339 ealce:
1342 1307 1404 1340 Nos
1436 1308 1535 1341 frater
1565 1309 1694 1342 Carolus
1720 1310 1818 1343 Fran-

1083 1357 1186 1391 ciscus
1210 1359 1249 1391 de
1275 1359 1422 1401 Vmesio,
1451 1366 1524 1401 ete.,
1551 1366 1583 1393 et
1608 1362 1666 1394 sub
1698 1362 1758 1395 stne
1784 1374 1815 1396 0-

1082 1421 1175 1444 mncs
1200 1412 1394 1445 adamussim
1420 1413 1606 1447 observent.
1635 1414 1709 1448 Cum
1741 1421 1815 1449 voto

1083 1464 1330 1498 eminentissimi
1357 1465 1477 1499 domini
1503 1467 1603 1500 nostri
1622 1469 1818 1511 protectoris

1082 1517 1150 1561 ipse
1172 1523 1266 1562 pater
1291 1519 1529 1552 commissarius
1555 1520 1718 1563 generalis
1752 1532 1818 1554 ma-

1083 1573 1144 1613 gna
1169 1581 1239 1604 eum
1264 1573 1437 1615 prudentia
1458 1579 1489 1606 et
1507 1573 1630 1606 iustitia
1650 1574 1689 1606 ad
1712 1574 1817 1608 officia

1083 1624 1182 1666 ipsius
1207 1625 1391 1667 provinciae
1417 1626 1567 1659 obeunda
1591 1628 1818 1661 alternativam

1085 1677 1281 1717 transmisit,
1318 1678 1404 1710 omni
1441 1678 1581 1712 iustitiae
1618 1690 1818 1720 consonam,

1083 1729 1314 1773 praecipiendo
1336 1731 1368 1763 in
1382 1731 1496 1765 virtute
1515 1735 1643 1766 sanctae
1664 1733 1820 1766 obedien—

1085 1783 1145 1815 tiae
1172 1789 1203 1816 et
1226 1785 1285 1817 sub
1309 1784 1427 1827 poenis
1452 1792 1565 1818 contra
1590 1785 1816 1819 inobedientes

1084 1840 1115 1868 et
1139 1836 1278 1869 rebelles
1300 1847 1317 1869 a
1334 1837 1461 1879 tegibus
1482 1838 1608 1871 taxatis.
1629 1838 1705 1871 Inde
1724 1844 1818 1882 pater

1083 1889 1320 1922 commissarius
1335 1890 1489 1932 visitator,
1504 1891 1676 1934 perpensis
1693 1897 1815 1925 mature

1083 1943 1224 1975 omnium
1243 1943 1433 1985 desideriis,
1454 1945 1621 1978 decretum
1647 1945 1815 1978 reverendi

1083 1996 1183 2038 patris
1207 1997 1417 2029 commissarii
1443 1998 1607 2040 generalis
1626 1998 1768 2041 publicat
1788 2004 1818 2031 et

1083 2048 1151 2080 eius
1176 2053 1316 2081 mentem
1342 2049 1373 2081 in
1400 2050 1463 2082 hoc
1486 2055 1600 2083 nostro
1629 2050 1817 2093 provinciali

1084 2101 1214 2134 decreto
1239 2101 1367 2134 firmare
1392 2103 1553 2144 decernit,
1580 2112 1675 2147 quam
1707 2104 1816 2137 videre

1083 2159 1131 2186 est
1155 2154 1187 2186 in
1206 2154 1355 2197 originali
1374 2155 1502 2189 decreto
1521 2157 1636 2197 citato,
1654 2162 1689 2189 ut
1707 2167 1814 2200 supra.

1083 2207 1315 2241 Alternativam
1340 2208 1410 2251 (sic
1432 2209 1545 2253 aiens)
1567 2210 1817 2253 provincialatus

1083 2261 1228 2294 eiusdem
1265 2261 1448 2304 provinciae
1484 2264 1685 2306 ponendam,
1719 2264 1817 2297 stabi-

1083 2314 1240 2355 liendam,
1259 2319 1355 2358 atque
1375 2315 1408 2348 in
1433 2321 1628 2359 perpetuum
1653 2317 1816 2360 figendam

1083 2378 1153 2401 esse
1177 2368 1357 2402 iudicamus
1381 2369 1466 2402 inter
1489 2375 1598 2413 patres
1618 2381 1674 2404 seu
1691 2371 1817 2414 religio·

1083 2431 1133 2453 sos
1159 2422 1314 2464 partium,
1340 2423 1526 2463 nationum,
1550 2434 1606 2456 seu
1631 2425 1817 2467 provincia-

1083 2485 1153 2507 rum
1179 2475 1327 2508 Berensis
1352 2481 1384 2508 et
1407 2476 1572 2509 Liciensis.
1596 2476 1686 2510 Unde
1712 2478 1817 2510 admo-

1083 2529 1158 2561 dum
1190 2529 1361 2561 reverendi
1397 2534 1505 2572 patres
1543 2530 1753 2563 commissarii
1786 2536 1817 2563 et

1082 2582 1174 2614 iudex
1193 2582 1332 2615 ministri
1347 2582 1568 2625 provincialis,
1582 2592 1652 2616 eum
1672 2583 1815 2626 patribus

1083 2635 1258 2667 definitorii
1295 2640 1326 2667 et
1356 2636 1521 2668 vocalibus
1555 2636 1739 2678 provinciae
1775 2636 1815 2668 ad

1083 2688 1212 2722 comitia
1248 2687 1458 2730 provincialia
1493 2688 1676 2720 convocatis
1719 2688 1814 2721 talem

1707 296 1771 329 413
1818 305 1867 329 An.
1885 303 1913 330 C.
1938 303 2002 329 1092
