2254 3225
145 267 183 292 Aa
215 265 242 290 c.
267 263 334 290 1694
379 253 444 288 644

336 312 461 345 medias
479 314 511 343 et
527 309 564 342 ad
580 306 790 352 provincialia
807 304 949 349 capitula
973 310 1070 337 trans·

336 363 516 404 mittendis,
535 368 686 396 constare
707 371 771 394 non
790 359 926 394 fecerint
945 358 1072 402 provin-

338 419 406 453 ciae
432 416 627 457 definitorio‚
653 426 686 448 se
712 414 797 447 iuxta
822 412 1003 447 diseretorii
1029 411 1072 444 iu-

339 471 462 505 dicium
486 470 649 514 praefatae
674 466 866 510 obligationi
884 476 920 499 ex
944 465 1071 506 integro

338 524 547 559 satisfecisse.
574 523 665 556 Unde
689 522 721 554 in
753 521 863 564 quovis
889 522 1071 556 conventu,

339 578 610 623 praedicatorum,
629 576 786 608 lectorum
804 578 836 606 et
857 573 994 605 aliorum
1013 569 1074 602 fra-

339 637 427 665 trum
451 631 552 664 cellae
577 630 777 662 instruantur
801 635 944 669 paupere
970 628 1001 656 et
1020 633 1095 655 ne-=

340 684 479 718 cessaria
503 680 718 725 supellectili,
738 684 886 722 respectu
906 676 1017 710 habito
1036 675 1074 707 ad

340 743 457 771 statum
478 735 740 778 uniuscuiusque,
770 738 803 765 ut
831 731 952 765 scilicet
972 730 1074 763 cellae

339 789 600 834 praedicatorum
626 792 658 820 et
682 787 839 820 lectorum
861 794 895 817 ac
916 784 1075 817 confessa-

339 843 478 883 riorum,
499 842 583 875 ultra
606 849 759 879 mensam,
780 839 956 877 lucernam,
975 835 1076 869 humi—

339 897 389 930 les
408 896 500 929 sedes
523 900 554 928 et
571 892 878 935 leetttlttnt·(quibtts
899 891 985 923 iuxta
1008 891 1076 924 lau-

341 949 482 983 dabilem
507 947 691 991 provinciae
709 945 966 978 moderationem
985 955 1075 987 quae-

341 1003 387 1036 vis
412 1002 529 1035 cellula
566 1000 679 1033 instrui
712 999 844 1041 debet),
881 997 1075 1041 competenti

340 1055 499 1088 librorum
527 1063 662 1087 numero
689 1062 765 1084 suae
798 1050 993 1094 professioni
1026 1061 1067 1093 op

339 1113 483 1152 portuno
521 1111 711 1146 exornetur,
739 1104 819 1136 itaut
844 1103 1015 1146 religiosus
1041 1114 1076 1136 ex

339 1171 404 1194 uno
425 1161 457 1193 in
476 1160 572 1193 alium
594 1164 785 1192 conventum
805 1157 976 1197 decedens,
996 1157 1076 1189 nibil

341 1213 428 1256 quod
463 1213 502 1245 sit
536 1210 749 1255 transportari
789 1220 921 1243 necesse
960 1210 1080 1242 habeat

339 1272 472 1309 praeter
495 1265 645 1309 proprios
660 1264 789 1297 labores
805 1269 835 1296 et
851 1262 1077 1306 manuscripta,

341 1331 424 1363 quae
448 1320 576 1359 omnitt,
603 1324 634 1351 et
657 1318 811 1361 pauculos
840 1317 1017 1360 exquisitos
1042 1317 1080 1349 li-

341 1374 426 1413 bros,
443 1373 467 1405 si
483 1373 513 1405 in
532 1383 588 1404 usu
608 1371 766 1410 habuerit,
789 1376 975 1410 conventus,
995 1370 1079 1403 unde

342 1427 487 1467 recedet,
509 1427 547 1459 ad
567 1431 760 1459 conventum
779 1425 817 1457 ad
836 1435 931 1467 quem
950 1424 1080 1457 accedet

344 1486 567 1523 transportare
587 1479 760 1518 tenebitur,
779 1478 840 1510 sub
862 1477 981 1510 eisdem
1007 1488 1082 1521 poe-

343 1534 394 1567 nis
419 1532 645 1576 superioribus
672 1530 853 1573 respective
879 1530 1077 1572 infligendis.

343 1588 445 1620 Porro
461 1586 519 1619 sub
539 1585 659 1618 eisdem
676 1584 789 1627 poenis
805 1588 978 1616 teneantur
988 1594 1081 1627 guar-

344 1640 432 1674 diani
457 1639 550 1673 enixe
577 1648 712 1681 operam
741 1637 839 1677 dare,
866 1641 898 1671 ut
923 1637 1082 1680 quampri-

343 1705 431 1728 mum
467 1694 499 1726 in
524 1691 707 1736 unoquovis
732 1697 893 1724 conventu
918 1701 1002 1724 unus
1034 1691 1082 1723 in-

344 1748 496 1780 stituatur
520 1747 618 1786 locus,
645 1745 677 1777 in
703 1755 766 1788 quo
785 1744 925 1783 habitus,
945 1743 1081 1783 tunicae,

345 1807 376 1834 et
401 1799 572 1833 femoralia
594 1809 652 1842 pro
686 1797 816 1830 servitio
846 1798 978 1830 fratrum
1010 1808 1083 1830 eon-

345 1859 526 1894 serventur,
544 1852 595 1886 cui
611 1851 815 1896 praeficiatur
828 1851 1013 1893 religiosus,
1030 1850 1081 1893 qui

346 1918 457 1941 eorum
483 1905 736 1940 conservationis
766 1910 797 1937 et
829 1903 996 1936 munditiei
1031 1914 1083 1936 cu-

345 1973 412 1995 ram
427 1966 528 2003 gerat,
543 1965 586 1999 ut,
603 1959 677 1992 dum
693 1958 855 2000 religiosis
871 1968 907 1990 ex
921 1958 1083 1990 communi

345 2014 527 2048 necessaria
559 2012 654 2046 obvia
678 2017 761 2050 sunt,
787 2010 929 2054 privatae
954 2010 1083 2053 suppel-

345 2067 463 2101 lectilis
481 2077 574 2099 usum
592 2076 658 2098 non
676 2063 891 2103 affectentur¹,
914 2069 953 2103 et,
972 2064 996 2096 si
1015 2063 1085 2097 alfe-

348 2125 445 2160 ctent,
470 2119 538 2152 iure
557 2118 683 2162 possint
703 2128 718 2150 a
737 2127 796 2150 suo
817 2117 975 2159 praelato,
997 2117 1084 2149 omni

348 2171 616 2216 tergiversatione
641 2171 819 2213 praeclusa,
846 2170 964 2212 puniri,
992 2176 1023 2203 et
1046 2170 1085 2203 ad

349 2224 561 2263 observanda,
588 2234 668 2266 quae
694 2222 915 2266 promiserunt
938 2222 1084 2264 Domino,

349 2277 505 2311 coerceri.
533 2276 592 2308 Pro
618 2275 752 2307 infirmis
785 2285 860 2307 vero
887 2280 949 2308 tam
981 2281 1087 2308 actua-

347 2331 433 2365 libus
458 2340 553 2373 quam
572 2328 790 2360 habitualibus
814 2329 1085 2361 valetudinarium

349 2384 384 2418 in
408 2382 548 2425 singulis
573 2381 801 2420 conventibus,
826 2382 875 2414 vel
909 2382 1021 2414 saltem
1054 2382 1087 2414 in

349 2434 652 2482 principalioribus,
679 2434 715 2466 ad
735 2444 816 2476 quos
842 2439 1025 2467 ceterorum
1044 2435 1089 2467 in·
1108 2467 1110 2475 ,

349 2490 433 2523 firmi
460 2488 580 2522 deferri
606 2492 735 2530 queant,
765 2486 956 2529 quamcitius
974 2479 1110 2522 consti-,¹

350 2549 477 2583 tuatur,
505 2542 537 2574 in
563 2551 666 2584 eoque
700 2541 813 2573 fratres
851 2551 981 2580 omnes,
1015 2535 1110 2573 cum¹

351 2595 601 2640 aegrotaverint‚
628 2594 741 2626 sedulo
767 2604 803 2626 ac
827 2593 1015 2626 charitative
1034 2604 1087 2626 cu-

389 2662 399 2687 1
422 2658 526 2686 Forsan
547 2656 679 2692 affectent
699 2658 739 2691 (a.
757 2658 803 2690 τ.).

914 253 1094 280 BULLARIUM
1117 252 1273 278 ROMANUM

1114 307 1247 343 rentur-3
1275 301 1457 335 habituales
1481 311 1557 335 vcro
1583 302 1622 335 de
1654 301 1846 335 necessariis

1114 355 1209 388 rebus
1236 361 1344 389 exacte
1376 355 1629 398 provideantur3
1656 355 1681 388 si
1716 354 1846 388 alterius

1114 410 1293 442 conventus
1319 408 1446 450 fuerint,
1472 409 1546 441 inde
1571 409 1632 442 nisi
1658 410 1847 453 recuperata

1115 462 1248 496 sanitate
1273 462 1362 495 abire
1387 473 1453 495 non
1487 462 1732 505 permittantur;
1763 464 1849 507 ipso-

1116 525 1250 558 rumque
1275 515 1460 558 superiores
1483 515 1565 548 illud
1589 515 1786 557 subsidium,
1811 526 1848 549 ex

1116 569 1278 601 communi
1297 569 1343 601 sui
1362 569 1551 608 conventias,
1573 569 1794 602 communitati
1812 569 1850 603 il-

1116 622 1186 661 lius,
1206 621 1235 653 in
1255 632 1318 664 quo
1335 621 1603 654 valetudinarium
1629 622 1733 663 fuerit,
1760 633 1850 666 prae-

1117 675 1259 713 stabunt,
1286 674 1372 717 quod
1399 674 1431 707 in
1457 674 1641 717 provinciae
1667 675 1850 710 definitorio

1118 733 1258 761 taxatum
1292 728 1411 768 fuerit;
1438 728 1654 761 constituatur
1686 729 1782 762 etiam
1814 739 1853 763 ex

1118 781 1340 815 communibus
1356 781 1545 824 provinciae
1561 782 1785 826 eleemosynis,
1796 793 1852 815 seu

1118 835 1259 878 erigatur
1273 846 1289 867 a
1303 834 1449 867 ministro
1464 834 1662 877 provinciali,
1674 836 1734 869 sub
1748 837 1854 879 poena

1117 887 1304 930 privationis
1329 887 1424 920 oflicii
1452 887 1522 930 ipso
1544 888 1627 921 facto
1645 888 1854 930 iacui-reuda,

1119 941 1201 974 infra
1220 941 1314 973 unius
1334 940 1408 972 anni
1424 940 1573 983 spatium,
1592 941 1721 975 officina
1739 942 1770 975 in
1788 953 1852 975 uno

1118 993 1330 1026 conventibus
1348 993 1385 1025 ad
1401 993 1431 1026 id
1443 994 1725 1035 commodioribus,
1739 995 1772 1028 in
1793 1006 1856 1039 qua

1119 1046 1230 1080 confici
1248 1051 1347 1089 queat
1365 1057 1471 1089 sagus,
1492 1048 1588 1090 vulgo
1608 1048 1712 1091 sayal,
1734 1059 1791 1091 pro
1812 1049 1856 1081 in-

1119 1100 1258 1133 duendis
1284 1099 1435 1132 omnibus
1461 1101 1648 1143 provinciae
1681 1101 1852 1144 fratribus,

1120 1152 1172 1197 qui
1192 1163 1304 1186 omnes
1323 1164 1359 1185 ex
1378 1153 1492 1186 eodem
1512 1153 1543 1185 in
1562 1159 1727 1197 posterum
1746 1155 1855 1188 vestiri

1121 1211 1314 1246 teneantur,
1338 1206 1416 1239 alias
1441 1217 1518 1239 vero
1545 1206 1646 1239 induti
1683 1207 1722 1240 ad
1753 1208 1857 1241 officia

1121 1265 1152 1293 et
1176 1259 1349 1302 dignitates
1374 1259 1560 1302 provinciae
1578 1259 1740 1294 inhabiles
1756 1261 1857 1295 indis-

1120 1313 1332 1356 pensabiliter
1356 1313 1595 1349 censebuntur:
1622 1324 1718 1357 sagus
1750 1320 1855 1348 autem

1121 1366 1207 1400 illius
1231 1366 1348 1400 coloris
1374 1365 1442 1406 erit,
1459 1377 1541 1410 quae
1567 1378 1603 1400 ex
1630 1368 1702 1401 lana
1727 1369 1807 1410 alba,
1827 1374 1858 1402 et

1121 1420 1186 1452 sive
1211 1419 1402 1452 naturaliter
1426 1419 1491 1452 sive
1515 1419 1728 1454 artificialiter
1751 1422 1854 1464 nigra,

1121 1473 1189 1506 sine
1220 1472 1317 1505 ullius
1354 1472 1486 1505 alterius
1512 1473 1671 1514 mixtura,
1696 1475 1856 1508 resultare

1123 1527 1222 1566 valet;
1242 1526 1274 1558 in
1300 1525 1370 1569 ipso
1397 1531 1501 1558 tamen
1525 1532 1556 1559 et
1582 1527 1613 1558 in
1635 1526 1705 1560 aliis
1726 1528 1858 1561 fratrum

1123 1579 1321 1612 indumentis
1347 1589 1384 1612 ea
1407 1579 1511 1611 vilitas
1532 1580 1731 1621 ostendatur,
1748 1580 1781 1614 in
1798 1592 1859 1625 qua

1124 1633 1280 1676 asperitas
1305 1637 1336 1665 et
1369 1637 1543 1676 paupertas
1580 1633 1761 1667 minoritica
1796 1635 1859 1667 alte

1124 1687 1271 1719 relucere
1297 1686 1410 1728 possit.

1168 1749 1256 1772 xxtu.
1282 1739 1391 1778 Quoad
1417 1743 1531 1771 cuneta
1552 1739 1624 1779 alia,
1643 1748 1725 1783 quae
1751 1739 1790 1773 ad
1817 1740 1862 1774 di—

1126 1792 1293 1836 sciplinam
1312 1793 1495 1834 regularem
1516 1796 1578 1824 tam
1604 1792 1737 1825 fratrum
1765 1804 1860 1836 quam

1126 1845 1314 1878 monialium
1349 1849 1521 1888 spectant,
1553 1850 1664 1878 exacte
1698 1846 1864 1879 debebunt

1128 1898 1289 1932 observari
1309 1898 1436 1931 decreta
1464 1898 1705 1932 reformationis
1722 1910 1781 1942 pro
1799 1910 1863 1934 uno

1128 1958 1160 1986 et
1184 1953 1285 1985 altero
1311 1951 1451 1993 regulari
1480 1956 1565 1983 statu
1594 1962 1611 1984 a
1638 1952 1740 1986 felicis
1761 1963 1866 1986 recor-

1129 2007 1267 2039 dationis
1292 2005 1456 2038 Clemente
1488 2005 1551 2037 vill
1584 2011 1616 2038 et
1644 2005 1772 2039 Urbano
1801 2006 1866 2040 VIII

1129 2060 1226 2100 edita,
1254 2069 1381 2092 necnon
1408 2058 1520 2091 Brevia
1545 2059 1719 2092 Alexandri
1752 2060 1801 2092 vlt
1835 2065 1866 2093 et

1128 2112 1301 2146 Clementis
1327 2111 1365 2144 IX
1391 2122 1450 2154 pro
1477 2110 1673 2143 monialibus
1693 2121 1866 2154 regnorum

1128 2165 1324 2209 Hispaniae,
1353 2165 1391 2197 ad
1424 2163 1610 2196 instantiam
1647 2164 1770 2206 regiam
1802 2164 1866 2197 iam

1128 2219 1254 2262 pridem
1269 2217 1484 2261 promulgata,
1501 2221 1683 2259 statutaque
1703 2217 1867 2259 generalia

1129 2272 1280 2313 Ordinis,
1320 2276 1352 2304 et
1389 2270 1566 2314 praecipue
1610 2270 1753 2303 Romana
1791 2271 1866 2304 anni

1130 2335 1346 2365 MDCLxxxvnl,
1373 2325 1546 2368 praedictis
1573 2324 1713 2358 decretis
1739 2331 1868 2368 aposto-

1131 2380 1199 2413 licis
1224 2384 1333 2412 ex'acte
1358 2378 1579 2411 cohaerentia.

1173 2443 1256 2466 xxiv.
1284 2431 1394 2470 Quoad
1426 2431 1599 2464 Tertiarios
1628 2441 1704 2464 vero
1732 2437 1763 2465 et
1791 2430 1867 2466 Cor-

1131 2487 1260 2529 digeros
1296 2490 1466 2518 serventur
1497 2489 1616 2517 statuta
1647 2495 1703 2518 seu
1736 2486 1868 2520 decreta

1131 2539 1262 2583 capituli
1291 2538 1452 2581 generalis
1478 2537 1596 2571 Romae
1630 2544 1663 2570 ut
1684 2539 1868 2581 praefertur

1131 2604 1216 2625 anno
1242 2602 1446 2625 tuncrxxxvut
1473 2591 1637 2631 celebrzui,
1667 2592 1868 2626 omnimoda-

1132 2656 1192 2689 que
1218 2645 1410 2678 adhibeatur
1435 2654 1508 2676 cura
1527 2650 1561 2676 ut
1587 2644 1616 2676 in
1643 2645 1768 2678 cunctis
1795 2654 1874 2680 cona·

1854 253 1904 282 An.
1925 253 1953 282 C.
1969 255 2034 283 169⁴

1899 1746 1957 1769 Utin
1970 1746 2056 1773 reliqul«

1874 1774 2006 1794 custodiatur
2024 1774 2057 1793 di—

1874 1802 1961 1827 <eim-na
1977 1801 2058 1824 reguta-

1874 1828 1902 1848 ris
1923 1834 1936 1848 a
1959 1827 2058 1847 trau-ttius

1876 1856 1896 1875 et
1910 1853 2044 1875 monialibus.

1891 2437 1906 2458 Α
1919 2435 2030 2458 Τεπῑῑετίίε
2040 2442 2062 2464 02

1879 2466 2034 2494 rutili-atribus3
