2254 3225
195 256 242 282 An.
262 256 290 281 e.
314 255 378 280 ino-1
426 244 488 278 788

237 1954 347 1976 Clausulae

387 303 446 335 bus
471 302 717 346 quomodolibet
741 301 914 335 innodatus
940 300 1058 341 existit,
1083 300 1122 333 ad

388 354 536 388 effectum
560 355 781 399 praesentium
812 355 976 388 dumtaxat
1011 363 1123 387 eonse-

388 409 565 452 quendum,
589 409 703 442 harum
739 408 823 441 serie
859 407 1061 441 absolventes
1092 410 1125 439 et

389 463 571 496 absolutum
610 462 679 495 fore
720 466 904 501 censentes,
937 458 1123 493 huiusmodi

389 515 680 559 supplicationibus
705 514 860 553 inclinati,
892 518 928 546 ut
951 513 1059 546 nullus
1085 511 1124 544 de

389 574 497 602 cetero
521 573 712 612 praeceptor
742 577 800 600 scu
833 564 1125 599 commendatarius

390 621 512 655 aliusve
537 621 675 664 quilibet
698 620 798 652 frater
830 618 922 651 miles
954 615 1147 659 hospitalis

390 674 549 718 praedicti
576 673 688 706 habitu
713 682 848 714 magnae
878 670 984 704 crucis
1009 670 1047 703 ad
1073 669 1147 701 lio-1

390 738 487 761 nores
514 732 634 760 tantum
661 731 692 759 et
717 725 851 759 honoris
875 726 988 763 causa,
1015 723 1148 765 vigore?

391 790 670 824 quarumcumque
707 780 893 812 facultatum
925 776 1061 810 anobis
1097 780 1128 807 et

391 833 474 867 Sede
510 833 672 877 praedicta
698 832 851 875 deinceps
890 831 927 863 ad
958 829 988 862 id
1015 838 1128 862 conce-

392 887 579 928 ‹lenem-um,
595 885 740 920 decorari
758 886 875 925 valeat,
895 883 955 916 nisi
975 883 1039 915 duo
1057 881 1129 914 mil-

391 941 435 975 lia
460 942 633 985 duplarum
659 939 898 984 Hispaniarum,
926 937 991 969 sive
1011 936 1128 967 iustum

393 1005 502 1028 earum
528 995 679 1035 valorem,
705 992 867 1026 communi
894 989 1021 1023 aerario
1048 988 1130 1021 eius-

394 1048 466 1081 dem
508 1047 679 1090 hospitalis
713 1056 797 1085 vere,
835 1044 968 1077 realiter
1004 1047 1130 1075 etcum

394 1101 506 1134 etl'ectu
542 1099 747 1143 persolverit,
781 1097 972 1130 auctoritate
999 1100 1131 1138 aposto-

393 1154 465 1193 lica,
491 1159 603 1185 tenore
638 1150 882 1195 praesentium,
910 1149 1079 1181 statuimus
1101 1152 1132 1179 et

393 1207 594 1240 ordinamus.
621 1206 711 1249 ipsas
744 1214 818 1236 vero
846 1203 1026 1241 facultates,
1052 1210 1131 1244 quas

395 1270 492 1303 super
513 1258 686 1292 traditione
712 1257 844 1290 habitus
869 1265 1004 1298 magnae
1029 1253 1131 1286 crucis

395 1311 585 1345 huiusmodi
611 1311 675 1343 sive
702 1310 763 1353 ipsi
796 1309 856 1342 soli
888 1319 948 1352 pro
985 1313 1132 1350 tempore

396 1365 545 1398 existenti
581 1374 699 1406 magno
735 1362 901 1405 magistro,
940 1361 1005 1393 sive
1039 1360 1067 1393 ei
1103 1365 1134 1392 et

397 1417 532 1451 consilio
547 1416 718 1460 hospitalis
735 1414 921 1448 huiusmodi
937 1413 1134 1446 coniunctim

398 1482 415 1504 a
439 1470 533 1504 nobis
559 1476 590 1502 et
615 1470 728 1502 eadem
746 1469 827 1501 Sede
846 1468 877 1500 in
901 1468 1041 1499 futurum
1062 1476 1134 1499 con-

399 1524 468 1557 cedi
487 1522 672 1565 contigerit,
690 1532 754 1554 non
777 1521 854 1554 alias
874 1519 1021 1553 effectum
1042 1530 1134 1552 suum

399 1576 509 1610 sortiri
545 1576 675 1615 debere,
702 1574 763 1607 nisi
800 1573 1068 1607 concurrentibus
1104 1577 1136 1605 et

400 1628 676 1662 concordantibus
695 1633 836 1670 quatuor
853 1637 889 1660 ex
907 1626 1050 1669 quinque
1065 1636 1136 1669 par—

401 1683 485 1715 tibus
510 1681 735 1723 suffragiorum
762 1690 886 1719 eorum,
919 1679 972 1722 qui
1004 1684 1078 1710 tunc
1103 1678 1134 1711 in

403 1735 519 1768 eodem
553 1733 690 1767 consilio
723 1737 910 1776 praesentes
946 1732 1081 1764 aderunt
1107 1737 1137 1763 et

402 1788 450 1820 ius
475 1787 598 1820 ferendi
635 1786 775 1829 suffragii
813 1786 996 1824 habebunt,
1023 1785 1134 1817 eadem

403 1841 602 1881 auctoritate,
621 1840 734 1872 harum
760 1839 852 1881 serie,
878 1838 1081 1871 decernimus
1107 1843 1137 1870 et

404 1895 603 1927 mandamus.

447 1947 506 1990 §3
527 1947 745 1979 Decernentes
760 1945 893 1989 pariter,
910 1944 1040 1977 easdem
1052 1953 1137 1987 prae-

403 2006 510 2034 sentes
535 2000 658 2033 litteras
685 2004 715 2032 et
740 1998 771 2030 in
797 1999 842 2031 eis
867 2002 1018 2030 contenta
1044 2006 1139 2039 quae-

403 2064 553 2096 cumque,
580 2052 678 2085 etiam
703 2063 739 2084 ex
767 2062 805 2084 co
829 2051 916 2094 quod
944 2051 1137 2094 quicumque
1159 2060 1160 2065 ¹

403 2107 436 2139 in
461 2105 648 2149 praemissis
687 2105 849 2137 interesse
887 2104 1045 2135 habentes
1083 2113 1136 2135 seu

404 2160 526 2192 habere
573 2158 818 2202 quomodolibet
856 2156 1110 2200 praetendentes
1131 2183 1138 2196 ,

406 2213 502 2245 ctiam
521 2211 651 2254 speciali
669 2213 743 2244 neta
762 2217 792 2243 et
809 2210 1014 2253 expressione
1040 2209 1138 2252 digni,

406 2266 470 2298 illis
498 2275 562 2297 non
588 2264 824 2302 consenserint,
858 2274 917 2295 nec
942 2263 981 2296 ad
1006 2262 1062 2295 illa
1086 2273 1141 2295 vo-

408 2317 481 2357 cati,
499 2317 587 2350 citati
606 2322 637 2349 et
662 2317 774 2356 auditi,
794 2326 900 2359 neque
923 2326 1050 2355 causae,
1070 2326 1139 2358 pro-

407 2377 480 2414 pter
505 2381 582 2414 quas
607 2370 696 2412 ipsae
721 2374 913 2412 praesentes
939 2369 1141 2407 emanarint,

407 2425 606 2457 sufficienter
618 2423 786 2461 adductae,
805 2421 987 2454 verificatae
1006 2427 1035 2454 ct
1053 2422 1143 2454 iusti-

409 2478 518 2510 ficatae
544 2476 673 2515 fuerint,
695 2481 747 2508 aut
767 2486 802 2508 ex
822 2475 932 2518 quavis
954 2475 1016 2507 alia
1041 2485 1142 2517 quan-

409 2530 525 2563 tumvis
564 2529 700 2562 iuridica
732 2533 764 2561 et
788 2528 992 2571 privilegiata
1032 2529 1140 2567 causa,

409 2586 530 2622 colore,
562 2587 729 2627 praetextu
764 2586 794 2614 et
827 2581 945 2624 capite,
979 2581 1073 2612 etiam
1111 2581 1142 2613 in

410 2647 544 2680 corpore
563 2636 643 2669 iuris
661 2637 782 2674 clauso,
799 2635 890 2667 nullo
908 2644 1049 2676 unquam
1070 2639 1145 2665 tem·
1165 2657 1168 2676 1

966 250 1144 279 mmmmm!
1168 248 1320 274 ΠΟΜΛΝΠΜ

1162 309 1244 343 pore
1281 300 1320 332 de
1355 296 1572 341 subreptionis
1605 296 1655 329 vel
1696 293 1897 337 obreptionis

1164 357 1219 385 aut
1243 350 1400 385 nullitatis
1425 349 1515 391 vitio,
1542 359 1596 383 seu
1623 346 1814 381 intentionis
1843 356 1898 379 no-

1164 411 1261 447 strae,
1288 410 1342 438 aut
1366 404 1525 438 interesse
1550 403 1738 437 habentium
1763 411 1899 435 consen-

1166 460 1231 500 sus,
1252 459 1354 492 aliove
1379 457 1528 501 quolibet
1551 451 1755 500 quantumvis
1780 465 1896 497 magno

1166 516 1198 544 et
1214 510 1416 544 substantiali
1435 510 1562 543 defectu
1582 507 1699 548 notari,
1717 506 1897 551 impugnari

1166 563 1344 604 retractari,
1368 562 1513 605 infringi,
1530 562 1562 594 in
1579 561 1834 594 controversiam
1849 570 1899 593 vo-

1167 615 1242 655 cari,
1267 621 1320 648 aut
1343 615 1381 648 ad
1408 615 1563 648 terminos
1588 614 1667 646 iuris
1700 613 1823 651 reduci,
1847 614 1898 646 vel

1167 669 1316 701 adversus
1348 668 1401 700 illa
1436 668 1664 711 quodcumque
1698 667 1789 706 iuris,
1826 665 1898 697 faeti

1167 722 1216 754 vel
1253 721 1371 763 gratiae
1412 720 1590 753 remedium
1625 718 1814 763 impetrari,
1841 729 1899 751 seu

1169 775 1348 818 impetrato,
1364 774 1413 807 vel
1431 773 1526 807 etiam
1546 778 1633 807 motu
1649 773 1794 817 proprio,
1816 777 1847 805 et
1864 782 1900 804 ex

1169 830 1255 861 certa
1279 827 1425 866 scientia,
1451 827 1555 870 deque
1576 826 1775 869 apostolicae
1799 829 1903 868 potes-

1171 881 1243 914 tatis
1255 880 1462 925 plenitudine
1483 890 1649 921 concesso‚
1667 878 1852 922 quempiam
1870 878 1903 910 in

1171 934 1289 968 iudicio
1315 934 1363 967 vel
1390 939 1477 967 extra
1502 933 1581 966 illud
1606 932 1651 965 uti
1673 942 1729 965 sen
1747 941 1780 964 se
1798 931 1903 963 iuvare

1170 999 1273 1032 posse,
1293 988 1349 1021 sed
1368 989 1454 1032 ipsas
1477 993 1665 1031 praesentes
1683 986 1806 1019 litteras
1824 995 1906 1018 sem-

1171 1053 1231 1085 per
1257 1042 1377 1083 firmas,
1394 1042 1515 1074 validas
1541 1046 1572 1074 et
1597 1041 1744 1073 efficaces
1767 1039 1904 1072 existere

1172 1101 1204 1128 et
1229 1096 1307 1135 fore,
1335 1105 1477 1137 suosque
1507 1093 1670 1137 plenarios
1705 1097 1736 1125 et
1760 1092 1905 1135 integros

1173 1148 1304 1182 effectus
1330 1147 1436 1180 sortiri
1463 1151 1495 1180 et
1520 1146 1679 1186 obtinere,
1707 1156 1742 1178 ae
1766 1145 1840 1184 iltis,
1867 1145 1906 1178 ad

1173 1211 1252 1244 quos
1277 1205 1402 1244 spectat
1431 1205 1463 1232 et
1486 1209 1545 1243 pro
1583 1204 1729 1242 tempore
1765 1198 1909 1241 quando-

1174 1264 1310 1297 cumque
1347 1253 1526 1296 spectabit,
1553 1252 1585 1284 in
1610 1252 1761 1285 omnibus
1786 1256 1818 1284 et
1851 1260 1909 1294 per

1174 1307 1282 1341 onmia
1306 1306 1497 1349 plenissime
1533 1304 1712 1347 suffragari,
1739 1310 1770 1337 et
1799 1303 1837 1336 ab
1864 1303 1909 1336 eis

1175 1359 1353 1404 respective
1379 1358 1611 1391 inviolabiliter
1642 1356 1821 1396 observari,
1849 1356 1910 1389 sic-

1175 1424 1237 1456 que
1274 1418 1305 1445 et
1344 1422 1409 1445 non
1435 1411 1529 1444 aliter
1563 1411 1596 1443 in
1633 1409 1820 1454 praemissis
1854 1418 1911 1452 per

1176 1475 1393 1509 quoscumque
1421 1464 1541 1497 iudices
1562 1463 1746 1497 ordinarios
1772 1468 1804 1495 et
1824 1462 1896 1494 dele

1177 1525 1276 1562 gatos,
1294 1518 1390 1551 etiam
1411 1528 1579 1551 causarum
1603 1516 1714 1560 palatii
1740 1515 1911 1559 apostolici

1177 1571 1352 1611 auditores,
1380 1581 1415 1603 ac
1440 1569 1568 1603 S.R.E.
1596 1569 1787 1608 cardinales,
1814 1568 1910 1601 etiam

1178 1625 1216 1658 de
1240 1625 1340 1657 latere
1366 1625 1503 1666 legatos,
1528 1632 1656 1655 necnon
1675 1631 1827 1664 magnum
1846 1631 1912 1653 ma-

1178 1678 1310 1720 gistrum
1336 1682 1367 1709 et
1392 1676 1572 1716 consilium,
1599 1685 1636 1708 ac
1655 1674 1785 1717 quaevis
1810 1673 1913 1706 tribu-

1179 1731 1261 1763 nalia
1287 1729 1457 1772 hospitalis
1482 1727 1648 1772 praedicti,
1675 1727 1797 1759 aliosve
1823 1735 1914 1769 quos-

1180 1784 1257 1816 libet
1272 1782 1385 1825 quavis
1404 1781 1593 1814 auctoritate
1615 1785 1647 1813 et
1663 1784 1824 1823 potestate
1845 1779 1914 1811 sun-

1179 1842 1291 1879 gentes
1317 1840 1348 1868 et
1372 1836 1553 1874 functuros,
1586 1833 1711 1865 sublata
1737 1833 1782 1865 eis
1808 1838 1841 1864 et
1860 1842 1914 1865 eo-

1180 1900 1249 1921 rum
1271 1888 1406 1920 cuilibet
1442 1887 1554 1930 quavis
1579 1886 1673 1919 aliter
1698 1884 1863 1917 iudicandi
1883 1890 1915 1917 et

1157 1941 1415 1985 {interpretandi
1451 1941 1600 1972 facultate
1640 1943 1672 1972 et
1707 1938 1913 1976 auctoritate,

1180 1994 1316 2027 iudicari
1343 2000 1374 2027 et
1399 1992 1525 2026 definiri
1551 1993 1691 2032 debere,
1728 2002 1764 2025 ac
1789 1990 1917 2023 irritum

1182 2056 1213 2081 et
1237 2049 1341 2087 inane,
1361 2047 1387 2079 si
1405 2057 1496 2079 secus
1514 2056 1613 2089 super
1631 2045 1680 2078 liis
1698 2057 1714 2077 a
1740 2055 1913 2088 quoquam,

1182 2102 1292 2145 quavis
1318 2099 1521 2138 auctoritate,
1539 2099 1680 2131 scienter
1697 2098 1745 2131 vel
1766 2098 1917 2140 ignoran-

1183 2162 1240 2196 ter,
1259 2153 1432 2196 contigerit
1456 2151 1618 2184 attentari.

1226 2209 1241 2251 ἓ
1265 2207 1296 2239 ll„
1323 2206 1392 2239 Non
1418 2205 1621 2238 obstantibus
1646 2203 1852 2247 praemissis,
1880 2214 1916 2236 ac

1183 2259 1471 2294 constitutionibus
1497 2263 1528 2290 et
1554 2256 1816 2289 ordinationibus
1841 2266 1918 2299 apo-

1184 2313 1314 2352 stolicis,
1334 2321 1461 2344 necnon
1481 2310 1556 2343 dieti
1576 2309 1759 2352 hospitam,
1781 2308 1916 2351 eiusque

1184 2367 1370 2410 linguarum
1408 2370 1438 2397 et
1479 2364 1679 2407 prioratuum
1716 2362 1913 2404 quorumvis,

1184 2420 1280 2454 etiam
1305 2419 1493 2455 iuramento,
1519 2414 1763 2448 confirmatione
1788 2420 1917 2458 aposto-

1184 2473 1255 2512 liea,
1272 2473 1322 2504 vel
1348 2470 1458 2514 quavis
1482 2469 1630 2501 firmitate
1655 2468 1717 2500 alia
1742 2467 1915 2507 roboratis,

1186 2525 1312 2558 statutis
1343 2529 1375 2557 et
1408 2521 1713 2560 consuetudinibus,
1740 2520 1917 2564 privilegiis

1187 2589 1327 2623 quoque,
1354 2578 1487 2610 indultis
1513 2581 1544 2608 ct
1569 2575 1684 2607 litteris
1710 2574 1916 2618 apostoliciS‚

1188 2633 1246 2665 sub
1272 2631 1527 2674 quibuscumqiw
1553 2629 1724 2660 verborum
1750 2627 1918 2660 tenoribus

1907 243 1955 270 An.
1972 242 2001 271 C.
2023 243 2088 271 1697

1953 2210 2070 2230 Contrariffl
2077 2216 2109 2231 uin

1928 2236 2047 2262 derogatio.
