2227 3225
118 235 167 263 Ax.
189 235 216 262 C.
237 237 299 264 teet

889 238 1096 260 YNNOCENTWS
1122 238 1166 260 ΧΠ
1190 238 1238 261 PF.

311 287 350 319 de
375 296 439 319 non
464 296 535 319 esse
560 286 711 328 fugitivos
739 291 792 318 aut
812 291 974 328 apostatas
997 286 1043 317 in-
1087 285 1364 319 injiciaturdonec
1381 296 1398 319 a
1415 287 1605 329 provinciali
1631 298 1754 321 veniam
1774 300 1819 321 re-

311 343 466 378 notescat,
494 338 700 371 detineantur
728 350 745 371 a
770 339 915 381 praelato
938 339 968 371 in
995 349 1044 371 cu-

310 390 417 423 stodia
444 392 493 424 vel
527 401 656 424 carcere
676 418 683 431 ‚
710 391 815 424 donec
847 390 892 423 rei
926 391 1040 423 veritas

309 447 431 486 pateat;
451 450 481 477 et
503 449 577 477 tunc
594 455 665 477 cum
691 444 770 487 ipsis
795 450 909 487 agatur
934 455 1043 477 secun-

309 497 385 529 dum
412 497 601 539 qualitatem
627 496 745 537 delicti,
773 504 803 530 et
828 498 914 530 iuxta
947 508 1065 540 supe-¹

1062 553 1147 594 zstet
1173 550 1429 583 commendatori
1463 551 1694 584 obedientiam.
1729 550 1819 589 Quod

353 611 401 635 111.
428 601 546 635 Omnes
576 603 712 643 fratres,
740 613 812 635 cum
844 603 907 635 sint
936 603 969 635 iu
995 602 1065 635 via'

309 548 375 581 rius
401 549 486 582 dicta
511 550 550 582 de
576 550 733 592 apostatis
758 553 789 583 et
812 549 963 592 fugitivis.

309 664 439 697 semper
463 654 606 687 divinum
630 655 774 687 ulficium
807 655 955 688 recitent.
982 655 1040 688 Sa-

309 707 457 740 cerdotes
471 712 588 747 autem,
601 707 625 740 si
643 713 825 751 opportune
844 708 949 748 liceat,
968 719 1044 741 nun-

310 770 406 802 quam
421 771 488 793 rem
503 771 626 793 sacram
642 761 747 794 facere
765 761 1041 804 praetermittant;

309 814 416 846 nullus
448 823 581 856 quoque
611 814 681 847 dies
713 824 768 847 eos
804 815 872 847 sine
897 815 1043 848 oratioue

308 867 547 908 praetervolet,
572 877 667 909 quam
697 867 747 900 bis
781 868 900 901 habere
925 869 1045 901 debent

309 918 392 952 iuxta
418 920 685 953 constitutionem
710 926 876 961 nostram,
897 922 992 955 etiam
1011 922 1042 954 in

309 971 358 1004 via
383 972 559 1005 constituti.
585 973 615 1006 Si
637 975 747 1016 plures
764 974 861 1008 simul
879 975 1041 1015 incedant,

309 1034 440 1067 semper
464 1025 605 1068 dIgniori
639 1027 671 1058 in
705 1027 855 1060 omnibus
897 1028 1045 1061 deferant

311 1082 341 1108 et
366 1077 530 1117 obediant,
553 1084 584 1110 et
608 1079 801 1111 modestiam
827 1079 946 1123 ubique
968 1080 1044 1113 iute-

310 1129 377 1161 rius
415 1131 621 1173 exteriusque
654 1132 895 1174 praeseferant;
923 1143 985 1166 non
1012 1144 1045 1165 u-

310 1188 418 1215 tantur
449 1184 512 1216 nisi
546 1185 686 1217 restibus
718 1186 852 1219 omuino
885 1186 986 1225 albis,
1014 1192 1045 1219 et

310 1241 407 1278 prout
431 1237 580 1279 superius
615 1238 688 1270 dist.
716 1248 744 1271 tv
776 1249 847 1282 cap.
879 1249 897 1271 x
926 1239 972 1271 De
995 1249 1045 1272 ve-

309 1289 388 1320 stitu
415 1289 626 1332 praecipitur.

353 1351 394 1374 iv.
416 1341 542 1374 Fratres
561 1342 700 1375 viatores
718 1342 762 1374 uti
782 1349 935 1385 poterunt
956 1345 1045 1387 equi-

310 1394 434 1433 taturis,
459 1404 525 1426 non
550 1394 687 1437 profane
713 1395 768 1427 sed
794 1396 939 1428 modeste.
966 1402 1066 1429 stra-t

310 1447 369 1486 tis,
398 1456 476 1489 quas
511 1447 644 1479 omnino
681 1447 905 1481 interdicimus
940 1449 1045 1482 fratri-

310 1498 369 1531 bus
392 1509 458 1531 non
488 1498 665 1532 viatoribus
697 1499 931 1544 cuiuscumque
964 1513 1043 1545 qua-

309 1551 411 1584 litatis
441 1557 497 1584 aut
521 1551 689 1594 dignitatis
713 1553 899 1593 extiterint,
926 1555 969 1587 ita
994 1555 1042 1586 ri-

310 1604 448 1645 delicet,
474 1610 508 1637 ut
543 1605 582 1638 ad
616 1606 852 1647 egrediendum
877 1607 985 1647 domo,
1015 1613 1045 1640 et

309 1657 525 1690 incedendum
544 1657 628 1690 intra
648 1659 720 1692 loca
736 1658 791 1691 ubi
816 1666 889 1692 sunt
914 1671 1045 1693 conven-

311 1715 371 1749 tus,
387 1710 467 1742 nulli
492 1710 534 1742 sit
558 1710 679 1743 licitum
695 1711 924 1755 quodcumque
943 1723 1043 1755 genus
1065 1727 1066 1736 ¹

310 1762 510 1805 equitaturae
544 1763 791 1805 quomodolibet
833 1775 892 1807 per
924 1776 957 1798 se
994 1767 1043 1798 vel

309 1815 407 1848 alium
431 1814 624 1858 ubicumque
650 1815 784 1855 habere,
808 1827 916 1859 neque
943 1817 972 1849 in
991 1818 1045 1850 itta

310 1868 453 1911 equitare
468 1878 672 1911 qnocumque
687 1874 854 1911 praetextu
873 1871 922 1902 vel
939 1873 1042 1909 causa,

310 1921 369 1953 suh
394 1923 501 1963 poena
525 1920 713 1963 piivationis
752 1921 920 1964 utriusque
956 1923 1043 1955 vocis
1065 1930 1067 1942 t

311 1980 343 2007 ct
366 1973 580 2006 inhabilitatis
613 1973 652 2006 ad
690 1973 816 2014 officiam
849 1985 947 2017 super
980 1987 1044 2019 quo

310 2032 438 2060 taxatur
454 2031 596 2070 potestas
613 2027 780 2069 magistro,
801 2027 938 2070 aliisque
957 2039 1046 2071 prae-

310 2081 382 2114 latis
407 2079 584 2119 universis,
610 2085 645 2111 ut
669 2079 801 2112 nonnisi
827 2080 980 2113 fratribus
1006 2082 1044 2114 ad

310 2133 439 2176 negotia
464 2132 592 2166 Ordinis
618 2138 650 2165 et
674 2133 780 2175 magni
806 2134 961 2176 ponderis
987 2135 1044 2167 de-

310 2185 435 2219 stinatis
454 2185 624 2227 indulgere
642 2187 780 2226 valeant,
803 2186 834 2218 in
854 2197 957 2229 eoque
978 2193 1045 2220 tan-

311 2244 378 2271 tum
404 2240 475 2272 loco
498 2238 554 2270 ubi
579 2244 715 2281 propter
748 2238 817 2271 eius
847 2239 1044 2281 maguitudi-

310 2303 382 2325 nem
408 2297 438 2325 et
456 2292 517 2324 alia
534 2291 737 2324 incommoda
755 2292 902 2325 incessus
928 2293 970 2325 ita
992 2303 1044 2325 ex-

309 2345 420 2389 pedire
446 2344 646 2378 iudicaverit.

353 2409 381 2430 v.
416 2397 592 2440 Propterea
624 2399 734 2431 nullus
767 2398 884 2431 audeat
916 2398 1041 2441 ingredi

309 2451 430 2483 curiam
442 2451 573 2493 regiam,
592 2451 652 2484 nisi
673 2451 858 2485 immediate
876 2457 948 2495 post
968 2453 1043 2485 duo·

309 2503 413 2537 decim
445 2504 541 2536 horas
573 2504 828 2537 commendatori
866 2508 1041 2537 conventus

308 2557 407 2589 nostri
434 2567 468 2588 se
493 2557 763 2599 praesentaverit.
790 2557 880 2595 Quod
898 2557 922 2589 si
949 2568 1042 2589 secus

308 2609 443 2652 fecerit,
469 2619 486 2641 a
510 2610 776 2642 commendatore
810 2611 842 2642 in
875 2620 1039 2643 carcerem
1062 2633 1066 2651 ,

1085 338 1193 381 cipiat.

1129 400 1172 423 vt.
1199 391 1229 424 Si
1256 391 1328 434 quis
1360 391 1544 424 itinerando
1576 393 1748 425 stationem
1774 394 1819 425 sa-

1085 448 1191 476 cturus
1216 444 1256 476 sit
1280 444 1311 476 in
1337 445 1410 477 loeo
1429 445 1482 477 ubi
1499 450 1546 477 est
1571 450 1748 478 conventus
1767 445 1819 478 Or-

1085 496 1176 536 dinis,
1204 507 1333 540 semper
1358 498 1397 530 ad
1423 498 1514 531 illum
1540 499 1714 531 accedatet
1730 509 1818 541 prae·

1086 605 1118 634 ut
1141 612 1236 635 nemo
1262 603 1364 636 faeere
1390 604 1635 646 praetermittat,
1662 609 1693 637 et
1717 604 1819 637 virtus

1086 655 1315 697 hospitalitatis
1340 656 1461 699 ubique
1487 656 1519 688 in
1544 656 1663 689 Ordine
1689 657 1820 698 fulgeat,

1086 708 1330 741 commendator
1354 710 1651 742 commendatorem
1673 719 1821 752 superve-

1087 760 1231 793 nientem
1256 772 1327 793 eum
1354 761 1478 795 honore
1503 762 1666 805 suscipiat,
1693 768 1724 794 et
1747 762 1837 794 uni-⁴

1087 813 1186 845 versis
1210 812 1339 846 Ordinis
1365 814 1542 846 viatoribus
1566 814 1654 847 iuxta
1678 814 1817 857 qualita-

1087 871 1149 898 tem
1175 876 1333 908 personae
1371 866 1479 899 omnia
1516 866 1622 900 officia
1657 867 1820 900 charitatis

1087 918 1261 961 impendat,
1278 924 1309 952 et
1333 919 1471 952 maxime
1498 920 1536 952 ad
1562 921 1819 962 pernoctandum

1087 971 1320 1004 inviolabiliter
1338 972 1476 1005 retineat
1493 978 1525 1005 et
1549 978 1642 1015 cogat
1666 973 1819 1016 quamdiu

1087 1035 1210 1057 moram
1242 1025 1354 1058 fecerit
1386 1026 1417 1058 in
1451 1027 1522 1059 loco
1552 1026 1600 1058 sui
1633 1031 1817 1059 conventus.

1086 1078 1123 1110 Et
1146 1078 1221 1111 lieet
1246 1078 1360 1111 fratres
1386 1079 1524 1112 aliorum
1550 1078 1705 1112 Ordinum
1729 1079 1820 1122 quasi

1086 1130 1255 1162 nobiscum
1278 1130 1405 1164 vinculo
1423 1141 1517 1164 verae
1537 1131 1747 1164 fraternitatis
1766 1132 1821 1164 ad-

1087 1183 1216 1216 strictos
1237 1194 1302 1216 non
1333 1184 1480 1217 dissimili
1508 1185 1730 1227 hospitalitate
1756 1196 1822 1218 sus-

1087 1235 1242 1278 cipiamus
1259 1263 1266 1276 ,
1293 1237 1409 1270 fratres
1437 1243 1543 1270 tamen
1569 1237 1722 1271 Ordinum
1748 1248 1822 1270 san-

1087 1288 1127 1320 cti
1152 1289 1312 1322 Dominici
1338 1294 1369 1322 et
1399 1291 1503 1323 sancti
1528 1290 1712 1330 Francisei‚
1741 1301 1821 1334 quos

1065 1351 1066 1356 ¹
1088 1349 1157 1372 cum
1184 1346 1300 1373 nostro
1325 1351 1390 1374 uno
1424 1341 1513 1384 quasi
1540 1342 1627 1374 foetu
1651 1343 1823 1385 parturivit

1088 1392 1248 1432 Ecclesia,
1280 1398 1311 1425 et
1335 1404 1371 1426 ex
1399 1394 1460 1426 hoc
1485 1394 1523 1426 ad
1548 1394 1687 1427 invicem
1712 1395 1823 1428 arctio-

1087 1445 1112 1477 ri
1147 1445 1346 1479 fraternitate
1383 1447 1592 1490 copulamur,
1626 1448 1821 1491 specialibus

1087 1497 1183 1530 etiam
1209 1498 1374 1532 charitatis
1400 1500 1527 1540 officiis,
1554 1501 1642 1533 iuxta
1666 1501 1822 1534 constitu-

1088 1550 1210 1583 tionem
1235 1551 1414 1594 pristinam,
1430 1553 1462 1584 in
1489 1553 1604 1586 domos
1629 1559 1755 1587 nostras
1773 1554 1822 1586 in-

1088 1603 1252 1643 ducimus,
1285 1609 1316 1637 et
1341 1605 1427 1638 omni
1453 1606 1562 1639 studio
1594 1612 1625 1639 et
1656 1606 1821 1640 hilaritate

1087 1656 1223 1689 refoveri
1249 1658 1483 1701 praecipimus.

1130 1720 1187 1743 vn.
1215 1710 1342 1743 Fratres
1375 1712 1478 1744 nostri
1511 1712 1657 1755 hospites
1690 1713 1758 1746 sine
1784 1714 1821 1746 li-

1087 1762 1192 1794 centia
1227 1763 1500 1796 commendatoris
1526 1765 1667 1805 domus,
1694 1766 1725 1798 in
1758 1777 1820 1809 qua

1087 1821 1174 1855 sunt,
1193 1815 1275 1848 nihil
1293 1822 1397 1859 agant,
1417 1827 1523 1860 neque
1541 1819 1581 1850 ab
1596 1820 1632 1851 ea
1650 1820 1821 1861 egredian-

1089 1874 1146 1907 tur,
1173 1869 1230 1901 sed
1256 1869 1303 1901 itti
1329 1870 1477 1902 deferant
1501 1871 1532 1902 in
1559 1871 1710 1903 omnibus
1737 1872 1821 1904 obc-

1088 1921 1259 1961 dientiam,
1289 1922 1383 1955 etiam
1419 1922 1449 1954 in
1481 1923 1739 1956 correctionibus
1758 1951 1766 1963 ,
1795 1925 1819 1957 si

1087 1974 1279 2016 expedierit.
1297 1974 1420 2007 Rursus
1436 1985 1494 2018 per
1505 1981 1567 2008 tres
1580 1976 1647 2008 dies
1664 1987 1720 2009 eos
1732 1987 1820 2009 com-

1087 2026 1260 2058 mendator
1292 2027 1323 2058 in
1356 2027 1498 2070 hospitio
1532 2029 1671 2060 recreari
1702 2028 1820 2069 saciat,

1088 2078 1204 2121 quibus
1222 2079 1247 2111 si
1273 2081 1309 2111 ea
1333 2078 1365 2111 in
1386 2080 1482 2112 domo
1504 2079 1625 2112 diutius
1651 2080 1818 2114 immorari

1087 2141 1218 2164 necesse
1245 2132 1296 2171 sit,
1311 2132 1522 2164 refectorium
1540 2143 1610 2164 cum
1635 2134 1751 2166 ceteris
1770 2134 1819 2166 ad·

1087 2189 1161 2216 eant
1178 2189 1209 2216 et
1224 2189 1356 2216 utantur
1376 2187 1530 2218 consueta
1548 2186 1725 2219 refectione
1743 2196 1820 2219 con-

1086 2242 1212 2269 ventus.

1128 2301 1197 2324 vm.
1223 2290 1341 2324 Nullus
1367 2292 1467 2324 frater
1491 2291 1574 2324 viam
1599 2297 1820 2334 prosequutu-

1088 2355 1140 2377 rus
1163 2345 1310 2377 discedat
1334 2355 1351 2377 a
1375 2345 1595 2386 monasterio,
1622 2344 1677 2377 ubi
1702 2345 1820 2377 statio-

1085 2408 1156 2430 nem
1182 2397 1303 2437 fccerit‚
1328 2397 1390 2430 nisi
1415 2397 1504 2440 prius
1529 2408 1546 2430 a
1572 2399 1718 2441 praelato
1745 2398 1818 2430 obe-

1085 2450 1240 2483 dientiam
1272 2450 1421 2492 accipiat.
1453 2450 1575 2482 Deinde
1607 2460 1714 2483 coram
1747 2450 1818 2493 ipso

1085 2503 1122 2545 (si
1149 2503 1262 2545 libeat)
1282 2503 1331 2535 vel
1354 2502 1418 2535 alio
1445 2502 1611 2535 sacerdote
1636 2507 1817 2545 prostratus

1085 2556 1169 2588 dicat
1200 2557 1362 2599 psalmum
1388 2555 1507 2588 Levavi
1537 2555 1644 2588 oculos
1668 2565 1752 2588 meos
1782 2556 1815 2588 in

1086 2613 1215 2649 utentes,
1244 2614 1305 2642 etc.

1720 230 1783 264 5307
1837 240 1885 267 An.
1908 241 1937 267 c.
1958 241 2008 267 ico
