2254 3225
216 237 258 261 ιη,
275 234 302 260 C.
328 235 395 261 iano
440 225 503 258 15⁶2

405 283 511 316 narios
534 287 566 315 et
589 282 732 324 integros
752 279 881 313 effectus
898 276 1006 310 sortiri
1025 281 1057 307 et
1079 274 1134 306 ob-

406 336 527 376 tinere,
552 346 588 368 ac
612 335 686 376 illis,
704 334 743 366 ad
769 343 848 376 quos
873 334 997 373 spectat
1021 332 1052 359 et
1076 336 1134 369 pro

405 393 549 431 tempore
577 387 844 430 quandocumque
872 380 1035 425 spectabit,
1054 379 1085 410 in
1103 386 1136 408 o-

405 441 533 473 mnibus
559 445 592 473 et
615 449 675 482 per
698 437 805 472 omnia
822 434 1007 478 plenissime
1029 429 1136 462 suffra-

406 493 489 535 gari,
515 497 546 525 et
569 492 608 524 ab
632 491 696 524 illis
712 488 891 531 respective
908 482 1136 517 inviolabiliter

407 551 439 577 et
462 545 653 577 inconcusse
671 540 847 579 observari,
867 538 975 580 sieque
992 536 1024 567 in
1042 544 1136 577 prae-

408 597 516 629 missis
541 606 598 639 per
619 602 838 638 quoscumque
861 589 982 622 iudices
1007 586 1137 619 ordina-

408 649 471 682 rios
490 654 520 681 et
538 648 713 689 delegatos,
729 644 823 677 etiarn
841 650 1009 674 causarum
1026 637 1136 680 palatii

410 700 577 744 apostolici
603 698 775 735 auditores,
799 693 934 727 iudicari
955 697 987 724 et
1011 689 1136 723 deliniri

411 755 538 792 debere,
563 762 599 784 ac
623 750 748 782 irritum
767 752 798 779 et
814 747 909 778 inane
927 744 951 776 si
970 753 1063 776 secus
1086 752 1138 774 su-

411 817 468 848 per
493 804 542 837 his
568 814 584 835 a
601 810 774 845 quoquam,
794 797 903 841 quavis
928 795 1137 833 auctoritate,

411 857 550 889 scienter
570 855 618 887 vel
635 854 833 896 ignoranter,
850 848 1021 891 contigerit
1038 852 1139 880 atten-

413 908 483 941 tari.

455 961 469 1003 ἕ
494 960 524 992 5.
550 959 617 992 Non
634 955 834 990 obstantibus
854 952 1139 987 constitutionibus

247 973 400 993 centrariorum

221 999 338 1024 ‘'w'‘*m'
413 1019 444 1046 et
479 1010 734 1045 ordinationibus
766 1007 976 1051 apostolicis,
1012 1014 1139 1038 necnon

414 1065 562 1098 omnibus
587 1068 618 1096 et
641 1061 775 1104 singulis
801 1060 865 1093 illis
886 1070 966 1103 quae
993 1059 1025 1090 in
1050 1067 1141 1100 prae-

412 1116 543 1150 insertis
557 1114 734 1148 Innocentii
753 1111 1009 1156 praedecessoris
1026 1110 1141 1143 litteris

413 1178 565 1202 concessa
597 1172 670 1200 sunt
699 1176 766 1198 non
790 1165 935 1205 obstare,
964 1163 1143 1205 ceterisque

413 1220 580 1255 contrariis
604 1219 873 1262 quibuscumque.

221 1282 403 1335 sutmffliiiifm'
457 1273 519 1317 go.
538 1272 689 1305 Volumus
711 1275 817 1303 autern
837 1275 872 1301 ut
896 1269 1037 1312 ipsarum
1056 1278 1146 1311 prae-

413 1326 553 1360 sentium
592 1324 773 1357 litterarum
816 1322 1029 1365 transumptis
1045 1348 1053 1362 ,
1089 1331 1146 1353 seu

414 1378 580 1422 exemplis,
598 1377 694 1410 etiam
707 1376 883 1419 impressis,
899 1385 995 1407 manu
1009 1373 1145 1407 alicuius

413 1430 530 1464 notarii
546 1429 670 1474 publici
688 1428 889 1471 subscriptiS,
901 1432 933 1460 et
952 1427 1059 1469 sigillo
1077 1436 1147 1469 per-

414 1493 512 1517 sonae
533 1483 566 1515 in
583 1481 801 1515 ecclesiastica
817 1480 974 1523 dignitate
991 1478 1146 1512 constitu-

415 1541 465 1569 tae
484 1535 625 1574 munitis,
652 1534 765 1566 eadem
792 1543 928 1576 prorsus
955 1533 1034 1565 tides
1049 1532 1083 1564 in
1104 1531 1149 1563 iu-

417 1588 499 1622 dicio
521 1592 551 1621 et
568 1592 657 1620 extra
672 1587 750 1619 illud
771 1586 940 1626 habeatur,
964 1595 1045 1628 quae
1069 1584 1148 1627 ipsis

416 1640 643 1684 praesentibus
663 1639 839 1671 haberetur
855 1638 881 1670 si
899 1638 1006 1671 forent
1029 1636 1150 1670 exhibi-

418 1701 467 1728 tae
486 1694 537 1726 vel
562 1697 724 1726 ostensae.

460 1746 573 1779 Datum
597 1745 729 1784 Romae,
747 1743 832 1786 apud
856 1743 888 1775 S.
904 1742 1033 1775 Mariam
1058 1741 1153 1774 Maio-

419 1809 487 1832 rem
503 1825 511 1839 ,
546 1797 605 1830 sub
637 1797 759 1829 annulo
794 1795 987 1833 Piscatoris‚
1026 1795 1079 1827 die
1110 1804 1151 1827 vu

420 1851 605 1885 novembris
641 1858 748 1883 1311]ch
764 1875 771 1889 ,
806 1847 1014 1891 pontificatus
1050 1846 1152 1879 nostri

421 1914 506 1937 anno
532 1913 568 1937 11.

456 1965 518 1992 Dat.
535 1963 579 1992 die
594 1963 609 1991 8
625 1961 781 1991 novembris
798 1961 876 1994 1690,
893 1960 987 1996 pontif.
1005 1967 1074 1987 anno
1089 1965 1117 1988 11.

648 2120 757 2153 xxxii
782 2119 840 2162 (αι.
867 2119 934 2162 31).

428 2218 646 2260 Confirmatur
662 2220 690 2249 et
706 2216 881 2249 innovatur
896 2215 1082 2248 constitutio
1098 2216 1158 2249 Ur-

472 2270 549 2303 bani
586 2269 669 2302 VIII
703 2268 883 2311 approbans
918 2268 1159 2300 constitutiones

472 2325 583 2354 contra
606 2324 792 2363 occupantes
827 2320 875 2352 vel
899 2320 942 2352 act
971 2320 1053 2351 alios
1083 2330 1160 2352 usus

474 2377 683 2406 convertentes
703 2373 786 2405 bona
811 2371 951 2404 locorum
971 2372 1161 2404 Tem-aesom-

475 2429 542 2458 ctae
565 2425 585 2457 ¹.

468 2505 480 2530 1
497 2503 536 2530 De
551 2502 702 2529 huiusmodi
717 2502 782 2529 locis
796 2502 857 2529 vide
872 2501 978 2529 constit.
990 2502 1055 2529 edit.
1067 2507 1164 2536 innexo,

434 2548 477 2575 die
504 2547 535 2573 21
557 2547 685 2580 octobris,
714 2546 808 2581 pontif.
837 2552 866 2579 u,
896 2551 923 2573 et
950 2546 1098 2573 Innocentii
1121 2546 1165 2573 xil

436 2591 542 2619 constit.
562 2596 682 2623 uocxcw,
703 2590 746 2617 die
763 2591 797 2617 24
817 2590 955 2624 februarii,
976 2590 1070 2625 pontif.
1091 2597 1117 2617 v.

983 226 1159 251 BL'LLARIUM
1186 224 1202 247 R
1209 223 1338 247 OMANFM

1914 221 1963 249 An.
1979 221 2007 248 C.
2031 221 2098 248 ¹690

1361 269 1526 296 Alexander
1545 269 1622 303 Papa
1641 269 1719 303 vm,

1316 314 1351 340 ad
1372 314 1504 340 futuram
1523 314 1566 341 rei
1586 314 1765 342 memoriam.

1222 376 1263 407 Ex
1288 375 1433 408 iniuncto
1454 375 1546 408 nobis
1563 375 1695 408 caelitus
1711 376 1908 419 apostolicae

1178 427 1341 460 servitutis
1366 438 1513 467 munere,
1535 427 1600 467 illa,
1614 439 1696 471 quae
1721 439 1738 461 a
1755 429 1906 461 Romanis

1179 479 1385 512 Pontificibus
1398 480 1703 523 praedecessoribus
1716 482 1836 514 nostris
1849 492 1908 525 pro

1179 532 1264 566 tidcli
1289 534 1450 566 bonorum
1476 533 1515 565 ad
1540 543 1630 566 sacra
1656 535 1726 567 loca
1762 539 1910 577 spectan-

1180 584 1258 617 tium
1283 586 1528 619 conservatione
1562 586 1616 629 pie
1647 587 1847 630 provideque
1879 597 1912 619 e-

1179 648 1325 670 manasse
1348 643 1534 678 noscuntur,
1560 644 1595 670 ut
1619 638 1766 671 solidiori
1792 639 1911 671 robore

1180 697 1368 733 perennent,
1396 691 1566 734 apostolici
1595 691 1780 724 muniminis
1807 691 1912 724 nostri

1180 744 1352 785 praesidio,
1385 754 1456 776 eum
1488 743 1520 776 id
1551 755 1568 776 a
1596 744 1689 777 nobis
1720 744 1850 788 petitur,
1875 745 1914 778 li-

1180 795 1296 827 benter
1319 795 1571 828 constabilimus.

1224 848 1239 890 5
1260 847 1290 880 1.
1312 847 1438 880 Dudum
1462 848 1622 890 siquidem
1638 848 1742 882 felicis
1768 850 1913 882 recorda·
1949 859 2034 880 Summa
2057 861 2106 877 con·

1922 886 2037 906 stitutionis
2069 883 2097 903 Ur

1181 899 1276 932 tionis
1310 899 1456 932 Urbanus
1490 900 1548 933 PP.
1574 901 1650 941 VIII,
1683 902 1972 944 praedeceSSOI‘bani
1993 911 2037 931 vni
2059 916 2107 940 qon-

1182 957 1302 992 noster,
1330 952 1455 995 piorum
1476 953 1632 993 locorum,
1650 959 1712 986 tam
1733 954 1764 986 in
1786 954 1913 988 civitate
1923 936 2106 993 giiiivssrainii'flv

1183 1006 1392 1045 Hierusalem,
1429 1016 1523 1048 quam
1559 1011 1648 1039 extra
1682 1017 1750 1040 earn
1787 1007 1819 1040 in
1847 989 2107 1041 totaeffifflgmzv'

1183 1059 1393 1091 Terrasancia
1436 1058 1663 1100 existentium,
1711 1060 1916 1094 indemnitati

1185 1112 1355 1144 consulere
1379 1111 1500 1150 volens,
1521 1112 1715 1145 recolendae
1739 1113 1917 1146 memoriae

1186 1164 1262 1197 Sixti
1280 1164 1303 1194 V
1328 1168 1360 1196 et
1375 1163 1465 1196 Pauli
1483 1164 1580 1196 etiam
1600 1164 1622 1196 V
1639 1175 1675 1197 ac
1696 1165 1842 1208 Gregorii
1866 1166 1918 1199 XV

1187 1217 1405 1249 Romanorum
1422 1215 1613 1249 Pontificum
1632 1218 1918 1260 praedecessorum

1188 1274 1381 1309 nostrorum,
1396 1273 1472 1301 tunc
1497 1279 1635 1309 suorum,
1651 1270 1685 1302 in
1703 1270 1800 1304 simili
1817 1271 1919 1304 forme

1189 1322 1296 1355 Brevis
1321 1322 1456 1361 litteras,
1484 1331 1581 1363 super
1604 1322 1825 1364 prohibitione
1850 1323 1920 1366 qui-

1188 1374 1296 1407 busvis
1319 1373 1467 1417 personis
1492 1374 1575 1406 sacta
1606 1375 1667 1407 sub
1700 1376 1920 1408 excommuni-

1189 1426 1324 1460 cationis
1349 1426 1478 1458 maioris
1496 1427 1577 1459 latae
1602 1428 1782 1461 sententiae
1804 1430 1919 1472 poena,

1190 1490 1229 1512 ne
1255 1478 1385 1522 quaevis
1409 1479 1495 1511 bona
1520 1479 1558 1511 ad
1584 1479 1655 1512 loca
1678 1481 1824 1523 praefata
1848 1491 1922 1524 spe-

1190 1532 1308 1565 ctantia
1327 1531 1472 1564 indebite
1497 1532 1581 1574 apud
1606 1543 1640 1565 se
1665 1533 1853 1573 retinerent,
1871 1535 1922 1566 vel

1190 1584 1221 1617 in
1247 1585 1327 1617 alios
1352 1594 1439 1623 usus,
1461 1583 1556 1616 etiam
1574 1585 1777 1627 quantumvis
1794 1587 1866 1629 pios
1892 1591 1924 1619 et

1191 1642 1355 1679 urgentes,
1369 1641 1604 1677 converterent,
1618 1638 1667 1670 vel
1682 1638 1760 1670 alias
1777 1649 1924 1681 quoquo-

1193 1690 1287 1722 modo
1303 1689 1529 1728 distraherent,
1545 1695 1719 1730 emanatas,
1734 1692 1925 1724 auctoritate

1193 1742 1370 1785 apostolica
1406 1741 1604 1774 confirmavit
1641 1747 1672 1774 et
1706 1743 1923 1786 approbavit;

1194 1801 1226 1829 et
1249 1795 1460 1828 nihilominus
1492 1795 1639 1827 omnibus
1669 1801 1700 1828 et
1731 1796 1865 1839 singulis
1890 1808 1928 1829 u-

1195 1848 1339 1891 triusque
1378 1857 1471 1880 sexus
1497 1847 1657 1890 personis,
1698 1848 1928 1893 cuiuscumque

1195 1900 1371 1943 dignitatis,
1388 1904 1498 1938 status,
1518 1901 1645 1942 gradus,
1663 1902 1786 1935 ordinis
1805 1907 1836 1935 et
1852 1913 1929 1936 eon-

1196 1953 1335 1992 ditionis,
1361 1951 1393 1984 in
1417 1951 1533 1984 virtute
1558 1957 1685 1986 sanctae
1710 1955 1927 1996 obedientiae,

1196 2016 1232 2039 ac
1255 2006 1316 2038 sub
1334 2005 1447 2037 eadem
1464 2006 1809 2040 excommunicationis
1828 2008 1930 2041 maio-

1197 2059 1239 2091 ris
1264 2059 1346 2090 latae
1371 2056 1549 2089 sententiae
1574 2060 1690 2100 poena,
1715 2069 1733 2091 a
1757 2070 1819 2101 qua
1850 2070 1930 2092 non-

1197 2110 1260 2143 nisi
1294 2110 1332 2142 ab
1362 2119 1399 2142 eo
1429 2110 1479 2142 vel
1510 2109 1655 2142 Romano
1686 2110 1840 2144 Pontifice
1869 2122 1930 2155 pro

1199 2170 1344 2206 tempore
1359 2162 1756 2206 existente,praeterquam
1774 2163 1806 2196 in
1819 2165 1932 2198 mortis

1200 2216 1344 2255 articulo,
1369 2214 1490 2247 absolvi
1507 2220 1652 2256 possent,
1673 2215 1815 2248 districte
1839 2227 1933 2260 prae-

1202 2269 1287 2311 cepit
1311 2273 1343 2299 et
1369 2266 1541 2307 mandavit,
1568 2277 1607 2299 ne
1634 2267 1672 2299 de
1696 2273 1804 2300 cetero
1828 2269 1933 2302 cuius-

1202 2321 1247 2353 vis
1282 2319 1412 2362 generis
1446 2319 1532 2351 bona
1568 2319 1606 2351 ad
1641 2320 1713 2352 loca
1748 2320 1934 2354 huiusmodi

1204 2371 1392 2416 spectantia,
1424 2370 1535 2413 quovis
1559 2376 1735 2413 praetextu,
1762 2375 1859 2405 eausa
1885 2374 1934 2406 vel

1206 2424 1387 2463 occasione,
1402 2423 1486 2466 apud
1500 2433 1534 2455 se
1549 2423 1687 2456 retinere
1705 2424 1863 2457 auderent
1877 2436 1935 2458 seu

1206 2480 1464 2520 praesumerent,
1485 2475 1542 2507 sed
1559 2475 1613 2508 illa
1630 2475 1752 2508 eisdem
1769 2477 1858 2517 loeis,
1879 2489 1936 2511 seu

1207 2530 1338 2562 illorum
1362 2527 1541 2570 agentibus,
1567 2527 1699 2560 realiter
1719 2533 1838 2562 etcum
1864 2529 1938 2563 effe-

1208 2587 1259 2614 ctu
1284 2580 1503 2621 restituerent,
1526 2585 1558 2613 et
1574 2580 1662 2621 alias,
1686 2586 1783 2625 prout
1806 2581 1939 2620 uberius

1944 389 2064 412 Exordium.
