2227 3225
128 257 177 284 An.
192 257 223 283 C.
247 255 315 283 ¹698

158 318 313 338 confirmantur

127 350 246 365 camerario
271 345 312 369 pri-

129 373 204 396 uilegia
242 377 310 391 munia

128 401 146 419 et
171 398 310 418 vnmlumeuta

128 432 151 446 cx
167 425 243 450 sigillo.

157 2182 184 2202 Ex
199 2182 247 2202 aliis
258 2187 314 2202 ento·

133 2209 230 2229 lum-*ntis
264 2215 314 2228 nnn-

131 2238 186 2256 u==tta
213 2241 249 2262 pro
265 2236 313 2255 dots

131 2264 201 2282 dictae
234 2268 315 2282 aronta-

132 2292 198 2309 tarrac
208 2295 313 2314 awguan-

131 2317 173 2335 tur.

915 255 1124 279 tNNOCtiNTtUs

367 304 382 347 ἓ
407 303 439 336 [ι.
466 303 577 345 Porro,
605 308 638 336 ut
671 303 840 336 memorati
867 303 962 337 oflicii
990 314 1059 337 am-

322 356 449 400 plitudo
493 358 529 389 ea
565 367 629 399 qua
665 356 758 389 decet
803 356 995 390 auctoritate
1033 361 1064 389 et

322 409 573 443 honorificentia
595 415 811 449 conservetur,
832 411 992 453 simulque
1011 421 1064 442 ex-

321 473 497 506 pensarum
523 463 582 506 ipsi
603 463 858 496 incumbentium
877 463 1063 496 necessitati

322 516 362 549 (le
394 516 530 549 alicuius
556 511 782 549 subventionis
808 516 927 550 auxilio
962 516 1065 560 provi-

322 570 446 610 deatur,
471 569 656 613 privilegia,
684 570 863 609 facultates,
890 580 1065 613 praeroga-

323 623 413 663 tivas,
442 623 729 667 praeeminentIas‚
759 623 987 663 antelationcs,
1016 634 1066 656 cx-

322 677 518 720 emptiones,
544 677 775 717 humanitates,
809 677 1062 712 iurisdictiones,

324 783 372 816 rio
392 783 562 827 praedicto
580 793 638 826 pro
660 788 804 826 tempore
821 783 983 822 existenti,
1003 788 1064 815 tam

323 846 359 869 ex
385 836 602 880 praelatorum
622 836 812 868 Pontificum
832 836 1066 879 praedecesso-

323 901 391 923 rum
431 895 617 922 nostrorum
655 889 876 928 concessione,
904 900 1000 932 quam
1028 900 1064 922 ex

322 943 467 986 legitima
492 949 522 975 et
549 944 729 986 approbata
747 943 995 984 consuetudine,
1013 948 1067 975 aut

323 997 401 1031 alias
417 997 672 1040 quomodolibet,
691 997 933 1040 competebant,
953 1002 984 1029 ct
1001 996 1066 1040 qui-

322 1052 382 1084 bus
400 1051 546 1085 Palatius
565 1051 739 1094 episcopus
757 1051 932 1084 cardinalis
959 1056 990 1083 et
1014 1062 1066 1083 ca-

323 1104 482 1138 merarius
509 1106 674 1148 praefatus
701 1115 789 1143 usus,
816 1104 933 1147 potitus
959 1109 988 1137 et
1014 1114 1066 1145 ga-

324 1158 412 1191 vIsus
447 1159 514 1198 suit,
547 1169 603 1191 scu
637 1158 694 1197 uti,
729 1158 827 1201 potiri
860 1158 889 1190 ct
923 1158 1064 1200 gaudere

324 1211 437 1245 ‹lebuit
464 1213 610 1254 (excepta
637 1217 744 1244 t-unen
781 1212 929 1244 facultate
956 1212 1066 1244 eonse-

325 1265 415 1298 rendi
443 1276 500 1297 scu
526 1265 719 1308 providemli
740 1265 844 1298 officia
863 1265 892 1297 in
914 1264 1065 1307 praefatis

324 1318 470 1361 Gregorii
496 1318 762 1361 praedecessoris
790 1318 909 1361 litteris
935 1328 1066 1350 emune-

324 1377 403 1412 rata,
430 1382 528 1415 super
553 1371 669 1414 quibus
692 1372 842 1404 omnibus
862 1377 893 1403 et
917 1371 1064 1414 singuliS,

325 1436 428 1469 eaque
448 1425 478 1457 in
492 1426 632 1457 futurum
652 1425 843 1457 conserendi
864 1425 973 1463 forma,
993 1435 1065 1467 spe-

324 1478 451 1511 cialiter
472 1477 647 1521 providere
674 1478 882 1517 intendimus,
902 1477 1065 1520 salvisque

324 1531 394 1565 aliis
434 1531 517 1564 infra
553 1531 722 1574 dicendis)
750 1531 857 1564 eIdem
884 1531 1064 1563 camerario

324 1596 383 1629 pro
415 1591 560 1628 tempore
597 1584 747 1617 existenti
785 1584 817 1616 in
857 1585 1009 1617 omnibus
1035 1589 1066 1617 et

323 1649 383 1684 per
400 1638 519 1677 omnia,
536 1643 638 1677 motu,
659 1637 803 1677 seientia,
828 1637 1066 1671 deliberatione

325 1699 357 1727 et
374 1693 543 1737 potestatis
560 1691 765 1735 plenitudine
784 1691 924 1735 paribus,
938 1702 1067 1724 earum-

325 1748 397 1781 dem
425 1752 536 1779 tenore
551 1745 781 1789 praesentium,
809 1754 1066 1788 praeservamus‚

325 1800 553 1834 confirmamus
575 1803 606 1831 et
624 1797 827 1839 innovamus,
846 1798 941 1841 cique
959 1798 1067 1830 onmia

325 1859 358 1887 et
390 1863 615 1897 quaecumque
648 1853 869 1884 emolumenta
895 1862 930 1883 ex
958 1851 1067 1893 sigillo

326 1907 472 1941 eiusdem
500 1906 596 1939 oflicii
616 1905 845 1948 provenientia
863 1911 895 1937 et
912 1906 1068 1938 hactenus

325 1959 451 2004 percipi
485 1959 590 1999 solita,
623 1969 695 1991 curn
729 1958 794 1991 suis
828 1958 1010 1992 honoribus
1038 1965 1070 1991 et

325 2013 483 2048 oneribus
507 2012 656 2056 plenarie
684 2022 900 2052 reservamus,
924 2017 963 2052 et,
998 2023 1070 2056 qua-

324 2073 419 2101 tenus
443 2077 524 2111 opus
542 2067 590 2106 sit,
610 2066 718 2099 denuo
740 2066 950 2099 concedimus
972 2072 1003 2099 et
1027 2072 1070 2099 at-

326 2121 511 2155 tribuimus.

369 2174 428 2219 {5.
448 2174 606 2212 Quoniam
620 2184 706 2213 vero,
725 2174 1012 2217 quemadmodum,
1030 2175 1069 2207 ab

326 2229 397 2272 ipso
424 2228 564 2271 suscepti
590 2239 607 2260 a
633 2227 728 2260 nohis
748 2228 1068 2271 apostolatusinitio‚

326 2292 519 2326 pauperum,
544 2281 600 2325 qni
623 2280 747 2314 domini
770 2281 869 2314 nostri
888 2281 957 2314 lesu
984 2281 1071 2315 Chri-

325 2336 366 2369 sti
402 2346 574 2379 personam
611 2334 782 2374 sustinent,
817 2335 1069 2368 necessitatibus

326 2388 546 2429 sublevandis,
562 2387 776 2421 invalidorum
797 2388 977 2431 hospitium
996 2399 1068 2432 apo-

327 2441 477 2475 stolieum
503 2442 674 2485 erigendo,
709 2447 750 2482 et,
772 2441 860 2474 iuxta
885 2442 1068 2485 Prophetae

326 2495 508 2537 consilium,
535 2506 655 2538 egenos
681 2506 844 2539 vagosque
875 2496 906 2528 in
939 2496 1067 2529 domum

327 2554 470 2581 nostram
505 2549 699 2589 inducendo,
726 2559 854 2582 necnon
891 2559 1068 2592 puerorum

327 2611 362 2634 ac
387 2602 568 2645 puellarum
593 2602 791 2636 institutioni
810 2602 904 2635 simul
932 2608 962 2635 et
987 2602 1069 2634 indi—

327 2654 455 2700 gentiae
480 2655 722 2699 prospiciendo,
744 2656 914 2700 pastoralis
936 2661 1067 2690 nostrae

1745 247 1803 280 8:31

1107 303 1339 337 sollicitudinis
1365 304 1584 338 ministerium
1615 305 1847 349 impendimus,

1107 357 1149 389 ita
1185 362 1310 390 ceteras
1336 367 1515 400 gravesque
1541 358 1646 391 dictae
1673 359 1766 391 Urbis
1795 370 1850 392 ne-

1108 409 1286 447 cessitates,
1306 415 1442 452 urgente
1462 421 1520 443 nos
1538 410 1655 452 iugiter
1676 412 1848 454 pastoralis

1108 462 1204 496 officii
1242 463 1360 504 debito,
1386 463 1531 497 oblivisci
1564 474 1627 496 non
1654 474 1849 507 possumus:

1108 522 1291 560 propterea,
1314 517 1475 550 miseriam
1494 517 1628 560 inopum
1651 523 1678 550 et
1695 517 1849 559 gemitum

1109 580 1298 613 pauperum,
1327 571 1522 614 ln'aesertim
1558 570 1745 603 infirmitate
1782 581 1852 603 cor-

1108 624 1196 666 poris
1234 624 1463 663 laborantium,
1501 623 1555 667 qui
1582 624 1620 656 ad
1648 624 1849 664 nosocomia,

1151 256 1192 278 ΧΗ
1220 257 1265 279 ΓΡ.

1087 704 1088 708 ,
1109 677 1226 720 quibus
1253 678 1366 710 eadem
1392 677 1484 715 Urbs,
1509 677 1728 711 benedicente
1750 678 1853 710 Domi-

323 730 443 773 gratias
471 736 502 763 et
527 730 653 763 indulta
678 730 796 769 omnia,
817 741 899 774 quae
926 740 1066 763 camera·
1087 725 1088 732 ¹

1109 741 1162 770 no,
1183 731 1333 770 abundat,
1355 730 1572 774 tt·.‘1nsportari
1599 731 1770 764 commode
1797 742 1852 764 ne-

1109 790 1242 827 queunt,
1257 789 1413 827 quantum
1431 796 1501 816 cum
1516 784 1651 817 Domino
1668 795 1852 828 possumus,

1110 838 1281 871 sublevare
1309 839 1455 871 volentes
1481 838 1619 880 (attento
1651 839 1736 881 quod
1763 839 1854 871 Palu-

1111 892 1174 924 tius
1207 892 1381 936 episcopus
1413 897 1444 924 et
1469 892 1645 925 cardinalis
1676 897 1707 925 et
1747 903 1854 926 canie-

1110 947 1214 978 rarius
1248 946 1444 989 praedictus,
1467 946 1519 989 qui
1555 946 1651 979 etiam
1682 946 1852 979 archicon-

1110 999 1318 1032 fraternitatis
1357 999 1406 1031 Ss.
1446 999 1497 1031 Xll
1540 999 1772 1043 Apostolorum
1814 1000 1852 1032 de

1110 1052 1193 1085 Urbe
1227 1057 1393 1096 protector
1424 1052 1595 1091 existebat,
1629 1052 1713 1085 inter
1745 1057 1853 1085 cetera

1110 1106 1237 1149 pietatis
1265 1112 1297 1139 et
1322 1105 1518 1138 christianae
1550 1105 1721 1139 charitatis
1748 1105 1853 1138 officia

1109 1159 1272 1203 publicam
1296 1159 1526 1192 arouiatariam
1554 1170 1610 1192 seu
1638 1159 1854 1192 medicamen-

1111 1219 1217 1246 torum
1237 1212 1397 1245 officinam
1413 1223 1470 1256 pro
1490 1213 1695 1256 pauperibus,
1711 1223 1727 1245 a
1740 1211 1853 1245 similis

1110 1267 1287 1299 memoriae
1304 1266 1483 1305 Francisco,
1501 1266 1575 1298 dum
1591 1266 1679 1305 vixit,
1695 1265 1852 1308 episcopo

1109 1319 1271 1359 Ostiensi,
1310 1319 1453 1352 eiusdem
1492 1319 1523 1352 S.
1556 1319 1592 1352 R.
1625 1319 1659 1352 E.
1696 1318 1852 1352 cardinali

1110 1373 1287 1405 Barberino
1320 1378 1518 1415 nuncupato,
1554 1371 1656 1404 dictae
1683 1371 1854 1404 archicon-

1110 1426 1322 1459 sraternitatis
1359 1426 1471 1458 itidem
1497 1431 1693 1468 protectore,
1719 1425 1853 1468 proprio

1109 1491 1182 1513 aere
1201 1479 1340 1522 primum
1361 1484 1500 1511 erectam
1528 1479 1798 1522 instructamque,
1818 1490 1852 1511 ac

1110 1544 1168 1576 per
1196 1535 1310 1576 plures
1336 1543 1437 1565 :tnnos
1463 1543 1564 1575 usque
1600 1532 1638 1564 ab
1665 1532 1789 1565 obitum
1816 1532 1854 1565 de

1110 1586 1304 1619 necessariis
1330 1585 1503 1629 provisam,
1530 1585 1597 1618 suis
1623 1585 1746 1628 pariter
1771 1596 1855 1618 sum-

1109 1640 1220 1684 ptibus
1250 1639 1443 1683 providebat
1475 1646 1506 1672 et
1537 1639 1789 1682 substentabat),
1820 1644 1855 1670 ut

1111 1699 1175 1726 tam
1201 1693 1244 1737 pii
1273 1692 1384 1736 operis
1410 1692 1554 1725 firmitati
1574 1698 1752 1736 perpetuae
1772 1692 1856 1726 dotis

1110 1747 1342 1780 constitutione
1369 1746 1551 1779 consultum
1578 1747 1628 1786 sit,
1648 1757 1682 1779 ex
1703 1746 1855 1790 praefatis

1112 1800 1340 1834 emolumentis
1363 1806 1459 1843 atque
1475 1800 1701 1843 proventibus,
1717 1805 1752 1832 ut
1766 1811 1857 1844 prae-

1112 1856 1222 1895 fertur,
1257 1865 1273 1886 a
1306 1854 1537 1887 camerariatus
1564 1853 1669 1886 officio
1703 1853 1856 1886 dismem-

1111 1908 1220 1947 bratis,
1256 1897 1365 1940 omnia
1391 1912 1420 1939 et
1451 1906 1591 1948 singula,
1619 1917 1702 1949 quae
1729 1912 1791 1939 tam
1819 1917 1855 1940 ex

1111 1963 1215 1993 massa
1241 1959 1370 2002 collegii
1400 1959 1601 1992 notariorum
1621 1959 1773 1993 Gamerae
1801 1970 1856 1992 no-

1113 2019 1197 2046 strae
1224 2013 1434 2056 apostolicae,
1464 2023 1560 2056 quam
1591 2023 1627 2045 ex
1657 2013 1856 2045 collectoriis

1113 2067 1145 2099 in
1167 2078 1269 2109 regno
1302 2066 1484 2109 Hispaniae,
1516 2066 1701 2099 Lusitaniae
1732 2066 1857 2099 etNea-

1113 2121 1198 2164 polis
1219 2131 1255 2153 ae
1272 2120 1422 2153 universa
1447 2119 1546 2160 ltalia,
1564 2119 1718 2163 vigesima
1738 2130 1857 2152 nuncua

1113 2181 1196 2218 pata,
1217 2184 1364 2217 quaeque
1384 2173 1422 2205 ad
1446 2173 1607 2206 rationem
1635 2173 1771 2206 duorum
1798 2184 1857 2217 pro

1113 2228 1301 2260 centenario
1336 2237 1434 2269 super
1464 2226 1600 2269 spoliis,
1635 2227 1792 2259 fructibus
1826 2232 1857 2260 et

1113 2280 1344 2314 emolumentis
1370 2279 1520 2312 omnibus
1547 2280 1704 2312 dictarum
1731 2286 1762 2313 et
1779 2280 1856 2313 alia-

1113 2346 1182 2367 rum
1209 2333 1473 2367 eollectoriarum
1500 2333 1697 2377 ubicumque
1731 2333 1856 2366 institn-

1113 2393 1216 2420 tarum
1250 2392 1281 2420 et
1305 2386 1592 2426 instituendarum,
1618 2397 1654 2418 ae
1679 2387 1775 2419 etiam
1805 2397 1856 2419 oc-

1112 2441 1241 2473 casione
1268 2440 1466 2473 decimarum
1493 2439 1718 2483 impositurum
1745 2445 1776 2472 et
1797 2440 1856 2472 im-

1111 2494 1338 2538 ponendarum
1364 2504 1657 2537 quarurncumque‚
1687 2493 1750 2525 sive
1779 2493 1854 2525 sub—

1111 2547 1267 2580 sidiorum
1300 2546 1431 2579 earum¹
1459 2547 1532 2579 loco
1558 2546 1799 2590 suppositorum
1825 2551 1856 2578 et

1111 2602 1416 2646 supponendorum,
1435 2600 1611 2633 camerario
1630 2600 1777 2644 praefato
1795 2610 1854 2644 pro

1148 2665 1157 2691 1
1182 2663 1255 2690 Edit.
1276 2663 1345 2690 Main
1378 2663 1443 2698 legit
1462 2671 1563 2690 eorum
1583 2663 1624 2698 (n.
1641 2663 1690 2697 T.).

1857 258 1903 284 An,
1923 257 1951 284 (T,
1977 257 2043 283 1198
