2254 3225
241 207 282 233 An
311 206 424 233 ‹2:1092
474 199 537 230 370

247 1588 315 1609 Gna-1·
330 1586 402 1608 XXIV

233 1615 459 1667 μοιιέἶιῖιῖὀρῗαῖιῑυ
483 1632 607 1675 possint
637 1637 667 1663 et
697 1631 839 1664 debeant
862 1630 985 1665 institui
1011 1638 1046 1665 ut
1074 1644 1158 1666 com-

233 1668 283 1688 ndis
299 1670 318 1689 et
333 1673 413 1688 Vicat-m

476 265 554 289 xv11.
581 255 659 288 Item
685 255 785 299 ipsius
814 255 949 288 interest
979 255 1012 288 in
1037 256 1162 298 magnis

431 309 708 349 solemnitatibus,
748 310 882 343 absente
921 309 1074 351 magistro
1113 309 1162 341 vel

431 363 632 407 provinciali,
650 363 759 396 altaris
777 363 917 396 officium
931 372 1102 401 assumere,
1119 372 1163 393 se-

430 416 534 461 pelire
560 416 693 456 fratres,
720 416 855 449 infirmis
883 421 1082 449 sacramenta
1105 414 1164 446 mi—

430 470 577 509 nistrare,
599 471 725 513 aliaque
743 470 861 502 similia
888 478 1057 512 peragere.
1077 467 1163 500 Com-

430 522 580 555 munibus
602 523 725 556 actibus
751 533 879 566 semper
904 521 1041 561 intersit,
1077 521 1163 564 capi-

431 576 498 608 tula
521 582 553 609 et
576 575 766 609 collationes
791 575 975 618 spirituales
1003 582 1074 606 cum
1100 574 1162 607 sra-

431 629 532 662 tribus
558 630 688 668 habeat,
709 629 793 661 unde
815 637 926 660 eorum
950 627 1113 670 profectus
1131 632 1163 659 et

429 692 553 715 morum
580 683 705 715 cultura
729 681 905 724 proveniat.
932 680 1047 713 Curam
1065 680 1160 713 etiam

430 735 548 769 habeat
577 741 611 768 ut
639 735 786 768 mandata
811 739 842 766 et
870 734 1089 768 ordinationes
1119 734 1162 766 vi-

429 788 616 821 sitationum
633 792 663 821 et
680 788 893 831 capitulorum
910 787 1109 829 generalium
1131 793 1162 819 et
1180 771 1184 844 J

429 841 675 884 provincialium
707 840 816 874 debita
850 840 1077 874 observatione
1109 840 1182 872 xvi-1

429 900 536 936 geant.
563 893 806 935 Singularitates
825 893 856 924 in
879 894 952 926 cibo
977 893 1026 925 vel
1052 893 1160 936 epula·
1179 900 1182 908 ·

428 946 534 979 tiones
560 946 741 989 superfluas
767 945 898 978 omnino
924 949 1046 978 caveat.

470 1009 557 1032 xvm.
586 999 618 1031 In
644 998 773 1031 ieiuniis
799 1003 831 1030 et
853 997 1056 1030 abstinentiis
1081 1009 1159 1030 nun-

427 1062 521 1094 qnam
547 1051 604 1084 toti
630 1050 799 1084 conventui
825 1050 1085 1093 dispensationes
1110 1051 1181 1090 iii-5

427 1104 566 1146 dulgeat,
589 1103 729 1146 exceptis
747 1103 874 1136 casibus
891 1114 908 1135 a
928 1103 1158 1136 constitutione

425 1157 598 1201 praevisis',
624 1157 805 1190 officialium
824 1156 1037 1198 negligentias
1063 1156 1159 1189 corri-
1178 1154 1181 1183 l

425 1216 486 1252 gat,
505 1221 541 1242 ac
558 1210 596 1243 de
615 1210 660 1251 iis,
679 1220 761 1252 quae
779 1209 896 1242 abillis
910 1215 984 1242 sunt
1001 1209 1157 1249 facienda,

424 1263 611 1305 frequenter
644 1263 817 1295 admoneat
849 1267 880 1295 et
911 1262 1072 1302 instruat;
1107 1273 1180 1295 ca-‘

423 1321 495 1348 veat
511 1315 652 1358 insuper,
667 1325 706 1347 ne
721 1313 771 1347 ab¹
790 1314 879 1357 ipsis,
895 1314 1019 1347 ratione
1038 1315 1158 1347 officio-

425 1378 504 1409 rurn,
530 1378 567 1400 ea
592 1378 672 1410 quae
690 1372 765 1400 sunt
788 1366 915 1399 Ordinis
940 1367 1157 1410 negligantur,
1177 1393 1180 1431 ³

426 1421 487 1453 nisi
512 1426 669 1463 quantum
694 1425 828 1463 propter
853 1420 991 1453 officium
1017 1422 1180 1473 comper*¹

427 1474 544 1512 lantur,
561 1475 609 1506 vel
635 1474 674 1506 de
700 1473 830 1505 licentia
853 1473 1090 1507 rationabiliter
1110 1474 1155 1507 eis
1176 1475 1180 1488 ¹

426 1526 616 1569 permissum
641 1526 748 1558 suerit.

470 1588 491 1611 1
519 1578 609 1611 Circa
630 1578 812 1622 praesides,
833 1579 887 1622 qui
907 1579 938 1611 in
956 1579 1043 1612 omni
1065 1589 1156 1612 even-

426 1684 668 1716 mendatoribus
681 1685 859 1717 succedant
868 1690 920 1716 aut
932 1685 1157 1728 subrogentur,

425 1737 529 1779 primo
544 1737 712 1768 statuimus
730 1742 764 1769 ut
781 1737 888 1769 nuilus
902 1739 1155 1778 commendator,

425 1789 479 1833 qui
497 1789 583 1822 domi
601 1789 662 1821 sibi
677 1789 867 1822 commissae
882 1790 1023 1823 resideat
1039 1797 1068 1823 et
1087 1802 1156 1824 eain

424 1852 484 1885 per
496 1852 529 1874 se
549 1842 730 1884 gubernare
748 1842 860 1883 valeat,
876 1842 1019 1885 qualibet
1033 1844 1157 1877 ratione

425 1895 607 1939 praesidem
637 1895 697 1927 sibi
723 1895 906 1928 substituat.
934 1895 1025 1934 Quod
1051 1896 1075 1929 si
1101 1897 1180 1940 ali-¹

425 1949 555 1991 quando
569 1958 641 1980 curn
660 1948 768 1981 debita
786 1948 915 1981 licentia
929 1959 1065 1992 peregre
1084 1960 1159 1992 pro·
1178 1941 1181 1977 i

425 2001 522 2034 ficisci
547 2001 697 2041 voluerit,
716 2002 764 2033 vel
788 2001 933 2044 alioquin
959 2013 1050 2034 mora
1075 2003 1181 2034 futu-1

425 2065 461 2086 ra
481 2054 520 2086 sit
538 2054 730 2093 diuturnior,
751 2064 786 2086 ex
806 2064 864 2087 suo
883 2060 1043 2087 conventu
1060 2066 1158 2088 unum

1178 1714 1181 1727 ι

1176 1728 1180 1757 l

1006 207 1185 230 BL'LLARIUM
1209 206 1364 230 hommum

1206 256 1278 287 ciali
1302 256 1456 295 videatur,
1475 256 1524 289 cui
1543 264 1638 300 super
1662 255 1725 291 hoc
1749 266 1876 300 semper
1893 257 1938 291 sa-

1206 310 1356 341 cultatem
1382 309 1565 344 huiusmodi
1584 311 1820 345 nominationes
1837 312 1939 345 refor-

1206 362 1312 394 mandi
1338 363 1558 397 concedimus.

1249 425 1282 448 n.
1311 415 1341 448 Si
1367 427 1442 451 vero
1467 418 1742 452 commendatoris
1760 419 1867 453 obitus
1883 420 1938 452 im-

1205 468 1341 508 mineat,
1368 470 1441 502 huic
1472 470 1594 513 pariter
1618 476 1812 514 potestatem
1839 471 1937 505 tradi-

1205 529 1282 558 mus,
1300 526 1334 553 ut
1355 527 1538 565 opportune
1559 528 1632 555 ante
1650 524 1816 556 decessum
1836 524 1938 566 possit

1205 573 1265 605 sibi
1291 575 1473 617 praesidem
1498 575 1706 616 substituere,
1733 577 1787 620 qui
1812 583 1885 620 post
1901 577 1937 611 il-

1205 625 1269 658 lum
1297 632 1402 659 teneat
1426 628 1630 670 gubernium‚
1648 629 1756 662 donec
1773 630 1935 672 praelatus

1205 679 1356 720 superior
1380 680 1486 712 eidem
1511 681 1682 713 conventui
1707 681 1803 714 aliter
1830 681 1937 724 provi-

1205 730 1276 762 deat
1310 731 1348 764 de
1384 732 1646 766 commendatore
1677 735 1726 767 vel
1762 734 1934 777 praeside;

1203 783 1290 825 quod
1316 784 1342 816 si
1366 785 1410 817 ita
1430 785 1536 818 subito
1555 786 1697 827 decedat,
1716 792 1749 819 ut
1766 786 1935 820 nominare

1203 845 1266 868 non
1293 838 1416 878 valeat,
1442 843 1497 870 aut
1521 838 1599 871 alias
1631 840 1935 882 quomodocumque

1202 889 1270 922 sine
1294 889 1516 924 nominatione
1549 893 1681 934 propria
1708 894 1757 926 vel
1781 892 1935 936 praelati¹

1201 942 1380 984 superioris
1406 954 1424 975 a
1458 953 1592 977 munere
1617 944 1764 985 deficiat,
1789 949 1863 979 tunc
1888 945 1935 978 di-

1202 995 1296 1036 gnior
1320 996 1353 1028 in
1377 1002 1536 1029 conventu
1562 997 1601 1030 ad
1627 997 1760 1040 eiusque
1785 998 1933 1040 regimen

1202 1049 1368 1092 expeditus
1392 1049 1543 1082 succedat
1567 1049 1600 1081 in
1624 1050 1730 1082 locum
1755 1050 1857 1093 ipsius
1873 1052 1932 1084 sub

1200 1102 1332 1135 nomine
1356 1102 1537 1145 praesidis,
1564 1103 1667 1136 donec
1696 1104 1858 1146 praelatus
1883 1114 1934 1136 su-

1201 1155 1309 1197 perior
1339 1155 1447 1196 aliter,
1473 1160 1509 1187 ut
1540 1164 1648 1199 supra,
1675 1156 1845 1199 providere
1878 1157 1934 1190 de-

1201 1213 1323 1240 cernat.

1244 1271 1293 1294 111.
1315 1259 1521 1293 Declaramus
1546 1266 1665 1303 autem,
1685 1263 1784 1304 quod,
1802 1263 1827 1295 si
1846 1273 1933 1295 com-

1199 1315 1368 1346 mendator
1383 1314 1422 1346 ad
1440 1314 1616 1356 capitulum
1633 1315 1830 1357 provinciale
1852 1327 1933 1359 quo-

1199 1366 1379 1399 modolibet
1402 1376 1468 1398 non
1493 1367 1634 1407 accedat,
1661 1373 1788 1399 maneat
1813 1368 1932 1401 nihilo-

1200 1420 1305 1451 minus
1326 1419 1358 1451 in
1379 1419 1536 1461 regimine
1554 1420 1602 1451 sui
1622 1416 1808 1460 conventus,
1826 1421 1931 1454 donec

1200 1473 1327 1505 noviter
1362 1473 1484 1505 electus
1525 1472 1563 1504 de
1597 1472 1654 1505 illo
1693 1473 1930 1515 possessionem

1177 1525 1404 1568 1personalem
1432 1524 1585 1567 accipiat,
1611 1524 1672 1557 nisi
1705 1525 1799 1557 aliter
1829 1536 1931 1559 novus

1199 1578 1416 1621 provincialis,
1432 1583 1485 1610 aut
1510 1577 1579 1610 eius
1604 1577 1746 1617 vicarius,
1775 1579 1813 1612 de
1838 1589 1932 1622 prae-

1178 1632 1267 1664 side
1294 1631 1479 1664 constituat.

1244 1695 1285 1717 iv,
1314 1684 1482 1724 Quocirca,
1504 1690 1539 1717 ut
1563 1685 1669 1718 omnis
1686 1684 1869 1728 ambigendi
1887 1686 1932 1719 lo·

1201 1748 1254 1770 cus
1267 1735 1501 1780 praecludatur,
1517 1737 1701 1780 praesidem
1723 1737 1822 1771 alios⁹
1839 1738 1871 1770 in
1886 1750 1932 1771 ca-

1178 1806 1180 1826 }
1200 1791 1278 1833 pite,
1298 1790 1459 1823 interinos
1478 1791 1559 1823 alios
1583 1801 1820 1833 nuncupamus.
1837 1791 1933 1824 Prae-

1200 1844 1301 1876 sidem
1334 1844 1366 1875 in
1395 1843 1498 1886 capite
1530 1853 1602 1876 esse
1629 1853 1703 1876 vere
1729 1848 1761 1876 et
1784 1844 1933 1877 absolute

1200 1896 1381 1938 praelatum
1428 1906 1500 1928 cum
1542 1900 1702 1938 potestate
1745 1895 1933 1929 omnimoda

1201 1949 1337 1991 praelati
1364 1948 1491 1988 localis,
1517 1949 1724 1991 primuinque
1749 1948 1781 1981 in
1806 1949 1932 1982 univer-

1202 2001 1243 2033 sis
1269 2007 1443 2033 conventus
1479 2001 1601 2033 actibus
1634 2001 1738 2033 locum
1764 2001 1932 2043 possidere

1203 2055 1416 2087 declaramus.
1432 2054 1525 2086 lllurn
1542 2064 1616 2086 vero
1631 2053 1694 2086 dici
1711 2059 1743 2086 et
1757 2064 1827 2086 esse
1845 2064 1934 2096 prae-

426 2107 556 2139 fratrem
596 2106 694 2147 magis
730 2106 883 2139 idoneum
917 2107 949 2139 in
974 2108 1159 2150 praesidem
1179 2121 1182 2154 ι
1203 2108 1305 2141 sideru
1339 2108 1369 2139 in
1396 2107 1500 2149 capite
1526 2107 1739 2149 intelligimus
1766 2112 1797 2139 et
1822 2107 1934 2139 statui-

427 2159 628 2201 subrogare⁹
652 2169 754 2202 usque
780 2159 819 2192 ad
844 2159 1015 2192 adventum
1040 2171 1134 2192 suum
1149 2187 1156 2200 ,
1180 2156 1182 2190 i
1203 2172 1285 2199 mus,
1306 2161 1360 2203 qui
1385 2171 1401 2193 a
1421 2160 1565 2203 praelato
1584 2160 1743 2202 superiori
1771 2167 1932 2203 tamqnam

427 2212 488 2244 nisi
503 2212 595 2244 aliter
615 2211 804 2254 provinciali
823 2212 973 2254 expedire
998 2213 1157 2245 videatur.
1204 2214 1274 2246 talis
1300 2224 1358 2256 per
1382 2213 1538 2256 speciales
1563 2213 1686 2245 litteras
1712 2213 1931 2253 constituitur,

428 2264 568 2297 Tandem
592 2265 850 2297 nominationem
881 2265 987 2298 facere
1017 2265 1159 2309 poterit,
1181 2291 1183 2308 ,
1204 2267 1257 2309 qui
1296 2271 1400 2298 tamen
1432 2266 1471 2298 ab
1497 2265 1569 2308 ipso
1606 2276 1665 2308 pro
1702 2271 1778 2297 nutu
1815 2265 1936 2308 poterit

429 2328 501 2350 cum
533 2327 664 2360 process
653 2317 731 2349 erit
762 2317 800 2349 ad
827 2317 1004 2360 capitulum
1029 2317 1160 2360 proxin-

1180 2312 1182 2353 i
1204 2318 1342 2351 ιῚιιι(ι’ριί
1361 2328 1421 2361 per
1436 2328 1498 2350 nox
1502 2328 1550 2349 am
1569 2318 1760 2350 electionem
1776 2327 1935 2351 commen-

429 2371 520 2410 ciale,
535 2370 767 2403 etnominrtus
787 2370 941 2412 guberanrl
944 2371 981 2402 .·it
999 2381 1035 2403 us
1028 2382 1129 2414 quet
1122 2372 1182 2405 ιιι]
1204 2371 1437 2411 dit‹·1is,sivc
1470 2370 1602 2403 altclius
1635 2370 1810 2412 praesidis
1837 2371 1932 2403 dum-

429 2424 634 2467 personalem
659 2433 734 2465 poss
739 2433 771 2454 05
777 2421 901 2454 isonem
920 2423 1101 2455 commend.
1104 2429 1161 2456 ito-

429 2476 473 2510 ris
499 2476 603 2515 electi,
629 2475 690 2508 nisi
716 2476 809 2508 aliter
834 2475 927 2508 etiam
949 2476 1011 2518 ipsi
1035 2477 1161 2520 provin-

467 2549 477 2573 1
496 2546 644 2580 praeposit
662 2546 697 2571 ab
713 2554 760 2571 uos
775 2544 898 2571 addimus
916 2551 954 2573 (R.
970 2546 1019 2579 T.).

465 2591 482 2619 2
502 2591 580 2618 Deest
600 2590 709 2618 verbum
727 2589 834 2625 poterit
854 2595 885 2621 (n.
901 2589 949 2623 T.).

1203 2426 1299 2457 modo
1336 2399 1367 2457 id
1399 2433 1465 2456 non
1501 2423 1554 2455 fiat
1585 2423 1669 2455 intra
1700 2423 1781 2455 duos
1804 2433 1936 2457 menses

1203 2483 1276 2510 ante
1313 2476 1488 2520 capitulum
1524 2475 1744 2518 provinciale,
1780 2486 1840 2508 nec
1872 2476 1935 2510 hoc

1239 2548 1248 2572 1
1273 2545 1338 2571 Male
1358 2546 1423 2571 edit.
1440 2544 1518 2570 Maia.
1540 2544 1605 2578 legit
1620 2544 1765 2578 praelatis
1784 2545 1825 2578 (Ρι.
1842 2546 1889 2579 Τι).

1237 2589 1252 2616 2
1274 2589 1362 2616 l'otius
1382 2588 1438 2624 lege
1454 2588 1612 2624 praesides,
1634 2589 1726 2615 alium
1745 2592 1784 2623 (R.
1799 2589 1846 2624 T.).

1948 210 1996 236 An.
2014 210 2041 237 C.
2063 211 2127 239 169¹
