2227 3225
54 230 102 257 An.
123 230 152 256 G.
172 229 239 257 ¹690

838 230 915 254 ALEX
926 231 1023 253 mom
1050 231 1105 254 Vlll
1131 232 1177 253 rt‘.

248 281 336 311 sacra
356 278 519 320 theologia
541 278 703 319 magistris
727 283 755 309 ct
778 278 894 310 deindo
912 279 984 310 citii-

248 330 445 363 ncntissimis
475 341 511 362 ac
538 330 813 362 reverendissimis
846 330 985 362 dominis

248 383 466 416 cardinalibus
493 388 603 415 contra
625 383 820 415 haereticam
848 382 985 425 pravita-

249 442 312 468 tem
338 436 548 478 generalibus
579 435 827 478 inquisitoribus
853 434 985 467 commi-

249 488 298 527 sit,
317 488 371 531 qni
397 494 518 520 tantum
545 488 713 531 negocium
739 487 912 530 diligenter
933 498 985 529 ag-

249 542 360 584 gressi,
391 542 485 585 cique
514 542 626 574 scdulo
652 552 687 574 ac
711 542 834 584 plurios
863 541 985 573 incum-

248 596 373 635 bentes,
404 605 502 638 snper
531 596 723 637 unaquaque
756 594 897 637 ipsarum
927 604 985 626 sua

249 648 399 691 sutl'ragia
419 648 585 682 Sanctitati
613 647 695 681 Suae
716 647 903 690 singillatim
930 647 985 680 dc-

249 702 404 734 tulerunt.

249 763 450 802 Propositiines
480 767 570 794 autem
593 769 656 793 sunt
678 764 889 803 infrascti'ptae,
914 763 957 791 ¹⁵0⁷
976 780 984 784 -

289 812 374 841 licet:

290 874 309 894 1.
333 864 365 894 In
387 868 463 894 statu
495 868 617 894 naturae
648 864 746 904 lapsae
778 865 812 894 ad
834 868 984 904 peccatum

249 913 368 943 formale
395 918 422 943 et
452 914 627 944 demeritum
649 913 758 943 suflicit
786 914 835 943 illa
854 914 983 950 libertas,

249 971 304 1001 qua
327 963 523 992 voluntarium
553 972 586 992 ac
614 962 739 992 libi-rum
762 962 815 992 suit
843 963 872 992 in
896 964 984 992 causa

249 1011 322 1044 sua,
353 1014 471 1050 peccato
502 1010 640 1048 originali
666 1013 696 1039 et
723 1010 860 1041 libertate
882 1010 986 1041 Adami

252 1059 411 1098 peccantis.

290 1116 320 1137 u.
344 1107 471 1138 Tametsi
501 1108 587 1137 detur
615 1107 779 1145 ignorantIa
807 1107 987 1137 invincibilis

250 1155 323 1184 iuris
344 1160 476 1192 naturae,
500 1156 572 1185 haee
594 1155 623 1184 in
647 1159 722 1184 statu
746 1160 866 1185 naturae
890 1156 987 1195 lapsae

251 1208 420 1242 operantem
446 1214 480 1234 ex
508 1204 570 1243 ipsa
603 1213 661 1233 non
690 1208 809 1233 excusat
831 1213 845 1233 a
869 1209 986 1243 peccato

250 1252 377 1281 rnortali.

291 1310 331 1331 111.
355 1301 416 1331 Non
440 1301 507 1330 licet
535 1301 616 1340 sequi
639 1301 806 1340 opinionem
839 1302 882 1331 vel
912 1303 987 1332 inter

250 1349 414 1389 probabiles
438 1348 710 1388 probabilissimum.

289 1406 327 1427 IV.
352 1397 433 1427 Dedit
456 1397 643 1436 semetipsum
676 1407 726 1436 pro
758 1397 842 1427 nobis
866 1398 988 1427 oblatio-

251 1455 316 1475 nem
340 1445 418 1482 Deo,
442 1454 499 1475 non
532 1454 585 1484 pro
616 1446 685 1474 solis
708 1445 809 1475 electis
832 1468 840 1482 ,
864 1446 913 1476 scd
937 1456 987 1485 pro

251 1493 385 1523 omnibus
407 1497 435 1523 et
458 1494 527 1523 solis
550 1493 694 1523 fidelibus.

291 1553 317 1571 v.
342 1542 460 1580 Pagani,
487 1541 594 1578 iudaei,
622 1542 777 1580 haeretici,
804 1542 912 1582 aliique
936 1543 987 1572 lm-

251 1591 297 1621 ius
313 1592 428 1630 generis
451 1591 564 1621 nullum
588 1592 706 1621 omnino
728 1592 876 1632 accipiunt
894 1603 908 1622 a
925 1593 987 1622 lesu

251 1640 364 1670 Christo
387 1640 542 1676 intluxum,
566 1640 698 1680 adeoque
721 1641 789 1670 hinc
816 1646 893 1671 recte
916 1642 985 1671 infe-

251 1698 298 1718 res
314 1689 343 1718 in
370 1689 427 1718 illis
449 1698 512 1717 esse
534 1689 713 1718 voluntatem
737 1689 843 1719 nudam
862 1695 890 1719 et
912 1690 987 1719 incr—

251 1746 325 1766 mem
341 1737 404 1766 sine
426 1737 504 1766 omni
526 1737 618 1775 gratia
641 1737 808 1767 sufficienti.

291 1793 329 1814 vi.
343 1785 440 1815 Gratia
459 1785 607 1814 sussiciens
623 1785 710 1815 statui
729 1790 827 1815 nostro
849 1795 906 1816 non
930 1791 986 1815 tam

252 1833 332 1863 utilis
353 1842 440 1872 quam
464 1833 627 1872 perniciosa
650 1838 713 1871 est,
737 1834 778 1863 sic
804 1838 835 1864 ut
868 1835 988 1873 proinde

251 1882 356 1911 merito
379 1882 523 1921 possimus
545 1886 661 1920 petere:
681 1882 702 1910 A
725 1884 816 1920 gratia
837 1885 988 1922 sufficienti

251 1930 337 1960 libera
359 1940 416 1966 nos,
439 1930 565 1960 Domine.

290 1987 338 2008 vu.
363 1977 463 2009 Omnis
492 1979 619 2008 humana
644 1979 725 2009 actio
742 1979 921 2018 deliberata,
946 1985 988 2009 cst

250 2027 299 2058 Dei
322 2027 439 2057 dilectio
461 2027 505 2057 vel
529 2028 648 2057 mundi:
671 2028 694 2057 si
716 2028 776 2064 Dei,
795 2028 921 2058 charitas
938 2028 988 2058 Pa-

251 2076 305 2106 tris
328 2080 390 2113 est;
414 2076 437 2105 si
467 2076 589 2113 mundi,
614 2077 848 2115 concupiscentia
880 2078 986 2115 carnis,

251 2125 305 2154 hoc
328 2129 380 2159 est,
405 2124 480 2154 mala
503 2128 556 2154 est.

291 2183 350 2204 vul.
373 2173 496 2204 Necesse
518 2178 562 2204 est
584 2174 731 2203 infidelem
748 2174 777 2204 in
800 2175 879 2205 omni
901 2184 987 2215 opere

251 2230 382 2260 peccare.

290 2278 330 2299 lx.
354 2269 395 2299 Re
417 2269 483 2298 vera
506 2271 607 2307 peccat
628 2269 677 2308 qui
693 2269 758 2298 odio
780 2267 867 2299 hahet
889 2278 989 2308 pecca-

252 2323 348 2348 catum
365 2326 445 2348 mere
463 2316 499 2347 ob
520 2318 583 2347 eius
605 2318 816 2357 turpitudinem
832 2322 860 2347 et
875 2318 988 2348 discon-

252 2367 430 2396 venientiam
452 2375 518 2396 cum
541 2368 646 2396 natura
667 2366 820 2403 rationali,
843 2366 906 2396 sine
929 2367 987 2396 ullo

252 2416 288 2446 ad
310 2416 399 2446 Deum
423 2415 565 2445 offensum
587 2420 734 2454 respectu.

293 2474 320 2494 x.
344 2464 491 2500 Intentio,
514 2473 570 2503 qua
599 2465 664 2503 quis
692 2464 853 2494 detestatur
879 2466 986 2494 malurn

253 2517 281 2543 et
312 2512 500 2552 prosequitur
530 2512 638 2542 honum
669 2521 748 2542 mere
776 2517 807 2542 ut
834 2513 986 2542 caelestem

253 2561 382 2591 obtineat
409 2561 555 2600 gloriam,
579 2570 636 2591 non
668 2565 710 2591 est
737 2565 817 2591 reeta
848 2571 902 2591 uec
930 2562 987 2592 Deo

254 2610 398 2653 placensg
415 2642 418 2650 ,
697 2609 701 2611 ”
720 2609 734 2612 “
757 2608 763 2612 ’

1662 223 1724 256 ‘istil

1069 288 1105 307 xi.
1130 281 1220 308 tlmnc
1243 288 1279 317 qu
1294 280 1318 307 =d
1343 290 1398 308 mn
1416 292 1429 307 ι·
1450 285 1505 309 tcx
1528 281 1580 308 sule*
1604 282 1761 311 cliristianzi

1027 327 1240 365 supernaturali
1255 350 1262 363 ‚
1286 337 1358 366 (pule
1383 337 1433 366 per
1455 329 1638 358 dilectionem
1662 339 1764 368 opora-

1027 379 1083 410 tur,
1108 380 1257 414 peccatum
1282 380 1334 404 cst.

1066 433 1115 453 xit.
1139 424 1257 459 Quando
1280 425 1308 454 in
1332 425 1443 463 magnis
1475 426 1674 465 peccatoribus
1695 427 1763 455 ‹hfi-

1026 472 1064 501 cit
1077 473 1171 502 onmis
1183 482 1274 507 amor.
1292 474 1390 503 delicit
1404 474 1490 503 ctiam
1509 475 1590 509 tides,
1607 480 1634 503 ot
1650 476 1763 505 etiamsi

1027 521 1180 550 videantur
1201 522 1330 560 credere,
1348 532 1405 552 non
1428 527 1471 552 est
1495 523 1564 552 tides
1586 523 1694 556 divina,
1713 523 1763 552 scd

1027 570 1163 599 humana.

1067 626 1125 647 xm.
1150 617 1287 657 Quisquis
1309 618 1396 648 ctiam
1413 623 1547 648 aeternae
1564 620 1705 649 mercedis
1721 619 1765 649 in-

1028 666 1102 696 tuitu
1125 666 1180 696 Deo
1203 667 1378 700 famulatur,
1404 668 1546 697 charitate
1568 668 1592 696 si
1615 668 1763 704 caruerit,

1028 715 1097 744 vitio
1119 724 1176 744 non
1200 719 1291 753 caret,
1318 716 1432 755 quoties
1454 716 1561 746 intuitu
1585 717 1651 746 licet
1675 716 1766 746 beati-

1028 764 1136 798 tudinis
1158 770 1307 803 operatur.

1067 821 1125 842 mv.
1150 812 1249 843 Timor
1270 814 1419 852 gehennae
1450 823 1506 843 non
1530 818 1572 844 est
1594 818 1766 853 supernatu-

1027 861 1107 891 ralis.

1067 918 1113 939 xv.
1137 910 1265 948 AttritiO,
1289 920 1361 950 quae
1383 912 1533 949 gehennae
1556 915 1582 941 et
1606 921 1764 951 poenarum

1028 962 1105 988 metu
1127 959 1301 998 concipitur,
1324 960 1387 989 sine
1412 960 1566 989 dilectione
1589 960 1765 990 benevolen-

1028 1007 1085 1036 tiae
1107 1007 1156 1036 Dci
1179 1012 1296 1046 propter
1318 1017 1348 1037 sc
1363 1033 1370 1045 ‚
1394 1017 1452 1038 non
1483 1013 1525 1038 est
1554 1009 1648 1038 bonus
1671 1014 1766 1039 motus

1029 1066 1060 1085 ac
1084 1057 1328 1095 supernaturalis

1070 1114 1127 1134 xvi.
1151 1104 1287 1135 Ordinem
1312 1105 1516 1144 praemittendi
1539 1107 1766 1137 satisfactionem

1029 1153 1205 1183 absolutioni
1236 1154 1350 1183 induxit
1382 1164 1438 1184 non
1473 1155 1572 1193 politia
1604 1160 1653 1185 aut
1685 1156 1768 1186 insti-

1029 1202 1102 1232 tutio
1125 1202 1280 1238 Ecclesiae⁷
1298 1202 1347 1232 sed
1372 1203 1432 1241 ipsa
1455 1202 1562 1233 Christi
1578 1203 1622 1233 lex
1639 1208 1667 1233 et
1686 1214 1768 1243 prae-

1029 1251 1168 1290 scriptio,
1195 1252 1301 1280 natura
1323 1251 1366 1280 rei
1388 1251 1416 1280 id
1438 1251 1533 1290 ipsum
1555 1252 1767 1291 quodanunodo

1029 1299 1167 1328 dictante.

1070 1357 1138 1378 xvn.
1169 1349 1224 1378 Per
1252 1349 1331 1378 illam
1362 1349 1474 1387 praxim
1504 1358 1569 1379 mox
1599 1349 1766 1381 absolrendi

1029 1397 1099 1426 ordo
1122 1398 1318 1436 poenitentiae
1343 1403 1386 1427 est
1408 1398 1551 1428 inversus.

1071 1455 1148 1476 xx‘lu.
1173 1446 1356 1476 Consuetudo
1376 1447 1511 1476 moderna
1536 1447 1630 1485 quoad
1646 1448 1769 1478 admini-

1029 1495 1199 1525 strationem
1223 1495 1397 1524 sacramenti
1421 1495 1631 1529 Poenitentiae.
1653 1496 1767 1526 etiamsi

1029 1553 1092 1573 cam
1115 1543 1308 1582 plurimorum
1332 1543 1483 1572 hominum
1507 1548 1648 1573 sustentet
1670 1549 1768 1574 aucto-

1028 1593 1099 1621 ritas
1129 1596 1157 1620 et
1189 1592 1273 1621 multi
1301 1593 1440 1630 temporis
1462 1592 1639 1622 diuturnitas
1663 1593 1768 1623 contir-

1030 1644 1108 1676 met,
1132 1640 1324 1670 nihilominus
1348 1641 1382 1669 ab
1406 1641 1535 1670 Ecclesia
1564 1651 1620 1671 non
1644 1641 1768 1671 habetur

1030 1698 1082 1729 pro
1103 1698 1169 1723 usu,
1193 1689 1242 1718 sed
1265 1688 1368 1719 abusu.

1069 1746 1128 1767 xix.
1153 1738 1244 1767 Homo
1267 1737 1352 1767 debet
1379 1747 1465 1775 agere
1499 1740 1559 1767 tota
1588 1739 1646 1768 vita
1669 1739 1768 1778 poeni-

1030 1786 1150 1816 tentiam
1174 1795 1225 1824 pro
1249 1790 1365 1821 peccato
1388 1787 1534 1824 originali.

1069 1843 1117 1863 xx.
1151 1834 1352 1864 Conl'ossiones
1381 1835 1456 1874 apud
1480 1835 1630 1873 religiosos
1652 1836 1765 1873 sactae,

1030 1883 1185 1922 pleraeque
1206 1883 1249 1912 vel
1273 1883 1430 1921 sacrilegae
1453 1889 1521 1913 sunt
1543 1885 1588 1914 vel
1610 1884 1764 1914 invalidae.

1069 1941 1128 1961 xxi.
1155 1932 1350 1962 l'arocliianus
1373 1937 1464 1971 potest
1481 1933 1623 1972 suspicari
1639 1934 1674 1963 de
1690 1934 1767 1963 Men-

1030 1980 1216 2016 dicantihus,
1254 1981 1303 2019 qui
1336 1981 1526 2020 eleemosynis
1561 1981 1768 2011 communibus

1030 2030 1141 2065 vivunt,
1159 2029 1192 2058 de
1216 2029 1393 2068 imponenda
1415 2030 1502 2058 nimis
1525 2030 1579 2059 levi
1611 2035 1637 2060 et
1666 2031 1768 2060 incon-

1007 2100 1009 2107 Α
1030 2079 1101 2116 grtia
1125 2077 1313 2116 poenitentia,
1331 2086 1380 2106 seu
1400 2077 1606 2114 satisfactione,
1623 2078 1658 2107 ob
1681 2089 1768 2118 quae-

1030 2131 1106 2156 stum
1129 2136 1180 2156 seu
1202 2126 1315 2155 lucrum
1338 2126 1460 2156 subsidii
1484 2128 1664 2166 temporalis.

1069 2185 1137 2205 xxu.
1160 2175 1298 2212 Sacrilegi
1321 2179 1389 2204 sunt
1411 2175 1569 2213 iudicandi,
1593 2176 1642 2214 qui
1664 2176 1709 2205 ius
1730 2176 1766 2205 ad

1030 2224 1262 2254 communionem
1278 2223 1494 2262 percipiendam
1509 2225 1704 2263 praetendunt
1719 2234 1768 2254 an-

1030 2277 1144 2311 tequam
1167 2272 1340 2309 condignam
1369 2272 1404 2301 de
1437 2272 1552 2302 delictis
1579 2273 1640 2302 suis
1669 2273 1767 2312 poeni-

1030 2322 1150 2350 tentiam
1173 2321 1296 2358 egerint.

1069 2379 1148 2399 xxm.
1172 2370 1314 2400 Similiter
1335 2369 1453 2399 arcendi
1476 2375 1572 2399 sunta
1589 2371 1672 2399 sacra
1689 2379 1767 2399 com-

1030 2418 1167 2448 munione
1185 2441 1192 2454 ‚
1216 2417 1322 2456 quibus
1349 2418 1479 2454 nondum
1508 2418 1583 2447 inest
1614 2427 1696 2448 amor
1717 2417 1766 2448 Dei

1029 2466 1205 2505 purissimus
1227 2469 1256 2495 et
1278 2465 1372 2494 omnis
1394 2465 1542 2495 mixtionis
1564 2475 1678 2504 expers.

1069 2523 1147 2544 xxiv.
1160 2514 1274 2544 Oblatio
1290 2515 1318 2543 in
1336 2514 1444 2553 templo
1461 2524 1535 2553 quae
1548 2514 1633 2544 tiebat
1649 2525 1662 2544 a
1680 2515 1765 2545 Beata

1029 2563 1147 2601 Virgine
1170 2563 1256 2592 Maria
1279 2563 1309 2592 in
1324 2563 1370 2592 die
1393 2563 1608 2592 Purificationis
1631 2574 1698 2593 suae
1714 2572 1765 2601 per

1029 2612 1100 2642 duos
1123 2612 1217 2655 pullos
1240 2611 1450 2651 columbarum,
1468 2621 1558 2641 unum
1579 2612 1608 2641 in
1632 2612 1765 2646 holocau-

1771 234 1819 260 An.
1842 234 1870 260 C.
1892 235 1957 261 '⁴390
