2254 3225
472 218 536 251 35⁶3

475 275 507 315 pl.
530 276 571 306 Ne
599 277 697 307 tradas
726 277 827 308 bestiis
854 279 966 309 animas
995 278 1168 308 confitentes

435 322 499 360 tibi,

475 371 505 408 nt.
530 371 562 401 Et
584 371 697 402 animas
719 381 879 412 pauperum
901 376 1018 403 tuorum
1040 380 1077 402 ne
1095 371 1168 402 obli-

435 419 557 450 viscaris
579 421 608 450 in
634 421 733 451 tinem.

474 468 506 507 ᾐ.
530 469 726 508 Requiescant
747 470 776 500 in
799 479 881 510 pace,

474 518 506 555 137.
531 517 631 547 Amen.

474 565 506 605 ψ.
531 565 663 605 Domine,
680 568 783 597 exaudi
802 567 962 597 orationem
982 575 1086 603 meam,

472 615 503 653 Β).
527 615 560 644 Et
582 616 691 645 clamor
713 626 795 646 meus
817 616 852 646 ad
877 619 903 646 te
926 616 1034 645 veniat.

474 662 506 702 γ.
529 663 669 694 Dominus
691 664 851 694 vobiscum.

472 712 504 747 ly.
526 711 560 741 Et
582 721 647 742 cum
662 713 766 752 spiritu
789 717 850 743 tuo.

741 770 864 800 Oramus.

471 816 607 856 Absolve,
624 827 813 857 quaesumus,
836 818 967 855 Domine,
992 817 1103 846 animas
1127 818 1166 846 sa-

432 866 577 895 mulorum
592 870 706 896 tuorum
719 867 841 897 fratrum
856 870 1022 896 nostrorum
1037 865 1073 895 ab
1089 865 1165 895 ouini

433 913 549 944 vinculo
565 915 752 952 delictorum,
767 918 798 945 ut
819 914 850 944 in
868 913 1092 944 resurrectionis
1108 913 1167 951 glo-

432 962 477 992 ria
498 963 576 993 inter
604 966 719 993 sanctos
735 965 763 993 et
785 963 892 992 electos
915 965 978 991 tuos
1000 961 1165 991 resuscitati

432 1010 589 1050 respirent.
610 1011 664 1041 Per
685 1010 830 1041 Christum
853 1010 1004 1040 Dominum
1023 1013 1164 1039 nostru-m.

431 1059 531 1089 Amen.

474 1127 504 1149 v.
531 1116 565 1149 In
590 1115 652 1149 sine
677 1121 785 1149 autem
817 1125 947 1159 praeses
981 1114 1033 1158 pia
1057 1124 1166 1147 exora-

431 1167 536 1202 tione'
550 1167 968 1202 commendetorationibus
979 1167 1165 1211 provinciae

430 1223 552 1256 animas
574 1223 813 1266 praedictorum
829 1222 975 1261 fratrum,
996 1231 1032 1254 ac
1049 1220 1165 1253 deinde

430 1275 468 1308 ad
488 1286 656 1309 censuram
673 1276 723 1309 vel
741 1285 873 1308 examen
892 1279 923 1307 et
939 1273 1164 1318 probationem

430 1339 564 1370 eorum,
592 1329 647 1373 qui
673 1329 706 1362 in
732 1328 786 1362 tali
815 1328 973 1362 electione
997 1337 1108 1360 vocem
1135 1331 1165 1358 et

430 1381 616 1424 sum-agium
634 1382 766 1423 habent,
777 1380 998 1425 procedatur².
1009 1378 1164 1418 Quocirca

430 1444 563 1477 praeses
588 1440 718 1468 moneat
731 1439 779 1467 ter
803 1438 835 1466 et
858 1431 1055 1477 praecipiat³
1075 1441 1165 1464 voca—

429 1487 514 1520 libus
537 1487 695 1521 universis
731 1487 792 1520 sub
817 1488 924 1530 poena
952 1484 1164 1518 excommuni-

430 1541 565 1575 cationis
590 1541 724 1575 maioris
748 1542 831 1574 latae
856 1539 1047 1578 sentcntiae,
1066 1543 1112 1579 ut,
1137 1538 1162 1570 si

430 1605 526 1639 quem
551 1595 743 1638 agnoverint
759 1594 797 1628 de
814 1593 1038 1638 praesentibus
1056 1592 1163 1634 aliquo

430 1647 506 1680 iuris
531 1648 710 1681 communis
746 1653 801 1680 aut
831 1651 1017 1680 nostrarum
1047 1644 1163 1677 consti-

430 1701 589 1735 tutionum
622 1701 855 1744 impedimento
890 1698 1095 1739 obstrictum,
1121 1699 1162 1730 ob

429 1755 515 1797 quod
552 1754 694 1797 capitulo
727 1753 889 1786 interesse
926 1757 978 1785 aut
1010 1750 1160 1784 electioni

428 1817 483 1840 seu
509 1806 725 1840 electionibus
750 1805 914 1848 suffragari
934 1808 1085 1848 nequeat,
1107 1803 1162 1836 illi-

428 1870 466 1893 co
491 1864 603 1892 notum
636 1860 785 1892 reddant.
813 1859 843 1892 Si
876 1859 947 1901 quis
974 1867 1049 1890 vero
1074 1866 1162 1900 prae-

429 1913 492 1946 fato
517 1913 613 1946 modo
631 1913 814 1956 reperiatur
831 1911 1017 1954 impeditus,
1043 1921 1061 1943 a
1089 1920 1162 1943 con-

427 1966 618 2009 gregatione
642 1965 773 2009 capituli
799 1965 962 2005 eliciatur,
990 1974 1160 2007 quousque

427 2018 694 2061 impedimentum
713 2017 751 2050 ab
769 2017 838 2061 ipsa
855 2023 976 2050 mature
995 2021 1027 2049 et
1046 2017 1160 2049 sedulo

426 2071 638 2112 discutiatur;
663 2081 743 2114 quae
769 2071 795 2103 si
822 2070 854 2103 in
879 2071 958 2103 illud
982 2069 1158 2110 invenerit,

426 2124 610 2163 declarabit,
623 2130 653 2157 et
667 2124 858 2157 innodatum
872 2123 1029 2166 protinus,
1040 2123 1158 2167 quippe

425 2177 480 2221 qui
505 2177 654 2220 suffragio
679 2177 825 2220 legitimo
850 2182 966 2217 careat,
984 2188 1000 2210 a
1018 2177 1158 2220 capitulo

425 2231 573 2274 repellet.
598 2230 655 2269 Qui
680 2235 786 2263 autem
810 2230 849 2262 de
874 2240 950 2262 suae
973 2229 1059 2263 vocis
1079 2230 1158 2273 legi-

426 2282 577 2316 tiuiitate⁴
593 2287 623 2315 et
636 2283 742 2315 valore
757 2281 915 2314 canonico
933 2281 1055 2315 suerint
1072 2293 1159 2315 com-

426 2335 567 2380 probati,
584 2340 614 2369 et
631 2335 690 2368 sub
715 2340 804 2368 certo
821 2345 956 2369 numero
977 2336 1156 2377 constituti,

425 2390 466 2423 ad
490 2390 628 2422 suturam
653 2388 845 2422 electionem
868 2389 1132 2432 progrediantur.

244 226 291 252 An.
308 225 336 251 G.
360 227 421 252 169¹

459 2477 473 2505 1
495 2477 595 2504 Forsan
615 2477 815 2505 exhortatione
832 2478 871 2510 (n.
888 2477 936 2508 τ.).

459 2522 477 2549 2
496 2522 565 2548 Edit.
588 2522 668 2548 Main.
689 2521 754 2557 legit
770 2522 942 2556 procidatur
960 2523 998 2553 (R.
1018 2522 1068 2557 Τ.).

459 2566 476 2594 3
495 2566 566 2593 Edit.
582 2566 661 2593 Main.
682 2566 748 2601 legit
762 2566 928 2601 praecepiat
946 2571 984 2598 (R.
1001 2568 1051 2600 T.)-

461 2610 478 2650 ⁴!
497 2610 567 2638 Edi'.
583 2610 661 2638 Main.
678 2610 742 2646 legit
757 2611 915 2646 leyili-male
933 2612 971 2646 (n.
987 2611 1035 2646 T.).

1009 230 1056 255 ΒΗ
1069 230 1182 253 Ι,ᾹΠ1[’Μ
1210 231 1362 254 neuwen

1951 232 1996 256 An.
2015 232 2040 256 Γ..
2068 232 2133 259 tthl

1254 288 1298 312 Vl.
1324 277 1354 310 Si
1381 287 1462 321 quae
1486 282 1562 311 sunt
1585 278 1712 312 litterae
1746 279 1943 322 apostolic-ae

1211 341 1266 364 seu
1292 331 1416 373 regales
1442 330 1481 364 ad
1506 331 1683 374 capitulum
1702 331 1856 371 directae,
1885 332 1944 364 liae

1211 394 1317 416 coram
1344 388 1410 416 toto
1436 383 1580 427 capitulo
1612 384 1651 416 ab
1677 383 1744 417 eius
1770 384 1945 417 secretario

1211 436 1393 469 reserantur
1415 440 1447 469 et
1465 437 1626 479 legantur.
1649 436 1736 469 Idem
1757 436 1811 469 siat
1839 436 1877 469 de
1905 436 1944 468 iis

1210 500 1289 532 quas
1313 489 1463 523 minister
1482 490 1608 524 miserit
1632 495 1686 524 aut
1701 489 1838 522 vicarius
1855 498 1946 533 gene-

1210 541 1285 574 ralis
1311 542 1337 575 si
1375 542 1458 576 sorte
1494 543 1636 586 capitulo
1666 552 1731 575 non
1768 542 1942 575 adfuerint.

1212 594 1299 628 Aliae
1325 605 1401 628 vero
1426 595 1553 628 litterae
1572 597 1622 629 vel
1651 595 1819 639 epistolae,
1841 595 1865 627 si
1884 595 1945 627 sra-

1211 653 1293 680 trum
1320 647 1448 680 Ordinis
1481 647 1607 689 suerint,
1634 647 1749 681 maiori
1775 647 1944 691 religionis

1209 701 1382 734 commodo
1402 706 1434 733 et
1462 700 1591 734 utilitati
1617 700 1867 744 providentium,
1889 700 1944 734 de-

1210 753 1351 787 finitorio
1369 759 1584 788 reserventur.
1602 754 1632 787 Si
1651 759 1758 787 autem
1776 753 1839 786 sint
1858 764 1944 787 com·

1210 807 1438 847 mendatitiac,
1473 819 1490 840 a
1522 817 1729 851 quocumque
1762 812 1824 840 tam
1858 806 1944 840 intra

1209 871 1304 904 quam
1338 866 1424 893 extra
1455 860 1607 893 Ordinem
1634 859 1825 904 expeditae,
1852 861 1942 893 nulla

1209 913 1335 946 ratione
1353 913 1542 956 aperiantur
1558 922 1727 957 quousque
1745 912 1877 945 finiatur
1894 923 1944 946 ca-

1209 966 1357 1008 pitulum.

1251 1029 1274 1052 1.
1301 1019 1389 1051 Diem
1415 1019 1589 1051 secundam
1615 1017 1820 1061 provincialis
1853 1019 1942 1061 capi-
1975 1029 2042 1050 effu-r
2057 1029 2110 1051 xv1.

1209 1070 1266 1104 tuli
1296 1070 1432 1103 dicimus
1468 1071 1635 1104 sabbatum
1671 1071 1710 1103 ad
1748 1056 2137 1108 electionemdie'I-lpfiifliffi'.

1953 1108 2054 1131 vinculis„
2066 1114 2091 1129 ac
2106 1109 2133 1129 do

1207 1124 1365 1166 agendam
1405 1123 1624 1164 destinatum;
1661 1124 1694 1156 in
1735 1133 1773 1157 co
1810 1123 2077 1167 quidcmvrovinmau
2111 1141 2134 1165 ςι-

1207 1187 1319 1210 omnes
1345 1177 1474 1210 vocales
1499 1177 1537 1210 ad
1564 1187 1711 1210 auroram
1737 1177 1830 1220 signo
1856 1160 2082 1221 cyn1-i1¹i'.⁵g‘3„.¹1,‘{11¹s¹.³⁰
2099 1162 2134 1183 ¹³¹⁰

1206 1230 1272 1263 bali
1293 1230 1459 1264 convocati
1486 1230 1580 1264 simul
1605 1230 1832 1273 ingrediantur
1856 1231 1942 1273 capi-

1208 1285 1317 1323 tulum,
1343 1288 1376 1317 ct
1399 1283 1504 1316 statim
1531 1283 1656 1316 dicetur
1680 1283 1778 1316 missa
1803 1283 1940 1327 Spiritus

1206 1335 1324 1376 Sancti,
1351 1345 1445 1379 quem
1483 1346 1595 1369 omnes
1623 1335 1750 1369 interea
1775 1335 1943 1369 humiliter

1207 1394 1342 1422 exorent
1366 1393 1400 1421 ut
1425 1388 1470 1422 eis
1497 1389 1645 1422 ostendat
1668 1397 1765 1432 quem
1791 1389 1940 1431 elegerit,

1207 1452 1246 1474 ne
1268 1441 1300 1474 in
1321 1441 1462 1474 humana
1479 1441 1539 1485 ipsi
1558 1441 1718 1474 electione
1734 1441 1939 1484 displiceant.

1206 1495 1295 1527 lianc
1332 1499 1438 1527 autern
1476 1494 1606 1527 missam
1631 1493 1663 1526 in
1689 1494 1842 1527 omnibus
1866 1504 1942 1537 pro-

1207 1548 1330 1581 vinciae
1360 1547 1508 1582 domibus
1540 1547 1664 1591 pariter
1697 1547 1810 1580 eadem
1841 1546 1942 1590 ipsius

1206 1601 1329 1634 sabbati
1355 1601 1437 1634 hora
1467 1601 1660 1633 cantandam
1695 1610 1769 1632 esse
1794 1599 1942 1633 decerni-

1206 1654 1359 1687 1nus.lll;i
1376 1663 1455 1687 vero
1470 1655 1610 1697 peracta,
1626 1653 1658 1684 in
1669 1652 1812 1696 capitulo
1827 1662 1940 1685 omnes

1205 1707 1364 1750 genuflexi
1390 1707 1542 1740 invocent
1572 1706 1708 1750 Spiritus
1733 1705 1839 1738 Sancti
1866 1715 1940 1747 gra·

1206 1760 1289 1800 tiam,
1315 1764 1482 1793 cantantes
1508 1760 1665 1803 hymnum
1695 1759 1785 1799 Veni,
1807 1759 1940 1793 Creator

1204 1813 1363 1856 Spiritus,
1385 1817 1454 1852 ele„
1473 1816 1508 1844 ut
1532 1822 1638 1855 supra,
1656 1811 1866 1845 distinctione
1892 1821 1940 1850 iv,

1202 1875 1272 1908 cap.
1299 1876 1347 1906 111,
1372 1865 1404 1897 in
1429 1864 1518 1897 cuius
1545 1863 1607 1898 fine
1624 1868 1735 1906 surgat
1759 1873 1891 1907 praeses
1910 1867 1942 1895 et

1203 1918 1287 1951 dicat
1304 1929 1311 1951 :

1243 1980 1276 2020 ᾖ.
1300 1980 1405 2011 Emitte
1414 1980 1556 2021 Spiritum
1573 1978 1846 2018 tuum,Dornine‚et
1858 1987 1940 2008 crea·

1202 2029 1321 2066 buntur,

1241 2079 1271 2117 [ι’.
1294 2078 1329 2107 Et
1351 2077 1504 2107 rencwabis
1527 2076 1629 2107 faciem
1652 2080 1759 2107 terrae.

1240 2127 1273 2166 ᾦ.
1295 2126 1434 2156 Dominus
1456 2125 1617 2156 vobiscum.

1240 2177 1273 2210 nl.
1296 2176 1330 2206 Et
1352 2185 1417 2205 cum
1440 2175 1546 2215 spiritu
1568 2178 1629 2204 tuo.

1503 2229 1629 2260 Oremus.

1238 2280 1313 2310 Deus
1339 2279 1389 2319 qui
1418 2278 1503 2309 corda
1529 2278 1670 2314 fidelium,
1693 2281 1750 2307 etc.

1242 2348 1277 2372 11.
1304 2337 1439 2377 Deinde,
1465 2335 1632 2369 vocalibus
1658 2346 1716 2369 suo
1741 2336 1857 2371 ordine
1883 2348 1934 2372 se-

1199 2391 1362 2432 dentibus,
1388 2390 1444 2423 fiat
1466 2389 1593 2429 concio,
1618 2400 1714 2433 quam
1741 2390 1932 2426 litterariam

1199 2444 1348 2484 dicimus,
1368 2453 1519 2476 sermone
1544 2442 1701 2482 latin0,ut
1718 2447 1766 2475 est
1782 2444 1881 2477 moris
1899 2444 1932 2478 in

1197 2496 1329 2537 Ordine,
1355 2506 1418 2539 qua
1442 2495 1593 2529 similiter
1616 2501 1866 2538 praemoneatur
1890 2497 1933 2530 di·

1198 2550 1346 2594 gniorem
1363 2550 1494 2582 fratrem
1514 2549 1547 2581 in
1561 2549 1792 2592 provincialem
1811 2549 1853 2582 ita
1873 2550 1932 2584 eli-

1199 2613 1276 2647 gere
1300 2607 1336 2635 ut
1360 2602 1476 2636 electio
1507 2602 1550 2635 sit
1576 2602 1642 2635 Deo
1667 2602 1875 2648 acceptabilis
1899 2608 1931 2637 et
