<?xml version="1.0" encoding="UTF-8"?>
<!DOCTYPE html PUBLIC "-//W3C//DTD XHTML 1.0 Transitional//EN"
    "http://www.w3.org/TR/xhtml1/DTD/xhtml1-transitional.dtd">
<html xmlns="http://www.w3.org/1999/xhtml" xml:lang="en" lang="en">
 <head>
  <title>
</title>
<meta http-equiv="Content-Type" content="text/html;charset=utf-8" />
  <meta name='ocr-system' content='tesseract 3.04.00' />
  <meta name='ocr-capabilities' content='ocr_page ocr_carea ocr_par ocr_line ocrx_word'/>
</head>
<body>
  <div class='ocr_page' id='page_1' title='image "./bullarumdiplomat20cath_0352.png"; bbox 0 0 2254 3225; ppageno 0'>
   <div class='ocr_carea' id='block_1_1' title="bbox 175 201 352 226">
    <p class='ocr_par' dir='ltr' id='par_1_1' title="bbox 175 201 352 226">
     <span class='ocr_line' id='line_1_1' title="bbox 175 201 352 226; baseline -0.011 0"><span class='ocrx_word' id='word_1_1' title='bbox 175 202 221 226; x_wconf 82' lang='lat' dir='ltr'>An.</span> <span class='ocrx_word' id='word_1_2' title='bbox 240 201 267 225; x_wconf 76' lang='lat' dir='ltr'>C.</span> <span class='ocrx_word' id='word_1_3' title='bbox 292 201 352 225; x_wconf 71' lang='lat'>109¹</span> 
     </span>
    </p>
   </div>
   <div class='ocr_carea' id='block_1_2' title="bbox 405 191 467 223">
    <p class='ocr_par' dir='ltr' id='par_1_2' title="bbox 405 191 467 223">
     <span class='ocr_line' id='line_1_2' title="bbox 405 191 467 223; baseline 0 -1"><span class='ocrx_word' id='word_1_4' title='bbox 405 191 467 223; x_wconf 64' lang='lat'>0298</span> 
     </span>
    </p>
   </div>
   <div class='ocr_carea' id='block_1_3' title="bbox 360 248 1102 2616">
    <p class='ocr_par' dir='ltr' id='par_1_3' title="bbox 360 248 1101 1189">
     <span class='ocr_line' id='line_1_3' title="bbox 364 248 1101 291; baseline 0 -12"><span class='ocrx_word' id='word_1_5' title='bbox 364 249 493 279; x_wconf 71' lang='lat' dir='ltr'>domum</span> <span class='ocrx_word' id='word_1_6' title='bbox 532 248 562 280; x_wconf 91' lang='lat' dir='ltr'>in</span> <span class='ocrx_word' id='word_1_7' title='bbox 599 248 714 281; x_wconf 85' lang='lat' dir='ltr'>eodem</span> <span class='ocrx_word' id='word_1_8' title='bbox 751 249 822 281; x_wconf 90' lang='lat' dir='ltr'>loco</span> <span class='ocrx_word' id='word_1_9' title='bbox 860 249 1016 291; x_wconf 80' lang='lat' dir='ltr'>temporis</span> <span class='ocrx_word' id='word_1_10' title='bbox 1047 250 1101 280; x_wconf 85' lang='lat' dir='ltr'>de-</span> 
     </span>
     <span class='ocr_line' id='line_1_4' title="bbox 363 301 1101 339; baseline 0 -7"><span class='ocrx_word' id='word_1_11' title='bbox 363 311 458 333; x_wconf 88' lang='lat' dir='ltr'>cursu</span> <span class='ocrx_word' id='word_1_12' title='bbox 485 301 673 339; x_wconf 81' lang='lat' dir='ltr'>fundaverit,</span> <span class='ocrx_word' id='word_1_13' title='bbox 700 301 861 334; x_wconf 82' lang='lat' dir='ltr'>institutio</span> <span class='ocrx_word' id='word_1_14' title='bbox 892 301 1101 334; x_wconf 76' lang='lat' dir='ltr'>confraterni-</span> 
     </span>
     <span class='ocr_line' id='line_1_5' title="bbox 364 354 1101 397; baseline 0.003 -12"><span class='ocrx_word' id='word_1_15' title='bbox 364 354 404 386; x_wconf 75' lang='lat' dir='ltr'>tie</span> <span class='ocrx_word' id='word_1_16' title='bbox 427 354 458 386; x_wconf 92' lang='lat' dir='ltr'>in</span> <span class='ocrx_word' id='word_1_17' title='bbox 484 355 587 387; x_wconf 78' lang='lat' dir='ltr'>aliena</span> <span class='ocrx_word' id='word_1_18' title='bbox 620 355 752 387; x_wconf 78' lang='lat' dir='ltr'>ecclesia</span> <span class='ocrx_word' id='word_1_19' title='bbox 778 355 859 387; x_wconf 85' lang='lat' dir='ltr'>facta</span> <span class='ocrx_word' id='word_1_20' title='bbox 884 365 922 387; x_wconf 85' lang='lat' dir='ltr'>eo</span> <span class='ocrx_word' id='word_1_21' title='bbox 951 355 1021 397; x_wconf 87' lang='lat' dir='ltr'>ipso</span> <span class='ocrx_word' id='word_1_22' title='bbox 1046 365 1101 397; x_wconf 79' lang='lat' dir='ltr'>pe-</span> 
     </span>
     <span class='ocr_line' id='line_1_6' title="bbox 363 407 1099 449; baseline 0.001 -12"><span class='ocrx_word' id='word_1_23' title='bbox 363 407 449 438; x_wconf 88' lang='lat' dir='ltr'>nitus</span> <span class='ocrx_word' id='word_1_24' title='bbox 467 407 600 449; x_wconf 78' lang='lat' dir='ltr'>expiret,</span> <span class='ocrx_word' id='word_1_25' title='bbox 621 412 651 439; x_wconf 89' lang='lat' dir='ltr'>et</span> <span class='ocrx_word' id='word_1_26' title='bbox 666 407 786 440; x_wconf 87' lang='lat' dir='ltr'>nullius</span> <span class='ocrx_word' id='word_1_27' title='bbox 803 407 958 439; x_wconf 84' lang='lat' dir='ltr'>reddatur</span> <span class='ocrx_word' id='word_1_28' title='bbox 972 407 1099 445; x_wconf 81' lang='lat' dir='ltr'>valoris,</span> 
     </span>
     <span class='ocr_line' id='line_1_7' title="bbox 363 458 1100 502; baseline 0.001 -12"><span class='ocrx_word' id='word_1_29' title='bbox 363 458 442 501; x_wconf 88' lang='lat' dir='ltr'>quin</span> <span class='ocrx_word' id='word_1_30' title='bbox 467 460 575 502; x_wconf 86' lang='lat' dir='ltr'>potius</span> <span class='ocrx_word' id='word_1_31' title='bbox 601 460 754 501; x_wconf 78' lang='lat' dir='ltr'>magister</span> <span class='ocrx_word' id='word_1_32' title='bbox 778 469 893 492; x_wconf 88' lang='lat' dir='ltr'>novam</span> <span class='ocrx_word' id='word_1_33' title='bbox 921 464 997 491; x_wconf 88' lang='lat' dir='ltr'>tunc</span> <span class='ocrx_word' id='word_1_34' title='bbox 1015 470 1100 491; x_wconf 82' lang='lat' dir='ltr'>erec-</span> 
     </span>
     <span class='ocr_line' id='line_1_8' title="bbox 362 512 1099 552; baseline -0.001 -8"><span class='ocrx_word' id='word_1_35' title='bbox 362 512 483 544; x_wconf 88' lang='lat' dir='ltr'>tionem</span> <span class='ocrx_word' id='word_1_36' title='bbox 509 513 540 544; x_wconf 93' lang='lat' dir='ltr'>in</span> <span class='ocrx_word' id='word_1_37' title='bbox 567 513 702 544; x_wconf 79' lang='lat' dir='ltr'>ecclesia</span> <span class='ocrx_word' id='word_1_38' title='bbox 728 514 849 552; x_wconf 73' lang='lat' dir='ltr'>nostra,</span> <span class='ocrx_word' id='word_1_39' title='bbox 875 512 1012 545; x_wconf 84' lang='lat' dir='ltr'>servatis</span> <span class='ocrx_word' id='word_1_40' title='bbox 1038 522 1099 544; x_wconf 86' lang='lat' dir='ltr'>scr·</span> 
     </span>
     <span class='ocr_line' id='line_1_9' title="bbox 362 564 1098 608; baseline 0.001 -13"><span class='ocrx_word' id='word_1_41' title='bbox 362 565 484 604; x_wconf 71' lang='lat' dir='ltr'>randis,</span> <span class='ocrx_word' id='word_1_42' title='bbox 511 565 615 598; x_wconf 85' lang='lat' dir='ltr'>facere</span> <span class='ocrx_word' id='word_1_43' title='bbox 634 565 743 608; x_wconf 86' lang='lat' dir='ltr'>possit.</span> <span class='ocrx_word' id='word_1_44' title='bbox 765 565 850 597; x_wconf 88' lang='lat' dir='ltr'>Ilaec</span> <span class='ocrx_word' id='word_1_45' title='bbox 867 570 974 597; x_wconf 87' lang='lat' dir='ltr'>autem</span> <span class='ocrx_word' id='word_1_46' title='bbox 991 564 1098 596; x_wconf 88' lang='lat' dir='ltr'>omnia</span> 
     </span>
     <span class='ocr_line' id='line_1_10' title="bbox 364 616 1097 660; baseline 0 -11"><span class='ocrx_word' id='word_1_47' title='bbox 364 618 410 649; x_wconf 85' lang='lat' dir='ltr'>sic</span> <span class='ocrx_word' id='word_1_48' title='bbox 433 616 560 650; x_wconf 85' lang='lat' dir='ltr'>firmare</span> <span class='ocrx_word' id='word_1_49' title='bbox 585 619 727 657; x_wconf 82' lang='lat' dir='ltr'>studeat,</span> <span class='ocrx_word' id='word_1_50' title='bbox 754 623 796 659; x_wconf 87' lang='lat' dir='ltr'>ut,</span> <span class='ocrx_word' id='word_1_51' title='bbox 825 622 886 649; x_wconf 88' lang='lat' dir='ltr'>tam</span> <span class='ocrx_word' id='word_1_52' title='bbox 913 617 1097 660; x_wconf 83' lang='lat' dir='ltr'>superiores</span> 
     </span>
     <span class='ocr_line' id='line_1_11' title="bbox 363 670 1095 713; baseline 0 -11"><span class='ocrx_word' id='word_1_53' title='bbox 363 675 544 703; x_wconf 82' lang='lat' dir='ltr'>ceterarum</span> <span class='ocrx_word' id='word_1_54' title='bbox 577 671 785 704; x_wconf 82' lang='lat' dir='ltr'>ecclesiarum</span> <span class='ocrx_word' id='word_1_55' title='bbox 822 671 854 703; x_wconf 93' lang='lat' dir='ltr'>in</span> <span class='ocrx_word' id='word_1_56' title='bbox 891 671 1009 713; x_wconf 84' lang='lat' dir='ltr'>quibus</span> <span class='ocrx_word' id='word_1_57' title='bbox 1044 670 1095 702; x_wconf 93' lang='lat' dir='ltr'>in-</span> 
     </span>
     <span class='ocr_line' id='line_1_12' title="bbox 362 724 1098 766; baseline -0.003 -10"><span class='ocrx_word' id='word_1_58' title='bbox 362 724 523 756; x_wconf 82' lang='lat' dir='ltr'>stituenda</span> <span class='ocrx_word' id='word_1_59' title='bbox 561 724 656 756; x_wconf 87' lang='lat' dir='ltr'>fuerit</span> <span class='ocrx_word' id='word_1_60' title='bbox 695 724 960 763; x_wconf 68' lang='lat' dir='ltr'>confraternitas,</span> <span class='ocrx_word' id='word_1_61' title='bbox 1001 734 1098 766; x_wconf 84' lang='lat' dir='ltr'>quam</span> 
     </span>
     <span class='ocr_line' id='line_1_13' title="bbox 361 777 1095 820; baseline -0.003 -11"><span class='ocrx_word' id='word_1_62' title='bbox 361 777 422 819; x_wconf 84' lang='lat' dir='ltr'>ipsi</span> <span class='ocrx_word' id='word_1_63' title='bbox 456 778 644 817; x_wconf 68' lang='lat' dir='ltr'>confratres,</span> <span class='ocrx_word' id='word_1_64' title='bbox 670 778 853 810; x_wconf 88' lang='lat' dir='ltr'>iuramento</span> <span class='ocrx_word' id='word_1_65' title='bbox 887 777 1095 820; x_wconf 83' lang='lat' dir='ltr'>promittant,</span> 
     </span>
     <span class='ocr_line' id='line_1_14' title="bbox 362 829 1097 873; baseline -0.001 -11"><span class='ocrx_word' id='word_1_66' title='bbox 362 839 395 862; x_wconf 85' lang='lat' dir='ltr'>se</span> <span class='ocrx_word' id='word_1_67' title='bbox 426 840 591 873; x_wconf 87' lang='lat' dir='ltr'>nunquam</span> <span class='ocrx_word' id='word_1_68' title='bbox 628 830 750 863; x_wconf 87' lang='lat' dir='ltr'>directe</span> <span class='ocrx_word' id='word_1_69' title='bbox 789 841 896 873; x_wconf 81' lang='lat' dir='ltr'>neque</span> <span class='ocrx_word' id='word_1_70' title='bbox 939 829 1097 862; x_wconf 76' lang='lat' dir='ltr'>indirecte</span> 
     </span>
     <span class='ocr_line' id='line_1_15' title="bbox 361 883 1099 925; baseline -0.001 -11"><span class='ocrx_word' id='word_1_71' title='bbox 361 893 422 914; x_wconf 88' lang='lat' dir='ltr'>nec</span> <span class='ocrx_word' id='word_1_72' title='bbox 446 894 504 925; x_wconf 88' lang='lat' dir='ltr'>per</span> <span class='ocrx_word' id='word_1_73' title='bbox 528 883 608 916; x_wconf 79' lang='lat' dir='ltr'>alios</span> <span class='ocrx_word' id='word_1_74' title='bbox 648 883 882 925; x_wconf 86' lang='lat' dir='ltr'>impedimento</span> <span class='ocrx_word' id='word_1_75' title='bbox 907 883 995 922; x_wconf 86' lang='lat' dir='ltr'>fore,</span> <span class='ocrx_word' id='word_1_76' title='bbox 1020 892 1099 924; x_wconf 87' lang='lat' dir='ltr'>quo-</span> 
     </span>
     <span class='ocr_line' id='line_1_16' title="bbox 361 934 1099 975; baseline -0.001 -9"><span class='ocrx_word' id='word_1_77' title='bbox 361 935 466 967; x_wconf 81' lang='lat' dir='ltr'>minus</span> <span class='ocrx_word' id='word_1_78' title='bbox 491 946 562 974; x_wconf 84' lang='lat' dir='ltr'>nos,</span> <span class='ocrx_word' id='word_1_79' title='bbox 585 936 610 967; x_wconf 89' lang='lat' dir='ltr'>si</span> <span class='ocrx_word' id='word_1_80' title='bbox 635 941 785 968; x_wconf 83' lang='lat' dir='ltr'>occurrat</span> <span class='ocrx_word' id='word_1_81' title='bbox 815 934 954 975; x_wconf 76' lang='lat' dir='ltr'>occasio,</span> <span class='ocrx_word' id='word_1_82' title='bbox 980 944 1099 966; x_wconf 80' lang='lat' dir='ltr'>novum</span> 
     </span>
     <span class='ocr_line' id='line_1_17' title="bbox 361 985 1098 1031; baseline -0.001 -12"><span class='ocrx_word' id='word_1_83' title='bbox 361 988 592 1020; x_wconf 86' lang='lat' dir='ltr'>monasterium</span> <span class='ocrx_word' id='word_1_84' title='bbox 624 988 793 1031; x_wconf 79' lang='lat' dir='ltr'>acquirere</span> <span class='ocrx_word' id='word_1_85' title='bbox 826 988 1001 1026; x_wconf 85' lang='lat' dir='ltr'>valeamus,</span> <span class='ocrx_word' id='word_1_86' title='bbox 1033 985 1098 1019; x_wconf 91' lang='lat' dir='ltr'>imo</span> 
     </span>
     <span class='ocr_line' id='line_1_18' title="bbox 362 1039 1097 1083; baseline -0.001 -11"><span class='ocrx_word' id='word_1_87' title='bbox 362 1050 513 1082; x_wconf 63' lang='lat' dir='ltr'>expresse</span> <span class='ocrx_word' id='word_1_88' title='bbox 544 1045 767 1083; x_wconf 67' lang='lat' dir='ltr'>protestentur</span> <span class='ocrx_word' id='word_1_89' title='bbox 793 1050 825 1071; x_wconf 86' lang='lat' dir='ltr'>se</span> <span class='ocrx_word' id='word_1_90' title='bbox 851 1040 888 1071; x_wconf 87' lang='lat' dir='ltr'>ad</span> <span class='ocrx_word' id='word_1_91' title='bbox 915 1039 960 1079; x_wconf 92' lang='lat' dir='ltr'>id,</span> <span class='ocrx_word' id='word_1_92' title='bbox 987 1044 1097 1081; x_wconf 76' lang='lat' dir='ltr'>quate-</span> 
     </span>
     <span class='ocr_line' id='line_1_19' title="bbox 362 1094 1097 1136; baseline -0.001 -12"><span class='ocrx_word' id='word_1_93' title='bbox 362 1104 421 1125; x_wconf 94' lang='lat' dir='ltr'>nus</span> <span class='ocrx_word' id='word_1_94' title='bbox 447 1103 526 1135; x_wconf 85' lang='lat' dir='ltr'>opus</span> <span class='ocrx_word' id='word_1_95' title='bbox 553 1094 656 1132; x_wconf 84' lang='lat' dir='ltr'>fuerit,</span> <span class='ocrx_word' id='word_1_96' title='bbox 676 1104 712 1125; x_wconf 73' lang='lat' dir='ltr'>ex</span> <span class='ocrx_word' id='word_1_97' title='bbox 730 1104 816 1125; x_wconf 88' lang='lat' dir='ltr'>nunc</span> <span class='ocrx_word' id='word_1_98' title='bbox 833 1104 892 1136; x_wconf 89' lang='lat' dir='ltr'>pro</span> <span class='ocrx_word' id='word_1_99' title='bbox 911 1098 986 1125; x_wconf 89' lang='lat' dir='ltr'>tunc</span> <span class='ocrx_word' id='word_1_100' title='bbox 1003 1103 1097 1124; x_wconf 88' lang='lat' dir='ltr'>suum</span> 
     </span>
     <span class='ocr_line' id='line_1_20' title="bbox 360 1148 752 1189; baseline -0.003 -11"><span class='ocrx_word' id='word_1_101' title='bbox 360 1148 519 1189; x_wconf 71' lang='lat' dir='ltr'>praebere</span> <span class='ocrx_word' id='word_1_102' title='bbox 544 1156 752 1179; x_wconf 83' lang='lat' dir='ltr'>consensum.</span> 
     </span>
    </p>

    <p class='ocr_par' dir='ltr' id='par_1_4' title="bbox 360 1197 1102 2340">
     <span class='ocr_line' id='line_1_21' title="bbox 406 1197 1096 1240; baseline -0.003 -9"><span class='ocrx_word' id='word_1_103' title='bbox 406 1209 446 1231; x_wconf 85' lang='lat' dir='ltr'>Vi.</span> <span class='ocrx_word' id='word_1_104' title='bbox 475 1198 633 1237; x_wconf 84' lang='lat' dir='ltr'>Ceterum,</span> <span class='ocrx_word' id='word_1_105' title='bbox 660 1199 733 1240; x_wconf 86' lang='lat' dir='ltr'>quia</span> <span class='ocrx_word' id='word_1_106' title='bbox 761 1203 793 1230; x_wconf 85' lang='lat' dir='ltr'>et</span> <span class='ocrx_word' id='word_1_107' title='bbox 821 1197 941 1230; x_wconf 79' lang='lat' dir='ltr'>erectio</span> <span class='ocrx_word' id='word_1_108' title='bbox 966 1202 1096 1230; x_wconf 84' lang='lat' dir='ltr'>nostrae</span> 
     </span>
     <span class='ocr_line' id='line_1_22' title="bbox 361 1250 1098 1293; baseline -0.004 -9"><span class='ocrx_word' id='word_1_109' title='bbox 361 1251 541 1284; x_wconf 74' lang='lat' dir='ltr'>sodalitatis</span> <span class='ocrx_word' id='word_1_110' title='bbox 568 1250 760 1293; x_wconf 86' lang='lat' dir='ltr'>scapularii,</span> <span class='ocrx_word' id='word_1_111' title='bbox 787 1256 818 1283; x_wconf 91' lang='lat' dir='ltr'>et</span> <span class='ocrx_word' id='word_1_112' title='bbox 842 1250 1028 1292; x_wconf 72' lang='lat' dir='ltr'>aggregatio</span> <span class='ocrx_word' id='word_1_113' title='bbox 1054 1251 1098 1282; x_wconf 83' lang='lat' dir='ltr'>al-</span> 
     </span>
     <span class='ocr_line' id='line_1_23' title="bbox 362 1302 1097 1346; baseline -0.003 -10"><span class='ocrx_word' id='word_1_114' title='bbox 362 1304 462 1336; x_wconf 80' lang='lat' dir='ltr'>terius</span> <span class='ocrx_word' id='word_1_115' title='bbox 488 1304 527 1335; x_wconf 89' lang='lat' dir='ltr'>ad</span> <span class='ocrx_word' id='word_1_116' title='bbox 554 1303 650 1343; x_wconf 85' lang='lat' dir='ltr'>illam,</span> <span class='ocrx_word' id='word_1_117' title='bbox 670 1313 799 1346; x_wconf 83' lang='lat' dir='ltr'>semper</span> <span class='ocrx_word' id='word_1_118' title='bbox 817 1304 915 1335; x_wconf 83' lang='lat' dir='ltr'>debet</span> <span class='ocrx_word' id='word_1_119' title='bbox 932 1303 1047 1335; x_wconf 78' lang='lat' dir='ltr'>cedere</span> <span class='ocrx_word' id='word_1_120' title='bbox 1066 1302 1097 1333; x_wconf 90' lang='lat' dir='ltr'>in</span> 
     </span>
     <span class='ocr_line' id='line_1_24' title="bbox 360 1354 1097 1398; baseline -0.004 -9"><span class='ocrx_word' id='word_1_121' title='bbox 360 1356 554 1389; x_wconf 83' lang='lat' dir='ltr'>beneficium</span> <span class='ocrx_word' id='word_1_122' title='bbox 581 1355 834 1398; x_wconf 73' lang='lat' dir='ltr'>redemptionis,</span> <span class='ocrx_word' id='word_1_123' title='bbox 872 1360 908 1387; x_wconf 91' lang='lat' dir='ltr'>ut</span> <span class='ocrx_word' id='word_1_124' title='bbox 939 1354 972 1386; x_wconf 92' lang='lat' dir='ltr'>in</span> <span class='ocrx_word' id='word_1_125' title='bbox 1008 1355 1097 1387; x_wconf 85' lang='lat' dir='ltr'>illam</span> 
     </span>
     <span class='ocr_line' id='line_1_25' title="bbox 360 1408 1098 1452; baseline -0.001 -11"><span class='ocrx_word' id='word_1_126' title='bbox 360 1416 509 1452; x_wconf 87' lang='lat' dir='ltr'>utraque,</span> <span class='ocrx_word' id='word_1_127' title='bbox 531 1409 617 1441; x_wconf 81' lang='lat' dir='ltr'>iuxta</span> <span class='ocrx_word' id='word_1_128' title='bbox 641 1414 782 1441; x_wconf 85' lang='lat' dir='ltr'>mentem</span> <span class='ocrx_word' id='word_1_129' title='bbox 801 1414 832 1441; x_wconf 86' lang='lat' dir='ltr'>et</span> <span class='ocrx_word' id='word_1_130' title='bbox 848 1409 946 1440; x_wconf 88' lang='lat' dir='ltr'>verba</span> <span class='ocrx_word' id='word_1_131' title='bbox 962 1408 1098 1450; x_wconf 82' lang='lat' dir='ltr'>praefati</span> 
     </span>
     <span class='ocr_line' id='line_1_26' title="bbox 360 1460 1098 1501; baseline -0.004 -6"><span class='ocrx_word' id='word_1_132' title='bbox 360 1462 530 1495; x_wconf 70' lang='lat' dir='ltr'>Clementis</span> <span class='ocrx_word' id='word_1_133' title='bbox 555 1462 592 1501; x_wconf 75' lang='lat' dir='ltr'>X,</span> <span class='ocrx_word' id='word_1_134' title='bbox 620 1461 732 1494; x_wconf 83' lang='lat' dir='ltr'>sedulo</span> <span class='ocrx_word' id='word_1_135' title='bbox 766 1461 950 1493; x_wconf 78' lang='lat' dir='ltr'>incumbat:</span> <span class='ocrx_word' id='word_1_136' title='bbox 976 1460 1098 1493; x_wconf 85' lang='lat' dir='ltr'>idcirco</span> 
     </span>
     <span class='ocr_line' id='line_1_27' title="bbox 363 1514 1099 1548; baseline -0.004 0"><span class='ocrx_word' id='word_1_137' title='bbox 363 1523 424 1548; x_wconf 83' lang='lat' dir='ltr'>tam</span> <span class='ocrx_word' id='word_1_138' title='bbox 463 1515 632 1548; x_wconf 82' lang='lat' dir='ltr'>sodalibus</span> <span class='ocrx_word' id='word_1_139' title='bbox 662 1519 794 1547; x_wconf 87' lang='lat' dir='ltr'>nostrae</span> <span class='ocrx_word' id='word_1_140' title='bbox 819 1514 1099 1547; x_wconf 85' lang='lat' dir='ltr'>Confraternitatis</span> 
     </span>
     <span class='ocr_line' id='line_1_28' title="bbox 362 1566 1100 1610; baseline -0.003 -10"><span class='ocrx_word' id='word_1_141' title='bbox 362 1570 400 1600; x_wconf 87' lang='lat' dir='ltr'>de</span> <span class='ocrx_word' id='word_1_142' title='bbox 419 1568 576 1607; x_wconf 78' lang='lat' dir='ltr'>Mercede,</span> <span class='ocrx_word' id='word_1_143' title='bbox 594 1578 690 1610; x_wconf 85' lang='lat' dir='ltr'>quani</span> <span class='ocrx_word' id='word_1_144' title='bbox 712 1567 843 1599; x_wconf 87' lang='lat' dir='ltr'>alterius</span> <span class='ocrx_word' id='word_1_145' title='bbox 868 1566 919 1599; x_wconf 89' lang='lat' dir='ltr'>isti</span> <span class='ocrx_word' id='word_1_146' title='bbox 946 1577 1100 1609; x_wconf 74' lang='lat' dir='ltr'>aggrega-</span> 
     </span>
     <span class='ocr_line' id='line_1_29' title="bbox 363 1619 1099 1662; baseline -0.003 -9"><span class='ocrx_word' id='word_1_147' title='bbox 363 1627 411 1653; x_wconf 78' lang='lat' dir='ltr'>tae</span> <span class='ocrx_word' id='word_1_148' title='bbox 430 1621 609 1660; x_wconf 82' lang='lat' dir='ltr'>statuimus,</span> <span class='ocrx_word' id='word_1_149' title='bbox 624 1626 659 1652; x_wconf 89' lang='lat' dir='ltr'>ut</span> <span class='ocrx_word' id='word_1_150' title='bbox 675 1620 779 1662; x_wconf 87' lang='lat' dir='ltr'>primo</span> <span class='ocrx_word' id='word_1_151' title='bbox 797 1620 942 1653; x_wconf 86' lang='lat' dir='ltr'>sodalem</span> <span class='ocrx_word' id='word_1_152' title='bbox 959 1619 1099 1662; x_wconf 84' lang='lat' dir='ltr'>aliquem</span> 
     </span>
     <span class='ocr_line' id='line_1_30' title="bbox 362 1673 1100 1716; baseline -0.001 -10"><span class='ocrx_word' id='word_1_153' title='bbox 362 1674 545 1715; x_wconf 75' lang='lat' dir='ltr'>designent,</span> <span class='ocrx_word' id='word_1_154' title='bbox 570 1673 623 1716; x_wconf 89' lang='lat' dir='ltr'>qui</span> <span class='ocrx_word' id='word_1_155' title='bbox 650 1673 762 1705; x_wconf 86' lang='lat' dir='ltr'>diebus</span> <span class='ocrx_word' id='word_1_156' title='bbox 788 1673 878 1705; x_wconf 88' lang='lat' dir='ltr'>festis</span> <span class='ocrx_word' id='word_1_157' title='bbox 903 1678 990 1715; x_wconf 84' lang='lat' dir='ltr'>petat</span> <span class='ocrx_word' id='word_1_158' title='bbox 1015 1673 1100 1705; x_wconf 88' lang='lat' dir='ltr'>elee-</span> 
     </span>
     <span class='ocr_line' id='line_1_31' title="bbox 361 1726 1099 1769; baseline -0.001 -10"><span class='ocrx_word' id='word_1_159' title='bbox 361 1738 526 1769; x_wconf 66' lang='lat' dir='ltr'>mosynam</span> <span class='ocrx_word' id='word_1_160' title='bbox 560 1737 620 1769; x_wconf 87' lang='lat' dir='ltr'>pro</span> <span class='ocrx_word' id='word_1_161' title='bbox 658 1726 794 1769; x_wconf 87' lang='lat' dir='ltr'>captivis</span> <span class='ocrx_word' id='word_1_162' title='bbox 820 1727 852 1758; x_wconf 92' lang='lat' dir='ltr'>in</span> <span class='ocrx_word' id='word_1_163' title='bbox 883 1726 1028 1759; x_wconf 85' lang='lat' dir='ltr'>ecclesiis</span> <span class='ocrx_word' id='word_1_164' title='bbox 1061 1727 1099 1759; x_wconf 91' lang='lat' dir='ltr'>ad</span> 
     </span>
     <span class='ocr_line' id='line_1_32' title="bbox 362 1778 1099 1822; baseline 0 -11"><span class='ocrx_word' id='word_1_165' title='bbox 362 1779 542 1822; x_wconf 84' lang='lat' dir='ltr'>praedictas</span> <span class='ocrx_word' id='word_1_166' title='bbox 589 1778 871 1811; x_wconf 75' lang='lat' dir='ltr'>confraternitates</span> <span class='ocrx_word' id='word_1_167' title='bbox 919 1779 1099 1821; x_wconf 83' lang='lat' dir='ltr'>respective</span> 
     </span>
     <span class='ocr_line' id='line_1_33' title="bbox 362 1831 1100 1874; baseline 0.001 -11"><span class='ocrx_word' id='word_1_168' title='bbox 362 1832 602 1874; x_wconf 84' lang='lat' dir='ltr'>pertinentibus</span> <span class='ocrx_word' id='word_1_169' title='bbox 619 1843 626 1871; x_wconf 78' lang='lat'>3</span> <span class='ocrx_word' id='word_1_170' title='bbox 654 1832 805 1871; x_wconf 87' lang='lat' dir='ltr'>seeundo,</span> <span class='ocrx_word' id='word_1_171' title='bbox 824 1837 860 1863; x_wconf 90' lang='lat' dir='ltr'>ut</span> <span class='ocrx_word' id='word_1_172' title='bbox 878 1831 1016 1873; x_wconf 75' lang='lat' dir='ltr'>singulis</span> <span class='ocrx_word' id='word_1_173' title='bbox 1035 1832 1100 1864; x_wconf 89' lang='lat' dir='ltr'>die-</span> 
     </span>
     <span class='ocr_line' id='line_1_34' title="bbox 362 1884 1100 1927; baseline 0 -11"><span class='ocrx_word' id='word_1_174' title='bbox 362 1885 420 1916; x_wconf 89' lang='lat' dir='ltr'>bus</span> <span class='ocrx_word' id='word_1_175' title='bbox 447 1895 560 1917; x_wconf 88' lang='lat' dir='ltr'>onmes</span> <span class='ocrx_word' id='word_1_176' title='bbox 583 1884 712 1917; x_wconf 84' lang='lat' dir='ltr'>sodales</span> <span class='ocrx_word' id='word_1_177' title='bbox 738 1884 904 1927; x_wconf 80' lang='lat' dir='ltr'>utriusque</span> <span class='ocrx_word' id='word_1_178' title='bbox 930 1894 1025 1917; x_wconf 83' lang='lat' dir='ltr'>sexus</span> <span class='ocrx_word' id='word_1_179' title='bbox 1053 1890 1100 1916; x_wconf 89' lang='lat' dir='ltr'>ter</span> 
     </span>
     <span class='ocr_line' id='line_1_35' title="bbox 362 1937 1100 1970; baseline 0.001 -1"><span class='ocrx_word' id='word_1_180' title='bbox 362 1938 542 1970; x_wconf 89' lang='lat' dir='ltr'>orationem</span> <span class='ocrx_word' id='word_1_181' title='bbox 574 1938 768 1970; x_wconf 81' lang='lat' dir='ltr'>dominicam</span> <span class='ocrx_word' id='word_1_182' title='bbox 800 1943 832 1970; x_wconf 90' lang='lat' dir='ltr'>et</span> <span class='ocrx_word' id='word_1_183' title='bbox 856 1937 951 1970; x_wconf 88' lang='lat' dir='ltr'>toties</span> <span class='ocrx_word' id='word_1_184' title='bbox 982 1939 1100 1970; x_wconf 86' lang='lat' dir='ltr'>saluta-</span> 
     </span>
     <span class='ocr_line' id='line_1_36' title="bbox 364 1990 1101 2033; baseline 0 -11"><span class='ocrx_word' id='word_1_185' title='bbox 364 1991 486 2023; x_wconf 80' lang='lat' dir='ltr'>tionem</span> <span class='ocrx_word' id='word_1_186' title='bbox 502 1991 681 2032; x_wconf 74' lang='lat' dir='ltr'>angelicam</span> <span class='ocrx_word' id='word_1_187' title='bbox 701 1990 839 2023; x_wconf 85' lang='lat' dir='ltr'>recitent</span> <span class='ocrx_word' id='word_1_188' title='bbox 866 2001 925 2033; x_wconf 91' lang='lat' dir='ltr'>pro</span> <span class='ocrx_word' id='word_1_189' title='bbox 946 1990 1101 2032; x_wconf 81' lang='lat' dir='ltr'>patientia</span> 
     </span>
     <span class='ocr_line' id='line_1_37' title="bbox 363 2043 1101 2086; baseline -0.001 -11"><span class='ocrx_word' id='word_1_190' title='bbox 363 2048 394 2075; x_wconf 91' lang='lat' dir='ltr'>et</span> <span class='ocrx_word' id='word_1_191' title='bbox 419 2043 608 2075; x_wconf 84' lang='lat' dir='ltr'>fortitudine</span> <span class='ocrx_word' id='word_1_192' title='bbox 642 2043 777 2086; x_wconf 84' lang='lat' dir='ltr'>captivis</span> <span class='ocrx_word' id='word_1_193' title='bbox 813 2043 965 2076; x_wconf 83' lang='lat' dir='ltr'>fidelibus</span> <span class='ocrx_word' id='word_1_194' title='bbox 1002 2043 1101 2086; x_wconf 91' lang='lat' dir='ltr'>impe-</span> 
     </span>
     <span class='ocr_line' id='line_1_38' title="bbox 363 2097 1102 2136; baseline 0.001 -8"><span class='ocrx_word' id='word_1_195' title='bbox 363 2097 500 2136; x_wconf 77' lang='lat' dir='ltr'>tranda;</span> <span class='ocrx_word' id='word_1_196' title='bbox 524 2097 628 2136; x_wconf 89' lang='lat' dir='ltr'>tertio,</span> <span class='ocrx_word' id='word_1_197' title='bbox 652 2102 687 2129; x_wconf 89' lang='lat' dir='ltr'>ut</span> <span class='ocrx_word' id='word_1_198' title='bbox 711 2097 890 2129; x_wconf 83' lang='lat' dir='ltr'>confratres</span> <span class='ocrx_word' id='word_1_199' title='bbox 922 2097 1024 2129; x_wconf 83' lang='lat' dir='ltr'>nostri</span> <span class='ocrx_word' id='word_1_200' title='bbox 1055 2097 1102 2129; x_wconf 88' lang='lat' dir='ltr'>ie-</span> 
     </span>
     <span class='ocr_line' id='line_1_39' title="bbox 362 2149 1101 2192; baseline 0.001 -12"><span class='ocrx_word' id='word_1_201' title='bbox 362 2149 476 2181; x_wconf 89' lang='lat' dir='ltr'>iunent</span> <span class='ocrx_word' id='word_1_202' title='bbox 500 2149 638 2181; x_wconf 74' lang='lat' dir='ltr'>sabbatis</span> <span class='ocrx_word' id='word_1_203' title='bbox 674 2149 889 2191; x_wconf 57' lang='lat' dir='ltr'>oi‘nnibusque</span> <span class='ocrx_word' id='word_1_204' title='bbox 914 2149 1032 2192; x_wconf 78' lang='lat' dir='ltr'>vigiliis</span> <span class='ocrx_word' id='word_1_205' title='bbox 1059 2149 1101 2181; x_wconf 92' lang='lat' dir='ltr'>fe-</span> 
     </span>
     <span class='ocr_line' id='line_1_40' title="bbox 363 2201 1100 2245; baseline 0 -11"><span class='ocrx_word' id='word_1_206' title='bbox 363 2208 483 2235; x_wconf 86' lang='lat' dir='ltr'>storum</span> <span class='ocrx_word' id='word_1_207' title='bbox 510 2202 624 2234; x_wconf 86' lang='lat' dir='ltr'>beatae</span> <span class='ocrx_word' id='word_1_208' title='bbox 645 2201 786 2244; x_wconf 67' lang='lat' dir='ltr'>Virginis</span> <span class='ocrx_word' id='word_1_209' title='bbox 816 2202 945 2242; x_wconf 81' lang='lat' dir='ltr'>Mariae,</span> <span class='ocrx_word' id='word_1_210' title='bbox 975 2202 1100 2245; x_wconf 80' lang='lat' dir='ltr'>praeci-</span> 
     </span>
     <span class='ocr_line' id='line_1_41' title="bbox 363 2254 1099 2297; baseline 0.001 -11"><span class='ocrx_word' id='word_1_211' title='bbox 363 2265 424 2297; x_wconf 88' lang='lat' dir='ltr'>pue</span> <span class='ocrx_word' id='word_1_212' title='bbox 443 2254 651 2287; x_wconf 83' lang='lat' dir='ltr'>revelationis</span> <span class='ocrx_word' id='word_1_213' title='bbox 677 2260 708 2286; x_wconf 89' lang='lat' dir='ltr'>et</span> <span class='ocrx_word' id='word_1_214' title='bbox 729 2255 945 2297; x_wconf 80' lang='lat' dir='ltr'>apparitionis</span> <span class='ocrx_word' id='word_1_215' title='bbox 972 2255 1042 2287; x_wconf 89' lang='lat' dir='ltr'>eius</span> <span class='ocrx_word' id='word_1_216' title='bbox 1060 2255 1099 2288; x_wconf 90' lang='lat' dir='ltr'>ad</span> 
     </span>
     <span class='ocr_line' id='line_1_42' title="bbox 363 2306 884 2340; baseline -0.002 0"><span class='ocrx_word' id='word_1_217' title='bbox 363 2307 465 2340; x_wconf 87' lang='lat' dir='ltr'>nostri</span> <span class='ocrx_word' id='word_1_218' title='bbox 491 2306 619 2340; x_wconf 87' lang='lat' dir='ltr'>Ordinis</span> <span class='ocrx_word' id='word_1_219' title='bbox 646 2307 884 2339; x_wconf 83' lang='lat' dir='ltr'>fundationem.</span> 
     </span>
    </p>

    <p class='ocr_par' dir='ltr' id='par_1_5' title="bbox 364 2359 1101 2616">
     <span class='ocr_line' id='line_1_43' title="bbox 406 2359 1099 2401; baseline -0.001 -8"><span class='ocrx_word' id='word_1_220' title='bbox 406 2370 463 2393; x_wconf 83' lang='lat' dir='ltr'>vu.</span> <span class='ocrx_word' id='word_1_221' title='bbox 475 2359 533 2398; x_wconf 87' lang='lat' dir='ltr'>Qui</span> <span class='ocrx_word' id='word_1_222' title='bbox 545 2369 621 2401; x_wconf 81' lang='lat' dir='ltr'>ergo</span> <span class='ocrx_word' id='word_1_223' title='bbox 633 2359 796 2392; x_wconf 88' lang='lat' dir='ltr'>confrater</span> <span class='ocrx_word' id='word_1_224' title='bbox 809 2369 881 2391; x_wconf 88' lang='lat' dir='ltr'>esse</span> <span class='ocrx_word' id='word_1_225' title='bbox 893 2359 1029 2392; x_wconf 84' lang='lat' dir='ltr'>voluerit</span> <span class='ocrx_word' id='word_1_226' title='bbox 1039 2360 1099 2392; x_wconf 88' lang='lat' dir='ltr'>rite</span> 
     </span>
     <span class='ocr_line' id='line_1_44' title="bbox 364 2412 1099 2456; baseline -0.003 -9"><span class='ocrx_word' id='word_1_227' title='bbox 364 2420 395 2447; x_wconf 89' lang='lat' dir='ltr'>et</span> <span class='ocrx_word' id='word_1_228' title='bbox 412 2419 499 2447; x_wconf 87' lang='lat' dir='ltr'>recte</span> <span class='ocrx_word' id='word_1_229' title='bbox 520 2418 701 2456; x_wconf 84' lang='lat' dir='ltr'>susceptus,</span> <span class='ocrx_word' id='word_1_230' title='bbox 719 2417 750 2445; x_wconf 89' lang='lat' dir='ltr'>ct</span> <span class='ocrx_word' id='word_1_231' title='bbox 773 2412 933 2445; x_wconf 90' lang='lat' dir='ltr'>bonorum</span> <span class='ocrx_word' id='word_1_232' title='bbox 958 2413 1099 2445; x_wconf 88' lang='lat' dir='ltr'>omnium</span> 
     </span>
     <span class='ocr_line' id='line_1_45' title="bbox 364 2465 1101 2510; baseline -0.001 -10"><span class='ocrx_word' id='word_1_233' title='bbox 364 2467 588 2510; x_wconf 76' lang='lat' dir='ltr'>spiritualium,</span> <span class='ocrx_word' id='word_1_234' title='bbox 607 2476 689 2509; x_wconf 86' lang='lat' dir='ltr'>quae</span> <span class='ocrx_word' id='word_1_235' title='bbox 707 2472 837 2498; x_wconf 88' lang='lat' dir='ltr'>nostrae</span> <span class='ocrx_word' id='word_1_236' title='bbox 854 2465 1017 2498; x_wconf 83' lang='lat' dir='ltr'>sodalitati</span> <span class='ocrx_word' id='word_1_237' title='bbox 1035 2476 1101 2499; x_wconf 84' lang='lat' dir='ltr'>sca-</span> 
     </span>
     <span class='ocr_line' id='line_1_46' title="bbox 365 2519 1100 2563; baseline -0.001 -11"><span class='ocrx_word' id='word_1_238' title='bbox 365 2520 483 2563; x_wconf 86' lang='lat' dir='ltr'>pularii</span> <span class='ocrx_word' id='word_1_239' title='bbox 503 2530 538 2552; x_wconf 73' lang='lat' dir='ltr'>ex</span> <span class='ocrx_word' id='word_1_240' title='bbox 566 2519 808 2561; x_wconf 76' lang='lat' dir='ltr'>dispensatione</span> <span class='ocrx_word' id='word_1_241' title='bbox 830 2519 1008 2561; x_wconf 79' lang='lat' dir='ltr'>apostolica</span> <span class='ocrx_word' id='word_1_242' title='bbox 1026 2525 1100 2551; x_wconf 90' lang='lat' dir='ltr'>sunt</span> 
     </span>
     <span class='ocr_line' id='line_1_47' title="bbox 366 2571 1100 2616; baseline -0.001 -10"><span class='ocrx_word' id='word_1_243' title='bbox 366 2583 532 2613; x_wconf 77' lang='lat' dir='ltr'>concessa,</span> <span class='ocrx_word' id='word_1_244' title='bbox 558 2572 625 2605; x_wconf 85' lang='lat' dir='ltr'>fieri</span> <span class='ocrx_word' id='word_1_245' title='bbox 651 2572 828 2616; x_wconf 85' lang='lat' dir='ltr'>particeps,</span> <span class='ocrx_word' id='word_1_246' title='bbox 858 2572 891 2605; x_wconf 90' lang='lat' dir='ltr'>in</span> <span class='ocrx_word' id='word_1_247' title='bbox 916 2571 1000 2605; x_wconf 89' lang='lat' dir='ltr'>libro</span> <span class='ocrx_word' id='word_1_248' title='bbox 1026 2582 1100 2605; x_wconf 89' lang='lat' dir='ltr'>con-</span> 
     </span>
    </p>
   </div>
   <div class='ocr_carea' id='block_1_4' title="bbox 1118 1096 1123 1910">
    <p class='ocr_par' dir='ltr' id='par_1_6' title="bbox 1118 1096 1123 1910">
     <span class='ocr_line' id='line_1_48' title="bbox 1118 1096 1123 1910; baseline 0 0"><span class='ocrx_word' id='word_1_249' title='bbox 1118 1096 1123 1910; x_wconf 95' lang='lat' dir='ltr'> </span> 
     </span>
    </p>
   </div>
   <div class='ocr_carea' id='block_1_5' title="bbox 949 200 1306 224">
    <p class='ocr_par' dir='ltr' id='par_1_7' title="bbox 949 200 1306 224">
     <span class='ocr_line' id='line_1_49' title="bbox 949 200 1306 224; baseline 0 -1"><span class='ocrx_word' id='word_1_250' title='bbox 949 201 1045 223; x_wconf 77' lang='lat' dir='ltr'>BULt..t</span> <span class='ocrx_word' id='word_1_251' title='bbox 1054 201 1127 223; x_wconf 65' lang='lat' dir='ltr'>izit-‚tt</span> <span class='ocrx_word' id='word_1_252' title='bbox 1154 200 1306 224; x_wconf 64' lang='lat' dir='ltr'>usiMANL&#39;M</span> 
     </span>
    </p>
   </div>
   <div class='ocr_carea' id='block_1_6' title="bbox 1140 247 1882 1558">
    <p class='ocr_par' dir='ltr' id='par_1_8' title="bbox 1140 247 1882 1496">
     <span class='ocr_line' id='line_1_50' title="bbox 1147 247 1882 289; baseline 0.007 -11"><span class='ocrx_word' id='word_1_253' title='bbox 1147 248 1356 280; x_wconf 81' lang='lat' dir='ltr'>fraternitatis</span> <span class='ocrx_word' id='word_1_254' title='bbox 1392 247 1555 280; x_wconf 86' lang='lat' dir='ltr'>conscribi</span> <span class='ocrx_word' id='word_1_255' title='bbox 1592 248 1711 289; x_wconf 87' lang='lat' dir='ltr'>debet,</span> <span class='ocrx_word' id='word_1_256' title='bbox 1745 255 1777 283; x_wconf 87' lang='lat' dir='ltr'>et</span> <span class='ocrx_word' id='word_1_257' title='bbox 1812 259 1882 283; x_wconf 84' lang='lat' dir='ltr'>sca-</span> 
     </span>
     <span class='ocr_line' id='line_1_51' title="bbox 1146 300 1882 344; baseline 0.01 -14"><span class='ocrx_word' id='word_1_258' title='bbox 1146 301 1307 343; x_wconf 72' lang='lat' dir='ltr'>pularium</span> <span class='ocrx_word' id='word_1_259' title='bbox 1333 301 1373 333; x_wconf 85' lang='lat' dir='ltr'>ab</span> <span class='ocrx_word' id='word_1_260' title='bbox 1405 300 1514 343; x_wconf 83' lang='lat' dir='ltr'>aliquo</span> <span class='ocrx_word' id='word_1_261' title='bbox 1547 302 1720 344; x_wconf 84' lang='lat' dir='ltr'>superiore</span> <span class='ocrx_word' id='word_1_262' title='bbox 1752 303 1882 337; x_wconf 88' lang='lat' dir='ltr'>Ordinis</span> 
     </span>
     <span class='ocr_line' id='line_1_52' title="bbox 1144 354 1881 395; baseline 0.007 -10"><span class='ocrx_word' id='word_1_263' title='bbox 1144 355 1193 386; x_wconf 84' lang='lat' dir='ltr'>vel</span> <span class='ocrx_word' id='word_1_264' title='bbox 1229 354 1269 385; x_wconf 85' lang='lat' dir='ltr'>ab</span> <span class='ocrx_word' id='word_1_265' title='bbox 1305 364 1343 386; x_wconf 90' lang='lat' dir='ltr'>eo</span> <span class='ocrx_word' id='word_1_266' title='bbox 1380 358 1576 395; x_wconf 83' lang='lat' dir='ltr'>potestatem</span> <span class='ocrx_word' id='word_1_267' title='bbox 1613 355 1755 389; x_wconf 87' lang='lat' dir='ltr'>habente</span> <span class='ocrx_word' id='word_1_268' title='bbox 1780 357 1881 390; x_wconf 87' lang='lat' dir='ltr'>bene-</span> 
     </span>
     <span class='ocr_line' id='line_1_53' title="bbox 1144 405 1879 452; baseline 0.007 -15"><span class='ocrx_word' id='word_1_269' title='bbox 1144 405 1287 445; x_wconf 89' lang='lat' dir='ltr'>dictum,</span> <span class='ocrx_word' id='word_1_270' title='bbox 1325 407 1388 437; x_wconf 79' lang='lat' dir='ltr'>nna</span> <span class='ocrx_word' id='word_1_271' title='bbox 1424 416 1495 438; x_wconf 83' lang='lat' dir='ltr'>cum</span> <span class='ocrx_word' id='word_1_272' title='bbox 1537 412 1651 449; x_wconf 88' lang='lat' dir='ltr'>scuto,</span> <span class='ocrx_word' id='word_1_273' title='bbox 1686 409 1879 452; x_wconf 80' lang='lat' dir='ltr'>suscipere,</span> 
     </span>
     <span class='ocr_line' id='line_1_54' title="bbox 1144 458 1882 503; baseline 0.011 -15"><span class='ocrx_word' id='word_1_274' title='bbox 1144 458 1230 490; x_wconf 78' lang='lat' dir='ltr'>iuxta</span> <span class='ocrx_word' id='word_1_275' title='bbox 1262 458 1396 490; x_wconf 88' lang='lat' dir='ltr'>formam</span> <span class='ocrx_word' id='word_1_276' title='bbox 1434 459 1585 501; x_wconf 83' lang='lat' dir='ltr'>sequenti</span> <span class='ocrx_word' id='word_1_277' title='bbox 1615 461 1721 503; x_wconf 84' lang='lat' dir='ltr'>capite</span> <span class='ocrx_word' id='word_1_278' title='bbox 1752 463 1882 496; x_wconf 87' lang='lat' dir='ltr'>traden-</span> 
     </span>
     <span class='ocr_line' id='line_1_55' title="bbox 1143 510 1881 558; baseline 0.008 -16"><span class='ocrx_word' id='word_1_279' title='bbox 1143 511 1215 542; x_wconf 88' lang='lat' dir='ltr'>dam</span> <span class='ocrx_word' id='word_1_280' title='bbox 1231 537 1238 549; x_wconf 89' lang='lat'>‚</span> <span class='ocrx_word' id='word_1_281' title='bbox 1264 510 1412 553; x_wconf 86' lang='lat' dir='ltr'>illudque</span> <span class='ocrx_word' id='word_1_282' title='bbox 1449 510 1568 553; x_wconf 81' lang='lat' dir='ltr'>iugiter</span> <span class='ocrx_word' id='word_1_283' title='bbox 1593 512 1720 546; x_wconf 86' lang='lat' dir='ltr'>deferre</span> <span class='ocrx_word' id='word_1_284' title='bbox 1737 541 1745 554; x_wconf 94' lang='lat'>,</span> <span class='ocrx_word' id='word_1_285' title='bbox 1771 525 1881 558; x_wconf 86' lang='lat' dir='ltr'>quam—</span> 
     </span>
     <span class='ocr_line' id='line_1_56' title="bbox 1143 564 1882 611; baseline 0.009 -17"><span class='ocrx_word' id='word_1_286' title='bbox 1143 573 1247 605; x_wconf 79' lang='lat' dir='ltr'>quam,</span> <span class='ocrx_word' id='word_1_287' title='bbox 1268 574 1305 596; x_wconf 86' lang='lat' dir='ltr'>eo</span> <span class='ocrx_word' id='word_1_288' title='bbox 1326 564 1443 596; x_wconf 87' lang='lat' dir='ltr'>amisso</span> <span class='ocrx_word' id='word_1_289' title='bbox 1462 575 1560 597; x_wconf 83' lang='lat' dir='ltr'>usuve</span> <span class='ocrx_word' id='word_1_290' title='bbox 1579 572 1781 609; x_wconf 89' lang='lat' dir='ltr'>consumpto,</span> <span class='ocrx_word' id='word_1_291' title='bbox 1808 579 1882 611; x_wconf 90' lang='lat' dir='ltr'>pos-</span> 
     </span>
     <span class='ocr_line' id='line_1_57' title="bbox 1143 615 1877 654; baseline 0.01 -7"><span class='ocrx_word' id='word_1_292' title='bbox 1143 616 1183 647; x_wconf 86' lang='lat' dir='ltr'>sit</span> <span class='ocrx_word' id='word_1_293' title='bbox 1219 615 1306 649; x_wconf 89' lang='lat' dir='ltr'>aliud</span> <span class='ocrx_word' id='word_1_294' title='bbox 1343 627 1409 650; x_wconf 91' lang='lat' dir='ltr'>non</span> <span class='ocrx_word' id='word_1_295' title='bbox 1445 617 1653 651; x_wconf 88' lang='lat' dir='ltr'>benedictum</span> <span class='ocrx_word' id='word_1_296' title='bbox 1689 630 1877 654; x_wconf 85' lang='lat' dir='ltr'>assumere.</span> 
     </span>
     <span class='ocr_line' id='line_1_58' title="bbox 1143 668 1880 707; baseline 0.009 -7"><span class='ocrx_word' id='word_1_297' title='bbox 1143 668 1286 701; x_wconf 83' lang='lat' dir='ltr'>Potestas</span> <span class='ocrx_word' id='word_1_298' title='bbox 1318 675 1423 702; x_wconf 89' lang='lat' dir='ltr'>autem</span> <span class='ocrx_word' id='word_1_299' title='bbox 1461 671 1499 703; x_wconf 84' lang='lat' dir='ltr'>ad</span> <span class='ocrx_word' id='word_1_300' title='bbox 1524 671 1787 706; x_wconf 81' lang='lat' dir='ltr'>benedictionem</span> <span class='ocrx_word' id='word_1_301' title='bbox 1813 683 1880 707; x_wconf 88' lang='lat' dir='ltr'>sca-</span> 
     </span>
     <span class='ocr_line' id='line_1_59' title="bbox 1142 721 1880 770; baseline 0.011 -18"><span class='ocrx_word' id='word_1_302' title='bbox 1142 721 1256 763; x_wconf 85' lang='lat' dir='ltr'>pularii</span> <span class='ocrx_word' id='word_1_303' title='bbox 1281 724 1508 765; x_wconf 83' lang='lat' dir='ltr'>praestandam</span> <span class='ocrx_word' id='word_1_304' title='bbox 1530 725 1572 756; x_wconf 86' lang='lat' dir='ltr'>sit</span> <span class='ocrx_word' id='word_1_305' title='bbox 1598 725 1754 767; x_wconf 83' lang='lat' dir='ltr'>privative</span> <span class='ocrx_word' id='word_1_306' title='bbox 1780 737 1880 770; x_wconf 88' lang='lat' dir='ltr'>penes</span> 
     </span>
     <span class='ocr_line' id='line_1_60' title="bbox 1143 775 1880 819; baseline 0.008 -13"><span class='ocrx_word' id='word_1_307' title='bbox 1143 776 1245 808; x_wconf 86' lang='lat' dir='ltr'>omnis</span> <span class='ocrx_word' id='word_1_308' title='bbox 1263 775 1391 808; x_wconf 87' lang='lat' dir='ltr'>Ordinis</span> <span class='ocrx_word' id='word_1_309' title='bbox 1409 776 1586 819; x_wconf 85' lang='lat' dir='ltr'>praelatos,</span> <span class='ocrx_word' id='word_1_310' title='bbox 1607 778 1669 811; x_wconf 87' lang='lat' dir='ltr'>hoc</span> <span class='ocrx_word' id='word_1_311' title='bbox 1688 784 1793 812; x_wconf 87' lang='lat' dir='ltr'>tamen</span> <span class='ocrx_word' id='word_1_312' title='bbox 1812 791 1880 812; x_wconf 86' lang='lat' dir='ltr'>ser-</span> 
     </span>
     <span class='ocr_line' id='line_1_61' title="bbox 1142 827 1881 875; baseline 0.008 -15"><span class='ocrx_word' id='word_1_313' title='bbox 1142 834 1214 861; x_wconf 85' lang='lat' dir='ltr'>vato</span> <span class='ocrx_word' id='word_1_314' title='bbox 1252 827 1436 861; x_wconf 88' lang='lat' dir='ltr'>discrimine</span> <span class='ocrx_word' id='word_1_315' title='bbox 1469 830 1555 871; x_wconf 85' lang='lat' dir='ltr'>quod</span> <span class='ocrx_word' id='word_1_316' title='bbox 1586 831 1741 873; x_wconf 78' lang='lat' dir='ltr'>magister</span> <span class='ocrx_word' id='word_1_317' title='bbox 1773 838 1881 875; x_wconf 86' lang='lat' dir='ltr'>potest</span> 
     </span>
     <span class='ocr_line' id='line_1_62' title="bbox 1142 881 1880 928; baseline 0.008 -16"><span class='ocrx_word' id='word_1_318' title='bbox 1142 881 1221 913; x_wconf 92' lang='lat' dir='ltr'>illud</span> <span class='ocrx_word' id='word_1_319' title='bbox 1241 891 1299 923; x_wconf 88' lang='lat' dir='ltr'>pro</span> <span class='ocrx_word' id='word_1_320' title='bbox 1326 883 1391 914; x_wconf 81' lang='lat' dir='ltr'>tota</span> <span class='ocrx_word' id='word_1_321' title='bbox 1408 882 1552 915; x_wconf 79' lang='lat' dir='ltr'>Ecclesia</span> <span class='ocrx_word' id='word_1_322' title='bbox 1569 883 1782 925; x_wconf 81' lang='lat' dir='ltr'>benedicere3</span> <span class='ocrx_word' id='word_1_323' title='bbox 1805 896 1880 928; x_wconf 87' lang='lat' dir='ltr'>pro-</span> 
     </span>
     <span class='ocr_line' id='line_1_63' title="bbox 1140 934 1879 981; baseline 0.008 -16"><span class='ocrx_word' id='word_1_324' title='bbox 1140 934 1287 966; x_wconf 80' lang='lat' dir='ltr'>vincialis</span> <span class='ocrx_word' id='word_1_325' title='bbox 1312 944 1371 977; x_wconf 89' lang='lat' dir='ltr'>pro</span> <span class='ocrx_word' id='word_1_326' title='bbox 1392 936 1456 967; x_wconf 72' lang='lat' dir='ltr'>tota</span> <span class='ocrx_word' id='word_1_327' title='bbox 1477 935 1666 978; x_wconf 75' lang='lat' dir='ltr'>provincia;</span> <span class='ocrx_word' id='word_1_328' title='bbox 1690 942 1722 969; x_wconf 89' lang='lat' dir='ltr'>et</span> <span class='ocrx_word' id='word_1_329' title='bbox 1741 943 1879 981; x_wconf 89' lang='lat' dir='ltr'>uterque</span> 
     </span>
     <span class='ocr_line' id='line_1_64' title="bbox 1142 987 1880 1029; baseline 0.008 -11"><span class='ocrx_word' id='word_1_330' title='bbox 1142 987 1264 1029; x_wconf 87' lang='lat' dir='ltr'>pariter</span> <span class='ocrx_word' id='word_1_331' title='bbox 1301 987 1566 1021; x_wconf 86' lang='lat' dir='ltr'>benedictionem</span> <span class='ocrx_word' id='word_1_332' title='bbox 1603 995 1635 1022; x_wconf 84' lang='lat' dir='ltr'>et</span> <span class='ocrx_word' id='word_1_333' title='bbox 1670 991 1880 1024; x_wconf 84' lang='lat' dir='ltr'>traditionem</span> 
     </span>
     <span class='ocr_line' id='line_1_65' title="bbox 1142 1040 1879 1083; baseline 0.011 -13"><span class='ocrx_word' id='word_1_334' title='bbox 1142 1040 1209 1071; x_wconf 86' lang='lat' dir='ltr'>eius</span> <span class='ocrx_word' id='word_1_335' title='bbox 1227 1040 1392 1082; x_wconf 69' lang='lat' dir='ltr'>delegare,</span> <span class='ocrx_word' id='word_1_336' title='bbox 1411 1043 1576 1083; x_wconf 87' lang='lat' dir='ltr'>praelatus</span> <span class='ocrx_word' id='word_1_337' title='bbox 1593 1053 1669 1076; x_wconf 89' lang='lat' dir='ltr'>vero</span> <span class='ocrx_word' id='word_1_338' title='bbox 1686 1044 1797 1077; x_wconf 85' lang='lat' dir='ltr'>localis</span> <span class='ocrx_word' id='word_1_339' title='bbox 1815 1056 1879 1078; x_wconf 90' lang='lat' dir='ltr'>non</span> 
     </span>
     <span class='ocr_line' id='line_1_66' title="bbox 1141 1093 1879 1133; baseline 0.009 -10"><span class='ocrx_word' id='word_1_340' title='bbox 1141 1093 1180 1124; x_wconf 78' lang='lat' dir='ltr'>al)</span> <span class='ocrx_word' id='word_1_341' title='bbox 1212 1093 1496 1133; x_wconf 87' lang='lat' dir='ltr'>benedictionem,</span> <span class='ocrx_word' id='word_1_342' title='bbox 1523 1096 1580 1128; x_wconf 90' lang='lat' dir='ltr'>sed</span> <span class='ocrx_word' id='word_1_343' title='bbox 1606 1097 1645 1128; x_wconf 89' lang='lat' dir='ltr'>ad</span> <span class='ocrx_word' id='word_1_344' title='bbox 1672 1097 1879 1130; x_wconf 88' lang='lat' dir='ltr'>traditionem</span> 
     </span>
     <span class='ocr_line' id='line_1_67' title="bbox 1142 1145 1880 1187; baseline 0.009 -11"><span class='ocrx_word' id='word_1_345' title='bbox 1142 1145 1305 1178; x_wconf 80' lang='lat' dir='ltr'>dumtaxat</span> <span class='ocrx_word' id='word_1_346' title='bbox 1329 1146 1425 1187; x_wconf 87' lang='lat' dir='ltr'>illius,</span> <span class='ocrx_word' id='word_1_347' title='bbox 1441 1157 1529 1179; x_wconf 86' lang='lat' dir='ltr'>suam</span> <span class='ocrx_word' id='word_1_348' title='bbox 1556 1148 1737 1182; x_wconf 81' lang='lat' dir='ltr'>facultatem</span> <span class='ocrx_word' id='word_1_349' title='bbox 1763 1151 1880 1184; x_wconf 90' lang='lat' dir='ltr'>subde-</span> 
     </span>
     <span class='ocr_line' id='line_1_68' title="bbox 1141 1198 1878 1242; baseline 0.009 -13"><span class='ocrx_word' id='word_1_350' title='bbox 1141 1198 1250 1239; x_wconf 73' lang='lat' dir='ltr'>legare</span> <span class='ocrx_word' id='word_1_351' title='bbox 1279 1199 1396 1232; x_wconf 84' lang='lat' dir='ltr'>valeat.</span> <span class='ocrx_word' id='word_1_352' title='bbox 1422 1199 1568 1242; x_wconf 79' lang='lat' dir='ltr'>Insuper,</span> <span class='ocrx_word' id='word_1_353' title='bbox 1594 1205 1630 1232; x_wconf 89' lang='lat' dir='ltr'>ut</span> <span class='ocrx_word' id='word_1_354' title='bbox 1654 1202 1780 1235; x_wconf 84' lang='lat' dir='ltr'>sodales</span> <span class='ocrx_word' id='word_1_355' title='bbox 1806 1209 1878 1236; x_wconf 86' lang='lat' dir='ltr'>actu</span> 
     </span>
     <span class='ocr_line' id='line_1_69' title="bbox 1142 1251 1880 1296; baseline 0.009 -15"><span class='ocrx_word' id='word_1_356' title='bbox 1142 1257 1383 1293; x_wconf 82' lang='lat' dir='ltr'>consequantur</span> <span class='ocrx_word' id='word_1_357' title='bbox 1399 1251 1616 1294; x_wconf 77' lang='lat' dir='ltr'>indulgentias</span> <span class='ocrx_word' id='word_1_358' title='bbox 1643 1259 1674 1285; x_wconf 88' lang='lat' dir='ltr'>et</span> <span class='ocrx_word' id='word_1_359' title='bbox 1691 1254 1809 1296; x_wconf 79' lang='lat' dir='ltr'>gratias</span> <span class='ocrx_word' id='word_1_360' title='bbox 1827 1266 1880 1288; x_wconf 89' lang='lat' dir='ltr'>no-</span> 
     </span>
     <span class='ocr_line' id='line_1_70' title="bbox 1141 1304 1880 1346; baseline 0.008 -12"><span class='ocrx_word' id='word_1_361' title='bbox 1141 1308 1226 1335; x_wconf 88' lang='lat' dir='ltr'>strae</span> <span class='ocrx_word' id='word_1_362' title='bbox 1253 1304 1511 1336; x_wconf 86' lang='lat' dir='ltr'>confraternitati</span> <span class='ocrx_word' id='word_1_363' title='bbox 1545 1316 1724 1346; x_wconf 75' lang='lat' dir='ltr'>concessaS,</span> <span class='ocrx_word' id='word_1_364' title='bbox 1760 1308 1880 1340; x_wconf 86' lang='lat' dir='ltr'>debent</span> 
     </span>
     <span class='ocr_line' id='line_1_71' title="bbox 1142 1356 1879 1402; baseline 0.007 -15"><span class='ocrx_word' id='word_1_365' title='bbox 1142 1366 1242 1398; x_wconf 89' lang='lat' dir='ltr'>opere</span> <span class='ocrx_word' id='word_1_366' title='bbox 1257 1356 1394 1398; x_wconf 88' lang='lat' dir='ltr'>implere</span> <span class='ocrx_word' id='word_1_367' title='bbox 1409 1356 1514 1389; x_wconf 90' lang='lat' dir='ltr'>omnia</span> <span class='ocrx_word' id='word_1_368' title='bbox 1528 1357 1656 1399; x_wconf 87' lang='lat' dir='ltr'>pietatis</span> <span class='ocrx_word' id='word_1_369' title='bbox 1671 1369 1779 1401; x_wconf 89' lang='lat' dir='ltr'>opera,</span> <span class='ocrx_word' id='word_1_370' title='bbox 1796 1371 1879 1402; x_wconf 83' lang='lat' dir='ltr'>quae</span> 
     </span>
     <span class='ocr_line' id='line_1_72' title="bbox 1142 1409 1881 1453; baseline 0.007 -13"><span class='ocrx_word' id='word_1_371' title='bbox 1142 1419 1200 1451; x_wconf 90' lang='lat' dir='ltr'>pro</span> <span class='ocrx_word' id='word_1_372' title='bbox 1226 1409 1362 1451; x_wconf 80' lang='lat' dir='ltr'>singulis</span> <span class='ocrx_word' id='word_1_373' title='bbox 1386 1411 1596 1453; x_wconf 82' lang='lat' dir='ltr'>assequendis</span> <span class='ocrx_word' id='word_1_374' title='bbox 1614 1412 1784 1445; x_wconf 84' lang='lat' dir='ltr'>constituta</span> <span class='ocrx_word' id='word_1_375' title='bbox 1805 1419 1881 1446; x_wconf 87' lang='lat' dir='ltr'>sunt</span> 
     </span>
     <span class='ocr_line' id='line_1_73' title="bbox 1142 1461 1559 1496; baseline 0.005 -3"><span class='ocrx_word' id='word_1_376' title='bbox 1142 1472 1159 1493; x_wconf 87' lang='lat' dir='ltr'>a</span> <span class='ocrx_word' id='word_1_377' title='bbox 1183 1461 1319 1494; x_wconf 83' lang='lat' dir='ltr'>Summis</span> <span class='ocrx_word' id='word_1_378' title='bbox 1341 1462 1559 1496; x_wconf 82' lang='lat' dir='ltr'>Pontificibus.</span> 
     </span>
    </p>

    <p class='ocr_par' dir='ltr' id='par_1_9' title="bbox 1187 1514 1878 1558">
     <span class='ocr_line' id='line_1_74' title="bbox 1187 1514 1878 1558; baseline 0.006 -11"><span class='ocrx_word' id='word_1_379' title='bbox 1187 1525 1208 1547; x_wconf 89' lang='lat'>1.</span> <span class='ocrx_word' id='word_1_380' title='bbox 1242 1514 1272 1547; x_wconf 85' lang='lat' dir='ltr'>Si</span> <span class='ocrx_word' id='word_1_381' title='bbox 1305 1515 1421 1558; x_wconf 85' lang='lat' dir='ltr'>aliquis</span> <span class='ocrx_word' id='word_1_382' title='bbox 1457 1526 1494 1548; x_wconf 79' lang='lat' dir='ltr'>ex</span> <span class='ocrx_word' id='word_1_383' title='bbox 1532 1517 1702 1550; x_wconf 77' lang='lat' dir='ltr'>devotione</span> <span class='ocrx_word' id='word_1_384' title='bbox 1729 1519 1878 1551; x_wconf 85' lang='lat' dir='ltr'>habitum</span> 
     </span>
    </p>
   </div>
   <div class='ocr_carea' id='block_1_7' title="bbox 1891 203 2072 232">
    <p class='ocr_par' dir='ltr' id='par_1_10' title="bbox 1891 203 2072 232">
     <span class='ocr_line' id='line_1_75' title="bbox 1891 203 2072 232; baseline 0.017 -4"><span class='ocrx_word' id='word_1_385' title='bbox 1891 203 1942 230; x_wconf 83' lang='lat' dir='ltr'>An.</span> <span class='ocrx_word' id='word_1_386' title='bbox 1957 203 1985 230; x_wconf 84' lang='lat' dir='ltr'>C.</span> <span class='ocrx_word' id='word_1_387' title='bbox 2009 204 2072 232; x_wconf 77' lang='lat'>1691</span> 
     </span>
    </p>
   </div>
   <div class='ocr_carea' id='block_1_8' title="bbox 1915 1524 2073 1577">
    <p class='ocr_par' dir='ltr' id='par_1_11' title="bbox 1915 1524 2073 1577">
     <span class='ocr_line' id='line_1_76' title="bbox 1917 1524 2044 1545; baseline 0.016 -2"><span class='ocrx_word' id='word_1_388' title='bbox 1917 1524 1984 1544; x_wconf 66' lang='lat' dir='ltr'><strong>CAPUT</strong></span> <span class='ocrx_word' id='word_1_389' title='bbox 2002 1525 2044 1545; x_wconf 81' lang='grc' dir='ltr'>ΧΠ.</span> 
     </span>
     <span class='ocr_line' id='line_1_77' title="bbox 1915 1551 2073 1577; baseline 0.013 -7"><span class='ocrx_word' id='word_1_390' title='bbox 1915 1551 1945 1570; x_wconf 81' lang='lat' dir='ltr'>De</span> <span class='ocrx_word' id='word_1_391' title='bbox 1956 1557 2073 1577; x_wconf 75' lang='lat' dir='ltr'>suscipien·</span> 
     </span>
    </p>
   </div>
   <div class='ocr_carea' id='block_1_9' title="bbox 1143 1570 2072 1612">
    <p class='ocr_par' dir='ltr' id='par_1_12' title="bbox 1143 1570 2072 1612">
     <span class='ocr_line' id='line_1_78' title="bbox 1143 1570 2072 1612; baseline 0.005 -13"><span class='ocrx_word' id='word_1_392' title='bbox 1143 1573 1286 1600; x_wconf 86' lang='lat' dir='ltr'>nostrum</span> <span class='ocrx_word' id='word_1_393' title='bbox 1316 1570 1367 1601; x_wconf 88' lang='lat' dir='ltr'>vel</span> <span class='ocrx_word' id='word_1_394' title='bbox 1398 1570 1614 1612; x_wconf 89' lang='lat' dir='ltr'>scapularium</span> <span class='ocrx_word' id='word_1_395' title='bbox 1647 1582 1718 1603; x_wconf 89' lang='lat' dir='ltr'>cum</span> <span class='ocrx_word' id='word_1_396' title='bbox 1751 1571 1984 1604; x_wconf 67' lang='lat' dir='ltr'>Ordinisnhusox</span> <span class='ocrx_word' id='word_1_397' title='bbox 2009 1578 2072 1597; x_wconf 57' lang='lat' dir='ltr'><strong>‘&#39;uvo-</strong></span> 
     </span>
    </p>
   </div>
   <div class='ocr_carea' id='block_1_10' title="bbox 1890 1605 2072 1630">
    <p class='ocr_par' dir='ltr' id='par_1_13' title="bbox 1890 1605 2072 1630">
     <span class='ocr_line' id='line_1_79' title="bbox 1890 1605 2072 1630; baseline 0.011 -8"><span class='ocrx_word' id='word_1_398' title='bbox 1890 1605 1945 1622; x_wconf 78' lang='lat' dir='ltr'>tu·nn</span> <span class='ocrx_word' id='word_1_399' title='bbox 1974 1605 2072 1630; x_wconf 73' lang='lat' dir='ltr'>scapula-</span> 
     </span>
    </p>
   </div>
   <div class='ocr_carea' id='block_1_11' title="bbox 1144 1621 2071 1665">
    <p class='ocr_par' dir='ltr' id='par_1_14' title="bbox 1144 1621 2071 1665">
     <span class='ocr_line' id='line_1_80' title="bbox 1144 1621 2071 1665; baseline 0.005 -13"><span class='ocrx_word' id='word_1_400' title='bbox 1144 1621 1236 1662; x_wconf 74' lang='lat' dir='ltr'>signo</span> <span class='ocrx_word' id='word_1_401' title='bbox 1262 1626 1390 1662; x_wconf 74' lang='lat' dir='ltr'>gestare</span> <span class='ocrx_word' id='word_1_402' title='bbox 1416 1622 1564 1661; x_wconf 84' lang='lat' dir='ltr'>voluerit,</span> <span class='ocrx_word' id='word_1_403' title='bbox 1589 1623 1678 1665; x_wconf 88' lang='lat' dir='ltr'>prius</span> <span class='ocrx_word' id='word_1_404' title='bbox 1710 1625 1789 1657; x_wconf 87' lang='lat' dir='ltr'>illud</span> <span class='ocrx_word' id='word_1_405' title='bbox 1815 1625 1942 1657; x_wconf 72' lang='lat' dir='ltr'>be-rium</span> <span class='ocrx_word' id='word_1_406' title='bbox 1972 1630 1990 1650; x_wconf 63' lang='grc' dir='ltr'>«Ι</span> <span class='ocrx_word' id='word_1_407' title='bbox 2020 1637 2071 1650; x_wconf 65' lang='lat' dir='ltr'>rec·-</span> 
     </span>
    </p>
   </div>
   <div class='ocr_carea' id='block_1_12' title="bbox 1889 1655 2071 1681">
    <p class='ocr_par' dir='ltr' id='par_1_15' title="bbox 1889 1655 2071 1681">
     <span class='ocr_line' id='line_1_81' title="bbox 1889 1655 2071 1681; baseline 0.016 -7"><span class='ocrx_word' id='word_1_408' title='bbox 1889 1655 1971 1681; x_wconf 76' lang='lat' dir='ltr'>picndis</span> <span class='ocrx_word' id='word_1_409' title='bbox 1986 1657 2011 1676; x_wconf 75' lang='lat' dir='ltr'>aii</span> <span class='ocrx_word' id='word_1_410' title='bbox 2033 1657 2071 1677; x_wconf 69' lang='lat' dir='ltr'>bu-</span> 
     </span>
    </p>
   </div>
   <div class='ocr_carea' id='block_1_13' title="bbox 1143 1674 2072 1719">
    <p class='ocr_par' dir='ltr' id='par_1_16' title="bbox 1143 1674 2072 1719">
     <span class='ocr_line' id='line_1_82' title="bbox 1143 1674 2072 1719; baseline 0.004 -14"><span class='ocrx_word' id='word_1_411' title='bbox 1143 1674 1310 1706; x_wconf 76' lang='lat' dir='ltr'>nedicatur</span> <span class='ocrx_word' id='word_1_412' title='bbox 1327 1685 1343 1706; x_wconf 90' lang='lat' dir='ltr'>a</span> <span class='ocrx_word' id='word_1_413' title='bbox 1361 1676 1505 1717; x_wconf 84' lang='lat' dir='ltr'>praelato</span> <span class='ocrx_word' id='word_1_414' title='bbox 1530 1677 1579 1708; x_wconf 87' lang='lat' dir='ltr'>vel</span> <span class='ocrx_word' id='word_1_415' title='bbox 1605 1677 1644 1708; x_wconf 91' lang='lat' dir='ltr'>ab</span> <span class='ocrx_word' id='word_1_416' title='bbox 1670 1687 1708 1709; x_wconf 86' lang='lat' dir='ltr'>eo</span> <span class='ocrx_word' id='word_1_417' title='bbox 1734 1682 1963 1719; x_wconf 58' lang='lat' dir='ltr'>potesta-nerium</span> <span class='ocrx_word' id='word_1_418' title='bbox 1987 1684 2072 1703; x_wconf 62' lang='lat' dir='ltr'>Ordinis</span> 
     </span>
    </p>
   </div>
   <div class='ocr_carea' id='block_1_14' title="bbox 1889 1708 2074 1729">
    <p class='ocr_par' dir='ltr' id='par_1_17' title="bbox 1889 1708 2074 1729">
     <span class='ocr_line' id='line_1_83' title="bbox 1889 1708 2074 1729; baseline 0.005 -1"><span class='ocrx_word' id='word_1_419' title='bbox 1889 1710 1910 1728; x_wconf 75' lang='lat' dir='ltr'>et</span> <span class='ocrx_word' id='word_1_420' title='bbox 1919 1708 1984 1729; x_wconf 73' lang='lat' dir='ltr'>1⁶0er</span> <span class='ocrx_word' id='word_1_421' title='bbox 1998 1712 2074 1729; x_wconf 69' lang='lat' dir='ltr'>utrius-</span> 
     </span>
    </p>
   </div>
   <div class='ocr_carea' id='block_1_15' title="bbox 1144 1727 2058 1772">
    <p class='ocr_par' dir='ltr' id='par_1_18' title="bbox 1144 1727 2058 1772">
     <span class='ocr_line' id='line_1_84' title="bbox 1144 1727 2058 1772; baseline 0.001 -13"><span class='ocrx_word' id='word_1_422' title='bbox 1144 1732 1207 1760; x_wconf 88' lang='lat' dir='ltr'>tem</span> <span class='ocrx_word' id='word_1_423' title='bbox 1235 1727 1386 1767; x_wconf 84' lang='lat' dir='ltr'>habente,</span> <span class='ocrx_word' id='word_1_424' title='bbox 1418 1728 1472 1770; x_wconf 90' lang='lat' dir='ltr'>qui</span> <span class='ocrx_word' id='word_1_425' title='bbox 1505 1728 1598 1761; x_wconf 86' lang='lat' dir='ltr'>simul</span> <span class='ocrx_word' id='word_1_426' title='bbox 1624 1729 1737 1761; x_wconf 86' lang='lat' dir='ltr'>induat</span> <span class='ocrx_word' id='word_1_427' title='bbox 1767 1735 2058 1772; x_wconf 67' lang='lat' dir='ltr'>postu-riuosermuda.</span> 
     </span>
    </p>
   </div>
   <div class='ocr_carea' id='block_1_16' title="bbox 1142 1780 1879 2505">
    <p class='ocr_par' dir='ltr' id='par_1_19' title="bbox 1142 1780 1855 1824">
     <span class='ocr_line' id='line_1_85' title="bbox 1142 1780 1855 1824; baseline 0.003 -11"><span class='ocrx_word' id='word_1_428' title='bbox 1142 1782 1274 1819; x_wconf 85' lang='lat' dir='ltr'>lantem,</span> <span class='ocrx_word' id='word_1_429' title='bbox 1300 1785 1332 1813; x_wconf 87' lang='lat' dir='ltr'>et</span> <span class='ocrx_word' id='word_1_430' title='bbox 1356 1786 1529 1823; x_wconf 83' lang='lat' dir='ltr'>utrumque</span> <span class='ocrx_word' id='word_1_431' title='bbox 1555 1780 1609 1813; x_wconf 82' lang='lat' dir='ltr'>siat</span> <span class='ocrx_word' id='word_1_432' title='bbox 1634 1787 1669 1813; x_wconf 91' lang='lat' dir='ltr'>ut</span> <span class='ocrx_word' id='word_1_433' title='bbox 1692 1783 1855 1824; x_wconf 82' lang='lat' dir='ltr'>sequitur:</span> 
     </span>
    </p>

    <p class='ocr_par' dir='ltr' id='par_1_20' title="bbox 1143 1833 1876 1919">
     <span class='ocr_line' id='line_1_86' title="bbox 1182 1833 1876 1872; baseline 0.006 -10"><span class='ocrx_word' id='word_1_434' title='bbox 1182 1833 1214 1872; x_wconf 50' lang='grc' dir='ltr'>ᾦ.</span> <span class='ocrx_word' id='word_1_435' title='bbox 1236 1833 1361 1864; x_wconf 81' lang='lat' dir='ltr'>Ostende</span> <span class='ocrx_word' id='word_1_436' title='bbox 1383 1833 1477 1870; x_wconf 83' lang='lat' dir='ltr'>nobis,</span> <span class='ocrx_word' id='word_1_437' title='bbox 1495 1834 1627 1872; x_wconf 83' lang='lat' dir='ltr'>Domine,</span> <span class='ocrx_word' id='word_1_438' title='bbox 1642 1834 1876 1866; x_wconf 85' lang='lat' dir='ltr'>misericordiam</span> 
     </span>
     <span class='ocr_line' id='line_1_87' title="bbox 1143 1886 1234 1919; baseline -0.011 -8"><span class='ocrx_word' id='word_1_439' title='bbox 1143 1886 1234 1919; x_wconf 85' lang='lat' dir='ltr'>tuam,</span> 
     </span>
    </p>

    <p class='ocr_par' dir='ltr' id='par_1_21' title="bbox 1182 1930 1686 1969">
     <span class='ocr_line' id='line_1_88' title="bbox 1182 1930 1686 1969; baseline 0.004 -10"><span class='ocrx_word' id='word_1_440' title='bbox 1182 1932 1215 1969; x_wconf 68' lang='lat'>15¹.</span> <span class='ocrx_word' id='word_1_441' title='bbox 1239 1930 1272 1959; x_wconf 88' lang='lat' dir='ltr'>Et</span> <span class='ocrx_word' id='word_1_442' title='bbox 1293 1930 1419 1960; x_wconf 87' lang='lat' dir='ltr'>salutare</span> <span class='ocrx_word' id='word_1_443' title='bbox 1442 1934 1514 1960; x_wconf 88' lang='lat' dir='ltr'>ttum</span> <span class='ocrx_word' id='word_1_444' title='bbox 1536 1931 1572 1960; x_wconf 84' lang='lat' dir='ltr'>da</span> <span class='ocrx_word' id='word_1_445' title='bbox 1591 1930 1686 1961; x_wconf 77' lang='lat' dir='ltr'>nobis.</span> 
     </span>
    </p>

    <p class='ocr_par' dir='ltr' id='par_1_22' title="bbox 1182 1978 1559 2018">
     <span class='ocr_line' id='line_1_89' title="bbox 1182 1978 1559 2018; baseline 0 -10"><span class='ocrx_word' id='word_1_446' title='bbox 1182 1978 1215 2018; x_wconf 57' lang='grc' dir='ltr'>γὲ.</span> <span class='ocrx_word' id='word_1_447' title='bbox 1239 1979 1376 2008; x_wconf 86' lang='lat' dir='ltr'>Dominus</span> <span class='ocrx_word' id='word_1_448' title='bbox 1397 1978 1559 2008; x_wconf 88' lang='lat' dir='ltr'>vobiscum.</span> 
     </span>
    </p>

    <p class='ocr_par' dir='ltr' id='par_1_23' title="bbox 1182 2027 1569 2067">
     <span class='ocr_line' id='line_1_90' title="bbox 1182 2027 1569 2067; baseline -0.003 -10"><span class='ocrx_word' id='word_1_449' title='bbox 1182 2029 1213 2066; x_wconf 61' lang='lat' dir='ltr'>Bt.</span> <span class='ocrx_word' id='word_1_450' title='bbox 1237 2027 1270 2057; x_wconf 89' lang='lat' dir='ltr'>Et</span> <span class='ocrx_word' id='word_1_451' title='bbox 1291 2037 1356 2057; x_wconf 90' lang='lat' dir='ltr'>cum</span> <span class='ocrx_word' id='word_1_452' title='bbox 1379 2027 1485 2067; x_wconf 86' lang='lat' dir='ltr'>spiritu</span> <span class='ocrx_word' id='word_1_453' title='bbox 1508 2031 1569 2057; x_wconf 89' lang='lat' dir='ltr'>tuo.</span> 
     </span>
    </p>

    <p class='ocr_par' dir='ltr' id='par_1_24' title="bbox 1445 2075 1570 2106">
     <span class='ocr_line' id='line_1_91' title="bbox 1445 2075 1570 2106; baseline -0.008 0"><span class='ocrx_word' id='word_1_454' title='bbox 1445 2075 1570 2106; x_wconf 80' lang='lat' dir='ltr'>Oremus.</span> 
     </span>
    </p>

    <p class='ocr_par' dir='ltr' id='par_1_25' title="bbox 1142 2124 1879 2505">
     <span class='ocr_line' id='line_1_92' title="bbox 1182 2124 1876 2163; baseline 0.003 -10"><span class='ocrx_word' id='word_1_455' title='bbox 1182 2124 1301 2154; x_wconf 87' lang='lat' dir='ltr'>Domine</span> <span class='ocrx_word' id='word_1_456' title='bbox 1323 2124 1387 2154; x_wconf 85' lang='lat' dir='ltr'>lesu</span> <span class='ocrx_word' id='word_1_457' title='bbox 1403 2124 1530 2162; x_wconf 81' lang='lat' dir='ltr'>Christe,</span> <span class='ocrx_word' id='word_1_458' title='bbox 1549 2124 1597 2163; x_wconf 88' lang='lat' dir='ltr'>qui</span> <span class='ocrx_word' id='word_1_459' title='bbox 1614 2124 1744 2162; x_wconf 77' lang='lat' dir='ltr'>regimen</span> <span class='ocrx_word' id='word_1_460' title='bbox 1760 2129 1876 2155; x_wconf 84' lang='lat' dir='ltr'>nostrae</span> 
     </span>
     <span class='ocr_line' id='line_1_93' title="bbox 1144 2172 1877 2210; baseline 0.003 -9"><span class='ocrx_word' id='word_1_461' title='bbox 1144 2173 1326 2203; x_wconf 84' lang='lat' dir='ltr'>mortalitatis</span> <span class='ocrx_word' id='word_1_462' title='bbox 1342 2172 1462 2201; x_wconf 87' lang='lat' dir='ltr'>induere</span> <span class='ocrx_word' id='word_1_463' title='bbox 1478 2173 1611 2210; x_wconf 75' lang='lat' dir='ltr'>dignatus</span> <span class='ocrx_word' id='word_1_464' title='bbox 1628 2182 1669 2209; x_wconf 86' lang='lat' dir='ltr'>es,</span> <span class='ocrx_word' id='word_1_465' title='bbox 1690 2173 1877 2203; x_wconf 83' lang='lat' dir='ltr'>obsecramus</span> 
     </span>
     <span class='ocr_line' id='line_1_94' title="bbox 1142 2221 1878 2258; baseline 0.003 -8"><span class='ocrx_word' id='word_1_466' title='bbox 1142 2221 1301 2250; x_wconf 68' lang='lat' dir='ltr'>immensae</span> <span class='ocrx_word' id='word_1_467' title='bbox 1333 2221 1477 2258; x_wconf 76' lang='lat' dir='ltr'>largitatis</span> <span class='ocrx_word' id='word_1_468' title='bbox 1510 2225 1574 2250; x_wconf 86' lang='lat' dir='ltr'>tuae</span> <span class='ocrx_word' id='word_1_469' title='bbox 1603 2221 1822 2258; x_wconf 86' lang='lat' dir='ltr'>abundantiam,</span> <span class='ocrx_word' id='word_1_470' title='bbox 1846 2227 1878 2252; x_wconf 83' lang='lat' dir='ltr'>ut</span> 
     </span>
     <span class='ocr_line' id='line_1_95' title="bbox 1143 2269 1879 2308; baseline 0.001 -9"><span class='ocrx_word' id='word_1_471' title='bbox 1143 2270 1220 2300; x_wconf 85' lang='lat' dir='ltr'>hunc</span> <span class='ocrx_word' id='word_1_472' title='bbox 1240 2269 1382 2307; x_wconf 82' lang='lat' dir='ltr'>liabituni,</span> <span class='ocrx_word' id='word_1_473' title='bbox 1399 2278 1485 2308; x_wconf 87' lang='lat' dir='ltr'>quem</span> <span class='ocrx_word' id='word_1_474' title='bbox 1501 2270 1593 2298; x_wconf 86' lang='lat' dir='ltr'>sancti</span> <span class='ocrx_word' id='word_1_475' title='bbox 1616 2274 1715 2308; x_wconf 82' lang='lat' dir='ltr'>patres</span> <span class='ocrx_word' id='word_1_476' title='bbox 1737 2270 1771 2299; x_wconf 88' lang='lat' dir='ltr'>ad</span> <span class='ocrx_word' id='word_1_477' title='bbox 1793 2270 1879 2300; x_wconf 89' lang='lat' dir='ltr'>inno-</span> 
     </span>
     <span class='ocr_line' id='line_1_96' title="bbox 1143 2318 1878 2348; baseline 0.001 -1"><span class='ocrx_word' id='word_1_478' title='bbox 1143 2319 1255 2347; x_wconf 86' lang='lat' dir='ltr'>centiae</span> <span class='ocrx_word' id='word_1_479' title='bbox 1278 2322 1306 2347; x_wconf 89' lang='lat' dir='ltr'>et</span> <span class='ocrx_word' id='word_1_480' title='bbox 1329 2318 1491 2347; x_wconf 85' lang='lat' dir='ltr'>sanctitatis</span> <span class='ocrx_word' id='word_1_481' title='bbox 1513 2318 1653 2347; x_wconf 87' lang='lat' dir='ltr'>indicium</span> <span class='ocrx_word' id='word_1_482' title='bbox 1676 2318 1752 2348; x_wconf 87' lang='lat' dir='ltr'>serre</span> <span class='ocrx_word' id='word_1_483' title='bbox 1774 2328 1878 2348; x_wconf 85' lang='lat' dir='ltr'>sanxe-</span> 
     </span>
     <span class='ocr_line' id='line_1_97' title="bbox 1142 2366 1877 2407; baseline 0.001 -11"><span class='ocrx_word' id='word_1_484' title='bbox 1142 2372 1222 2405; x_wconf 83' lang='lat' dir='ltr'>runt,</span> <span class='ocrx_word' id='word_1_485' title='bbox 1246 2367 1285 2396; x_wconf 87' lang='lat' dir='ltr'>ita</span> <span class='ocrx_word' id='word_1_486' title='bbox 1303 2366 1507 2403; x_wconf 82' lang='lat' dir='ltr'>bene†dicere</span> <span class='ocrx_word' id='word_1_487' title='bbox 1528 2366 1669 2405; x_wconf 86' lang='lat' dir='ltr'>digneris,</span> <span class='ocrx_word' id='word_1_488' title='bbox 1688 2371 1730 2403; x_wconf 84' lang='lat' dir='ltr'>ut,</span> <span class='ocrx_word' id='word_1_489' title='bbox 1747 2368 1877 2407; x_wconf 87' lang='lat' dir='ltr'>quiusus</span> 
     </span>
     <span class='ocr_line' id='line_1_98' title="bbox 1143 2415 1877 2454; baseline 0.001 -7"><span class='ocrx_word' id='word_1_490' title='bbox 1143 2418 1238 2454; x_wconf 84' lang='lat' dir='ltr'>suerit,</span> <span class='ocrx_word' id='word_1_491' title='bbox 1263 2422 1290 2447; x_wconf 90' lang='lat' dir='ltr'>te</span> <span class='ocrx_word' id='word_1_492' title='bbox 1313 2417 1434 2446; x_wconf 88' lang='lat' dir='ltr'>induere</span> <span class='ocrx_word' id='word_1_493' title='bbox 1456 2425 1630 2446; x_wconf 84' lang='lat' dir='ltr'>mereamur.</span> <span class='ocrx_word' id='word_1_494' title='bbox 1661 2415 1715 2452; x_wconf 78' lang='lat' dir='ltr'>Qui</span> <span class='ocrx_word' id='word_1_495' title='bbox 1744 2417 1819 2446; x_wconf 91' lang='lat' dir='ltr'>vivis</span> <span class='ocrx_word' id='word_1_496' title='bbox 1848 2422 1877 2448; x_wconf 85' lang='lat' dir='ltr'>et</span> 
     </span>
     <span class='ocr_line' id='line_1_99' title="bbox 1142 2465 1874 2505; baseline 0 -9"><span class='ocrx_word' id='word_1_497' title='bbox 1142 2476 1246 2505; x_wconf 78' lang='lat' dir='ltr'>regnas</span> <span class='ocrx_word' id='word_1_498' title='bbox 1259 2475 1309 2505; x_wconf 80' lang='lat' dir='ltr'>per</span> <span class='ocrx_word' id='word_1_499' title='bbox 1325 2466 1420 2495; x_wconf 86' lang='lat' dir='ltr'>onmia</span> <span class='ocrx_word' id='word_1_500' title='bbox 1437 2465 1549 2495; x_wconf 82' lang='lat' dir='ltr'>saecula</span> <span class='ocrx_word' id='word_1_501' title='bbox 1566 2465 1874 2496; x_wconf 80' lang='lat' dir='ltr'>saeculorum.Amen.</span> 
     </span>
    </p>
   </div>
   <div class='ocr_carea' id='block_1_17' title="bbox 1142 2519 1876 2615">
    <p class='ocr_par' dir='ltr' id='par_1_26' title="bbox 1142 2519 1876 2615">
     <span class='ocr_line' id='line_1_100' title="bbox 1187 2519 1876 2562; baseline 0.001 -11"><span class='ocrx_word' id='word_1_502' title='bbox 1187 2519 1307 2551; x_wconf 87' lang='lat' dir='ltr'>Deinde</span> <span class='ocrx_word' id='word_1_503' title='bbox 1334 2522 1483 2561; x_wconf 73' lang='lat' dir='ltr'>aspergat</span> <span class='ocrx_word' id='word_1_504' title='bbox 1507 2519 1653 2551; x_wconf 88' lang='lat' dir='ltr'>habitum</span> <span class='ocrx_word' id='word_1_505' title='bbox 1678 2521 1760 2562; x_wconf 76' lang='lat' dir='ltr'>aqua</span> <span class='ocrx_word' id='word_1_506' title='bbox 1777 2519 1876 2552; x_wconf 85' lang='lat' dir='ltr'>bene-</span> 
     </span>
     <span class='ocr_line' id='line_1_101' title="bbox 1142 2572 1873 2615; baseline 0.001 -10"><span class='ocrx_word' id='word_1_507' title='bbox 1142 2573 1236 2611; x_wconf 79' lang='lat' dir='ltr'>dicta,</span> <span class='ocrx_word' id='word_1_508' title='bbox 1258 2578 1288 2604; x_wconf 87' lang='lat' dir='ltr'>et</span> <span class='ocrx_word' id='word_1_509' title='bbox 1313 2582 1351 2604; x_wconf 88' lang='lat' dir='ltr'>eo</span> <span class='ocrx_word' id='word_1_510' title='bbox 1375 2573 1592 2615; x_wconf 88' lang='lat' dir='ltr'>postulantem</span> <span class='ocrx_word' id='word_1_511' title='bbox 1611 2572 1723 2606; x_wconf 90' lang='lat' dir='ltr'>induat</span> <span class='ocrx_word' id='word_1_512' title='bbox 1740 2572 1873 2606; x_wconf 84' lang='lat' dir='ltr'>dicens:</span> 
     </span>
    </p>
   </div>
   <div class='ocr_carea' id='block_1_18' title="bbox 2240 0 2254 685">
    <p class='ocr_par' dir='ltr' id='par_1_27' title="bbox 2240 0 2254 685">
     <span class='ocr_line' id='line_1_102' title="bbox 2240 0 2254 685; baseline 0 2540"><span class='ocrx_word' id='word_1_513' title='bbox 2240 0 2254 685; x_wconf 95' lang='lat' dir='ltr'> </span> 
     </span>
    </p>
   </div>
  </div>
 </body>
</html>
