2254 3225
286 278 317 303 t.»
351 278 378 304 c.
397 278 465 304 1692
510 269 574 303 458

260 345 266 350 -
308 340 337 359 υ,
352 339 463 364 ‹namma-
507 328 521 371 ἓ
538 326 591 361 34.
610 326 701 367 Quod
716 327 740 361 si
758 332 913 368 oratores,
933 327 987 371 qui
1005 327 1207 360 obtinuerint

280 366 371 386 monebu<
382 369 402 386 et
410 372 464 386 eam·

300 393 442 417 pneumam
473 391 491 413 a
515 380 624 414 nostra
659 381 785 414 Dataria
811 379 1086 424 dispensationem
1111 390 1206 423 super

1053 278 1230 302 arrianum
1256 276 1408 300 nonani-,xi

1249 335 1325 368 pore
1365 323 1523 357 existente
1561 323 1797 357 concordanda.
1834 323 1923 361 Quod
1957 323 1982 355 si

1249 376 1469 420 supplicantes
1494 376 1559 409 sint
1574 387 1745 419 pauperes,
1763 377 1844 409 itaut
1859 386 1935 409 vere
1953 382 1985 409 et

1250 430 1380 462 realiter
1403 429 1562 472 integram
1588 441 1743 463 summam
1772 435 1910 463 taxatam
1935 432 1983 464 vel

1992 275 2042 300 Λη.
2064 274 2092 302 C.
2111 275 2175 301 1092

281 417 576 476 sslissit⁸5111..⁹'⁰gradu
601 434 769 477 prohibito
804 438 867 466 tam
903 433 935 465 in
970 432 1078 476 primo
1108 437 1139 465 et
1162 442 1207 465 se-

474 485 601 527 cundo,
627 496 722 529 quam
757 485 790 518 in
825 484 966 518 secundo
1003 490 1145 524 tantum,
1172 495 1207 517 ac

474 538 570 571 etiam
594 539 627 571 in
651 538 745 571 tertio
763 539 812 572 vel
837 542 951 581 quarto
978 537 1072 569 tacita
1095 538 1208 580 copula

474 591 559 625 inter
584 602 638 624 eos
664 592 818 634 sequuta,
846 600 940 634 quam
976 590 1045 623 sine
1075 589 1208 622 honoris

475 644 670 678 detrimento
696 644 849 686 detegere
873 653 938 675 non
963 643 1081 682 valent,
1108 647 1139 674 et
1163 652 1210 674 ra-

475 697 564 729 tione
580 695 765 729 huiusmodi
780 695 1006 729 taciturnitatis
1023 700 1133 738 petant
1150 695 1209 728 dis-

473 749 701 793 pensationem
737 760 796 793 pro
832 748 1041 781 matrimonio
1076 754 1206 780 eontra-

474 801 606 842 hendo,
639 812 699 835 seu
723 802 989 835 revalidationem
1014 800 1209 833 matrimonii

475 855 654 896 contracti,
680 855 781 899 possit
804 855 890 888 idem
914 855 1016 888 maior
1040 854 1211 898 poeniten-

474 907 599 949 tiarius,
624 909 650 942 si
674 910 791 952 copula
815 910 855 941 sit
878 908 985 941 adhuc
1008 912 1151 946 secreta,
1177 907 1210 939 in

475 961 544 995 soro
570 962 790 995 conscientiae
812 966 933 994 tantum
959 961 1148 1000 concedere,
1168 960 1211 993 sa-

476 1017 538 1055 cta,
557 1015 687 1058 quando
712 1015 818 1058 agitur
836 1015 874 1048 dc
892 1015 997 1058 primo
1016 1020 1047 1047 et
1067 1013 1211 1047 secundo

475 1068 526 1100 vel
550 1067 691 1100 seeundo
709 1072 831 1100 tantum
848 1068 960 1110 gradu,
975 1066 1210 1110 compositione

476 1120 714 1164 quinquaginta
734 1120 921 1153 ducatorum
939 1120 1007 1152 auri
1024 1120 1063 1152 de
1080 1119 1212 1152 Camera

476 1173 516 1206 ad
542 1173 703 1205 Datariam
728 1172 1057 1212 transmittendorum,
1075 1171 1114 1204 ad
1140 1170 1212 1203 ess'c-

476 1230 572 1265 ctum,
596 1231 630 1257 ut
655 1225 841 1258 inconcussi
864 1225 963 1258 moris
980 1230 1036 1264 est,
1055 1223 1211 1265 erogandi

476 1278 711 1321 eleemosynas,
737 1277 799 1310 nisi
820 1277 911 1320 prior
936 1276 1038 1320 gratia
1062 1276 1212 1319 expedita

476 1330 589 1363 suisset
613 1331 646 1362 in
671 1331 776 1363 forma
804 1340 986 1373 pauperum
1003 1356 1010 1369 ,
1038 1339 1103 1371 quo
1136 1338 1209 1361 casu

476 1383 573 1416 etiam
598 1384 679 1416 haec
700 1384 803 1426 gratia
821 1385 942 1426 absque
966 1384 1032 1416 ulla
1056 1381 1213 1425 composi—

476 1436 565 1469 tione
589 1436 740 1470 similiter
760 1436 960 1479 expediatur.

521 1490 536 1533 ἓ
559 1489 614 1523 35.
641 1490 672 1522 Si
697 1500 774 1522 vero
800 1494 957 1529 oratores,
983 1490 1047 1532 qui,
1080 1488 1211 1521 obtenta

477 1543 720 1585 dispensatione
758 1553 774 1575 a
797 1542 925 1574 Dataria
955 1552 1052 1585 super
1075 1541 1212 1584 impedi-

476 1601 585 1629 mento
609 1595 707 1638 primi
739 1600 769 1627 et
803 1595 961 1635 secundi,
987 1595 1051 1628 sive
1080 1594 1210 1627 secundi

477 1649 641 1682 dumtaxat
677 1648 795 1691 gradus
832 1647 1121 1690 consanguinitatis
1157 1657 1210 1679 seu

475 1702 650 1740 affinitatis,
669 1712 742 1734 cuin
768 1701 975 1744 expressione
993 1701 1123 1743 quidem
1145 1710 1210 1731 car-

476 1755 557 1789 nalis
581 1756 725 1798 copulae,
751 1755 806 1787 sed
833 1753 926 1786 tacita
955 1755 1079 1786 occulta
1099 1758 1129 1786 et
1146 1764 1210 1786 ma-

475 1807 585 1840 litiosa
609 1806 791 1839 intentione
817 1806 850 1838 in
875 1806 944 1849 ipsa
969 1808 1086 1848 copula
1102 1806 1212 1838 habita

477 1860 515 1893 ad
540 1859 666 1892 facilius
695 1859 877 1892 habendam
910 1858 1209 1901 dispensationem,

476 1924 534 1956 pro
552 1912 785 1946 revalidatione
804 1911 987 1944 huiusmodi
1006 1912 1211 1954 dispensatio—

475 1966 524 1999 nis
541 1971 711 1999 recurrant
727 1966 764 1998 ad
784 1965 901 1997 dictam
917 1964 1211 2005 Paenitentiariam,

474 2019 578 2062 possit
602 2019 687 2052 idem
710 2018 814 2051 maior
837 2018 1105 2061 poenitentiarius
1118 2018 1213 2051 desu-

475 2083 535 2116 per
560 2072 747 2116 dispensare
774 2082 845 2103 cum
872 2070 1115 2103 miserabilibus
1138 2082 1213 2114 per-

476 2125 563 2158 sonis
589 2125 741 2168 explicite
763 2124 996 2156 affirmantibus
1018 2134 1050 2156 se
1068 2124 1112 2157 uti
1132 2125 1212 2157 tales

477 2185 507 2211 et
532 2179 591 2212 sub
617 2179 673 2211 illa
696 2179 850 2221 expressa
874 2177 1027 2220 qualitate
1053 2182 1085 2210 et
1110 2177 1211 2210 forma

475 2231 707 2265 miserabilium
741 2230 1001 2273 dispensationes
1038 2240 1054 2261 a
1086 2230 1212 2263 Dataria

475 2286 673 2324 obtinuisse,
693 2294 764 2316 cum
789 2284 827 2315 iis
852 2294 936 2323 vero,
963 2283 1016 2326 qui
1041 2294 1108 2316 non
1133 2290 1212 2317 tam-

476 2350 572 2382 quam
597 2347 766 2381 pauperes,
788 2336 842 2368 sed
868 2336 912 2368 uti
939 2347 975 2369 ex
1000 2336 1146 2369 honestis
1170 2337 1211 2369 sa—

475 2391 594 2430 mssiis,
619 2390 684 2422 sive
717 2389 762 2421 uti
798 2389 947 2428 nobiles,
973 2389 1037 2421 sive
1067 2389 1112 2421 uti
1139 2390 1212 2422 illu-

475 2451 565 2484 stres,
583 2442 703 2475 suerint
726 2441 876 2474 similiter
892 2441 930 2473 ab
957 2442 1068 2474 cadem
1086 2442 1211 2474 Dataria

475 2496 673 2541 dispensati,
700 2494 785 2527 idem
810 2494 912 2526 maior
937 2495 1210 2536 poenitentiarius

475 2562 540 2584 non
566 2550 741 2593 dispenset,
767 2547 829 2580 nisi
854 2548 958 2580 soluta
984 2547 1074 2590 prius
1099 2548 1131 2579 in
1156 2548 1210 2580 Da-

475 2605 573 2646 taria,
600 2604 638 2636 ad
675 2601 823 2635 effectum
853 2601 975 2644 pariter
999 2601 1152 2644 erogandi
1179 2601 1209 2633 in

475 2660 707 2699 eleemosynas,
727 2657 796 2689 taxa
818 2665 890 2688 cum
913 2654 1034 2687 datario
1052 2664 1110 2698 pro
1130 2659 1208 2687 tem-

1250 483 1390 525 aliquam
1415 482 1482 516 eius
1507 488 1630 526 partem
1655 485 1780 517 solvere
1808 490 1982 527 nequeant,

1250 535 1413 578 praefatus
1437 535 1539 568 maior
1563 536 1833 578 poenitentiarius
1857 536 1983 570 insimul

1251 598 1322 621 cum
1336 588 1451 622 eodem
1469 589 1592 622 datario
1607 593 1788 632 opportune
1802 589 1982 633 provideat.

1294 642 1309 684 g
1333 640 1386 675 36.
1414 642 1518 685 Super
1542 642 1776 685 impedimento
1801 643 1925 676 occulto
1942 644 1987 676 as·
2037 653 2065 673 aa
2114 680 2119 684 ν

1252 692 1383 727 finitatis
1409 704 1445 727 ex
1472 696 1588 738 copula
1612 694 1724 728 illicita
1759 705 1815 728 seu
1850 705 1887 728 ex
1912 700 1983 729 actu
1997 682 2073 736 ffss'ff‘fss',
2086 681 2178 732 “I-¹:312&

1253 747 1429 780 fornicario
1462 748 1672 790 proveniente
1688 774 1695 788 ‚
1719 733 2077 792 quotiescumque¹¹¹¹'³“²'

1252 801 1336 834 adsit
1360 800 1561 834 rationabilis
1580 811 1684 841 causa,
1703 801 1780 834 licet
1804 800 1986 844 periculum

1253 853 1456 887 revelationis
1492 864 1548 886 seu
1573 854 1808 893 ,scandalorum
1840 865 1904 888 non
1930 854 1989 887 im·-

1254 906 1391 940 mineret
1413 908 1463 940 vel
1488 917 1552 939 non
1577 907 1729 947 adesset,
1757 908 1788 939 in
1824 907 1988 940 matrimo-

1252 959 1315 991 niis
1341 964 1404 992 tam
1430 959 1605 992 contractis
1627 971 1722 1003 quam
1741 960 1986 1000 contrahendis,

1253 1011 1285 1043 in
1319 1012 1386 1044 soro
1424 1012 1642 1045 conscientiae
1679 1017 1823 1052 tantum3
1861 1013 1987 1056 quoties

1253 1075 1327 1097 vero
1345 1064 1482 1097 affinitas
1496 1065 1681 1098 huiusmodi
1698 1070 1773 1108 post
1789 1070 1988 1098 contractum

1254 1118 1496 1151 matrimonium
1521 1118 1758 1162 supervenerit,
1784 1124 1820 1151 ut
1844 1119 1988 1152 debitum

1254 1171 1319 1214 peti
1344 1172 1454 1214 possit,
1480 1171 1511 1204 in
1537 1173 1650 1204 eodem
1675 1172 1893 1205 conscientiae
1920 1172 1988 1205 soro

1255 1225 1445 1268 dispensare
1471 1230 1503 1258 et
1528 1225 1708 1269 dispensari
1739 1226 1891 1259 mandare
1914 1235 1990 1269 pos-

1255 1278 1296 1310 sit
1320 1283 1351 1310 et
1374 1279 1489 1311 valeat.

1298 1331 1312 1374 g
1336 1331 1389 1364 37.
1409 1331 1512 1374 Super
1536 1332 1660 1364 occulto
1682 1331 1913 1374 impedimento
1929 1331 1991 1363 cri·
2041 1340 2069 1360 aa
2095 1338 2182 1376 {qnaer-

1255 1384 1349 1416 minis·
1374 1384 1535 1423 adulterii,
1565 1384 1590 1417 si
1620 1384 1716 1416 suerit
1740 1394 1810 1416 cum
1831 1383 1893 1416 tide
1918 1371 2182 1417 datalnffi‘ssfssf'¹'''''’

1256 1437 1435 1477 dumtaxat,
1454 1443 1572 1470 neutro
1598 1438 1815 1476 machinante,
1838 1437 1989 1470 commis-

1255 1501 1338 1530 sum,
1362 1490 1462 1533 possit
1487 1495 1550 1522 tam
1576 1490 1608 1522 in
1634 1490 1867 1523 contrahendis
1894 1500 1989 1532 quam

1255 1543 1429 1576 contractis
1464 1543 1676 1575 matrimoniis
1722 1543 1930 1585 dispensare;
1963 1544 1989 1575 si

1254 1607 1331 1629 vero
1357 1596 1479 1628 crimen
1504 1595 1690 1627 huiusmodi
1716 1595 1828 1627 suisset
1851 1600 1988 1638 utroque

1256 1649 1305 1682 vel
1327 1649 1430 1681 altero
1451 1648 1658 1680 machinante
1684 1653 1863 1690 patratum,
1888 1648 1991 1691 possit

1256 1701 1530 1745 dispensationem
1557 1701 1748 1739 concedere,
1770 1710 1843 1733 raro
1869 1705 1989 1739 tamen,

1256 1760 1287 1787 et
1302 1754 1433 1798 quando
1447 1752 1621 1786 necessitas
1639 1753 1849 1796 postulaverit
1864 1752 1990 1785 ratione

1255 1807 1389 1841 alicuius
1403 1807 1506 1850 gravis
1526 1806 1721 1839 imminentis
1740 1806 1888 1849 periculi,
1903 1806 1990 1849 quod

1255 1861 1427 1904 prudentia
1443 1859 1573 1892 maioris
1587 1858 1830 1902 poenitentiari,
1851 1869 1884 1891 re
1901 1869 1990 1902 prae-

1255 1914 1365 1947 sertim
1391 1913 1538 1946 discussa
1554 1913 1586 1944 in
1603 1912 1860 1954 Congregatione
1880 1913 1930 1945 vel
1950 1911 1990 1944 si-

1255 1967 1399 2010 gnatura,
1427 1965 1646 1998 arbitrandum
1675 1964 1746 1997 erit.

1299 2020 1312 2062 ξ
1337 2020 1390 2052 38.
1417 2019 1622 2051 Declaramus
1649 2023 1766 2057 tamen,
1785 2018 1870 2061 quod
1889 2017 1988 2051 facul·
2013 2026 2049 2056 ,Do
2061 2023 2180 2071 1qwr²⁸³¹¹²je

1256 2078 1336 2105 tates
1361 2071 1523 2116 praefatae
1542 2082 1558 2103 a
1584 2069 1675 2102 nobis
1693 2070 1805 2103 maiori
1820 2058 2170 2113 poeniten-[33110‘0‘t'2'1f'0'231'

1255 2127 1348 2159 tiario
1374 2131 1406 2158 et
1430 2125 1576 2157 eiusdem
1594 2122 1863 2156 Poenitentiariae
1882 2123 1988 2156 officio

1253 2189 1423 2212 concessae
1443 2177 1527 2209 circa
1548 2177 1806 2219 dispensationes
1827 2177 1990 2209 matrimo-

1254 2233 1354 2265 niales
1392 2233 1496 2264 locum
1532 2229 1689 2268 habeant,
1715 2229 1837 2261 etiamsi
1869 2230 1987 2272 gradus

1255 2291 1286 2318 et
1322 2283 1551 2327 impedimenta
1584 2282 1771 2314 huiusmodi
1797 2282 1990 2325 multiplicia

1254 2339 1313 2371 sint
1342 2339 1542 2380 quacumque
1568 2341 1600 2367 et
1625 2337 1884 2378 quantacumque
1910 2337 1991 2368 mul-

1255 2391 1433 2434 tiplititate,
1450 2390 1597 2422 volentes
1618 2389 1648 2420 in
1669 2388 1783 2420 litteris
1802 2388 1989 2421 huiusmodi

1254 2444 1530 2488 dispensationum
1571 2442 1856 2474 matrimonialium
1895 2453 1990 2485 posse

1254 2498 1388 2539 prolem,
1415 2496 1468 2528 ubi
1494 2505 1576 2538 opus
1603 2495 1674 2535 erit,
1700 2494 1765 2527 sive
1792 2500 1987 2538 susceptam,

1253 2550 1317 2582 sive
1345 2548 1597 2591 suscipiendam,
1618 2558 1682 2580 non
1709 2552 1816 2580 tamen
1843 2548 1873 2580 in
1900 2548 1990 2580 adul-

1255 2602 1334 2634 tcrio
1366 2606 1578 2644 conceptam,
1605 2600 1636 2632 in
1670 2600 1739 2633 soro
1773 2600 1989 2633 conscientiae

1255 2659 1374 2686 tantum
1412 2654 1587 2696 legitimam
1625 2653 1824 2694 decernere,
1862 2663 1987 2685 necnon

2092 653 2178 679 impedi-
