2254 3225
205 193 254 220 An.
271 194 301 221 c,
323 194 385 219 1691
434 184 498 217 ⁶276

226 255 294 274 (ὶινκτ
311 254 362 274 Nll‘.

212 281 240 300 lm
257 287 289 300 uiti

237 1359 306 1380 Carn'r
323 1359 367 1379 XV.

237 1387 266 1405 lm

210 1412 346 1439 quotidiano.

293 285 370 301 'tritine

298 1385 393 1411 capitulo

440 254 461 274 1.
486 243 693 278 Minutionem
729 248 841 287 quater
878 243 909 277 in
941 255 1026 278 anno
1060 244 1129 278 fieri

373 295 377 300 '
395 305 490 337 posse
515 295 732 339 permittimus
756 297 841 330 iuxta
861 302 980 331 textum
997 296 1129 330 canonis

396 347 435 380 de
471 353 554 381 statu
591 349 836 389 monachornm,
873 360 945 393 cap.
974 350 1053 384 Cum
1088 350 1131 382 ad

395 401 645 434 vizonasterium:
664 402 800 445 primam
821 402 852 435 in
870 413 980 436 mense
996 408 1130 445 septem-

394 453 471 494 bris,
497 455 671 488 secundam
691 461 764 498 post
783 455 892 489 Natalc
914 455 1051 494 Domini,
1073 460 1131 487 ter-

397 506 471 538 tiam
498 512 572 549 post
596 507 726 546 Pascha,
748 513 779 540 et
804 512 951 550 quartani
977 507 1061 540 circa
1084 508 1129 540 sc-

395 563 477 591 stum
503 558 534 592 S.
554 559 682 592 loannis
701 560 876 602 Baptistae.

440 621 475 643 u.
495 611 699 644 Declaramus
724 617 831 644 autem
859 613 971 644 fratres
996 622 1060 644 non
1086 616 1131 644 te-

396 663 465 695 neri
491 663 666 706 praedictis
693 664 891 707 temporibus
919 669 971 696 aut
996 675 1054 707 per
1079 674 1132 696 an-

396 725 471 748 num
509 715 554 746 uti
595 715 784 755 minutione,
822 716 882 748 nisi
920 716 958 749 de
995 716 1131 749 consilio

396 767 531 808 medici;
558 768 612 811 qni
638 779 713 802 vero
737 769 806 801 sine
833 769 887 802 illo
912 769 1049 802 voluerit
1073 768 1132 801 mi-

396 821 566 854 nutionem
593 817 712 861 facere,
738 827 880 864 nequeat
904 832 973 854 eam
1000 821 1132 864 eligere,

397 873 459 905 nisi
485 873 516 906 in
540 874 692 916 praefatis
717 874 792 907 anni
817 874 1020 907 stationibus.

441 935 490 959 111.
513 926 622 958 Minuti
652 932 741 959 extra
767 927 972 960 refectorium
998 926 1029 959 in
1048 925 1134 959 insir-

398 978 497 1011 maria
522 979 703 1018 comedant,
731 978 903 1022 triduoque
924 984 1018 1022 prout
1045 978 1135 1011 debi-

399 1031 473 1064 litas
499 1031 605 1073 exigat
630 1036 829 1064 recreentur.
852 1031 953 1065 Causa
977 1041 1053 1064 vero
1078 1031 1136 1063 mi-

400 1083 541 1117 nutionis
565 1088 721 1127 poterunt
744 1084 827 1116 vesci
853 1084 1014 1124 carnibus,
1040 1085 1066 1117 si
1084 1095 1135 1117 ex-

401 1136 513 1179 pedire
539 1136 639 1169 visum
664 1136 769 1175 suerit,
794 1136 934 1179 exceptis
959 1137 1070 1170 diebus
1096 1137 1135 1170 ab

402 1189 543 1222 Ecclesia
567 1189 751 1232 prohibitis.
771 1189 840 1222 Hoc
864 1194 971 1222 autem
990 1194 1135 1233 tempore

403 1243 544 1276 minutos
570 1243 672 1276 choro
698 1248 729 1276 et
752 1242 882 1276 silentio
907 1253 972 1276 non
998 1244 1136 1277 adstrin-

405 1295 520 1338 gimus.

463 1358 485 1381 1.
528 1347 704 1391 Praecipua
744 1348 839 1382 totius
868 1349 950 1382 vitae
980 1350 1136 1391 regularis

406 1401 593 1434 exercitatio
628 1412 666 1434 ea
700 1406 765 1443 est,
798 1412 892 1445 quam
927 1401 959 1434 in
990 1403 1137 1445 capitulis

405 1455 573 1497 culparum
599 1453 799 1496 exequimur,
825 1455 879 1487 ubi
905 1465 963 1488 nos
988 1455 1074 1498 ipsos
1099 1456 1137 1488 de

404 1506 612 1548 negligentiis
637 1512 748 1539 contra
774 1508 916 1549 regulam
937 1509 1140 1543 etconstitu-

405 1558 510 1591 tiones
534 1559 727 1602 perpetratis
755 1559 920 1593 humiliter
944 1570 1137 1598 accusamus,

406 1617 438 1644 et
461 1612 633 1645 salubriter
657 1623 673 1644 a
699 1613 844 1654 praelato
871 1614 1009 1646 correcti
1035 1614 1140 1647 obser-

406 1664 570 1697 vantiores
594 1665 769 1698 evadimus.
791 1665 867 1698 Cum
886 1666 995 1710 itaque
1020 1667 1059 1699 ab
1084 1668 1141 1700 ob-

406 1717 565 1750 servanti-:1
596 1722 649 1750 aut
673 1718 847 1751 omissione
873 1719 1058 1753 huiusmodi
1093 1731 1142 1753 ca-

407 1769 499 1811 pituli
526 1769 695 1812 integritas
718 1772 768 1804 vel
792 1771 886 1804 ruina
910 1773 1068 1814 regularis
1098 1772 1142 1805 di-

408 1820 564 1863 sciplinae
583 1822 777 1864 dependeat,
796 1829 969 1867 eapropter
984 1825 1141 1857 universis

408 1874 725 1908 commendatoribus
751 1875 784 1908 in
809 1876 927 1909 Christi
953 1877 1140 1917 visceribus,

408 1926 472 1959 imo
497 1928 557 1960 suh
582 1927 651 1960 eius
669 1928 714 1960 ira
731 1933 762 1961 et
778 1929 1013 1971 indignatione,
1037 1936 1068 1963 et
1084 1932 1142 1964 sub

409 1982 515 2023 poena
551 1981 738 2023 privationis
774 1982 870 2015 officii
904 1993 941 2016 ac
975 1984 1142 2027 utriusque

409 2032 509 2072 vocis,
535 2034 628 2066 enixe
661 2034 892 2078 praecipimus,
917 2041 952 2068 ut
972 2036 1011 2069 ad
1036 2036 1142 2069 minus

410 2085 555 2128 qnalibet
576 2086 656 2119 feria
672 2089 760 2120 sexta
775 2088 824 2120 vel
841 2089 1066 2132 opportuniori
1092 2089 1143 2122 die

411 2137 583 2171 cuiuslibet
608 2139 830 2173 hebdomadae
856 2141 1057 2184 praedictum
1094 2153 1144 2175 ca-

411 2191 549 2233 plmlum
574 2196 647 2232 pOSL
670 2193 917 2235 completormm
942 2195 1119 2228 celebrem'
1167 2216 1242 2258 {mis
1264 2229 1411 2259 dexteram
1443 2229 1577 2259 caelestis
1607 2229 1728 2267 auxilii,
1752 2233 1784 2259 ut
1804 2234 1832 2259 te
1860 2232 1920 2260 toto

456 2252 491 2275 11.
514 2242 723 2286 Congregatis
746 2245 844 2287 igitur
868 2246 1030 2287 fratribus,
1057 2253 1088 2280 et
1112 2248 1143 2280 in

413 2296 553 2339 capitulo
579 2298 627 2329 vel
654 2297 755 2330 choro
780 2298 893 2331 ordine
918 2309 975 2332 suo
1005 2301 1145 2333 sedenti-

412 2348 488 2389 bus,
514 2349 599 2382 dicat
622 2351 785 2392 praelatus
806 2350 997 2392 Benedicite,
1011 2358 1143 2396 patres:

413 2401 572 2435 Dominus
589 2403 632 2435 sit
647 2403 805 2435 vobiscum
817 2415 828 2442 ,·
853 2410 884 2436 et
901 2415 1012 2437 omnes
1029 2407 1146 2448 paulis-

414 2465 472 2498 per
496 2455 641 2488 inclinati
667 2457 885 2498 respondeant
905 2458 1026 2495 Amem·
1055 2459 1146 2490 dein-

414 2508 454 2541 de
477 2513 640 2551 proponat
664 2508 823 2549 sratribus,
859 2509 974 2552 quibus
1004 2511 1147 2552 quantis-

414 2570 475 2604 que
499 2560 679 2594 officiorum
697 2561 830 2595 vinculis
848 2566 1018 2595 teneantur
1034 2563 1146 2596 orandi

951 178 1148 220 ‘nurmmru
1173 195 1326 220 nouantur

1150 254 1155 287 s
1173 255 1232 288 pro
1256 244 1308 277 SS.
1329 244 1363 276 D.
1384 242 1467 286 Papa
1484 246 1514 275 ct
1529 241 1615 276 felici
1633 245 1713 275 statu
1730 240 1903 282 Ecclesiae,

1173 307 1231 339 pro
1248 305 1325 338 rege
1342 299 1372 327 et
1389 294 1480 337 regni
1499 294 1720 338 prosperitate,
1739 304 1798 337 pro
1818 298 1903 326 statu

1174 354 1204 381 et
1228 348 1383 392 praelatis
1401 346 1540 385 Ordinis,
1558 357 1617 390 pro
1640 345 1904 380 benefactoribus

1173 400 1242 433 eius
1268 399 1346 432 vivis
1372 404 1467 442 atque
1493 399 1662 438 defunctis,
1678 404 1709 432 et
1725 398 1820 432 etiam
1845 408 1904 442 pro

1173 452 1317 496 captivis,
1342 452 1457 495 quibus
1482 451 1668 496 specialiter
1697 462 1733 485 ex
1755 452 1904 484 instituto

1173 505 1420 548 adstringimur,
1448 510 1509 538 tam
1535 505 1566 538 in
1592 505 1726 538 vinculis
1751 515 1847 548 quam
1872 504 1903 537 in

1173 558 1364 601 purgatorio
1388 558 1584 591 constitutis.

1216 621 1263 644 111.
1291 611 1354 644 [lac
1378 610 1487 654 itaque
1511 610 1685 644 monitione
1718 612 1906 654 praemissa,

1173 669 1283 706 surgat
1301 665 1462 706 praelatus
1482 668 1514 697 et
1538 664 1643 697 dicat:
1663 663 1847 697 Retribuere
1862 664 1907 698 di-

1172 727 1283 759 qnare,
1304 717 1449 757 Domine,
1470 717 1617 749 omnibus
1641 717 1730 750 nobis
1754 718 1836 750 bona
1857 717 1907 760 fa-

1173 769 1331 803 cientibus
1351 773 1482 812 propler
1505 780 1619 802 nomen
1642 773 1790 802 sanctum
1815 773 1907 803 tumn

1173 822 1273 854 vitam
1298 826 1483 861 aeternamm·
1510 828 1542 855 et
1566 823 1686 856 chorus
1711 822 1909 866 respondeat

1175 875 1291 914 Amen,
1328 880 1359 907 et
1394 875 1566 918 subscripti
1599 875 1731 908 alternis
1761 875 1907 909 versibus

1176 927 1288 970 psalmi
1314 927 1507 960 recitentur:

1215 979 1261 1009 Ps.
1280 988 1367 1017 cxxn,
1384 979 1426 1008 Ad
1444 985 1468 1009 te
1484 980 1569 1009 levavi
1584 980 1674 1009 oculos
1688 990 1774 1016 meos,
1790 984 1848 1010 etc.

1216 1027 1263 1056 Ps.
1281 1036 1378 1063 cxx1x,
1396 1027 1434 1057 Dc
1447 1029 1596 1067 profundis
1611 1028 1736 1063 clamavi,
1754 1032 1810 1058 etc.

1214 1076 1303 1114 Kyrie
1324 1076 1444 1113 eleison,
1468 1076 1580 1106 Christe
1602 1076 1723 1114 eleison,
1737 1075 1824 1115 Kyrie
1839 1076 1911 1107 elei-

1176 1133 1240 1153 son.
1264 1124 1348 1153 Pater
1369 1128 1478 1154 noster.

1217 1171 1250 1211 pi.
1275 1172 1308 1202 Et
1330 1181 1365 1202 ne
1388 1181 1441 1202 nos
1463 1173 1583 1202 inducas
1598 1173 1628 1203 in
1644 1173 1844 1211 tentationem,

1217 1222 1251 1259 1)).
1273 1220 1330 1251 Sed
1348 1220 1439 1251 libera
1456 1230 1507 1251 nos
1523 1231 1537 1251 a
1555 1221 1642 1252 malo.

1218 1268 1250 1307 fif.
1274 1267 1397 1299 Oremus
1420 1278 1471 1308 pro
1487 1269 1605 1299 domino
1620 1270 1712 1310 Papa:

1218 1318 1250 1356 ιβ.
1275 1317 1413 1348 Dominus
1428 1322 1580 1348 conservet
1594 1328 1661 1348 eum
1677 1319 1912 1350 etvivissceteum

1279 1369 1306 1396 et
1327 1365 1443 1396 beatum
1464 1366 1552 1396 saciat
1573 1376 1638 1397 eum
1660 1368 1690 1397 in
1713 1370 1801 1404 terra,
1816 1373 1913 1398 etnon

1278 1414 1375 1444 tradat
1405 1424 1471 1445 eum
1499 1415 1530 1445 in
1560 1415 1694 1446 manibus
1725 1416 1913 1447 inimicorum

1277 1462 1351 1492 eius.

1246 1533 1252 1540 .
1275 1510 1375 1541 Salvos
1392 1512 1435 1541 sac
1451 1520 1550 1541 servos
1566 1515 1629 1541 tuos
1640 1516 1669 1542 et
1683 1512 1805 1542 ancillas
1824 1515 1899 1547 tuas,

1248 1583 1253 1589 .
1276 1560 1349 1589 Deus
1366 1570 1458 1597 meus,
1475 1565 1623 1599 sperantes
1638 1561 1668 1591 in
1684 1565 1723 1592 te.

1248 1632 1254 1638 .
1278 1609 1474 1647 Requiescant
1494 1609 1525 1639 ln
1548 1619 1626 1649 pace,

1249 1677 1254 1683 .
1279 1655 1383 1684 Amen.

1222 1700 1254 1739 ptr.
1276 1700 1415 1730 Dominus
1433 1700 1591 1731 vobiscum.

1222 1748 1255 1786 ιγ.
1280 1747 1312 1776 Et
1328 1756 1393 1776 cum
1409 1747 1514 1786 spiritu
1531 1752 1590 1777 tuo.

1484 1794 1610 1825 Oremus.

1222 1842 1412 1883 Omnipotens
1440 1845 1617 1883 sempiterne
1646 1844 1740 1882 Deus,
1764 1845 1813 1884 qui
1847 1845 1917 1876 facis

1183 1892 1329 1922 mirabilia
1357 1901 1459 1930 magna
1482 1893 1570 1929 solus,
1594 1893 1749 1931 praetende
1770 1903 1858 1933 super
1878 1895 1919 1924 sa-

1184 1940 1293 1970 mulum
1316 1944 1397 1970 tuum
1419 1939 1525 1979 Papam
1548 1945 1678 1970 nostrum
1701 1944 1729 1970 et
1750 1950 1838 1980 super
1848 1951 1919 1971 cun-

1184 1993 1244 2018 ctas
1265 1989 1506 2027 congregationes
1528 1988 1570 2018 illi
1593 1988 1762 2018 commissas
1784 1989 1919 2027 spiritum

1184 2036 1294 2074 gratiae
1316 2036 1471 2073 salutaris3
1485 2040 1524 2074 et,
1540 2040 1571 2066 ut
1586 2036 1616 2066 in
1632 2036 1753 2066 veritate
1773 2035 1825 2065 tibi
1840 2045 1919 2066 com-

1185 2084 1316 2123 placeat,
1340 2088 1514 2123 perpetuum
1543 2084 1569 2114 ei
1591 2093 1688 2114 rorem
1709 2088 1776 2114 tuae
1797 2083 1918 2114 benedi-

1184 2133 1290 2162 ctionis
1313 2133 1444 2163 infunde.

1223 2181 1394 2219 Praetende,
1417 2180 1549 2219 Domine,
1573 2181 1687 2211 famulis
1708 2184 1737 2211 et
1757 2180 1920 2211 famulabus

1219 1510 1243 1693 *ez-10:2³«

1185 2278 1271 2307 corde
1303 2278 1488 2317 perquirant,
1512 2282 1541 2308 et
1571 2287 1644 2317 quae
1666 2278 1752 2316 digne
1773 2278 1921 2318 postulant

1185 2330 1388 2366 assequantur.

1225 2374 1414 2414 Omnipotens
1426 2374 1601 2413 sempiterne
1617 2374 1701 2409 Deus,
1721 2374 1861 2405 miserere
1882 2375 1923 2405 sa·

1187 2424 1265 2453 mulo
1287 2428 1335 2454 tuo
1357 2424 1418 2461 regi
1440 2428 1539 2453 nostro
1567 2433 1633 2453 cum
1661 2423 1742 2463 prole
1763 2423 1869 2462 regia,
1892 2426 1922 2453 et

1187 2472 1280 2509 dirige
1312 2480 1361 2501 eos
1394 2471 1552 2501 secundum
1582 2471 1767 2501 clementiam
1789 2475 1870 2502 tuam
1890 2471 1921 2501 in

1188 2520 1263 2549 viam
1285 2519 1388 2549 salutis
1409 2523 1554 2556 aeternae,
1571 2522 1602 2549 ut
1617 2523 1644 2549 te
1667 2523 1726 2549 toto
1748 2519 1835 2549 corde
1857 2527 1922 2558 per-

1189 2568 1316 2607 quirant,
1333 2571 1360 2597 et
1376 2576 1447 2607 quae
1463 2566 1549 2605 digne
1561 2567 1708 2607 postulant
1720 2571 1921 2608 assequantur,

1907 193 1956 220 An.
1977 191 2006 222 C.
2028 191 2090 222 tant
